{"host":"agga6lej02o7kt08","time":1613923403,"event":{"mods":["Act Like it!","Arknights","Aspiration","BaseMod","Better Third Choice","BetterRewards","Colored Map","Colored Powertips","Hubris","Minty Spire (QoL Compilation)","Spicy Shops","StSLib","¡¼?Úª?ø«¡½REMEMod"],"gold_per_floor":[119,119,138,138,61,87,87,101,101,119,145,145,170,120,120,218,218,234,48,48,48,67,67,101,101,180,180,209,34,60,93,93,191,191,210,223,223,223,273,304,304,352,352,381,391,391,391,417,417,480,480,480,444,475,496],"floor_reached":56,"language":"KOR","playtime":2404,"items_purged":["Strike_R","Defend_R"],"score":2056,"play_id":"8f77fd5d-c6b5-4f6c-93a6-67a2e596c4c5","local_time":"20210222010323","is_ascension_mode":true,"campfire_choices":[{"data":"Rage","floor":15,"key":"SMITH"},{"data":"REME_Scribble","floor":23,"key":"SMITH"},{"data":"REME_ACTH","floor":25,"key":"SMITH"},{"data":"REME_EyeOfCthun","floor":32,"key":"SMITH"},{"data":"Offering","floor":41,"key":"SMITH"},{"floor":49,"key":"RECALL"},{"data":"Exhume","floor":52,"key":"SMITH"}],"circlet_count":0,"master_deck":["Strike_R","Strike_R","Strike_R","Bash","REME_HeartOfCthun+1","REME_Scribble+1","Rage+1","Offering+1","REME_ACTH+1","REME_EyeOfCthun+1","Shrug It Off","Exhume+1","Madness","Madness","Demon Form"],"relics":["Burning Blood","REME_ComplimentaryCards","Tiny Chest","Girya","Blue Candle","Du-Vu Doll","hubris:SlimyHat","Red Skull","CaptainsWheel","Empty Cage","Membership Card","Omamori","Smiling Mask","aspiration:RitualStick","Pen Nib","Kunai","aspiration:FrozenJewel","Bag of Marbles","aspiration:AnachronicSnailShell","Strange Spoon","hubris:Teleporter","Calling Bell","Juzu Bracelet","aspiration:StickyExplosives_weak","hubris:FunFungus","FossilizedHelix","Pantograph","Anchor","Bottled Lightning","hubris:TenFootPole","REME_ArchaeologicalTools","Art of War","Orichalcum"],"acts_visited":["Exordium","TheCity","TheBeyond","TheEnding"],"potions_floor_usage":[13,16,16,24,40,50,55],"damage_taken":[{"damage":0,"enemies":"2 Louse","floor":1,"turns":2},{"damage":0,"enemies":"Small Slimes","floor":3,"turns":1},{"damage":26,"enemies":"Gremlin Nob","floor":6,"turns":4},{"damage":13,"enemies":"Jaw Worm","floor":8,"turns":2},{"damage":2,"enemies":"Exordium Wildlife","floor":10,"turns":2},{"damage":37,"enemies":"3 Sentries","floor":11,"turns":8},{"damage":22,"enemies":"Lagavulin","floor":13,"turns":7},{"damage":20,"enemies":"The Guardian","floor":16,"turns":10},{"damage":8,"enemies":"Spheric Guardian","floor":18,"turns":4},{"damage":13,"enemies":"Chosen","floor":22,"turns":3},{"damage":9,"enemies":"Slavers","floor":24,"turns":3},{"damage":9,"enemies":"Gremlin Leader","floor":28,"turns":4},{"damage":30,"enemies":"Book of Stabbing","floor":31,"turns":1},{"damage":12,"enemies":"Collector","floor":33,"turns":1},{"damage":18,"enemies":"3 Shapes","floor":35,"turns":1},{"damage":27,"enemies":"3 Darklings","floor":36,"turns":2},{"damage":36,"enemies":"Mind Bloom Boss Battle","floor":39,"turns":9},{"damage":27,"enemies":"Nemesis","floor":40,"turns":1},{"damage":15,"enemies":"Giant Head","floor":44,"turns":2},{"damage":15,"enemies":"Sphere and 2 Shapes","floor":45,"turns":2},{"damage":18,"enemies":"Nemesis","floor":48,"turns":1},{"damage":12,"enemies":"hubris:GrandSnecko","floor":50,"turns":4},{"damage":9,"enemies":"Shield and Spear","floor":54,"turns":1},{"damage":59,"enemies":"The Heart","floor":55,"turns":4}],"seed_played":"7608814922622063243","potions_obtained":[{"floor":6,"key":"Regen Potion"},{"floor":8,"key":"LiquidBronze"},{"floor":13,"key":"EssenceOfSteel"},{"floor":18,"key":"BlessingOfTheForge"},{"floor":28,"key":"Strength Potion"},{"floor":35,"key":"GamblersBrew"},{"floor":40,"key":"Energy Potion"},{"floor":45,"key":"DistilledChaos"}],"is_trial":false,"path_per_floor":["M","?","M","?","$","E","T","M","T","M","E","?","E","?","R","B",null,"M","$","T","?","M","R","E","R","T","?","E","$","T","E","R","B",null,"M","M","?","?","?","E","R","T","T","E","M","?","?","E","R","B",null,"R","$","E","B",null],"character_chosen":"IRONCLAD","items_purchased":["Tiny Chest","REME_Scribble","Membership Card","Omamori","aspiration:AnachronicSnailShell","REME_EyeOfCthun","Strange Spoon","Art of War"],"campfire_rested":0,"item_purchase_floors":[0,5,19,19,29,29,29,53],"current_hp_per_floor":[66,63,69,69,69,51,51,46,46,52,23,23,24,24,24,12,92,92,92,92,73,68,68,68,68,68,68,68,68,68,62,62,62,126,126,132,132,111,110,110,110,110,110,119,122,122,122,119,119,154,258,258,258,261,223],"gold":496,"neow_bonus":"","is_daily":false,"chose_seed":false,"campfire_upgraded":6,"win_rate":0.0,"timestamp":1613923403,"path_taken":["M","?","M","?","?","E","?","M","T","?","E","?","E","?","R","BOSS","M","$","?","?","M","R","E","R","T","?","E","?","?","E","R","BOSS","M","M","?","?","?","E","R","?","T","E","M","?","?","E","R","BOSS","R","$","E","BOSS"],"items_purchased_type":["Relic","Card","Relic","Relic","Relic","Card","Relic","Relic"],"build_version":"2020-12-22","purchased_purges":2,"victory":true,"max_hp_per_floor":[80,80,80,80,80,82,82,84,84,86,88,88,90,90,90,92,92,94,94,94,94,96,96,99,99,99,99,102,102,102,120,120,126,126,138,165,165,165,189,210,210,210,210,225,237,237,237,246,246,258,258,258,258,264,267],"card_choices":[{"not_picked":["Searing Blow","Sword Boomerang","True Grit"],"picked":"SKIP","floor":1},{"not_picked":["Searing Blow","Sword Boomerang","True Grit"],"picked":"SKIP","floor":1},{"not_picked":["Anger","Bloodletting","Clash"],"picked":"SKIP","floor":3},{"not_picked":["Metallicize","Power Through","Dual Wield"],"picked":"SKIP","floor":6},{"not_picked":["Iron Wave","Sword Boomerang","Power Through"],"picked":"SKIP","floor":8},{"not_picked":["Iron Wave","Havoc","Hemokinesis"],"picked":"SKIP","floor":10},{"not_picked":["Dual Wield","Searing Blow"],"picked":"Rage","floor":11},{"not_picked":["Heavy Blade","Clothesline"],"picked":"Offering","floor":13},{"not_picked":["Offering","hubris:StunningStrike"],"picked":"REME_ACTH","floor":16},{"not_picked":["Cleave","Metallicize+1","Intimidate"],"picked":"SKIP","floor":18},{"not_picked":["Flex","Intimidate","Pommel Strike"],"picked":"SKIP","floor":22},{"not_picked":["Sword Boomerang+1","Second Wind+1","Anger+1"],"picked":"SKIP","floor":24},{"not_picked":["Bludgeon","Power Through","Battle Trance"],"picked":"SKIP","floor":28},{"not_picked":["Bludgeon","Power Through","Battle Trance"],"picked":"SKIP","floor":28},{"not_picked":["Cleave","hubris:ReadiedAction"],"picked":"Shrug It Off","floor":31},{"not_picked":["Feed","Brutality"],"picked":"Exhume","floor":33},{"not_picked":["Clothesline+1","Seeing Red+1","Twin Strike"],"picked":"SKIP","floor":35},{"not_picked":["Uppercut","Burning Pact","Havoc+1"],"picked":"SKIP","floor":36},{"not_picked":["Twin Strike","Bloodletting+1","Sentinel+1"],"picked":"SKIP","floor":40},{"not_picked":["Twin Strike","Bloodletting+1","Sentinel+1"],"picked":"SKIP","floor":40},{"not_picked":["Armaments","Perfected Strike+1","REME_Fury"],"picked":"SKIP","floor":44},{"not_picked":["Blood for Blood+1","Pommel Strike","Searing Blow+1"],"picked":"SKIP","floor":45},{"not_picked":["Iron Wave","Heavy Blade+1"],"picked":"Demon Form","floor":48},{"not_picked":["Second Wind","Cleave+1","Warcry"],"picked":"SKIP","floor":54}],"player_experience":884124,"relics_obtained":[{"floor":6,"key":"Du-Vu Doll"},{"floor":7,"key":"hubris:SlimyHat"},{"floor":11,"key":"Red Skull"},{"floor":13,"key":"CaptainsWheel"},{"floor":20,"key":"Smiling Mask"},{"floor":24,"key":"Pen Nib"},{"floor":26,"key":"Kunai"},{"floor":28,"key":"Bag of Marbles"},{"floor":31,"key":"hubris:Teleporter"},{"floor":34,"key":"Juzu Bracelet"},{"floor":34,"key":"aspiration:StickyExplosives_weak"},{"floor":34,"key":"hubris:FunFungus"},{"floor":39,"key":"FossilizedHelix"},{"floor":40,"key":"Pantograph"},{"floor":42,"key":"Anchor"},{"floor":43,"key":"Bottled Lightning"},{"floor":44,"key":"hubris:TenFootPole"},{"floor":48,"key":"REME_ArchaeologicalTools"},{"floor":54,"key":"Orichalcum"}],"event_choices":[{"damage_healed":0,"gold_gain":0,"player_choice":"Relic ","damage_taken":3,"max_hp_gain":0,"max_hp_loss":0,"event_name":"betterThird:BetterScrap","floor":2,"gold_loss":0,"cards_obtained":["Burst"]},{"damage_healed":23,"gold_gain":0,"player_choice":"Leave","damage_taken":0,"max_hp_gain":0,"max_hp_loss":88,"event_name":"betterThird:BetterShining","floor":12,"gold_loss":0},{"cards_removed":["Defend_R"],"damage_healed":0,"gold_gain":0,"player_choice":"Card Removal","damage_taken":0,"max_hp_gain":0,"max_hp_loss":0,"event_name":"The Cleric","floor":14,"gold_loss":50},{"damage_healed":0,"gold_gain":0,"player_choice":"Opened","damage_taken":0,"relics_obtained":["aspiration:FrozenJewel"],"max_hp_gain":0,"max_hp_loss":0,"event_name":"The Mausoleum","floor":27,"gold_loss":0},{"damage_healed":0,"gold_gain":0,"player_choice":"Memory 1","damage_taken":0,"max_hp_gain":0,"max_hp_loss":0,"event_name":"SensoryStone","floor":37,"gold_loss":0},{"damage_healed":0,"gold_gain":0,"player_choice":"Embrace Madness","damage_taken":21,"max_hp_gain":0,"max_hp_loss":0,"event_name":"Winding Halls","floor":38,"gold_loss":0,"cards_obtained":["Madness","Madness"]},{"damage_healed":0,"gold_gain":0,"player_choice":"Fight","damage_taken":0,"max_hp_gain":0,"max_hp_loss":0,"event_name":"MindBloom","floor":39,"gold_loss":0},{"cards_removed":["Defend_R"],"damage_healed":0,"gold_gain":0,"player_choice":"Purged","damage_taken":0,"max_hp_gain":0,"max_hp_loss":0,"event_name":"Purifier","floor":47,"gold_loss":0}],"is_beta":false,"boss_relics":[{"not_picked":["hubris:CrackedHourglass","Cursed Key"],"picked":"Empty Cage"},{"not_picked":["aspiration:FutureDiary","SacredBark"],"picked":"Calling Bell"}],"items_purged_floors":[0,29],"is_endless":false,"potions_floor_spawned":[6,8,13,18,28,35,36,40,45],"ascension_level":1}}