{"host":"vk2xyavtylxbvrfq","time":1613933289,"event":{"mods":["Bard","BaseMod","Bestiary","Better Altar","Better Match","Better Note","Better Sensory Stone","Better Skull","Better Vampires","Block Reminder","Bossed Relics","Colored Map","Curses Come First","Displayed Cursed Tome","Downfall","Extra Virgin Snecko Oil","Fox Events","Hermit","Ironclad Rager","Marked Mod","Minty Spire (QoL Compilation)","Quick Restart","Rare Cards Sparkle","Relic Sorter","Reliquary","Robot Space Explorer","Shapeshifter Mod","StSLib","The Hayseed","The Marked","The Runesmith","Unceasing Turn Reminder"],"gold_per_floor":[113,113,113,125,125,300,336,336,362,412,377,70,70,99,99,233,233,257,279,288,31,31,31,31,31,57,69,81,117,158,170,182,194,194],"floor_reached":33,"language":"ENG","playtime":747,"items_purged":[],"score":395,"play_id":"2f6f49b9-58bd-4e3b-8e8a-e8f136e23754","local_time":"20210221134809","is_ascension_mode":true,"campfire_choices":[{"data":"hermit:Snapshot","floor":8,"key":"SMITH"},{"data":"hermit:Determination","floor":13,"key":"SMITH"},{"data":"hermit:NoHoldsBarred","floor":15,"key":"SMITH"},{"floor":23,"key":"REST"},{"floor":25,"key":"REST"},{"floor":28,"key":"REST"},{"data":"hermit:GhostlyPresence","floor":32,"key":"SMITH"}],"circlet_count":0,"master_deck":["hermit:Strike_Hermit+1","hermit:Strike_Hermit","hermit:Strike_Hermit","hermit:Strike_Hermit","hermit:Defend_Hermit","hermit:Defend_Hermit","hermit:Defend_Hermit","hermit:Defend_Hermit","hermit:Snapshot+1","hermit:Covet","hermit:Virtue+1","Regret","hermit:Shortfuse","Injury","Doubt","hermit:Shortfuse","hermit:NoHoldsBarred+1","hermit:Determination+1","hermit:Shortfuse","hermit:FinalCanter","hermit:FinalCanter","hermit:Grudge+1","hermit:Misfire","hermit:Shortfuse","hermit:GhostlyPresence+1","Flash of Steel","hermit:Midnight","hermit:Virtue"],"relics":["hermit:Momento","NeowsBlessing","Pen Nib","Golden Idol","WingedGreaves","Runesmith:AutoHammer","CeramicFish","Oddly Smooth Stone","Pandora\u0027s Box","Sling","MawBank"],"acts_visited":["Exordium","TheCity"],"potions_floor_usage":[10,16,19,33,33],"damage_taken":[{"damage":0,"enemies":"2 Louse","floor":1,"turns":1},{"damage":0,"enemies":"Small Slimes","floor":4,"turns":1},{"damage":0,"enemies":"3 Sentries","floor":7,"turns":2},{"damage":10,"enemies":"Lagavulin","floor":10,"turns":5},{"damage":6,"enemies":"Cultist","floor":14,"turns":3},{"damage":42,"enemies":"The Guardian","floor":16,"turns":12},{"damage":38,"enemies":"2 Thieves","floor":18,"turns":4},{"damage":32,"enemies":"3 Byrds","floor":19,"turns":5},{"damage":5,"enemies":"Snake Plant","floor":29,"turns":2},{"damage":6,"enemies":"Cultist and Chosen","floor":30,"turns":6},{"damage":71,"enemies":"Champ","floor":33,"turns":9}],"seed_played":"-6546661894946348211","potions_obtained":[{"floor":1,"key":"ColorlessPotion"},{"floor":4,"key":"PowerPotion"},{"floor":14,"key":"Regen Potion"},{"floor":19,"key":"GamblersBrew"},{"floor":29,"key":"EssenceOfSteel"}],"is_trial":false,"path_per_floor":["M","?","?","M","?","?","E","R","T","E","?","$","R","M","R","B",null,"M","M","?","$","?","R","?","R","T","$","R","M","M","?","R","B"],"character_chosen":"HERMIT","items_purchased":["hermit:Determination","hermit:Shortfuse","Oddly Smooth Stone","hermit:Vantage","Sling","hermit:GhostlyPresence","Flash of Steel"],"campfire_rested":3,"item_purchase_floors":[12,12,12,12,21,21,21],"current_hp_per_floor":[68,68,53,53,53,53,53,53,53,43,61,61,61,55,55,13,60,22,4,4,4,4,26,26,48,48,48,70,65,59,64,64,0,0],"gold":194,"neow_bonus":"THREE_ENEMY_KILL","is_daily":false,"chose_seed":false,"campfire_upgraded":4,"win_rate":0.0,"timestamp":1613933289,"path_taken":["M","?","?","M","?","?","E","R","T","E","?","$","R","M","R","BOSS","M","M","?","$","?","R","?","R","T","$","R","?","M","?","R","BOSS"],"items_purchased_type":["Card","Card","Relic","Card","Relic","Card","Card"],"build_version":"2020-12-22","purchased_purges":0,"victory":false,"max_hp_per_floor":[75,75,75,75,75,75,75,75,75,75,75,75,75,75,75,75,75,75,75,75,75,75,75,75,75,75,75,75,75,75,75,75,75,75],"card_choices":[{"not_picked":["hermit:Feint","hermit:ItchyTrigger"],"picked":"hermit:Virtue","floor":1},{"not_picked":["hermit:Desperado","hermit:TrackingShot"],"picked":"hermit:Shortfuse","floor":4},{"not_picked":["hermit:ItchyTrigger","hermit:BodyArmor"],"picked":"hermit:Shortfuse","floor":7},{"not_picked":["hermit:Ricochet","hermit:BigShot"],"picked":"hermit:NoHoldsBarred","floor":10},{"not_picked":["hermit:Headshot","hermit:Horror"],"picked":"hermit:FinalCanter","floor":14},{"not_picked":["hermit:EternalForm","hermit:DeadOrAlive"],"picked":"hermit:FinalCanter","floor":16},{"not_picked":["hermit:Roulette","hermit:TakeAim"],"picked":"hermit:Grudge+1","floor":18},{"not_picked":["hermit:Ricochet","hermit:Showdown"],"picked":"hermit:Misfire","floor":19},{"not_picked":["hermit:SprayPray","hermit:BodyArmor+1"],"picked":"hermit:Midnight","floor":29},{"not_picked":["hermit:CursedWeapon","hermit:TrackingShot"],"picked":"hermit:Virtue","floor":30}],"player_experience":1455709,"relics_obtained":[{"floor":7,"key":"WingedGreaves"},{"floor":9,"key":"Runesmith:AutoHammer"},{"floor":10,"key":"CeramicFish"},{"floor":26,"key":"MawBank"}],"event_choices":[{"damage_healed":0,"gold_gain":0,"player_choice":"Box","damage_taken":0,"relics_obtained":["Pen Nib"],"max_hp_gain":0,"max_hp_loss":0,"event_name":"Big Fish","floor":2,"gold_loss":0,"cards_obtained":["Regret"]},{"damage_healed":0,"gold_gain":0,"player_choice":"Entered Light","damage_taken":15,"max_hp_gain":0,"max_hp_loss":0,"event_name":"Shining Light","floor":3,"gold_loss":0,"cards_upgraded":["hermit:Virtue","hermit:Strike_Hermit"]},{"damage_healed":0,"gold_gain":0,"player_choice":"Take Wound","damage_taken":0,"relics_obtained":["Golden Idol"],"max_hp_gain":0,"max_hp_loss":0,"event_name":"Golden Idol","floor":5,"gold_loss":0,"cards_obtained":["Injury"]},{"damage_healed":0,"gold_gain":175,"player_choice":"AGREE","damage_taken":0,"max_hp_gain":0,"max_hp_loss":0,"event_name":"Liars Game","floor":6,"gold_loss":0,"cards_obtained":["Doubt"]},{"damage_healed":18,"gold_gain":0,"player_choice":"Healed","damage_taken":0,"max_hp_gain":0,"max_hp_loss":0,"event_name":"The Cleric","floor":11,"gold_loss":35},{"damage_healed":0,"gold_gain":0,"player_choice":"Copied","damage_taken":0,"max_hp_gain":0,"max_hp_loss":0,"event_name":"Duplicator","floor":20,"gold_loss":0,"cards_obtained":["hermit:Shortfuse"]},{"damage_healed":0,"gold_gain":0,"player_choice":"Ignored","damage_taken":0,"max_hp_gain":0,"max_hp_loss":0,"event_name":"N\u0027loth","floor":22,"gold_loss":0},{"cards_removed":["hermit:NoHoldsBarred"],"damage_healed":0,"gold_gain":0,"player_choice":"Give","damage_taken":0,"max_hp_gain":0,"max_hp_loss":0,"event_name":"betterNote:BetterNote","floor":24,"gold_loss":0,"cards_obtained":["None"]},{"cards_removed":["hermit:Vantage"],"damage_healed":5,"gold_gain":0,"player_choice":"Offered Common","damage_taken":0,"max_hp_gain":0,"max_hp_loss":0,"event_name":"Bonfire Elementals","floor":31,"gold_loss":0},{"cards_removed":["hermit:Vantage"],"damage_healed":5,"gold_gain":0,"player_choice":"Offered Special","damage_taken":0,"max_hp_gain":0,"max_hp_loss":0,"event_name":"Bonfire Elementals","floor":31,"gold_loss":0}],"is_beta":false,"boss_relics":[{"not_picked":["reliquary:Ember","SacredBark"],"picked":"Pandora\u0027s Box"}],"items_purged_floors":[],"is_endless":false,"potions_floor_spawned":[1,4,14,19,29],"killed_by":"Champ","ascension_level":7}}