{"host":"1e3ivg30op4goso1","time":1613937800,"event":{"mods":["AchievementEnabler","Ascension Unlocker","BaseMod","Colored Map","Minty Spire (QoL Compilation)","Permanent Neow","Quick Restart","Relic Filter","StSLib","SuperFastMode"],"gold_per_floor":[115,43,118,130,130,130,143,157,157,176,187,187,204,235,235,235,235],"floor_reached":16,"language":"ENG","playtime":653,"items_purged":[],"score":156,"play_id":"86839880-1466-467c-a59a-2de69f8c9035","local_time":"20210221150320","is_ascension_mode":true,"campfire_choices":[{"data":"Redo","floor":6.0,"key":"SMITH"},{"floor":12.0,"key":"REST"},{"data":"Fusion","floor":15,"key":"SMITH"}],"circlet_count":0,"master_deck":["AscendersBane","Strike_B","Strike_B","Strike_B","Defend_B","Defend_B","Defend_B","Defend_B","Zap","Dualcast","Ball Lightning","Redo+1","Cold Snap","Fusion+1","Recycle"],"relics":["Nuclear Battery","Juzu Bracelet","HornCleat"],"acts_visited":["Exordium"],"potions_floor_usage":[16],"damage_taken":[{"damage":13.0,"enemies":"Jaw Worm","floor":1.0,"turns":4.0},{"damage":0.0,"enemies":"2 Louse","floor":4.0,"turns":3.0},{"damage":0.0,"enemies":"Cultist","floor":7.0,"turns":3.0},{"damage":5.0,"enemies":"Gremlin Gang","floor":8.0,"turns":6.0},{"damage":2.0,"enemies":"3 Louse","floor":10.0,"turns":3.0},{"damage":9.0,"enemies":"Blue Slaver","floor":11.0,"turns":4.0},{"damage":9,"enemies":"Looter","floor":13,"turns":3},{"damage":14,"enemies":"Gremlin Nob","floor":14,"turns":4},{"damage":26,"enemies":"Slime Boss","floor":16,"turns":3}],"seed_played":"-9090640266774890291","potions_obtained":[{"floor":7.0,"key":"AttackPotion"},{"floor":8.0,"key":"FearPotion"},{"floor":10.0,"key":"SteroidPotion"}],"is_trial":false,"path_per_floor":["M","$","?","M","?","R","M","M","T","M","M","R","M","E","R","B"],"character_chosen":"DEFECT","items_purchased":["Redo","Cold Snap"],"campfire_rested":1,"item_purchase_floors":[2,2],"current_hp_per_floor":[55,55,44,44,37,37,37,32,32,30,21,43,34,20,20,0,0],"gold":235,"neow_bonus":"BOSS_RELIC","is_daily":false,"chose_seed":false,"campfire_upgraded":2,"win_rate":0.0,"timestamp":1613937800,"path_taken":["M","$","?","M","?","R","M","?","T","M","M","R","M","E","R","BOSS"],"items_purchased_type":["Card","Card"],"build_version":"2020-12-22","purchased_purges":0,"victory":false,"max_hp_per_floor":[75,75,75,75,75,75,75,75,75,75,75,75,75,75,75,75,75],"card_choices":[{"not_picked":["Hologram","Rebound"],"picked":"Ball Lightning","floor":1.0},{"not_picked":["Leap","BootSequence","Stack"],"picked":"SKIP","floor":4.0},{"not_picked":["Barrage","Redo"],"picked":"Fusion","floor":7.0},{"not_picked":["Conserve Battery","Leap"],"picked":"Recycle","floor":8.0},{"not_picked":["Conserve Battery","Leap","Storm"],"picked":"SKIP","floor":10.0},{"not_picked":["Beam Cell","Stack","Sweeping Beam"],"picked":"SKIP","floor":11.0},{"not_picked":["All For One","Turbo","Cold Snap"],"picked":"SKIP","floor":13},{"not_picked":["Static Discharge","Tempest","Conserve Battery"],"picked":"SKIP","floor":14}],"player_experience":10881,"relics_obtained":[{"floor":9.0,"key":"Juzu Bracelet"},{"floor":14,"key":"HornCleat"}],"event_choices":[{"damage_healed":0.0,"max_hp_gain":0.0,"max_hp_loss":0.0,"gold_gain":75.0,"event_name":"World of Goop","player_choice":"Gather Gold","floor":3.0,"gold_loss":0.0,"damage_taken":11.0},{"cards_removed":["Strike_B"],"damage_healed":0.0,"max_hp_gain":0.0,"max_hp_loss":0.0,"gold_gain":0.0,"event_name":"Golden Wing","player_choice":"Card Removal","floor":5.0,"gold_loss":0.0,"damage_taken":7.0}],"is_beta":false,"boss_relics":[],"items_purged_floors":[],"is_endless":false,"potions_floor_spawned":[7,8,10],"killed_by":"Slime Boss","ascension_level":10}}