{"host":"86nc795wsqxyrbm0","time":1613927699,"event":{"mods":["AchievementEnabler","BaseMod","Colored Map","Minty Spire (QoL Compilation)","StSLib"],"gold_per_floor":[116,130,130,140,157,190,190,220,232,257,269,281,328,340,352,487,499,524,555,567,567],"floor_reached":20,"language":"ENG","playtime":1056,"items_purged":[],"score":296,"play_id":"938ce3d2-8b2e-4223-8307-1baa657eed36","local_time":"20210221171459","is_ascension_mode":true,"campfire_choices":[{"data":"Zap","floor":7.0,"key":"SMITH"},{"data":"Rainbow","floor":15.0,"key":"SMITH"}],"circlet_count":0,"master_deck":["Strike_B","Strike_B","Strike_B","Strike_B","Defend_B","Defend_B","Defend_B","Defend_B","Zap+1","Dualcast","Coolheaded","FTL","Compile Driver","Cold Snap","Leap","Parasite","Rainbow+1","Rainbow","Doom and Gloom","Consume"],"relics":["Cracked Core","CultistMask","Thread and Needle","MawBank","Shuriken","Golden Idol","Du-Vu Doll","Pear","Philosopher\u0027s Stone"],"acts_visited":["TheCity"],"potions_floor_usage":[],"damage_taken":[{"damage":2.0,"enemies":"Jaw Worm","floor":1.0,"turns":4.0},{"damage":0.0,"enemies":"Cultist","floor":2.0,"turns":3.0},{"damage":0.0,"enemies":"Small Slimes","floor":4.0,"turns":3.0},{"damage":10.0,"enemies":"3 Louse","floor":5.0,"turns":4.0},{"damage":37.0,"enemies":"Lagavulin","floor":6.0,"turns":8.0},{"damage":11.0,"enemies":"Gremlin Nob","floor":8.0,"turns":4.0},{"damage":5.0,"enemies":"Blue Slaver","floor":10.0,"turns":3.0},{"damage":0.0,"enemies":"3 Sentries","floor":13.0,"turns":7.0},{"damage":31.0,"enemies":"Hexaghost","floor":16.0,"turns":12.0},{"damage":4,"enemies":"Shell Parasite","floor":18,"turns":6},{"damage":20,"enemies":"2 Thieves","floor":19,"turns":3},{"damage":51,"enemies":"Centurion and Healer","floor":20,"turns":6}],"seed_played":"-1729883137540596407","potions_obtained":[{"floor":2.0,"key":"Strength Potion"},{"floor":5.0,"key":"DistilledChaos"},{"floor":8.0,"key":"Energy Potion"},{"floor":16.0,"key":"PotionOfCapacity"},{"floor":18,"key":"Ancient Potion"}],"is_trial":false,"path_per_floor":["M","M","?","M","M","E","R","E","T","M","?","?","E","T","R","B",null,"M","M","M"],"character_chosen":"DEFECT","items_purchased":[],"campfire_rested":0,"item_purchase_floors":[],"current_hp_per_floor":[73,73,73,73,63,26,26,15,15,10,30,30,30,40,40,9,67,63,43,0,0],"gold":567,"neow_bonus":"TEN_PERCENT_HP_BONUS","is_daily":false,"chose_seed":false,"campfire_upgraded":2,"win_rate":0.0,"timestamp":1613927699,"path_taken":["M","M","?","M","?","E","R","E","T","M","?","?","E","?","R","BOSS","M","M","M"],"items_purchased_type":[],"build_version":"2020-12-22","purchased_purges":0,"victory":false,"max_hp_per_floor":[82,82,82,82,82,82,82,82,82,82,82,76,76,86,86,86,86,86,86,86,86],"card_choices":[{"not_picked":["Aggregate","Barrage"],"picked":"Coolheaded","floor":1.0},{"not_picked":["Go for the Eyes","Sweeping Beam"],"picked":"FTL","floor":2.0},{"not_picked":["Beam Cell","Storm"],"picked":"Compile Driver","floor":4.0},{"not_picked":["Barrage","Hologram","FTL"],"picked":"SKIP","floor":5.0},{"not_picked":["Fission","Coolheaded"],"picked":"Cold Snap","floor":6.0},{"not_picked":["Conserve Battery","Skim"],"picked":"Leap","floor":8.0},{"not_picked":["Double Energy","Hologram","Redo"],"picked":"SKIP","floor":10.0},{"not_picked":["Cold Snap","Rip and Tear"],"picked":"Rainbow","floor":13.0},{"not_picked":["All For One","Seek"],"picked":"Rainbow","floor":16.0},{"not_picked":["Barrage","Skim"],"picked":"Doom and Gloom","floor":18},{"not_picked":["Heatsinks","Streamline"],"picked":"Consume","floor":19}],"player_experience":573393,"relics_obtained":[{"floor":6.0,"key":"Thread and Needle"},{"floor":8.0,"key":"MawBank"},{"floor":9.0,"key":"Shuriken"},{"floor":13.0,"key":"Du-Vu Doll"},{"floor":14.0,"key":"Pear"}],"event_choices":[{"damage_healed":0.0,"max_hp_gain":0.0,"max_hp_loss":0.0,"gold_gain":0.0,"event_name":"FaceTrader","player_choice":"Trade","floor":3.0,"gold_loss":0.0,"damage_taken":0.0,"relics_obtained":["CultistMask"]},{"damage_healed":20.0,"max_hp_gain":0.0,"max_hp_loss":0.0,"gold_gain":0.0,"event_name":"Mushrooms","player_choice":"Healed and dodged fight","floor":11.0,"gold_loss":0.0,"damage_taken":0.0,"cards_obtained":["Parasite"]},{"damage_healed":0.0,"max_hp_gain":0.0,"max_hp_loss":6.0,"gold_gain":0.0,"event_name":"Golden Idol","player_choice":"Lose Max HP","floor":12.0,"gold_loss":0.0,"damage_taken":0.0,"relics_obtained":["Golden Idol"]}],"is_beta":false,"boss_relics":[{"not_picked":["Fusion Hammer","Empty Cage"],"picked":"Philosopher\u0027s Stone"}],"items_purged_floors":[],"is_endless":false,"potions_floor_spawned":[2,5,8,16,18],"killed_by":"Centurion and Healer","ascension_level":7}}