{"host":"8t5dkgm85abdp22d","time":1613891805,"event":{"mods":["ATMod(阿瑾Mod)","Act Like it!","BaseMod","Colored Powertips","Conspire","Gensokyo","GungeonMod","Hallownest","Minty Spire (QoL Compilation)","MostiFishMod","Remilia（蕾米莉亚）","RumiaBox-露米娅的神秘盒子","Ryuuou龙王","StSLib","The Bug Knight","UnlockEverythingMod","Waifu the Spire","WarShipGirlsR/战舰少女R mod","Yakumo Yukari mod"],"gold_per_floor":[-1281,-1068,-1068,-1068,-1049,-1014,-1000,-1000,-952,-952,-952,-952,-898,-898,-898,-777,-777,-687,-644,-182,-182,-182,-100,-36,-36,-36,-36,27,77,77,77,77,202,202,343,431,431,471,471,471],"floor_reached":39,"language":"ZHS","playtime":1376,"items_purged":[],"score":652,"play_id":"883181ab-46cb-4f03-8429-e5b98d4c5027","local_time":"20210221151645","is_ascension_mode":false,"campfire_choices":[{"data":"MostiFishMod:ReadyAimFire","floor":11.0,"key":"SMITH"},{"data":"MostiFishMod:Culaccino","floor":15.0,"key":"SMITH"},{"data":"Seek","floor":27,"key":"SMITH"},{"data":"Coolheaded","floor":30,"key":"SMITH"},{"data":"AT_DarkMatter","floor":32,"key":"SMITH"}],"circlet_count":0,"master_deck":["conspire:GhostlyStrike","conspire:GhostlyStrike","conspire:GhostlyDefend","conspire:GhostlyDefend","conspire:GhostlyDefend","Zap","Dualcast","AT_DarkMatter+1","Seek+1","Machine Learning","Coolheaded+1","AT_DarkMatter","MostiFishMod:ReadyAimFire+1","MostiFishMod:IntelligentEquipment","Glacier","MostiFishMod:Culaccino+1","Compile Driver","Heatsinks","AT_WaterDrop","Hologram+1","MostiFishMod:TalkingToTheRain","Madness","Madness","Double Energy+1","White Noise","Parasite"],"relics":["Cracked Core","AT_ATBox","SynthV:MejaisSoulstealer","conspire:Boomerang","SynthV:TestCard","conspire:GiftBox","AT_MibuBalloonWealth","DemoMod:MonsterBlood","GodSword3","DemoMod:Bottle","RhineSuit","AT_BellowingDragoncrestRing","Red Mask","BionicSphere","Coffee Dripper","Baka2"],"acts_visited":["Exordium","Exordium","TheBeyond"],"potions_floor_usage":[],"damage_taken":[{"damage":0.0,"enemies":"2 Louse","floor":1.0,"turns":3.0},{"damage":0.0,"enemies":"Jaw Worm","floor":2.0,"turns":2.0},{"damage":7.0,"enemies":"Small Slimes","floor":5.0,"turns":2.0},{"damage":0.0,"enemies":"HollowMod:MossKnight","floor":6.0,"turns":2.0},{"damage":0.0,"enemies":"2 Fungi Beasts","floor":7.0,"turns":1.0},{"damage":0.0,"enemies":"Lagavulin","floor":13.0,"turns":5.0},{"damage":0.0,"enemies":"Slime Boss","floor":16.0,"turns":3.0},{"damage":0,"enemies":"Hallownest:3_Youths","floor":18,"turns":3},{"damage":0,"enemies":"Hallownest:Flukemon_and_Top","floor":19,"turns":2},{"damage":0,"enemies":"Hallownest:eliteSoulWarrior","floor":23,"turns":2},{"damage":0,"enemies":"Hallownest:Warrior_and_Youth","floor":24,"turns":1},{"damage":0,"enemies":"Hallownest:2_Husk_Sentries","floor":28,"turns":1},{"damage":0,"enemies":"Hallownest:eliteWatcherKnight","floor":29,"turns":6},{"damage":0,"enemies":"Hallownest:BossSoulMaster","floor":33,"turns":4},{"damage":0,"enemies":"3 Darklings","floor":35,"turns":1},{"damage":0,"enemies":"3 Shapes","floor":36,"turns":2},{"damage":37,"enemies":"Transient","floor":38,"turns":5},{"damage":0,"enemies":"Writhing Mass","floor":39,"turns":2}],"seed_played":"-6847627169574287701","potions_obtained":[{"floor":1.0,"key":"DistilledChaos"},{"floor":5.0,"key":"Regen Potion"},{"floor":23,"key":"LiquidMemories"},{"floor":35,"key":"FairyPotion"}],"is_trial":false,"path_per_floor":["M","M","?","?","M","E","M","?","T","$","R","?","E","T","R","B",null,"M","M","?","?","?","E","M","?","T","R","M","E","R","?","R","B",null,"M","M","?","M","M"],"character_chosen":"DEFECT","items_purchased":[],"campfire_rested":0,"item_purchase_floors":[],"current_hp_per_floor":[54,54,54,54,47,47,47,44,51,51,51,44,44,44,44,57,82,82,82,82,82,78,78,78,78,78,78,78,78,78,78,78,82,82,82,82,72,38,38,38],"gold":471,"neow_bonus":"ONE_RARE_RELIC","is_daily":false,"chose_seed":false,"campfire_upgraded":5,"win_rate":0.0,"timestamp":1613891805,"path_taken":["M","M","?","?","M","E","M","?","T","$","R","?","E","?","R","BOSS","M","M","?","?","?","E","?","?","T","R","M","E","R","?","R","BOSS","M","M","?","M","M"],"items_purchased_type":[],"build_version":"2020-12-22","purchased_purges":0,"victory":false,"max_hp_per_floor":[75,75,75,75,75,75,75,75,82,82,82,82,82,82,82,82,82,82,82,82,82,82,82,82,82,82,82,82,82,82,82,82,82,82,82,82,82,82,82,82],"card_choices":[{"not_picked":["AT_HeatAcrobatics","Compile Driver"],"picked":"AT_DarkMatter","floor":1.0},{"not_picked":["Gash","Redo","Cold Snap","Sweeping Beam"],"picked":"Seek","floor":2.0},{"not_picked":[],"picked":"Machine Learning","floor":3.0},{"not_picked":["Barrage","Melter","Sweeping Beam","Hologram"],"picked":"Coolheaded","floor":5.0},{"not_picked":["Turbo","Lockon","Chaos","Gash"],"picked":"AT_DarkMatter","floor":5.0},{"not_picked":["Turbo","Streamline","Go for the Eyes","MostiFishMod:ReprogramOld"],"picked":"MostiFishMod:ReadyAimFire","floor":5.0},{"not_picked":["Chaos","Ball Lightning","Streamline","Go for the Eyes","Redo"],"picked":"SKIP","floor":5.0},{"not_picked":["MostiFishMod:Prepare","MostiFishMod:Distribution"],"picked":"MostiFishMod:IntelligentEquipment","floor":6.0},{"not_picked":["MostiFishMod:PushDownKick","Creative AI","MostiFishMod:GatherIntelligence","Force Field"],"picked":"Glacier","floor":6.0},{"not_picked":["AT_HeatAcrobatics","Stack","Reprogram","Go for the Eyes"],"picked":"MostiFishMod:Culaccino","floor":6.0},{"not_picked":["FTL","Coolheaded","Stack","Hello World","Gash"],"picked":"SKIP","floor":6.0},{"not_picked":["Auto Shields","Cold Snap","Lockon","Doom and Gloom","Creative AI"],"picked":"SKIP","floor":6.0},{"not_picked":["Glacier","AT_RobotInSpace","Sweeping Beam","AT_EMC2"],"picked":"Compile Driver","floor":7.0},{"not_picked":["Turbo","Sweeping Beam","MostiFishMod:Impulse","MostiFishMod:GatherIntelligence"],"picked":"Heatsinks","floor":13.0},{"not_picked":["Hyperbeam","MostiFishMod:IntelligentEquipment","MostiFishMod:StarOceanB","Buffer"],"picked":"AT_WaterDrop","floor":16.0},{"not_picked":["AT_HeatAcrobatics+1","Beam Cell","Stack","Leap+1","Ball Lightning"],"picked":"SKIP","floor":18},{"not_picked":["Cold Snap","Ball Lightning","Genetic Algorithm+1","Force Field+1","AT_EMC2"],"picked":"SKIP","floor":19},{"not_picked":["Ball Lightning+1","Leap","Rebound","MostiFishMod:DeathFromBelow"],"picked":"Hologram+1","floor":23},{"not_picked":["Scrape","MostiFishMod:ReprogramOld+1","Gash","Coolheaded","Compile Driver"],"picked":"SKIP","floor":24},{"not_picked":["Turbo","Doom and Gloom","Undo","MostiFishMod:Hijack","MostiFishMod:Impulse"],"picked":"SKIP","floor":28},{"not_picked":["Steam","MostiFishMod:GatherIntelligence","MostiFishMod:IceShield","Turbo","Glacier"],"picked":"SKIP","floor":29},{"not_picked":["MostiFishMod:StarOceanB","Hyperbeam","MostiFishMod:Exploitation","Buffer"],"picked":"MostiFishMod:TalkingToTheRain","floor":33},{"not_picked":["Steam+1","Go for the Eyes+1","Lockon+1","Gash+1","Redo+1"],"picked":"SKIP","floor":35},{"not_picked":["Compile Driver","Steam Power","Scrape","Leap","Beam Cell"],"picked":"SKIP","floor":36},{"not_picked":["MostiFishMod:StarOceanB","Sweeping Beam+1","Beam Cell+1","Barrage+1"],"picked":"Double Energy+1","floor":38},{"not_picked":["Conserve Battery+1","Blizzard","Capacitor+1","Barrage+1"],"picked":"White Noise","floor":38},{"not_picked":["Steam+1","MostiFishMod:PushDownKick+1","Gash","Compile Driver+1","Beam Cell"],"picked":"SKIP","floor":38},{"not_picked":["MostiFishMod:PushDownKick","Fusion","Turbo","Melter+1","Steam"],"picked":"SKIP","floor":38}],"player_experience":115678,"relics_obtained":[{"floor":1.0,"key":"SynthV:TestCard"},{"floor":1.0,"key":"Baka"},{"floor":6.0,"key":"conspire:GiftBox"},{"floor":9.0,"key":"DemoMod:MonsterBlood"},{"floor":13.0,"key":"GodSword3"},{"floor":14.0,"key":"DemoMod:Bottle"},{"floor":23,"key":"AT_BellowingDragoncrestRing"},{"floor":29,"key":"BionicSphere"},{"floor":36,"key":"Baka2"}],"event_choices":[{"damage_healed":0.0,"max_hp_gain":0.0,"max_hp_loss":0.0,"gold_gain":0.0,"event_name":"conspire:LoneGhost","player_choice":"Agree","floor":4.0,"gold_loss":0.0,"damage_taken":0.0},{"damage_healed":0.0,"max_hp_gain":0.0,"max_hp_loss":0.0,"gold_gain":0.0,"event_name":"Scrap Ooze","player_choice":"Success","floor":8.0,"gold_loss":0.0,"damage_taken":3.0,"relics_obtained":["AT_MibuBalloonWealth"]},{"cards_removed":["conspire:GhostlyStrike"],"damage_healed":0.0,"max_hp_gain":0.0,"max_hp_loss":0.0,"gold_gain":0.0,"event_name":"Golden Wing","player_choice":"Card Removal","floor":12.0,"gold_loss":0.0,"damage_taken":7.0},{"damage_healed":0,"gold_gain":0,"player_choice":"Embrace Madness","damage_taken":10,"max_hp_gain":0,"max_hp_loss":0,"event_name":"Winding Halls","floor":37,"gold_loss":0,"cards_obtained":["Madness","Madness"]}],"is_beta":false,"boss_relics":[{"not_picked":["GuanYuAspect","Cursed Key"],"picked":"RhineSuit"},{"not_picked":["GreenFoldingFan","conspire:SeveredTorchhead"],"picked":"Coffee Dripper"}],"items_purged_floors":[],"is_endless":false,"potions_floor_spawned":[1,5,23,28,33,35,38],"killed_by":"Writhing Mass","ascension_level":0}}