{"host":"sav7uxregyirlf69","time":1613908360,"event":{"mods":["AchievementEnabler","BaseMod","Colored Map","DeckTracker","Keyboard Shortcuts","Minty Spire (QoL Compilation)","READ ME - Guardian Mod","StSLib","SuperFastMode"],"gold_per_floor":[115,190,190,201,69,101,120,170,243,258,258,273,273,348,348,348,348],"floor_reached":16,"language":"KOR","playtime":225,"items_purged":[],"score":250,"play_id":"e54871af-2287-46e7-9db6-dd723c6bd779","local_time":"20210221205240","is_ascension_mode":true,"campfire_choices":[{"data":"Self Repair","floor":11,"key":"SMITH"},{"data":"Hello World","floor":15,"key":"SMITH"}],"circlet_count":0,"master_deck":["AscendersBane","Strike_B","Strike_B","Strike_B","Strike_B","Defend_B","Defend_B","Defend_B","Defend_B","Zap","Dualcast","Cold Snap","Coolheaded","Self Repair+1","Cold Snap","Ball Lightning","Glacier","Hello World+1"],"relics":["Cracked Core","NeowsBlessing","Potion Belt","Eternal Feather","HornCleat"],"acts_visited":["Exordium"],"potions_floor_usage":[10,16],"damage_taken":[{"damage":0,"enemies":"Small Slimes","floor":1,"turns":1},{"damage":0,"enemies":"Jaw Worm","floor":4,"turns":1},{"damage":0,"enemies":"3 Sentries","floor":6,"turns":1},{"damage":8,"enemies":"2 Louse","floor":7,"turns":3},{"damage":3,"enemies":"Gremlin Gang","floor":10,"turns":5},{"damage":2,"enemies":"Exordium Wildlife","floor":12,"turns":8},{"damage":79,"enemies":"Slime Boss","floor":16,"turns":12}],"seed_played":"-527106592976654624","potions_obtained":[{"floor":1,"key":"Fire Potion"},{"floor":7,"key":"PotionOfCapacity"}],"is_trial":false,"path_per_floor":["M","?","?","M","$","E","M","?","T","M","R","M","?","T","R","B"],"character_chosen":"DEFECT","items_purchased":["Self Repair","Cold Snap"],"campfire_rested":0,"item_purchase_floors":[5,5],"current_hp_per_floor":[64,53,53,53,53,53,45,45,45,49,58,66,71,71,76,0,0],"gold":348,"neow_bonus":"THREE_ENEMY_KILL","is_daily":false,"chose_seed":false,"campfire_upgraded":2,"win_rate":0.0,"timestamp":1613908360,"path_taken":["M","?","?","M","?","E","M","?","T","M","R","?","?","?","R","BOSS"],"items_purchased_type":["Card","Card"],"build_version":"2020-12-22","purchased_purges":0,"victory":false,"max_hp_per_floor":[71,71,71,71,71,71,71,71,71,71,71,71,76,76,76,76,76],"card_choices":[{"not_picked":["Rip and Tear","Hologram"],"picked":"Cold Snap","floor":1},{"not_picked":["Stack","Barrage"],"picked":"Coolheaded","floor":4},{"not_picked":["Stack","Chaos"],"picked":"Ball Lightning","floor":6},{"not_picked":["Steam","Skim"],"picked":"Glacier","floor":7},{"not_picked":["Sweeping Beam","Reprogram","Ball Lightning"],"picked":"SKIP","floor":10},{"not_picked":["Ball Lightning","Glacier"],"picked":"Hello World","floor":12}],"player_experience":1644054,"relics_obtained":[{"floor":6,"key":"Potion Belt"},{"floor":9,"key":"Eternal Feather"},{"floor":14,"key":"HornCleat"}],"event_choices":[{"damage_healed":0,"gold_gain":75,"player_choice":"Gather Gold","damage_taken":11,"max_hp_gain":0,"max_hp_loss":0,"event_name":"World of Goop","floor":2,"gold_loss":0},{"damage_healed":0,"gold_gain":0,"player_choice":"Ignored","damage_taken":0,"max_hp_gain":0,"max_hp_loss":0,"event_name":"Liars Game","floor":3,"gold_loss":0},{"damage_healed":0,"gold_gain":50,"player_choice":"Pray","damage_taken":0,"max_hp_gain":0,"max_hp_loss":0,"event_name":"Golden Shrine","floor":8,"gold_loss":0},{"damage_healed":0,"gold_gain":0,"player_choice":"Donut","damage_taken":0,"max_hp_gain":5,"max_hp_loss":0,"event_name":"Big Fish","floor":13,"gold_loss":0}],"is_beta":false,"boss_relics":[],"items_purged_floors":[],"is_endless":false,"potions_floor_spawned":[1,7],"killed_by":"Slime Boss","ascension_level":20}}