{"host":"jsd6g3c2vo13e69c","time":1613869781,"event":{"mods":["2.2 Compatiblity","Act Like it!","BaseMod","Better Altar","Better Match","Better Note","Better Sensory Stone","Better Third Choice","BetterRewards","Colored Map","Colored Powertips","Conspire","Curses Come First","Downfall","Friendly Minions","GifTheSpireLib","Googly Eyes","Gremlin Mod","Hermit","Hubris","Infinite Spire","Melee Mod","Minty Spire (QoL Compilation)","Permanent Neow","Quick Restart","Random Character Button","Replay The Spire","Shop Mod","Spire Arcade","StSLib","SuperFastMode","The Cursed","The Disciple","The Forsaken","The Jungle","The Spell Scribe","thorton"],"gold_per_floor":[99,126,155,155,180,180,203,226,235,258,258,278,278,314,335,448,448,448,448,468,490,46,65,174,174,174,108,108,108],"floor_reached":28,"language":"ENG","playtime":1384,"items_purged":["Normality"],"score":210,"play_id":"a4950bd0-6f19-4ec7-82d6-ac43ecf38d30","local_time":"20210220200941","is_ascension_mode":false,"campfire_choices":[{"data":"meleeMod_NeutralAir","floor":1,"key":"SMITH"},{"data":"meleeMod_UpAir","floor":6,"key":"SMITH"},{"data":"Trip","floor":11,"key":"SMITH"},{"data":"meleeMod_Cautious","floor":13,"key":"SMITH"},{"data":"meleeMod_FireFlower","floor":26,"key":"SMITH"}],"circlet_count":0,"master_deck":["meleeMod_Jab","meleeMod_Jab","meleeMod_Shield","meleeMod_Shield","meleeMod_NeutralAir+1","meleeMod_BackAir","meleeMod_SuperSpicyCurry","meleeMod_UpAir+1","meleeMod_DropZone","meleeMod_FalconKick","Trip+1","meleeMod_Gentleman","meleeMod_Cautious+1","meleeMod_Moonwalking","meleeMod_SDRemix","meleeMod_Knee","meleeMod_WallJump","meleeMod_EdgeCancel","meleeMod_SuperMushroom","meleeMod_ForwardTilt","meleeMod_FireFlower+1","meleeMod_DownTilt+1","meleeMod_BackAir","meleeMod_DownAir","meleeMod_Randall","meleeMod_UnclePunch+1"],"relics":["meleeMod_LosersMang0","CeramicFish","Bag of Marbles","Replay:Baseball","Sling","White Beast Statue","hubris:TinFlute"],"acts_visited":["Exordium","TheCity"],"potions_floor_usage":[10,20,21,23,24,28,28,28],"damage_taken":[{"damage":0,"enemies":"2 Louse","floor":2,"turns":1},{"damage":2,"enemies":"Jaw Worm","floor":3,"turns":2},{"damage":0,"enemies":"Small Slimes","floor":5,"turns":3},{"damage":0,"enemies":"3 Louse","floor":8,"turns":1},{"damage":0,"enemies":"Lots of Slimes","floor":10,"turns":2},{"damage":8,"enemies":"Red Slaver","floor":12,"turns":2},{"damage":2,"enemies":"conspire:2 RoseBushes","floor":15,"turns":3},{"damage":29,"enemies":"IC_STATUS_ARCHETYPE","floor":16,"turns":7},{"damage":18,"enemies":"conspire:FuzzyDice","floor":20,"turns":4},{"damage":4,"enemies":"Chosen","floor":21,"turns":3},{"damage":4,"enemies":"downfall:FleeingMerchant","floor":22,"turns":4},{"damage":32,"enemies":"Centurion and Healer","floor":23,"turns":4},{"damage":17,"enemies":"downfall:LadyInBlue","floor":24,"turns":4},{"damage":21,"enemies":"conspire:HollyBat","floor":28,"turns":5}],"seed_played":"-8773033932226063998","potions_obtained":[{"floor":2,"key":"DistilledChaos"},{"floor":3,"key":"hexamod:SoulburnPotion"},{"floor":5,"key":"FearPotion"},{"floor":15,"key":"Regen Potion"},{"floor":20,"key":"BlessingOfTheForge"},{"floor":21,"key":"Elixir"},{"floor":23,"key":"Swift Potion"},{"floor":24,"key":"Reflective Coating"},{"floor":24,"key":"Death Potion"},{"floor":24,"key":"Swift Potion"}],"is_trial":false,"path_per_floor":["R","M","M","?","M","R","T","M","?","M","R","M","R","?","M","B",null,"PTL","PTL","M","M","$","M","?","T","R","?","M"],"character_chosen":"FALCON","items_purchased":["meleeMod_DownTilt+1","Replay:Baseball","Sling","meleeMod_BackAir"],"campfire_rested":0,"item_purchase_floors":[22,22,22,22],"current_hp_per_floor":[85,85,83,83,83,83,83,83,83,83,83,75,75,75,73,44,85,85,85,67,72,68,36,19,19,19,19,0,0],"gold":108,"neow_bonus":"RANDOM_COMMON_RELIC","is_daily":false,"chose_seed":false,"campfire_upgraded":5,"win_rate":0.0,"timestamp":1613869781,"path_taken":["R","M","M","?","M","R","T","M","?","M","R","M","R","?","M","BOSS","PTL","PTL","M","M","?","M","?","T","R","?","M"],"items_purchased_type":["Card","Relic","Relic","Card"],"build_version":"2020-12-22","purchased_purges":1,"victory":false,"max_hp_per_floor":[85,85,85,85,85,85,85,85,85,85,85,85,85,85,85,85,85,85,85,85,85,85,85,85,85,85,85,85,85],"card_choices":[{"not_picked":["meleeMod_HaxDash","meleeMod_BMoveSpecialist"],"picked":"meleeMod_SuperSpicyCurry","floor":2},{"not_picked":["meleeMod_FalconKick","meleeMod_HaxDash"],"picked":"meleeMod_UpAir","floor":3},{"not_picked":["meleeMod_DashDance","meleeMod_FalconDive"],"picked":"meleeMod_DropZone","floor":5},{"not_picked":["meleeMod_UpSmash","meleeMod_DIMixUp"],"picked":"meleeMod_FalconKick","floor":8},{"not_picked":["Blind","Good Instincts"],"picked":"Trip","floor":9},{"not_picked":["meleeMod_FalconKick","meleeMod_WeTechThose"],"picked":"meleeMod_Gentleman","floor":10},{"not_picked":["meleeMod_UpTilt","meleeMod_UpSmash"],"picked":"meleeMod_Cautious","floor":12},{"not_picked":["meleeMod_CrouchCancel","meleeMod_HaxDash"],"picked":"meleeMod_WallJump","floor":15},{"not_picked":["meleeMod_SDRemix","meleeMod_MindReader"],"picked":"meleeMod_EdgeCancel","floor":16},{"not_picked":["meleeMod_CommandGrab+1","meleeMod_FalconKick+1"],"picked":"meleeMod_SuperMushroom","floor":20},{"not_picked":["meleeMod_DownTilt","meleeMod_CrouchCancel"],"picked":"meleeMod_ForwardTilt","floor":21},{"not_picked":["meleeMod_DownTilt","meleeMod_BackAir"],"picked":"meleeMod_FireFlower","floor":22},{"not_picked":["meleeMod_WallJump","meleeMod_Pause"],"picked":"meleeMod_DownAir","floor":23},{"not_picked":["meleeMod_UpSmash","meleeMod_Pause"],"picked":"meleeMod_Randall","floor":24},{"not_picked":["meleeMod_CrouchCancel+1","meleeMod_GetUpAttack+1"],"picked":"meleeMod_UnclePunch+1","floor":27}],"player_experience":384495,"relics_obtained":[{"floor":7,"key":"Bag of Marbles"},{"floor":24,"key":"White Beast Statue"},{"floor":25,"key":"hubris:TinFlute"}],"event_choices":[{"damage_healed":0,"gold_gain":1,"player_choice":"1","damage_taken":0,"max_hp_gain":0,"max_hp_loss":0,"event_name":"betterStone:BetterStone","floor":9,"gold_loss":0},{"damage_healed":0,"gold_gain":0,"player_choice":"2","damage_taken":0,"max_hp_gain":0,"max_hp_loss":0,"event_name":"betterMatch:BetterMatch","floor":27,"gold_loss":0,"cards_obtained":["betterMatch:UncommonCard"]}],"is_beta":false,"boss_relics":[{"not_picked":["Busted Crown","ChewingGum","Sozu"]}],"items_purged_floors":[22],"is_endless":false,"potions_floor_spawned":[2,3,5,15,20,21,23],"killed_by":"conspire:HollyBat","ascension_level":0}}