{"host":"fauqrvll5t0ss0vm","time":1613900550,"event":{"mods":["2.2 Compatiblity","Act Like it!","Aspiration","Bard","BaseMod","Beaked The Cultist","Better Altar","Better Match","Better Note","Better Sensory Stone","Better Skull","Better Third Choice","Better Vampires","Card Filter","Clockwork Mod","Colored Map","Conspire","Displayed Cursed Tome","Downfall","Emptier Cage","Energized Spire","Friendly Minions","GifTheSpireLib","Glutton Mod","Gremlin Mod","Gremlin Skip","Halation","Hermit","Highlight Path","Hubris","Jorbs\u0027s Wanderer Trilogy","Mad Scientist","Marked Mod","Minty Spire (QoL Compilation)","Permanent Neow","Random Character Button","Relic Filter","Reorder Act Four","Replay The Spire","Shop Mod","Somnambulant","Spikes Relics","StSLib","Stuff the Spire","SuperFastMode","The Construct","The Cursed","The Disciple","The Elementalist","The Judge","The Juggle","The Mystic","The Runesmith","The Sage","The Servant 0.9.4","The Valiant","Trackpad","Uncapped"],"gold_per_floor":[214,230,0,10,10,10,39,39,39,39,65,65,97,111,111,214,214,230,241,221,251,251,251,268,282,282,317,333,333,366,366,366,397,397,502,502,520,520,530,530,550,550,584,584,611,623,639,670,670,685,685,685,685,82,82,110,110],"floor_reached":58,"language":"ENG","playtime":12579,"items_purged":["MadScienceMod:PoweredStrike"],"score":1471,"play_id":"679c989a-913d-4366-8367-5e38d2437fb9","local_time":"20210221104230","is_ascension_mode":true,"campfire_choices":[{"data":"MadScienceMod:AcidSpray","floor":6.0,"key":"SMITH"},{"data":"MadScienceMod:AcidSpray","floor":8.0,"key":"SMITH"},{"data":"MadScienceMod:OmniHammer","floor":10.0,"key":"SMITH"},{"data":"MadScienceMod:ImposingConstruct","floor":12.0,"key":"SMITH"},{"data":"MadScienceMod:ParticleBeam","floor":15.0,"key":"SMITH"},{"data":"MadScienceMod:MindControlBeam","floor":23.0,"key":"SMITH"},{"data":"Pot Of Greed","floor":29.0,"key":"SMITH"},{"data":"Pot Of Greed","floor":34.0,"key":"SMITH"},{"data":"Pot Of Greed","floor":42,"key":"SMITH"},{"floor":44,"key":"RECALL"},{"data":"Pot Of Greed","floor":51,"key":"SMITH"},{"data":"MadScienceMod:HideBehindJunk","floor":55,"key":"SMITH"}],"circlet_count":0,"master_deck":["MadScienceMod:HideBehindJunk+1","MadScienceMod:AcidSpray+1","MadScienceMod:OmniHammer+1","MadScienceMod:ImposingConstruct+1","MadScienceMod:AcidSpray+1","MadScienceMod:ParticleBeam+1","Pot Of Greed+1","Pot Of Greed+1","MadScienceMod:MindControlBeam+1","MadScienceMod:TimeDilationField+1","MadScienceMod:FlexibleSpear+1","MadScienceMod:OilDrum+1","MadScienceMod:PowerArmor+1","MadScienceMod:Sprocket+1","MadScienceMod:MakeOrBreak+1","MadScienceMod:NowOrNever+1","MadScienceMod:GlassCannon","Pot Of Greed+1","MadScienceMod:ArtilleryShot","MadScienceMod:Virus","MadScienceMod:JunkLaser","MadScienceMod:MindControlBeam","MadScienceMod:Inflate","MadScienceMod:Inflate","MadScienceMod:Booster","MadScienceMod:Mechanize","The Bomb","Chrysalis","MadScienceMod:RecyclingStation+1","MadScienceMod:NowOrNever","Pot Of Greed+1","MadScienceMod:OilDrum","MadScienceMod:Booster","MadScienceMod:JunkLaser+1","ReplayTheSpireMod:Brewmster","MadScienceMod:BandageBot","MadScienceMod:BandageBot","MadScienceMod:OmniHammer","MadScienceMod:OmniHammer+1"],"relics":["MadScienceMod:FuelTank","Sling","aspiration:StickyExplosives_weak","StrikeDummy","Replay:Bottled Snecko","Grinning Jar","beaked:MawFillet","halation:Toothbrush","hubris:PeanutButter","Art of War","Meat on the Bone","Pet Ghost","Pandora\u0027s Box","Ring of Searing","Ring of Hypnosis","conspire:InfiniteJournal","Pocketwatch","GiantMaggot","Nunchaku"],"acts_visited":["Exordium","TheCity","TheBeyond","TheEnding"],"potions_floor_usage":[43,43,52,52,57,57,57,57,57,57],"damage_taken":[{"damage":0.0,"enemies":"Cultist","floor":1.0,"turns":4.0},{"damage":10.0,"enemies":"Jaw Worm","floor":2.0,"turns":4.0},{"damage":0.0,"enemies":"2 Louse","floor":4.0,"turns":2.0},{"damage":6.0,"enemies":"Replay:BlueRogue","floor":7.0,"turns":5.0},{"damage":3.0,"enemies":"Lagavulin","floor":11.0,"turns":4.0},{"damage":10.0,"enemies":"3 Sentries","floor":13.0,"turns":4.0},{"damage":0.0,"enemies":"2 Fungi Beasts","floor":14.0,"turns":2.0},{"damage":6.0,"enemies":"Fading Forest","floor":16.0,"turns":10.0},{"damage":0.0,"enemies":"Chosen","floor":18.0,"turns":5.0},{"damage":0.0,"enemies":"conspire:FuzzyDice","floor":19.0,"turns":7.0},{"damage":18.0,"enemies":"Slavers","floor":21.0,"turns":3.0},{"damage":0.0,"enemies":"Centurion and Healer","floor":24.0,"turns":4.0},{"damage":0.0,"enemies":"Snecko","floor":25.0,"turns":2.0},{"damage":3.0,"enemies":"Book of Stabbing","floor":27.0,"turns":4.0},{"damage":0.0,"enemies":"Snake Plant","floor":28.0,"turns":4.0},{"damage":0.0,"enemies":"Gremlin Leader","floor":30.0,"turns":4.0},{"damage":4.0,"enemies":"Slavers","floor":33.0,"turns":3.0},{"damage":21.0,"enemies":"Pondfish","floor":35.0,"turns":12.0},{"damage":0.0,"enemies":"3 Darklings","floor":37.0,"turns":4.0},{"damage":6.0,"enemies":"3 Shapes","floor":39.0,"turns":2.0},{"damage":12.0,"enemies":"Transient","floor":41.0,"turns":5.0},{"damage":4,"enemies":"beaked:SuperParasite","floor":43,"turns":5},{"damage":0,"enemies":"Writhing Mass","floor":46,"turns":5},{"damage":0,"enemies":"Jaw Worm Horde","floor":47,"turns":3},{"damage":0,"enemies":"Nemesis","floor":48,"turns":5},{"damage":0,"enemies":"Sphere and 2 Shapes","floor":50,"turns":4},{"damage":9,"enemies":"Time Eater","floor":52,"turns":6},{"damage":12,"enemies":"Shield and Spear","floor":56,"turns":4},{"damage":40,"enemies":"The Heart","floor":57,"turns":9}],"seed_played":"-969387202521008777","potions_obtained":[{"floor":2.0,"key":"LifebloodPotion"},{"floor":11.0,"key":"Flashbang"},{"floor":13.0,"key":"ColorlessPotion"},{"floor":20.0,"key":"SneckoOil"},{"floor":21.0,"key":"PowerPotion"},{"floor":24.0,"key":"Adrenaline Potion"},{"floor":27.0,"key":"GamblersBrew"},{"floor":30.0,"key":"Death Potion"},{"floor":35.0,"key":"ColorlessPotion"},{"floor":39.0,"key":"SteroidPotion"},{"floor":46,"key":"hexamod:SoulburnPotion"},{"floor":47,"key":"Languid Potion"},{"floor":50,"key":"SteroidPotion"}],"is_trial":false,"path_per_floor":["M","M","$","M","$","R","E","R","T","R","E","R","E","M","R","B",null,"M","M","?","E","?","R","M","M","T","E","M","R","E","PTL","PTL","E","R","B",null,"M","?","M","?","M","R","E","R","T","M","M","E","T","M","R_BF","B",null,"$","R","E","B",null],"character_chosen":"MAD_SCIENTIST","items_purchased":["Sling","MadScienceMod:ImposingConstruct","ReplayTheSpireMod:Brewmster","Dexterity Potion","Adrenaline Potion","Guardian:BlockOnCardUsePotion","MadScienceMod:BandageBot","MadScienceMod:OmniHammer"],"campfire_rested":0,"item_purchase_floors":[3,3,54,54,54,54,54,54],"current_hp_per_floor":[75,65,65,65,65,65,59,59,59,59,56,56,46,46,46,50,75,75,75,75,57,57,57,57,57,57,54,54,54,54,54,54,50,50,41,75,75,75,69,69,57,57,53,53,53,53,53,53,53,53,53,44,75,78,78,66,44],"gold":110,"neow_bonus":"HUNDRED_GOLD","is_daily":false,"chose_seed":false,"campfire_upgraded":11,"win_rate":0.0,"timestamp":1613900550,"path_taken":["M","M","?","M","$","R","E","R","T","R","E","R","E","M","R","BOSS","M","M","?","E","?","R","M","M","T","E","?","R","E","PTL","PTL","E","R","BOSS","M","?","M","?","M","R","E","R","T","M","M","E","?","M","R_BF","BOSS","$","R","E","BOSS"],"items_purchased_type":["Relic","Card","Card","Potion","Potion","Potion","Card","Card"],"build_version":"2020-12-22","purchased_purges":1,"victory":true,"max_hp_per_floor":[75,75,75,75,75,75,75,75,75,75,75,75,75,75,75,75,75,75,75,75,75,75,75,75,75,75,75,75,75,75,75,75,75,75,75,75,75,75,75,75,75,75,75,75,75,75,75,75,75,75,75,75,75,78,78,78,78],"card_choices":[{"not_picked":["MadScienceMod:AutoStrike","MadScienceMod:ShrinkRay"],"picked":"MadScienceMod:AcidSpray","floor":1.0},{"not_picked":["MadScienceMod:Sprocket","MadScienceMod:PowerArmor"],"picked":"MadScienceMod:OmniHammer","floor":2.0},{"not_picked":["MadScienceMod:ShrinkRay","MadScienceMod:EnergyBarrier"],"picked":"MadScienceMod:AcidSpray","floor":4.0},{"not_picked":["MadScienceMod:Postpone","MadScienceMod:AssemblyLine","MadScienceMod:PowerArmor"],"picked":"SKIP","floor":7.0},{"not_picked":["MadScienceMod:FumeBlast","MadScienceMod:ExtractOil","MadScienceMod:AutoStrike"],"picked":"SKIP","floor":11.0},{"not_picked":["MadScienceMod:Detonate","MadScienceMod:BandageBot"],"picked":"MadScienceMod:ParticleBeam","floor":13.0},{"not_picked":["MadScienceMod:Bombardment","MadScienceMod:FragmentationGrenade"],"picked":"MadScienceMod:MindControlBeam","floor":14.0},{"not_picked":["MadScienceMod:Strafe","MadScienceMod:FlameCannon"],"picked":"MadScienceMod:TimeDilationField","floor":18.0},{"not_picked":["MadScienceMod:CaptureMomentum","MadScienceMod:Sprocket"],"picked":"MadScienceMod:FlexibleSpear+1","floor":19.0},{"not_picked":["MadScienceMod:Poke","MadScienceMod:Jetpack"],"picked":"MadScienceMod:OilDrum+1","floor":21.0},{"not_picked":["MadScienceMod:JunkLaser+1","MadScienceMod:LightOnFire"],"picked":"MadScienceMod:PowerArmor+1","floor":24.0},{"not_picked":["MadScienceMod:ExploreOptions","MadScienceMod:EnergyBarrier","MadScienceMod:LightOnFire+1"],"picked":"SKIP","floor":25.0},{"not_picked":["MadScienceMod:PowerArmor","MadScienceMod:GattlingGun+1"],"picked":"MadScienceMod:Sprocket+1","floor":27.0},{"not_picked":["MadScienceMod:RecyclingStation","MadScienceMod:PowerArmor+1"],"picked":"MadScienceMod:MakeOrBreak+1","floor":28.0},{"not_picked":["MadScienceMod:FlexibleSpear","MadScienceMod:RecyclingStation"],"picked":"MadScienceMod:NowOrNever+1","floor":30.0},{"not_picked":["MadScienceMod:Strafe","MadScienceMod:Sprocket","MadScienceMod:AntimatterBomb"],"picked":"SKIP","floor":33.0},{"not_picked":["MadScienceMod:LabAccident","MadScienceMod:Reconstitute"],"picked":"MadScienceMod:GlassCannon","floor":35.0},{"not_picked":["MadScienceMod:Strafe","MadScienceMod:SelfDestruct+1","MadScienceMod:TimeDilationField"],"picked":"SKIP","floor":37.0},{"not_picked":["MadScienceMod:FlammableWall","MadScienceMod:LightOnFire","MadScienceMod:Retarget+1"],"picked":"SKIP","floor":39.0},{"not_picked":["Panache","HandOfGreed"],"picked":"The Bomb","floor":40.0},{"not_picked":["Panache","ReplayTheSpireMod:Trickstab"],"picked":"Chrysalis","floor":40.0},{"not_picked":["MadScienceMod:MechanicalClaw","MadScienceMod:Inflate+1"],"picked":"MadScienceMod:RecyclingStation+1","floor":41},{"not_picked":["MadScienceMod:ParticleBeam+1","MadScienceMod:BandageBot+1"],"picked":"MadScienceMod:NowOrNever","floor":43},{"not_picked":["MadScienceMod:NowOrNever","MadScienceMod:FragmentationGrenade"],"picked":"MadScienceMod:OilDrum","floor":46},{"not_picked":["MadScienceMod:Detonate+1","MadScienceMod:EnergyBarrier+1"],"picked":"MadScienceMod:Booster","floor":47},{"not_picked":["MadScienceMod:LightOnFire","MadScienceMod:MechanicalClaw+1","MadScienceMod:FumeBlast+1"],"picked":"SKIP","floor":48},{"not_picked":["MadScienceMod:Weaponize","MadScienceMod:FlexibleSpear"],"picked":"MadScienceMod:JunkLaser+1","floor":50},{"not_picked":["MadScienceMod:Mechanize","MadScienceMod:Virus+1"],"picked":"MadScienceMod:OmniHammer+1","floor":56}],"player_experience":7596500,"relics_obtained":[{"floor":7.0,"key":"aspiration:StickyExplosives_weak"},{"floor":9.0,"key":"StrikeDummy"},{"floor":11.0,"key":"Replay:Bottled Snecko"},{"floor":13.0,"key":"Grinning Jar"},{"floor":21.0,"key":"halation:Toothbrush"},{"floor":26.0,"key":"hubris:PeanutButter"},{"floor":27.0,"key":"Art of War"},{"floor":30.0,"key":"Meat on the Bone"},{"floor":33.0,"key":"Pet Ghost"},{"floor":38.0,"key":"Ring of Searing"},{"floor":38.0,"key":"Ring of Hypnosis"},{"floor":43,"key":"conspire:InfiniteJournal"},{"floor":48,"key":"Pocketwatch"},{"floor":49,"key":"GiantMaggot"},{"floor":56,"key":"Nunchaku"}],"event_choices":[{"damage_healed":0.0,"max_hp_gain":0.0,"max_hp_loss":0.0,"gold_gain":0.0,"event_name":"The Woman in Blue","player_choice":"Bought 1 Potion","floor":20.0,"gold_loss":0.0,"damage_taken":0.0},{"damage_healed":0.0,"max_hp_gain":0.0,"max_hp_loss":0.0,"gold_gain":0.0,"event_name":"Accursed Blacksmith","player_choice":"Forge","floor":22.0,"gold_loss":0.0,"damage_taken":0.0,"cards_upgraded":["MadScienceMod:TimeDilationField"]},{"damage_healed":0.0,"max_hp_gain":0.0,"max_hp_loss":0.0,"gold_gain":3.0,"event_name":"betterStone:BetterStone","player_choice":"1","floor":40.0,"gold_loss":0.0,"damage_taken":0.0}],"is_beta":false,"boss_relics":[{"not_picked":["aspiration:BeakedSkillbook","Fusion Hammer"],"picked":"beaked:MawFillet"},{"not_picked":["Kintsugi","aspiration:RunesmithSkillbook"],"picked":"Pandora\u0027s Box"}],"items_purged_floors":[54],"is_endless":false,"potions_floor_spawned":[2,11,13,21,24,27,30,35,39,46,47,50],"ascension_level":1}}