{"host":"ow66nzv2xecjoor3","time":1613867802,"event":{"mods":["BaseMod","Bestiary","Block Reminder","Colored Powertips","Curses Come First","Highlight Path","Keyboard Shortcuts","Minty Spire (QoL Compilation)","Permanent Neow","Relic Stats","StSLib","UnlockEverythingMod"],"gold_per_floor":[109,109,125,144,144,174,192,192,192],"floor_reached":8,"language":"ENG","playtime":263,"items_purged":[],"score":116,"play_id":"00b1a989-79f4-4200-b278-b41e95eddf12","local_time":"20210220183642","is_ascension_mode":true,"campfire_choices":[],"circlet_count":0,"master_deck":["AscendersBane","Strike_R","Strike_R","Strike_R","Strike_R","Strike_R","Defend_R","Defend_R","Defend_R+1","Defend_R","Bash","Sever Soul+1","Shrug It Off","Clash","Offering","Metallicize","Fire Breathing"],"relics":["Black Star","TungstenRod","Matryoshka"],"acts_visited":["Exordium"],"potions_floor_usage":[8],"damage_taken":[{"damage":2.0,"enemies":"Small Slimes","floor":1.0,"turns":5.0},{"damage":1.0,"enemies":"Cultist","floor":3.0,"turns":3.0},{"damage":0.0,"enemies":"2 Louse","floor":4.0,"turns":2.0},{"damage":18.0,"enemies":"Lagavulin","floor":6.0,"turns":8.0},{"damage":11.0,"enemies":"Exordium Thugs","floor":7.0,"turns":4.0},{"damage":36,"enemies":"Gremlin Nob","floor":8,"turns":3}],"seed_played":"-3114931459063791385","potions_obtained":[{"floor":3.0,"key":"CultistPotion"},{"floor":4.0,"key":"LiquidBronze"}],"is_trial":false,"path_per_floor":["M","?","M","M","?","E","M","E"],"character_chosen":"IRONCLAD","items_purchased":[],"campfire_rested":0,"item_purchase_floors":[],"current_hp_per_floor":[66,43,42,42,42,24,13,0,0],"gold":192,"neow_bonus":"BOSS_RELIC","is_daily":false,"chose_seed":false,"campfire_upgraded":0,"win_rate":0.0,"timestamp":1613867802,"path_taken":["M","?","M","M","?","E","M","E"],"items_purchased_type":[],"build_version":"2020-12-22","purchased_purges":0,"victory":false,"max_hp_per_floor":[75,75,75,75,75,75,75,75,75],"relic_stats":{"counters":[6,25],"Black Star":1,"obtain_stats":[{"Matryoshka":6,"Black Star":0,"Burning Blood":0,"TungstenRod":6},{"Matryoshka":4,"Black Star":0,"Burning Blood":0,"TungstenRod":4},{"Matryoshka":18,"Black Star":0,"Burning Blood":0,"TungstenRod":18}],"TungstenRod":5},"card_choices":[{"not_picked":["Armaments","Clash"],"picked":"Sever Soul","floor":1.0},{"not_picked":["True Grit","Havoc"],"picked":"Shrug It Off","floor":3.0},{"not_picked":["Perfected Strike","Sword Boomerang"],"picked":"Clash","floor":4.0},{"not_picked":["Cleave","Clash"],"picked":"Fire Breathing","floor":6.0},{"not_picked":["Armaments","Havoc","Pummel"],"picked":"SKIP","floor":7.0}],"player_experience":2915316,"relics_obtained":[{"floor":6.0,"key":"TungstenRod"},{"floor":6.0,"key":"Matryoshka"}],"event_choices":[{"damage_healed":0.0,"max_hp_gain":0.0,"max_hp_loss":0.0,"gold_gain":0.0,"event_name":"Shining Light","player_choice":"Entered Light","floor":2.0,"gold_loss":0.0,"damage_taken":23.0,"cards_upgraded":["Sever Soul","Defend_R"]},{"damage_healed":0.0,"max_hp_gain":0.0,"max_hp_loss":0.0,"gold_gain":0.0,"event_name":"Match and Keep!","player_choice":"2 cards matched","floor":5.0,"gold_loss":0.0,"damage_taken":0.0,"cards_obtained":["Offering","Metallicize"]}],"is_beta":false,"boss_relics":[],"items_purged_floors":[],"is_endless":false,"potions_floor_spawned":[3,4],"killed_by":"Gremlin Nob","ascension_level":20}}