{"host":"l4p18zw33fr8bdc3","time":1613932532,"event":{"mods":["AchievementEnabler","BaseMod","Bestiary","Block Reminder","Colored Map","Colored Powertips","Curses Come First","Minty Spire (QoL Compilation)","Quick Restart","Rare Cards Sparkle","StSLib"],"gold_per_floor":[14,14,14,30,30,30,44,44,44,44,60,95,111,128,128,225,225,235,235,247,257,270,296,296,328,352,352,352,352,352],"floor_reached":29,"language":"ENG","playtime":1656,"items_purged":[],"score":348,"play_id":"34b36695-022a-405e-ac67-ff5a91730325","local_time":"20210221133532","is_ascension_mode":true,"campfire_choices":[{"data":"Cleave","floor":6.0,"key":"SMITH"},{"data":"Bash","floor":8.0,"key":"SMITH"},{"data":"Twin Strike","floor":10.0,"key":"SMITH"},{"data":"Berserk","floor":15.0,"key":"SMITH"},{"data":"Barricade","floor":24.0,"key":"SMITH"},{"data":"Entrench","floor":28,"key":"SMITH"}],"circlet_count":0,"master_deck":["Strike_R","Strike_R","Strike_R","Defend_R","Defend_R","Defend_R","Defend_R","Bash+1","Impervious","Twin Strike+1","Demon Form","Cleave+1","Disarm","Heavy Blade","Iron Wave","Brutality","True Grit","Berserk+1","Barricade+1","Sword Boomerang","Body Slam","Rage","Shrug It Off","Limit Break","Entrench+1"],"relics":["Burning Blood","HornCleat","Smiling Mask","Coffee Dripper","White Beast Statue","Tiny Chest","Bottled Lightning"],"acts_visited":["Exordium","TheCity"],"potions_floor_usage":[25,25,25],"damage_taken":[{"damage":13.0,"enemies":"Jaw Worm","floor":1.0,"turns":4.0},{"damage":2.0,"enemies":"Small Slimes","floor":4.0,"turns":5.0},{"damage":1.0,"enemies":"Cultist","floor":7.0,"turns":3.0},{"damage":1.0,"enemies":"Looter","floor":11.0,"turns":4.0},{"damage":0.0,"enemies":"Gremlin Nob","floor":12.0,"turns":3.0},{"damage":4.0,"enemies":"Exordium Wildlife","floor":13.0,"turns":3.0},{"damage":1.0,"enemies":"2 Fungi Beasts","floor":14.0,"turns":2.0},{"damage":30.0,"enemies":"Slime Boss","floor":16.0,"turns":8.0},{"damage":23.0,"enemies":"Spheric Guardian","floor":18.0,"turns":5.0},{"damage":6.0,"enemies":"Shell Parasite","floor":20.0,"turns":9.0},{"damage":27.0,"enemies":"Snake Plant","floor":21.0,"turns":7.0},{"damage":30.0,"enemies":"Cultist and Chosen","floor":22.0,"turns":7.0},{"damage":38.0,"enemies":"Book of Stabbing","floor":23.0,"turns":6.0},{"damage":28,"enemies":"Slavers","floor":25,"turns":8},{"damage":10,"enemies":"Colosseum Slavers","floor":27,"turns":4},{"damage":55,"enemies":"Gremlin Leader","floor":29,"turns":6}],"seed_played":"3280661587970457092","potions_obtained":[{"floor":7.0,"key":"SkillPotion"},{"floor":11.0,"key":"AttackPotion"},{"floor":13.0,"key":"EssenceOfSteel"},{"floor":14.0,"key":"SkillPotion"},{"floor":16.0,"key":"FairyPotion"},{"floor":20.0,"key":"GamblersBrew"},{"floor":21.0,"key":"EntropicBrew"},{"floor":22.0,"key":"GamblersBrew"},{"floor":23.0,"key":"SmokeBomb"},{"floor":25,"key":"BloodPotion"}],"is_trial":false,"path_per_floor":["M","?","?","M","?","R","M","R","T","R","M","E","M","M","R","B",null,"M","T","M","M","M","E","R","E","T","?","R","E"],"character_chosen":"IRONCLAD","items_purchased":[],"campfire_rested":0,"item_purchase_floors":[],"current_hp_per_floor":[73,73,73,77,77,77,80,80,80,80,80,80,80,80,80,56,80,63,63,63,42,18,31,31,25,25,21,21,0,0],"gold":352,"neow_bonus":"THREE_RARE_CARDS","is_daily":false,"chose_seed":false,"campfire_upgraded":6,"win_rate":0.0,"timestamp":1613932532,"path_taken":["M","?","?","M","?","R","M","R","T","R","M","E","M","M","R","BOSS","M","?","M","M","M","E","R","E","T","?","R","E"],"items_purchased_type":[],"build_version":"2020-12-22","purchased_purges":0,"victory":false,"max_hp_per_floor":[80,80,80,80,80,80,80,80,80,80,80,80,80,80,80,80,80,80,80,80,80,80,80,80,80,80,80,80,80,80],"card_choices":[{"not_picked":["Brutality","Bludgeon"],"picked":"Impervious","floor":0.0},{"not_picked":["Feel No Pain","Body Slam"],"picked":"Twin Strike","floor":1.0},{"not_picked":["Feel No Pain","Shockwave"],"picked":"Cleave","floor":4.0},{"not_picked":["Infernal Blade","Flex"],"picked":"Heavy Blade","floor":7.0},{"not_picked":["Clash","Body Slam"],"picked":"Iron Wave","floor":11.0},{"not_picked":["Second Wind","Searing Blow"],"picked":"Brutality","floor":12.0},{"not_picked":["Havoc","Wild Strike"],"picked":"True Grit","floor":13.0},{"not_picked":["Warcry","Evolve"],"picked":"Berserk","floor":14.0},{"not_picked":["Berserk","Corruption"],"picked":"Barricade","floor":16.0},{"not_picked":["Burning Pact","Perfected Strike+1"],"picked":"Sword Boomerang","floor":18.0},{"not_picked":["Evolve","Iron Wave"],"picked":"Body Slam","floor":20.0},{"not_picked":["Sword Boomerang","Cleave"],"picked":"Rage","floor":21.0},{"not_picked":["Feel No Pain","Carnage"],"picked":"Shrug It Off","floor":22.0},{"not_picked":["Hemokinesis","Anger"],"picked":"Limit Break","floor":23.0},{"not_picked":["Body Slam","Warcry"],"picked":"Entrench","floor":25}],"player_experience":303639,"relics_obtained":[{"floor":9.0,"key":"HornCleat"},{"floor":12.0,"key":"Smiling Mask"},{"floor":19.0,"key":"White Beast Statue"},{"floor":23.0,"key":"Tiny Chest"},{"floor":25,"key":"Bottled Lightning"}],"event_choices":[{"damage_healed":0.0,"max_hp_gain":0.0,"max_hp_loss":0.0,"gold_gain":0.0,"cards_transformed":["Strike_R"],"event_name":"Living Wall","player_choice":"Change","floor":2.0,"gold_loss":0.0,"damage_taken":0.0,"cards_obtained":["Demon Form"]},{"damage_healed":0.0,"max_hp_gain":0.0,"max_hp_loss":0.0,"gold_gain":0.0,"event_name":"Golden Idol","player_choice":"Ignored","floor":3.0,"gold_loss":0.0,"damage_taken":0.0},{"damage_healed":0.0,"max_hp_gain":0.0,"max_hp_loss":0.0,"gold_gain":0.0,"cards_transformed":["Strike_R"],"event_name":"Transmorgrifier","player_choice":"Transformed","floor":5.0,"gold_loss":0.0,"damage_taken":0.0,"cards_obtained":["Disarm"]},{"damage_healed":0,"gold_gain":0,"player_choice":"Fight","damage_taken":0,"max_hp_gain":0,"max_hp_loss":0,"event_name":"Colosseum","floor":27,"gold_loss":0},{"damage_healed":0,"gold_gain":0,"player_choice":"Fled From Nobs","damage_taken":0,"max_hp_gain":0,"max_hp_loss":0,"event_name":"Colosseum","floor":27,"gold_loss":0}],"is_beta":false,"boss_relics":[{"not_picked":["Ectoplasm","Calling Bell"],"picked":"Coffee Dripper"}],"items_purged_floors":[],"is_endless":false,"potions_floor_spawned":[7,11,13,14,16,20,21,22,23,25,27],"killed_by":"Gremlin Leader","ascension_level":4}}