{"host":"e4wnmsyty9uvvtwf","time":1613887055,"event":{"mods":["BaseMod","Colored Map","Colored Powertips","Hermit","Minty Spire (QoL Compilation)","StSLib"],"gold_per_floor":[118,172,62,62,62,62,96,116,168,178,194,194,251,326,326,326,326],"floor_reached":16,"language":"ZHS","playtime":522,"items_purged":["hermit:Strike_Hermit"],"score":123,"play_id":"5c949d52-85ae-4a60-9735-08184cbec509","local_time":"20210221135735","is_ascension_mode":false,"campfire_choices":[{"data":"hermit:Snapshot","floor":6,"key":"SMITH"},{"data":"hermit:DeadMansHand","floor":12,"key":"SMITH"},{"floor":15,"key":"REST"}],"circlet_count":0,"master_deck":["hermit:Strike_Hermit","hermit:Strike_Hermit","hermit:Strike_Hermit","hermit:Defend_Hermit","hermit:Defend_Hermit","hermit:Defend_Hermit","hermit:Defend_Hermit+1","hermit:Snapshot+1","hermit:Covet","hermit:Brawl+1","hermit:Malice+1","hermit:GhostlyPresence","hermit:SprayPray","hermit:DeadMansHand+1","hermit:GhostlyPresence","hermit:GoldenBullet"],"relics":["hermit:Momento","Pear","Regal Pillow","The Courier"],"acts_visited":["Exordium"],"potions_floor_usage":[],"damage_taken":[{"damage":8,"enemies":"Jaw Worm","floor":1,"turns":5},{"damage":10,"enemies":"Lagavulin","floor":7,"turns":5},{"damage":6,"enemies":"Small Slimes","floor":8,"turns":4},{"damage":7,"enemies":"2 Louse","floor":10,"turns":3},{"damage":7,"enemies":"Exordium Wildlife","floor":11,"turns":3},{"damage":30,"enemies":"Lagavulin Event","floor":13,"turns":7},{"damage":0,"enemies":"Slime Boss","floor":16,"turns":1}],"seed_played":"-8199668663353356450","potions_obtained":[{"floor":8,"key":"FairyPotion"}],"is_trial":false,"path_per_floor":["M","?","$","?","?","R","E","M","T","M","M","R","?","?","R","B"],"character_chosen":"HERMIT","items_purchased":["hermit:Malice"],"campfire_rested":1,"item_purchase_floors":[3],"current_hp_per_floor":[74,74,74,58,58,58,58,52,52,45,38,38,8,27,69,69,69],"gold":326,"neow_bonus":"TEN_PERCENT_HP_BONUS","is_daily":false,"chose_seed":false,"campfire_upgraded":2,"win_rate":0.0,"timestamp":1613887055,"path_taken":["M","?","$","?","?","R","E","?","T","?","M","R","?","?","R","BOSS"],"items_purchased_type":["Card"],"build_version":"2020-12-22","purchased_purges":1,"victory":false,"max_hp_per_floor":[82,82,82,82,82,82,92,92,92,92,92,92,92,92,92,92,92],"card_choices":[{"not_picked":["hermit:ItchyTrigger","hermit:BodyArmor"],"picked":"hermit:Brawl","floor":1},{"not_picked":["hermit:HoleUp","hermit:RoundhouseKick"],"picked":"hermit:GhostlyPresence","floor":7},{"not_picked":["hermit:Snipe","hermit:Manifest"],"picked":"hermit:SprayPray","floor":8},{"not_picked":["hermit:Quickdraw","hermit:Coalescence"],"picked":"hermit:DeadMansHand","floor":10},{"not_picked":["hermit:CalledShot","hermit:Enervate"],"picked":"hermit:GhostlyPresence","floor":11},{"not_picked":["hermit:TrackingShot","hermit:Manifest"],"picked":"hermit:GoldenBullet","floor":13}],"player_experience":521718,"relics_obtained":[{"floor":7,"key":"Pear"},{"floor":9,"key":"Regal Pillow"},{"floor":13,"key":"The Courier"}],"event_choices":[{"damage_healed":0,"gold_gain":54,"player_choice":"Gained Gold","damage_taken":0,"max_hp_gain":0,"max_hp_loss":0,"event_name":"Golden Wing","floor":2,"gold_loss":0},{"damage_healed":0,"gold_gain":0,"player_choice":"Entered Light","damage_taken":16,"max_hp_gain":0,"max_hp_loss":0,"event_name":"Shining Light","floor":4,"gold_loss":0,"cards_upgraded":["hermit:Defend_Hermit","hermit:Malice"]},{"damage_healed":0,"gold_gain":0,"player_choice":"Grow","damage_taken":0,"max_hp_gain":0,"max_hp_loss":0,"event_name":"Living Wall","floor":5,"gold_loss":0,"cards_upgraded":["hermit:Brawl"]},{"damage_healed":0,"gold_gain":0,"player_choice":"Searched \u00271\u0027 times","damage_taken":0,"max_hp_gain":0,"max_hp_loss":0,"event_name":"Dead Adventurer","floor":13,"gold_loss":0},{"damage_healed":0,"gold_gain":75,"player_choice":"Gather Gold","damage_taken":11,"max_hp_gain":0,"max_hp_loss":0,"event_name":"World of Goop","floor":14,"gold_loss":0}],"is_beta":false,"boss_relics":[],"items_purged_floors":[3],"is_endless":false,"potions_floor_spawned":[8],"killed_by":"Slime Boss","ascension_level":0}}