{"host":"5ezk7t18wcb10u1o","time":1613944874,"event":{"mods":["BaseMod","Bestiary","Colored Powertips","Minty Spire (QoL Compilation)","Relic Sorter"],"gold_per_floor":[109,13,33,47,64,105,105,105,131,131,131,155,182,210,210,294,294,320,345,4,103,121,121,140,140,166,166,116,143,181,83,83,160,160,184,110,128,150,150,178,187,187,187],"floor_reached":42,"language":"ENG","playtime":2230,"items_purged":["Strike_R"],"score":772,"play_id":"204a65e6-cc5b-49e0-baa3-f7be2a335604","local_time":"20210221220114","is_ascension_mode":true,"campfire_choices":[{"floor":7.0,"key":"REST"},{"data":"Panacea","floor":10.0,"key":"SMITH"},{"floor":15.0,"key":"REST"},{"floor":23.0,"key":"REST"},{"floor":27.0,"key":"REST"},{"floor":32.0,"key":"REST"},{"floor":41.0,"key":"REST"}],"circlet_count":0,"master_deck":["AscendersBane","Strike_R+1","Strike_R+1","Defend_R+1","Defend_R","Defend_R","Defend_R","Bash","Demon Form","Spot Weakness+1","Panacea+1","Shockwave","Sword Boomerang","Twin Strike","Twin Strike","Blood for Blood","Inflame","Limit Break","Cleave+1","Cleave","Bloodletting","Warcry","Flame Barrier","Intimidate","Disarm","Rampage+1","Madness","Madness","Heavy Blade","Shrug It Off+1"],"relics":["Burning Blood","Calipers","CeramicFish","War Paint","Art of War","Fusion Hammer","Membership Card","Whetstone","Regal Pillow","Pantograph","Red Skull","Dream Catcher","PreservedInsect","Black Star","Lee\u0027s Waffle","Pen Nib"],"acts_visited":["Exordium","TheCity","TheBeyond"],"potions_floor_usage":[],"damage_taken":[{"damage":7.0,"enemies":"Small Slimes","floor":1.0,"turns":4.0},{"damage":20.0,"enemies":"Jaw Worm","floor":3.0,"turns":5.0},{"damage":1.0,"enemies":"Cultist","floor":4.0,"turns":4.0},{"damage":19.0,"enemies":"3 Louse","floor":5.0,"turns":4.0},{"damage":35.0,"enemies":"Lagavulin","floor":6.0,"turns":5.0},{"damage":3.0,"enemies":"Blue Slaver","floor":12.0,"turns":2.0},{"damage":14.0,"enemies":"Looter","floor":13.0,"turns":3.0},{"damage":41.0,"enemies":"Gremlin Nob","floor":14.0,"turns":5.0},{"damage":27.0,"enemies":"Hexaghost","floor":16.0,"turns":7.0},{"damage":31.0,"enemies":"3 Byrds","floor":18.0,"turns":5.0},{"damage":7.0,"enemies":"Chosen","floor":19.0,"turns":4.0},{"damage":39.0,"enemies":"Sentry and Sphere","floor":24.0,"turns":5.0},{"damage":21.0,"enemies":"Chosen and Byrds","floor":29.0,"turns":5.0},{"damage":26.0,"enemies":"Book of Stabbing","floor":30.0,"turns":4.0},{"damage":52.0,"enemies":"Collector","floor":33.0,"turns":9.0},{"damage":55.0,"enemies":"3 Darklings","floor":35.0,"turns":5.0},{"damage":24.0,"enemies":"3 Shapes","floor":38.0,"turns":4.0},{"damage":27.0,"enemies":"Nemesis","floor":40.0,"turns":5.0},{"damage":77,"enemies":"Reptomancer","floor":42,"turns":4}],"seed_played":"4566264132804059788","potions_obtained":[{"floor":1.0,"key":"LiquidMemories"},{"floor":5.0,"key":"Strength Potion"},{"floor":6.0,"key":"DistilledChaos"},{"floor":13.0,"key":"GamblersBrew"},{"floor":16.0,"key":"Energy Potion"},{"floor":24.0,"key":"Energy Potion"},{"floor":29.0,"key":"SkillPotion"},{"floor":33.0,"key":"Fire Potion"},{"floor":38.0,"key":"ElixirPotion"}],"is_trial":false,"path_per_floor":["M","$","M","M","M","E","R","?","T","R","?","M","M","E","R","B",null,"M","M","$","?","?","R","M","T","T","R","?","M","E","$","R","B",null,"M","$","?","M","?","E","R","E"],"character_chosen":"IRONCLAD","items_purchased":["Panacea","Membership Card","Whetstone","Regal Pillow","PreservedInsect","BlessingOfTheForge","Lee\u0027s Waffle"],"campfire_rested":6,"item_purchase_floors":[2,20,20,20,31,31,36],"current_hp_per_floor":[67,67,53,58,45,16,38,31,31,31,56,59,51,16,38,17,61,36,35,35,35,35,72,39,39,39,75,75,60,40,40,75,29,64,15,82,72,54,54,33,72,0,0],"gold":187,"neow_bonus":"THREE_RARE_CARDS","is_daily":false,"chose_seed":false,"campfire_upgraded":1,"win_rate":0.0,"timestamp":1613944874,"path_taken":["M","$","M","M","M","E","R","?","T","R","?","M","M","E","R","BOSS","M","M","$","?","?","R","M","?","T","R","?","M","E","$","R","BOSS","M","?","?","M","?","E","R","E"],"items_purchased_type":["Card","Relic","Relic","Relic","Relic","Potion","Relic"],"build_version":"2020-12-22","purchased_purges":1,"victory":false,"max_hp_per_floor":[75,75,75,75,75,75,75,75,75,75,75,75,75,75,75,75,75,75,75,75,75,75,75,75,75,75,75,75,75,75,75,75,75,75,75,82,82,82,82,82,82,82,82],"card_choices":[{"not_picked":["Brutality","Limit Break"],"picked":"Demon Form","floor":0.0},{"not_picked":["Havoc","Cleave"],"picked":"Spot Weakness","floor":1.0},{"not_picked":["Metallicize","Burning Pact"],"picked":"Shockwave","floor":3.0},{"not_picked":["Warcry","Infernal Blade"],"picked":"Sword Boomerang","floor":4.0},{"not_picked":["Dual Wield","Dropkick"],"picked":"Twin Strike","floor":5.0},{"not_picked":["Sword Boomerang","Carnage"],"picked":"Twin Strike","floor":6.0},{"not_picked":["Body Slam","Power Through"],"picked":"Blood for Blood","floor":12.0},{"not_picked":["True Grit","Flex"],"picked":"Inflame","floor":13.0},{"not_picked":["Rupture","Warcry","True Grit"],"picked":"SKIP","floor":14.0},{"not_picked":["Berserk","Reaper"],"picked":"Limit Break","floor":16.0},{"not_picked":["Headbutt","Wild Strike"],"picked":"Cleave+1","floor":18.0},{"not_picked":["Pommel Strike","Twin Strike"],"picked":"Cleave","floor":19.0},{"not_picked":["Cleave+1","Clash"],"picked":"Flame Barrier","floor":24.0},{"not_picked":["Cleave+1","Reckless Charge"],"picked":"Intimidate","floor":29.0},{"not_picked":["True Grit","Bloodletting+1"],"picked":"Disarm","floor":30.0},{"not_picked":["Headbutt","Carnage+1"],"picked":"Rampage+1","floor":35.0},{"not_picked":["Blood for Blood","Clash"],"picked":"Heavy Blade","floor":38.0},{"not_picked":["Sentinel","Headbutt+1","Offering"],"picked":"SKIP","floor":40.0},{"not_picked":["Headbutt","Combust"],"picked":"Shrug It Off+1","floor":41.0}],"player_experience":1244324,"relics_obtained":[{"floor":6.0,"key":"CeramicFish"},{"floor":9.0,"key":"War Paint"},{"floor":14.0,"key":"Art of War"},{"floor":25.0,"key":"Pantograph"},{"floor":26.0,"key":"Red Skull"},{"floor":30.0,"key":"Dream Catcher"},{"floor":40.0,"key":"Calipers"},{"floor":40.0,"key":"Pen Nib"}],"event_choices":[{"cards_removed":["Doubt"],"damage_healed":0.0,"max_hp_gain":0.0,"max_hp_loss":0.0,"gold_gain":0.0,"event_name":"Golden Wing","player_choice":"Card Removal","floor":8.0,"gold_loss":0.0,"damage_taken":7.0},{"damage_healed":25.0,"max_hp_gain":0.0,"max_hp_loss":0.0,"gold_gain":0.0,"event_name":"Big Fish","player_choice":"Banana","floor":11.0,"gold_loss":0.0,"damage_taken":0.0},{"damage_healed":0.0,"max_hp_gain":0.0,"max_hp_loss":0.0,"gold_gain":99.0,"event_name":"Nest","player_choice":"Stole From Cult","floor":21.0,"gold_loss":0.0,"damage_taken":0.0},{"damage_healed":0.0,"max_hp_gain":0.0,"max_hp_loss":0.0,"gold_gain":0.0,"cards_transformed":["Strike_R","Strike_R"],"event_name":"Drug Dealer","player_choice":"Became Test Subject","floor":22.0,"gold_loss":0.0,"damage_taken":0.0,"cards_obtained":["Bloodletting","Warcry"]},{"damage_healed":0.0,"max_hp_gain":0.0,"max_hp_loss":0.0,"gold_gain":0.0,"event_name":"The Joust","player_choice":"Bet on Owner","floor":28.0,"gold_loss":50.0,"damage_taken":0.0},{"damage_healed":0.0,"max_hp_gain":0.0,"max_hp_loss":0.0,"gold_gain":0.0,"event_name":"Winding Halls","player_choice":"Embrace Madness","floor":37.0,"gold_loss":0.0,"damage_taken":10.0,"cards_obtained":["Madness","Madness"]},{"damage_healed":0.0,"max_hp_gain":0.0,"max_hp_loss":0.0,"gold_gain":0.0,"event_name":"Mysterious Sphere","player_choice":"Ignored","floor":39.0,"gold_loss":0.0,"damage_taken":0.0}],"is_beta":false,"boss_relics":[{"not_picked":["Black Blood","Busted Crown"],"picked":"Fusion Hammer"},{"not_picked":["Calling Bell","Astrolabe"],"picked":"Black Star"}],"items_purged_floors":[20],"is_endless":false,"potions_floor_spawned":[1,5,6,13,16,24,29,33,38],"killed_by":"Reptomancer","ascension_level":14}}