{"host":"or8fr2mp0k3eluj8","time":1613923066,"event":{"mods":["AchievementEnabler","BaseMod","Colored Map","DeckTracker","Keyboard Shortcuts","Minty Spire (QoL Compilation)","StSLib","SuperFastMode","everything is the same but u backflip on backflip"],"gold_per_floor":[119,119,119,131,131,159,173,192,268,299,299,299,329,340,340,443,443,453,453,453,453,453,453,453],"floor_reached":23,"language":"KOR","playtime":659,"items_purged":[],"score":255,"play_id":"8c30fb05-aea7-4052-a6ee-6e2c18bedf97","local_time":"20210222005746","is_ascension_mode":true,"campfire_choices":[{"data":"Poisoned Stab","floor":12,"key":"SMITH"},{"data":"Deadly Poison","floor":15,"key":"SMITH"}],"circlet_count":0,"master_deck":["Strike_G","Strike_G","Strike_G","Strike_G","Strike_G","Defend_G+1","Defend_G+1","Defend_G","Defend_G","Defend_G","Survivor","Neutralize","Bouncing Flask+1","Deadly Poison+1","Glass Knife","Backflip","Poisoned Stab+1","Concentrate","Tactician"],"relics":["Ring of the Serpent","NeowsBlessing","Thread and Needle","Gremlin Horn","Regal Pillow","Snake Skull","Oddly Smooth Stone","Centennial Puzzle","Meat on the Bone"],"acts_visited":["Exordium","TheCity"],"potions_floor_usage":[13,16,23],"damage_taken":[{"damage":0,"enemies":"Small Slimes","floor":1,"turns":1},{"damage":0,"enemies":"Jaw Worm","floor":4,"turns":1},{"damage":0,"enemies":"Gremlin Nob","floor":6,"turns":1},{"damage":0,"enemies":"2 Louse","floor":7,"turns":1},{"damage":0,"enemies":"2 Fungi Beasts","floor":8,"turns":3},{"damage":11,"enemies":"3 Sentries","floor":10,"turns":8},{"damage":4,"enemies":"Lagavulin","floor":13,"turns":5},{"damage":0,"enemies":"Gremlin Gang","floor":14,"turns":3},{"damage":14,"enemies":"Hexaghost","floor":16,"turns":7},{"damage":0,"enemies":"Spheric Guardian","floor":18,"turns":3},{"damage":80,"enemies":"Gremlin Leader","floor":23,"turns":10}],"seed_played":"7908353113822313855","potions_obtained":[{"floor":1,"key":"LiquidMemories"},{"floor":7,"key":"Energy Potion"},{"floor":13,"key":"LiquidBronze"},{"floor":18,"key":"PowerPotion"}],"is_trial":false,"path_per_floor":["M","?","?","M","?","E","M","M","T","E","?","R","E","M","R","B",null,"M","?","?","?","?","E"],"character_chosen":"THE_SILENT","items_purchased":[],"campfire_rested":0,"item_purchase_floors":[],"current_hp_per_floor":[70,75,60,60,60,60,60,60,60,49,37,37,33,33,33,19,75,75,75,75,75,75,0,0],"gold":453,"neow_bonus":"THREE_ENEMY_KILL","is_daily":false,"chose_seed":false,"campfire_upgraded":2,"win_rate":0.0,"timestamp":1613923066,"path_taken":["M","?","?","M","?","E","?","M","T","E","?","R","E","M","R","BOSS","M","?","?","?","?","E"],"items_purchased_type":[],"build_version":"2020-12-22","purchased_purges":0,"victory":false,"max_hp_per_floor":[70,75,75,75,75,75,75,75,75,75,75,75,75,75,75,75,75,75,75,75,75,75,75,75],"card_choices":[{"not_picked":["Quick Slash","Flying Knee"],"picked":"Bouncing Flask","floor":1},{"not_picked":["Prepared","Flying Knee"],"picked":"Deadly Poison","floor":4},{"not_picked":["Sucker Punch","Underhanded Strike"],"picked":"Glass Knife","floor":6},{"not_picked":["Outmaneuver","Backstab"],"picked":"Backflip","floor":7},{"not_picked":["Slice","Dagger Throw","Endless Agony"],"picked":"SKIP","floor":8},{"not_picked":["Dodge and Roll","Leg Sweep"],"picked":"Poisoned Stab","floor":10},{"not_picked":["Flying Knee","Well Laid Plans"],"picked":"Concentrate","floor":13},{"not_picked":["Dodge and Roll","Deflect"],"picked":"Tactician","floor":14},{"not_picked":["Poisoned Stab","Concentrate+1","Underhanded Strike"],"picked":"SKIP","floor":18}],"player_experience":430826,"relics_obtained":[{"floor":6,"key":"Thread and Needle"},{"floor":9,"key":"Gremlin Horn"},{"floor":10,"key":"Regal Pillow"},{"floor":13,"key":"Oddly Smooth Stone"}],"event_choices":[{"damage_healed":0,"gold_gain":0,"player_choice":"Donut","damage_taken":0,"max_hp_gain":5,"max_hp_loss":0,"event_name":"Big Fish","floor":2,"gold_loss":0},{"damage_healed":0,"gold_gain":0,"player_choice":"Entered Light","damage_taken":15,"max_hp_gain":0,"max_hp_loss":0,"event_name":"Shining Light","floor":3,"gold_loss":0,"cards_upgraded":["Defend_G","Defend_G"]},{"damage_healed":0,"gold_gain":0,"player_choice":"Grow","damage_taken":0,"max_hp_gain":0,"max_hp_loss":0,"event_name":"Living Wall","floor":5,"gold_loss":0,"cards_upgraded":["Bouncing Flask"]},{"damage_healed":0,"gold_gain":0,"player_choice":"Success","damage_taken":12,"relics_obtained":["Snake Skull"],"max_hp_gain":0,"max_hp_loss":0,"event_name":"Scrap Ooze","floor":11,"gold_loss":0},{"damage_healed":0,"gold_gain":0,"player_choice":"Opened","damage_taken":0,"relics_obtained":["Centennial Puzzle"],"max_hp_gain":0,"max_hp_loss":0,"event_name":"The Mausoleum","floor":19,"gold_loss":0},{"damage_healed":0,"gold_gain":0,"player_choice":"Ignored","damage_taken":0,"max_hp_gain":0,"max_hp_loss":0,"event_name":"Ghosts","floor":20,"gold_loss":0},{"damage_healed":0,"gold_gain":0,"player_choice":"Ignored","damage_taken":0,"max_hp_gain":0,"max_hp_loss":0,"event_name":"Vampires","floor":21,"gold_loss":0},{"damage_healed":0,"gold_gain":0,"player_choice":"Gave Potion","damage_taken":0,"relics_obtained":["Meat on the Bone"],"max_hp_gain":0,"max_hp_loss":0,"event_name":"WeMeetAgain","floor":22,"gold_loss":0}],"is_beta":false,"boss_relics":[{"not_picked":["HoveringKite","Runic Dome"],"picked":"Ring of the Serpent"}],"items_purged_floors":[],"is_endless":false,"potions_floor_spawned":[1,7,13,18],"killed_by":"Gremlin Leader","ascension_level":2}}