{"host":"2d926qfvvz477zl6","time":1613877900,"event":{"mods":["Aspiration","BaseMod","Challenge The Spire","Conspire","Downfall","GifTheSpireLib","GungeonMod","Halation","Hermit","Hubris","Infinite Spire","Minty Spire (QoL Compilation)","Morshu Shopkeeper","Permanent Neow","Quick Restart","Rare Cards Sparkle","Reliquary","Replay The Spire","Shedinja","Somnambulant","Spicy Shops","StSLib","Stuff the Spire","Td1madao Mod","The Blue Laboratory","The Bug Knight","The Construct","The Cursed","The Disciple","The Forsaken","The Hierophant","TheFirefly","Wandering Minibosses","Wide Potions","everything is the same but u backflip on backflip","slay the spire mod where everything is the same but ironclad has a cowboy hat"],"gold_per_floor":[111,186,186,196,215,215,243,261,309,328,328,376,65,82,82,82,82],"floor_reached":16,"language":"ENG","playtime":500,"items_purged":["Strike_G"],"score":179,"play_id":"a47f28ff-43fd-4abc-9ba6-5041c3f41888","local_time":"20210220222500","is_ascension_mode":true,"campfire_choices":[{"data":"Replay:Poison Smokescreen","floor":6,"key":"SMITH"},{"floor":11,"key":"REST"},{"floor":15,"key":"REST"}],"circlet_count":0,"master_deck":["AscendersBane","Strike_G+1","Strike_G","Strike_G","Strike_G","Defend_G","Defend_G","Defend_G","Defend_G","Defend_G+1","Survivor","Neutralize","Bouncing Flask","Burn","Burn","Replay:Poison Smokescreen+1","Quick Slash","ReplayTheSpireMod:Speed Training","Poisoned Stab","Pot Of Greed","Pot Of Greed","Dash","Cloak And Dagger"],"relics":["Ring of the Snake","NeowsBlessing","FaceOfCleric","StuffTheSpire:OldFever","Gremlin Food","Grinning Jar","reliquary:RadioactivePellet"],"acts_visited":["Exordium"],"potions_floor_usage":[7,10,16],"damage_taken":[{"damage":0,"enemies":"Small Slimes","floor":1,"turns":1},{"damage":0,"enemies":"conspire:RoseBush","floor":4,"turns":1},{"damage":0,"enemies":"Jaw Worm","floor":5,"turns":1},{"damage":20,"enemies":"Lagavulin","floor":7,"turns":6},{"damage":18,"enemies":"Large Slime","floor":8,"turns":6},{"damage":19,"enemies":"Exordium Thugs","floor":10,"turns":6},{"damage":3,"enemies":"Red Slaver","floor":14,"turns":2},{"damage":51,"enemies":"Slime Boss","floor":16,"turns":12}],"seed_played":"-1612155382198051989","potions_obtained":[{"floor":1,"key":"Reflective Coating"},{"floor":5,"key":"blueLaboratory:BlinkPotion"},{"floor":7,"key":"blueLaboratory:RememoryPotion"},{"floor":10,"key":"Swift Potion"}],"is_trial":false,"path_per_floor":["M","?","?","M","M","R","E","M","T","M","R","T","$","M","R","B"],"character_chosen":"THE_SILENT","items_purchased":["Dash","reliquary:RadioactivePellet"],"campfire_rested":2,"item_purchase_floors":[13,13],"current_hp_per_floor":[59,59,59,60,61,61,42,25,25,7,28,28,28,26,47,0,0],"gold":82,"neow_bonus":"THREE_ENEMY_KILL","is_daily":false,"chose_seed":false,"campfire_upgraded":1,"win_rate":0.0,"timestamp":1613877900,"path_taken":["M","?","?","M","?","R","E","M","T","M","R","?","$","M","R","BOSS"],"items_purchased_type":["Card","Relic"],"build_version":"2020-12-22","purchased_purges":1,"victory":false,"max_hp_per_floor":[66,66,66,67,68,68,69,70,70,71,71,71,71,72,72,72,72],"card_choices":[{"not_picked":["StuffTheSpire:Python","Catalyst"],"picked":"Bouncing Flask","floor":1},{"not_picked":["StuffTheSpire:BumpUp","Heel Hook"],"picked":"Replay:Poison Smokescreen","floor":4},{"not_picked":["Choke","Sucker Punch","hubris:SlightOfHand"],"picked":"SKIP","floor":5},{"not_picked":["Skewer","Unload"],"picked":"Quick Slash","floor":7},{"not_picked":["Setup","Slice"],"picked":"ReplayTheSpireMod:Speed Training","floor":8},{"not_picked":["Escape Plan","Fluid Movement"],"picked":"Poisoned Stab","floor":10},{"not_picked":["StuffTheSpire:FinalStruggle","Prepared"],"picked":"Cloak And Dagger","floor":14}],"player_experience":499031,"relics_obtained":[{"floor":7,"key":"StuffTheSpire:OldFever"},{"floor":9,"key":"Gremlin Food"},{"floor":12,"key":"Grinning Jar"}],"event_choices":[{"damage_healed":0,"gold_gain":0,"player_choice":"Trade","damage_taken":0,"relics_obtained":["FaceOfCleric"],"max_hp_gain":0,"max_hp_loss":0,"event_name":"FaceTrader","floor":3,"gold_loss":0}],"is_beta":false,"boss_relics":[],"items_purged_floors":[13],"is_endless":false,"potions_floor_spawned":[1,5,7,8,10],"killed_by":"Slime Boss","ascension_level":15}}