{"host":"9ndbo4kgsfoemf7y","time":1613917366,"event":{"mods":["AchievementEnabler","BaseMod","Colored Map","DeckTracker","Keyboard Shortcuts","Minty Spire (QoL Compilation)","Permanent Neow","Quick Restart","Relic Stats","StSLib","SuperFastMode"],"gold_per_floor":[367,379,429,107,126,126,126,126],"floor_reached":7,"language":"KOR","playtime":229,"items_purged":["Regret"],"score":82,"play_id":"864eb6e7-cd32-4b3b-bc3e-6c73160a0452","local_time":"20210221232246","is_ascension_mode":true,"campfire_choices":[{"data":"Bash","floor":6,"key":"SMITH"}],"circlet_count":0,"master_deck":["AscendersBane","Strike_R","Strike_R","Strike_R","Strike_R","Strike_R","Defend_R","Defend_R","Defend_R","Defend_R","Bash+1","Ghostly Armor","Feel No Pain","Wild Strike"],"relics":["Burning Blood","Medical Kit"],"acts_visited":["Exordium"],"potions_floor_usage":[],"damage_taken":[{"damage":23,"enemies":"Jaw Worm","floor":1,"turns":5},{"damage":16,"enemies":"Cultist","floor":2,"turns":5},{"damage":1,"enemies":"2 Louse","floor":5,"turns":7},{"damage":53,"enemies":"Gremlin Nob","floor":7,"turns":4}],"seed_played":"2608791912224415404","potions_obtained":[{"floor":5,"key":"BlessingOfTheForge"}],"is_trial":false,"path_per_floor":["M","M","?","$","M","R","E"],"character_chosen":"IRONCLAD","items_purchased":["Medical Kit","Feel No Pain"],"campfire_rested":0,"item_purchase_floors":[4,4],"current_hp_per_floor":[51,41,41,41,46,46,0,0],"gold":126,"neow_bonus":"TWO_FIFTY_GOLD","is_daily":false,"chose_seed":false,"campfire_upgraded":1,"win_rate":0.0,"timestamp":1613917366,"path_taken":["M","M","?","$","?","R","E"],"items_purchased_type":["Relic","Card"],"build_version":"2020-12-22","purchased_purges":1,"victory":false,"max_hp_per_floor":[75,75,75,75,75,75,75,75],"relic_stats":{"counters":[4,21],"Medical Kit":[1],"obtain_stats":[{"Medical Kit":4,"Burning Blood":0},{"Medical Kit":2,"Burning Blood":0},{"Medical Kit":10,"Burning Blood":0}],"Burning Blood":18},"card_choices":[{"not_picked":["Warcry","Clash","Headbutt"],"picked":"SKIP","floor":1},{"not_picked":["Headbutt","Hemokinesis"],"picked":"Ghostly Armor","floor":2},{"not_picked":["Sword Boomerang","Clothesline"],"picked":"Wild Strike","floor":5}],"player_experience":880175,"relics_obtained":[],"event_choices":[{"damage_healed":0,"gold_gain":50,"player_choice":"Pray","damage_taken":0,"max_hp_gain":0,"max_hp_loss":0,"event_name":"Golden Shrine","floor":3,"gold_loss":0}],"is_beta":false,"boss_relics":[],"items_purged_floors":[4],"is_endless":false,"potions_floor_spawned":[5],"killed_by":"Gremlin Nob","ascension_level":20}}