{"host":"vpaavrwbmey593fx","time":1613937923,"event":{"mods":["AchievementEnabler","BaseMod","Bestiary","Colored Map","Colored Powertips","DeckTracker","Minty Spire (QoL Compilation)","Relic Sorter"],"gold_per_floor":[113,128,128,143,143,143,153,186,255,255,284,310,310,343,343,439,439,453,453,467,487,174,174,174,203,203,237,237,237],"floor_reached":28,"language":"ENG","playtime":2103,"items_purged":[],"score":399,"play_id":"19a5495d-c770-48ed-b437-99439ab12bd6","local_time":"20210221120523","is_ascension_mode":true,"campfire_choices":[{"data":"Eruption","floor":6.0,"key":"SMITH"},{"data":"Consecrate","floor":10.0,"key":"SMITH"},{"floor":13.0,"key":"REST"},{"floor":15.0,"key":"REST"},{"data":"Wish","floor":23,"key":"SMITH"}],"circlet_count":0,"master_deck":["Strike_P","Defend_P","Defend_P","Defend_P","Defend_P","Eruption+1","Vigilance","SashWhip","SignatureMove","TalkToTheHand","Consecrate+1","Wireheading","Tantrum","Wish+1","Swivel+1","ClearTheMind","Perseverance+1","Wallop","ClearTheMind+1","WaveOfTheHand+1"],"relics":["Philosopher\u0027s Stone","InkBottle","Pen Nib","Lizard Tail","The Courier","Calipers","Odd Mushroom","Empty Cage","Toxic Egg 2","Omamori","Thread and Needle","Pear"],"acts_visited":["Exordium","TheCity"],"potions_floor_usage":[27],"damage_taken":[{"damage":0.0,"enemies":"Jaw Worm","floor":1.0,"turns":5.0},{"damage":0.0,"enemies":"2 Louse","floor":2.0,"turns":2.0},{"damage":8.0,"enemies":"Small Slimes","floor":4.0,"turns":2.0},{"damage":0.0,"enemies":"Looter","floor":7.0,"turns":1.0},{"damage":13.0,"enemies":"Gremlin Nob","floor":8.0,"turns":4.0},{"damage":12.0,"enemies":"3 Sentries","floor":11.0,"turns":5.0},{"damage":17.0,"enemies":"The Mushroom Lair","floor":12.0,"turns":4.0},{"damage":17.0,"enemies":"Lagavulin","floor":14.0,"turns":6.0},{"damage":14.0,"enemies":"The Guardian","floor":16.0,"turns":8.0},{"damage":30.0,"enemies":"3 Byrds","floor":18.0,"turns":5.0},{"damage":0.0,"enemies":"Shell Parasite","floor":20.0,"turns":2.0},{"damage":0.0,"enemies":"Snake Plant","floor":21.0,"turns":2.0},{"damage":37,"enemies":"Book of Stabbing","floor":25,"turns":7},{"damage":36,"enemies":"Slavers","floor":27,"turns":4},{"damage":12,"enemies":"Centurion and Healer","floor":28,"turns":1}],"seed_played":"-1866936666767718021","potions_obtained":[{"floor":1.0,"key":"SkillPotion"},{"floor":4.0,"key":"LiquidMemories"},{"floor":14.0,"key":"BottledMiracle"},{"floor":16.0,"key":"Ancient Potion"},{"floor":20.0,"key":"SteroidPotion"},{"floor":25,"key":"StancePotion"}],"is_trial":false,"path_per_floor":["M","M","?","M","?","R","M","E","T","R","E","?","R","E","R","B",null,"M","?","M","M","$","R","?","E","T","E","M"],"character_chosen":"WATCHER","items_purchased":["Toxic Egg 2","Perseverance+1","Wallop"],"campfire_rested":2,"item_purchase_floors":[22,22,22],"current_hp_per_floor":[72,72,77,69,51,51,51,38,38,38,26,9,32,15,38,24,64,34,34,34,34,34,34,34,38,38,12,0,0],"gold":237,"neow_bonus":"BOSS_RELIC","is_daily":false,"chose_seed":false,"campfire_upgraded":3,"win_rate":0.0,"timestamp":1613937923,"path_taken":["M","M","?","M","?","R","M","E","T","R","E","?","R","E","R","BOSS","M","?","M","M","$","R","?","E","T","E","M"],"items_purchased_type":["Relic","Card","Card"],"build_version":"2020-12-22","purchased_purges":0,"victory":false,"max_hp_per_floor":[72,72,77,77,77,77,77,77,77,77,77,77,77,77,77,77,77,77,77,77,77,77,77,77,77,77,87,87,87],"card_choices":[{"not_picked":["ClearTheMind","JustLucky"],"picked":"SashWhip","floor":1.0},{"not_picked":["PathToVictory","SashWhip"],"picked":"SignatureMove","floor":2.0},{"not_picked":["WreathOfFlame","FlyingSleeves"],"picked":"TalkToTheHand","floor":4.0},{"not_picked":["MasterReality","FlurryOfBlows","WaveOfTheHand"],"picked":"SKIP","floor":7.0},{"not_picked":["JustLucky","Nirvana"],"picked":"Consecrate","floor":8.0},{"not_picked":["JustLucky","DeusExMachina","Nirvana"],"picked":"SKIP","floor":11.0},{"not_picked":["EmptyFist","BattleHymn"],"picked":"Wireheading","floor":12.0},{"not_picked":["Halt","ClearTheMind"],"picked":"Tantrum","floor":14.0},{"not_picked":["Brilliance","SpiritShield"],"picked":"Wish","floor":16.0},{"not_picked":["FearNoEvil","Prostrate","Crescendo"],"picked":"SKIP","floor":18.0},{"not_picked":["Halt","JustLucky"],"picked":"Swivel+1","floor":20.0},{"not_picked":["InnerPeace","FollowUp"],"picked":"ClearTheMind","floor":21.0},{"not_picked":["SashWhip","JustLucky"],"picked":"ClearTheMind+1","floor":25},{"not_picked":["EmptyFist+1","ForeignInfluence+1"],"picked":"WaveOfTheHand+1","floor":27}],"player_experience":403350,"relics_obtained":[{"floor":8.0,"key":"Pen Nib"},{"floor":9.0,"key":"The Courier"},{"floor":11.0,"key":"Calipers"},{"floor":12.0,"key":"Odd Mushroom"},{"floor":14.0,"key":"InkBottle"},{"floor":25,"key":"Omamori"},{"floor":26,"key":"Thread and Needle"},{"floor":27,"key":"Pear"}],"event_choices":[{"damage_healed":0.0,"max_hp_gain":5.0,"max_hp_loss":0.0,"gold_gain":0.0,"event_name":"Big Fish","player_choice":"Donut","floor":3.0,"gold_loss":0.0,"damage_taken":0.0},{"damage_healed":0.0,"max_hp_gain":0.0,"max_hp_loss":0.0,"gold_gain":0.0,"event_name":"Scrap Ooze","player_choice":"Success","floor":5.0,"gold_loss":0.0,"damage_taken":18.0,"relics_obtained":["Lizard Tail"]},{"damage_healed":0.0,"max_hp_gain":0.0,"max_hp_loss":0.0,"gold_gain":0.0,"event_name":"Mushrooms","player_choice":"Fought Mushrooms","floor":12.0,"gold_loss":0.0,"damage_taken":0.0},{"cards_removed":["Strike_P"],"damage_healed":0.0,"max_hp_gain":0.0,"max_hp_loss":0.0,"gold_gain":0.0,"event_name":"Back to Basics","player_choice":"Elegance","floor":19.0,"gold_loss":0.0,"damage_taken":0.0},{"damage_healed":0,"gold_gain":0,"player_choice":"Ignored","damage_taken":0,"max_hp_gain":0,"max_hp_loss":0,"event_name":"Vampires","floor":24,"gold_loss":0}],"is_beta":false,"boss_relics":[{"not_picked":["Black Star","Pandora\u0027s Box"],"picked":"Empty Cage"}],"items_purged_floors":[],"is_endless":false,"potions_floor_spawned":[1,4,14,16,20,25],"killed_by":"Centurion and Healer","ascension_level":5}}