{"host":"g907ck67u7c3hrs6","time":1613907808,"event":{"mods":["BaseMod","Colored Map","DeckTracker","Force Act Four","Highlight Path","Keyboard Shortcuts","Minty Spire (QoL Compilation)","Permanent Neow","Say the Spire","SuperFastMode"],"gold_per_floor":[117,127,144,155,170,170,170,170,195,224,255,290,324,351,351,422,422,440,149,165,177,193,193,226,251,251,285,185,195,226,256,256,334,334,353,371,382,395,412,447,475,501,501,533,559,587,616,616,616,616,616,616,616,491,520,520,520],"floor_reached":56,"language":"KOR","playtime":2019,"items_purged":["True Grit","True Grit","Evolve"],"score":3365,"play_id":"4e1c14d3-c14a-4703-9f20-d450210b38b4","local_time":"20210221204328","daily_mods":["SealedDeck","Heirloom","Time Dilation","Flight","DeadlyEvents","Elite Swarm"],"is_ascension_mode":true,"campfire_choices":[{"data":"Entrench","floor":6.0,"key":"SMITH"},{"data":"Body Slam","floor":7.0,"key":"SMITH"},{"data":"Body Slam","floor":8.0,"key":"SMITH"},{"data":"Barricade","floor":15.0,"key":"SMITH"},{"data":"Apotheosis","floor":23.0,"key":"SMITH"},{"data":"Battle Trance","floor":32.0,"key":"SMITH"},{"floor":49.0,"key":"RECALL"},{"data":"Offering","floor":53.0,"key":"SMITH"}],"circlet_count":0,"master_deck":["AscendersBane","Body Slam+1","Headbutt","Battle Trance+1","Flame Barrier","Shockwave","Body Slam+1","Shrug It Off","Entrench+1","Flame Barrier","Power Through","Brutality","Barricade+1","Apotheosis+1","Impervious","Offering+1","Battle Trance+1","Shrug It Off+1","Shrug It Off","Offering+1","Impervious","Impervious"],"relics":["Burning Blood","Thread and Needle","Blood Vial","Art of War","Red Skull","Dead Branch","Charon\u0027s Ashes","Bag of Marbles","Runic Cube","Girya","Strawberry","PreservedInsect","Shuriken","Boot","Potion Belt","SlaversCollar","Torii","Orichalcum","Akabeko","Bottled Lightning","Pen Nib","Letter Opener","Mango","Kunai"],"acts_visited":["Exordium","TheCity","TheBeyond","TheEnding"],"potions_floor_usage":[],"damage_taken":[{"damage":0.0,"enemies":"Jaw Worm","floor":1.0,"turns":4.0},{"damage":0.0,"enemies":"Cultist","floor":2.0,"turns":4.0},{"damage":0.0,"enemies":"2 Louse","floor":3.0,"turns":3.0},{"damage":0.0,"enemies":"Large Slime","floor":4.0,"turns":6.0},{"damage":0.0,"enemies":"2 Fungi Beasts","floor":5.0,"turns":4.0},{"damage":0.0,"enemies":"Lagavulin","floor":10.0,"turns":5.0},{"damage":9.0,"enemies":"3 Sentries","floor":11.0,"turns":9.0},{"damage":0.0,"enemies":"Gremlin Nob","floor":12.0,"turns":3.0},{"damage":2.0,"enemies":"Lagavulin","floor":13.0,"turns":3.0},{"damage":6.0,"enemies":"Gremlin Nob","floor":14.0,"turns":3.0},{"damage":20.0,"enemies":"Hexaghost","floor":16.0,"turns":9.0},{"damage":3.0,"enemies":"Shell Parasite","floor":18.0,"turns":4.0},{"damage":8.0,"enemies":"Spheric Guardian","floor":20.0,"turns":4.0},{"damage":6.0,"enemies":"Snecko","floor":21.0,"turns":4.0},{"damage":6.0,"enemies":"Sentry and Sphere","floor":22.0,"turns":4.0},{"damage":21.0,"enemies":"Slavers","floor":24.0,"turns":4.0},{"damage":10.0,"enemies":"Gremlin Leader","floor":25.0,"turns":4.0},{"damage":2.0,"enemies":"Book of Stabbing","floor":27.0,"turns":4.0},{"damage":7.0,"enemies":"Shelled Parasite and Fungi","floor":29.0,"turns":4.0},{"damage":9.0,"enemies":"Slavers","floor":30.0,"turns":5.0},{"damage":3.0,"enemies":"Gremlin Leader","floor":31.0,"turns":5.0},{"damage":2.0,"enemies":"Champ","floor":33.0,"turns":3.0},{"damage":9.0,"enemies":"3 Shapes","floor":35.0,"turns":4.0},{"damage":7.0,"enemies":"Orb Walker","floor":36.0,"turns":3.0},{"damage":9.0,"enemies":"Transient","floor":37.0,"turns":5.0},{"damage":6.0,"enemies":"3 Darklings","floor":38.0,"turns":2.0},{"damage":12.0,"enemies":"Jaw Worm Horde","floor":39.0,"turns":4.0},{"damage":2.0,"enemies":"Giant Head","floor":40.0,"turns":3.0},{"damage":21.0,"enemies":"Nemesis","floor":41.0,"turns":5.0},{"damage":7.0,"enemies":"Reptomancer","floor":42.0,"turns":2.0},{"damage":9.0,"enemies":"Giant Head","floor":44.0,"turns":2.0},{"damage":13.0,"enemies":"Reptomancer","floor":45.0,"turns":2.0},{"damage":15.0,"enemies":"Nemesis","floor":46.0,"turns":3.0},{"damage":6.0,"enemies":"Giant Head","floor":47.0,"turns":1.0},{"damage":19.0,"enemies":"Time Eater","floor":50.0,"turns":3.0},{"damage":12.0,"enemies":"Donu and Deca","floor":51.0,"turns":4.0},{"damage":6.0,"enemies":"Shield and Spear","floor":55.0,"turns":1.0},{"damage":0,"enemies":"The Heart","floor":56,"turns":1}],"seed_played":"-85458915156849612","potions_obtained":[{"floor":2.0,"key":"AttackPotion"},{"floor":3.0,"key":"ColorlessPotion"},{"floor":12.0,"key":"EssenceOfSteel"},{"floor":25.0,"key":"SneckoOil"},{"floor":29.0,"key":"Fruit Juice"},{"floor":31.0,"key":"Fire Potion"},{"floor":35.0,"key":"SkillPotion"},{"floor":37.0,"key":"FearPotion"}],"is_trial":true,"path_per_floor":["M","M","M","M","M","R","R","R","T","E","E","E","E","E","R","B",null,"M","$","M","M","M","R","E","E","T","E","$","M","E","E","R","B",null,"M","M","M","M","M","E","E","E","T","E","E","E","E","?","R","B","B",null,"R","$","E","B"],"character_chosen":"IRONCLAD","items_purchased":["Apotheosis"],"campfire_rested":0,"item_purchase_floors":[19],"current_hp_per_floor":[74,75,75,75,75,75,75,75,75,75,72,75,75,75,75,61,72,75,75,73,75,75,75,60,65,65,71,71,77,76,81,81,87,87,84,85,84,86,81,87,72,73,73,72,67,60,76,76,76,65,61,91,91,91,93,95,95],"gold":520,"neow_bonus":"","is_daily":false,"chose_seed":false,"campfire_upgraded":7,"win_rate":0.0,"timestamp":1613907808,"path_taken":["M","M","M","M","M","R","R","R","T","E","E","E","E","E","R","BOSS","M","$","M","M","M","R","E","E","T","E","$","M","E","E","R","BOSS","M","M","M","M","M","E","E","E","T","E","E","E","E","?","R","BOSS","BOSS","R","$","E","BOSS"],"items_purchased_type":["Card"],"build_version":"2020-12-22","purchased_purges":3,"victory":false,"max_hp_per_floor":[75,75,75,75,75,75,75,75,75,75,75,75,75,75,75,75,75,75,75,75,75,75,75,75,82,82,82,82,87,87,87,87,87,87,87,87,87,87,87,87,87,87,87,87,87,87,101,101,101,101,101,101,101,101,101,101,101],"card_choices":[{"not_picked":["Anger","Bloodletting","Twin Strike"],"picked":"SKIP","floor":1.0},{"not_picked":["Body Slam","Warcry"],"picked":"Flame Barrier","floor":2.0},{"not_picked":["Sword Boomerang","Metallicize"],"picked":"Power Through","floor":3.0},{"not_picked":["Heavy Blade","Exhume","Twin Strike"],"picked":"SKIP","floor":4.0},{"not_picked":["Body Slam","Headbutt"],"picked":"Evolve","floor":5.0},{"not_picked":["Feed","Berserk","Demon Form"],"picked":"SKIP","floor":10.0},{"not_picked":["Reaper","Bludgeon","Limit Break"],"picked":"SKIP","floor":11.0},{"not_picked":["Limit Break","Juggernaut"],"picked":"Brutality","floor":12.0},{"not_picked":["Berserk","Reaper","Limit Break"],"picked":"SKIP","floor":13.0},{"not_picked":["Fiend Fire","Exhume"],"picked":"Barricade","floor":14.0},{"not_picked":["Heavy Blade","Iron Wave+1","Blood for Blood"],"picked":"SKIP","floor":18.0},{"not_picked":["Battle Trance","Havoc","Combust"],"picked":"SKIP","floor":20.0},{"not_picked":["Perfected Strike","Bludgeon","Clash"],"picked":"SKIP","floor":21.0},{"not_picked":["Warcry","Iron Wave","Flex"],"picked":"SKIP","floor":22.0},{"not_picked":["Berserk","Juggernaut","Double Tap"],"picked":"SKIP","floor":24.0},{"not_picked":["Brutality","Berserk","Immolate"],"picked":"SKIP","floor":25.0},{"not_picked":["Demon Form","Bludgeon","Berserk"],"picked":"SKIP","floor":27.0},{"not_picked":["Sever Soul","Havoc","True Grit+1"],"picked":"SKIP","floor":29.0},{"not_picked":["Demon Form","Feed"],"picked":"Impervious","floor":30.0},{"not_picked":["Limit Break","Immolate","Berserk"],"picked":"SKIP","floor":31.0},{"not_picked":["Limit Break","Fiend Fire"],"picked":"Offering","floor":33.0},{"not_picked":["Cleave","Perfected Strike","Thunderclap"],"picked":"SKIP","floor":35.0},{"not_picked":["Body Slam","Flex"],"picked":"Battle Trance+1","floor":36.0},{"not_picked":["Perfected Strike","True Grit","Wild Strike"],"picked":"SKIP","floor":37.0},{"not_picked":["Body Slam","Warcry"],"picked":"Shrug It Off+1","floor":38.0},{"not_picked":["Twin Strike","Inflame+1","Shrug It Off"],"picked":"SKIP","floor":39.0},{"not_picked":["Twin Strike","Inflame+1"],"picked":"Shrug It Off","floor":39.0},{"not_picked":["Limit Break","Bludgeon","Demon Form"],"picked":"SKIP","floor":40.0},{"not_picked":["Exhume","Reaper","Immolate"],"picked":"SKIP","floor":41.0},{"not_picked":["Double Tap","Limit Break"],"picked":"Offering","floor":42.0},{"not_picked":["Brutality","Feed"],"picked":"Impervious","floor":44.0},{"not_picked":["Reaper","Bludgeon","Berserk"],"picked":"SKIP","floor":45.0},{"not_picked":["Barricade","Demon Form"],"picked":"Impervious","floor":46.0},{"not_picked":["Reaper","Bludgeon","Brutality"],"picked":"SKIP","floor":47.0},{"not_picked":["Demon Form","Exhume","Limit Break"],"picked":"SKIP","floor":55.0}],"player_experience":335943,"relics_obtained":[{"floor":9.0,"key":"Blood Vial"},{"floor":10.0,"key":"Art of War"},{"floor":11.0,"key":"Red Skull"},{"floor":12.0,"key":"Dead Branch"},{"floor":13.0,"key":"Charon\u0027s Ashes"},{"floor":14.0,"key":"Bag of Marbles"},{"floor":24.0,"key":"Girya"},{"floor":25.0,"key":"Strawberry"},{"floor":26.0,"key":"PreservedInsect"},{"floor":27.0,"key":"Shuriken"},{"floor":30.0,"key":"Boot"},{"floor":31.0,"key":"Potion Belt"},{"floor":40.0,"key":"Torii"},{"floor":41.0,"key":"Orichalcum"},{"floor":42.0,"key":"Akabeko"},{"floor":44.0,"key":"Bottled Lightning"},{"floor":45.0,"key":"Pen Nib"},{"floor":46.0,"key":"Letter Opener"},{"floor":47.0,"key":"Mango"},{"floor":55.0,"key":"Kunai"}],"event_choices":[{"damage_healed":0.0,"max_hp_gain":0.0,"max_hp_loss":0.0,"gold_gain":0.0,"event_name":"Upgrade Shrine","player_choice":"Upgraded","floor":48.0,"gold_loss":0.0,"damage_taken":0.0,"cards_upgraded":["Offering"]}],"is_beta":false,"boss_relics":[{"not_picked":["Empty Cage","Velvet Choker"],"picked":"Runic Cube"},{"not_picked":["Philosopher\u0027s Stone","Calling Bell"],"picked":"SlaversCollar"}],"items_purged_floors":[19,28,54],"is_endless":false,"potions_floor_spawned":[2,3,10,11,12,13,20,21,22,25,29,31,35,37,39,42,44,47],"killed_by":"The Heart","ascension_level":20}}