{"host":"2l5k2wp87eek7qja","time":1613918538,"event":{"mods":["BaseMod","Colored Map","Minty Spire (QoL Compilation)","Relic Stats"],"gold_per_floor":[114,127,127,127,84,118,118,118,118],"floor_reached":8,"language":"ENG","playtime":153,"items_purged":[],"score":158,"play_id":"d3c99fda-060f-4eb0-9f7e-39e22b29938a","local_time":"20210221164218","is_ascension_mode":true,"campfire_choices":[{"data":"Bouncing Flask","floor":7,"key":"SMITH"}],"circlet_count":0,"master_deck":["AscendersBane","Strike_G","Strike_G","Strike_G","Strike_G","Defend_G","Defend_G","Defend_G","Defend_G","Defend_G","Survivor","Neutralize","Catalyst","Bouncing Flask+1","Crippling Poison"],"relics":["Ring of the Snake","NeowsBlessing","Golden Idol","Girya"],"acts_visited":["Exordium"],"potions_floor_usage":[8],"damage_taken":[{"damage":0,"enemies":"Jaw Worm","floor":1,"turns":1},{"damage":0,"enemies":"2 Louse","floor":2,"turns":1},{"damage":0,"enemies":"Lagavulin","floor":6,"turns":2},{"damage":17,"enemies":"3 Sentries","floor":8,"turns":3}],"seed_played":"-7413929672723611636","potions_obtained":[{"floor":1,"key":"FearPotion"},{"floor":2,"key":"GamblersBrew"}],"is_trial":false,"path_per_floor":["M","M","?","?","$","E","R","E"],"character_chosen":"THE_SILENT","items_purchased":["Bouncing Flask"],"campfire_rested":0,"item_purchase_floors":[5],"current_hp_per_floor":[59,59,59,59,59,59,59,42,42],"gold":118,"neow_bonus":"THREE_ENEMY_KILL","is_daily":false,"chose_seed":false,"campfire_upgraded":1,"win_rate":0.0,"timestamp":1613918538,"path_taken":["M","M","?","?","$","E","R","E"],"items_purchased_type":["Card"],"build_version":"2020-12-22","purchased_purges":0,"victory":false,"max_hp_per_floor":[66,66,60,60,60,60,60,60,60],"relic_stats":{"counters":[4,7],"Golden Idol":7,"obtain_stats":[{"Girya":6,"NeowsBlessing":0,"Golden Idol":3,"Ring of the Snake":0},{"Girya":3,"NeowsBlessing":0,"Golden Idol":2,"Ring of the Snake":0},{"Girya":4,"NeowsBlessing":0,"Golden Idol":2,"Ring of the Snake":0}],"Ring of the Snake":[8]},"card_choices":[{"not_picked":["Tactician","Poisoned Stab"],"picked":"Catalyst","floor":1},{"not_picked":["Sucker Punch","Expertise","Prepared"],"picked":"SKIP","floor":2},{"not_picked":["PiercingWail","Slice"],"picked":"Crippling Poison","floor":6}],"player_experience":837303,"relics_obtained":[{"floor":6,"key":"Girya"}],"event_choices":[{"damage_healed":0,"gold_gain":0,"player_choice":"Lose Max HP","damage_taken":0,"relics_obtained":["Golden Idol"],"max_hp_gain":0,"max_hp_loss":6,"event_name":"Golden Idol","floor":3,"gold_loss":0},{"cards_removed":["Strike_G"],"damage_healed":0,"gold_gain":0,"player_choice":"Card Removal","damage_taken":0,"max_hp_gain":0,"max_hp_loss":0,"event_name":"Wheel of Change","floor":4,"gold_loss":0}],"is_beta":false,"boss_relics":[],"items_purged_floors":[],"is_endless":false,"potions_floor_spawned":[1,2],"killed_by":"3 Sentries","ascension_level":20}}