{"host":"AppleFritter","time":1613935541,"event":{"mods":["BaseMod","Block Reminder","Colored Map","Colored Powertips","Curses Come First","Highlight Path","Minty Spire (QoL Compilation)","Potion Indicator Mod","Quick Restart","Relic Stats","StSLib","ojb\u0027s Info Mod"],"gold_per_floor":[14,14,14,38,61,61,40,73,73,73,94,154,179,195,195,314,314,339,360,3,3,102,102,125,125,173,196,196,230,245,260,260,380,380,398,419,419,290,308,351,351,351,351,376,376,228,247,5,5,5,5],"floor_reached":50,"language":"ENG","playtime":23474,"items_purged":[],"score":519,"play_id":"78ba3070-d7fc-440a-be94-5f34e73beab8","local_time":"20210221142541","is_ascension_mode":false,"campfire_choices":[{"floor":6.0,"key":"REST"},{"floor":10.0,"key":"REST"},{"floor":15.0,"key":"REST"},{"data":"After Image","floor":23.0,"key":"SMITH"},{"data":"Noxious Fumes","floor":25.0,"key":"SMITH"},{"floor":32.0,"key":"REST"},{"floor":41.0,"key":"REST"},{"data":"Terror","floor":45.0,"key":"SMITH"},{"data":"Neutralize","floor":49.0,"key":"SMITH"}],"circlet_count":0,"master_deck":["Strike_G","Strike_G","Strike_G","Strike_G","Strike_G","Defend_G","Defend_G","Defend_G","Defend_G","Defend_G","Survivor","Neutralize+1","Bane","Predator","Caltrops","Dagger Throw","Caltrops","Backstab","Deadly Poison","After Image+1","CurseOfTheBell","Blade Dance+1","Blade Dance","Noxious Fumes+1","Distraction+1","Bane","Slice","Crippling Poison+1","Poisoned Stab","Deflect+1","Corpse Explosion","Slice","Blade Dance","Infinite Blades+1","Prepared+1","Dagger Spray+1","Terror+1","Skewer+1","Deflect"],"relics":["Ring of the Snake","Golden Idol","Sundial","Centennial Puzzle","Matryoshka","Calling Bell","Regal Pillow","Gremlin Horn","Gambling Chip","TheAbacus","Boot","MealTicket","Blood Vial","Frozen Egg 2","Paper Crane","SlaversCollar","Ornamental Fan","Molten Egg 2","Snake Skull"],"acts_visited":["Exordium","TheCity","TheBeyond"],"potions_floor_usage":[50,50,50],"damage_taken":[{"damage":5.0,"enemies":"Small Slimes","floor":1.0,"turns":5.0},{"damage":4.0,"enemies":"Jaw Worm","floor":4.0,"turns":5.0},{"damage":0.0,"enemies":"2 Louse","floor":5.0,"turns":3.0},{"damage":47.0,"enemies":"Lagavulin","floor":8.0,"turns":11.0},{"damage":2.0,"enemies":"Blue Slaver","floor":11.0,"turns":4.0},{"damage":5.0,"enemies":"Looter","floor":13.0,"turns":3.0},{"damage":6.0,"enemies":"Exordium Wildlife","floor":14.0,"turns":3.0},{"damage":17.0,"enemies":"Hexaghost","floor":16.0,"turns":7.0},{"damage":1.0,"enemies":"Chosen","floor":18.0,"turns":5.0},{"damage":0.0,"enemies":"3 Byrds","floor":19.0,"turns":3.0},{"damage":29.0,"enemies":"3 Cultists","floor":24.0,"turns":5.0},{"damage":23.0,"enemies":"Shelled Parasite and Fungi","floor":27.0,"turns":5.0},{"damage":5.0,"enemies":"Gremlin Leader","floor":29.0,"turns":5.0},{"damage":10.0,"enemies":"Cultist and Chosen","floor":30.0,"turns":6.0},{"damage":16.0,"enemies":"Snake Plant","floor":31.0,"turns":5.0},{"damage":50.0,"enemies":"Collector","floor":33.0,"turns":10.0},{"damage":10.0,"enemies":"3 Shapes","floor":35.0,"turns":3.0},{"damage":7.0,"enemies":"3 Darklings","floor":36.0,"turns":3.0},{"damage":32.0,"enemies":"Writhing Mass","floor":39.0,"turns":5.0},{"damage":23.0,"enemies":"Reptomancer","floor":40.0,"turns":5.0},{"damage":1.0,"enemies":"4 Shapes","floor":44.0,"turns":5.0},{"damage":9.0,"enemies":"Maw","floor":47.0,"turns":7.0},{"damage":86,"enemies":"Donu and Deca","floor":50,"turns":9}],"seed_played":"8772070760532812023","potions_obtained":[{"floor":8.0,"key":"Poison Potion"},{"floor":11.0,"key":"PowerPotion"},{"floor":14.0,"key":"Poison Potion"},{"floor":27.0,"key":"SkillPotion"},{"floor":31.0,"key":"FairyPotion"},{"floor":35.0,"key":"CultistPotion"},{"floor":47.0,"key":"Ancient Potion"}],"is_trial":false,"path_per_floor":["M","?","?","M","M","R","?","E","T","R","M","?","M","M","R","B",null,"M","M","$","?","?","R","M","R","T","M","T","E","M","M","R","B",null,"M","M","?","$","M","E","R","?","T","M","R","$","M","$","R","B"],"character_chosen":"THE_SILENT","items_purchased":["BlessingOfTheForge","Weak Potion","TheAbacus","Noxious Fumes","Distraction","SkillPotion","Infinite Blades+1","CunningPotion","LiquidBronze","Strength Potion","Snake Skull","Deflect"],"campfire_rested":5,"item_purchase_floors":[20,20,20,20,20,38,38,46,46,48,48,48],"current_hp_per_floor":[79,58,46,42,42,67,67,20,20,45,43,43,38,32,57,40,84,83,83,83,83,83,83,54,54,54,31,31,28,20,6,46,24,84,74,69,69,84,52,31,71,71,71,72,72,84,75,84,84,0,0],"gold":5,"neow_bonus":"TWENTY_PERCENT_HP_BONUS","is_daily":false,"chose_seed":false,"campfire_upgraded":4,"win_rate":0.0,"timestamp":1613935541,"path_taken":["M","?","?","M","M","R","?","E","T","R","M","?","?","M","R","BOSS","M","M","$","?","?","R","M","R","T","M","?","E","?","M","R","BOSS","M","M","?","$","?","E","R","?","T","M","R","?","M","$","R","BOSS"],"items_purchased_type":["Potion","Potion","Relic","Card","Card","Potion","Card","Potion","Potion","Potion","Relic","Card"],"build_version":"2020-12-18","purchased_purges":0,"victory":false,"max_hp_per_floor":[84,84,84,84,84,84,84,84,84,84,84,84,84,84,84,84,84,84,84,84,84,84,84,84,84,84,84,84,84,84,84,84,84,84,84,84,84,84,84,84,84,84,84,84,84,84,84,84,84,84,84],"relic_stats":{"Regal Pillow":30,"Gremlin Horn":[27,27],"counters":[23,122],"Golden Idol":139,"Snake Skull":[13],"Boot":[146],"Blood Vial":14,"Centennial Puzzle":[54],"TheAbacus":[60],"Sundial":[16],"Ornamental Fan":[68],"Gambling Chip":[26],"MealTicket":36,"obtain_stats":[{"Regal Pillow":17,"Gremlin Horn":17,"Golden Idol":2,"Snake Skull":48,"Frozen Egg 2":28,"Paper Crane":29,"Boot":26,"Calling Bell":17,"Blood Vial":28,"SlaversCollar":34,"Centennial Puzzle":8,"Matryoshka":9,"TheAbacus":20,"Sundial":3,"Ornamental Fan":40,"Gambling Chip":17,"MealTicket":26,"Molten Egg 2":43,"Ring of the Snake":0},{"Regal Pillow":8,"Gremlin Horn":8,"Golden Idol":1,"Snake Skull":22,"Frozen Egg 2":12,"Paper Crane":13,"Boot":11,"Calling Bell":8,"Blood Vial":12,"SlaversCollar":16,"Centennial Puzzle":4,"Matryoshka":4,"TheAbacus":10,"Sundial":1,"Ornamental Fan":20,"Gambling Chip":8,"MealTicket":11,"Molten Egg 2":20,"Ring of the Snake":0},{"Regal Pillow":41,"Gremlin Horn":41,"Golden Idol":5,"Snake Skull":113,"Frozen Egg 2":59,"Paper Crane":64,"Boot":54,"Calling Bell":41,"Blood Vial":59,"SlaversCollar":85,"Centennial Puzzle":24,"Matryoshka":24,"TheAbacus":49,"Sundial":5,"Ornamental Fan":101,"Gambling Chip":41,"MealTicket":54,"Molten Egg 2":101,"Ring of the Snake":0}],"Ring of the Snake":[46]},"card_choices":[{"not_picked":["Sucker Punch","Flying Knee"],"picked":"Bane","floor":1.0},{"not_picked":["Prepared","Blade Dance"],"picked":"Predator","floor":4.0},{"not_picked":["Blade Dance","Flying Knee"],"picked":"Caltrops","floor":5.0},{"not_picked":["Flechettes","Dagger Spray"],"picked":"Dagger Throw","floor":8.0},{"not_picked":["Bane","Blade Dance"],"picked":"Caltrops","floor":11.0},{"not_picked":["Well Laid Plans","Outmaneuver"],"picked":"Backstab","floor":13.0},{"not_picked":["Eviscerate","Leg Sweep"],"picked":"Deadly Poison","floor":14.0},{"not_picked":["Burst","A Thousand Cuts"],"picked":"After Image","floor":16.0},{"not_picked":["Poisoned Stab","Dagger Spray+1"],"picked":"Blade Dance+1","floor":18.0},{"not_picked":["Prepared","Slice"],"picked":"Blade Dance","floor":19.0},{"not_picked":["Predator+1","Dodge and Roll"],"picked":"Bane","floor":24.0},{"not_picked":["Riddle With Holes","Deadly Poison+1"],"picked":"Slice","floor":27.0},{"not_picked":["Outmaneuver","Infinite Blades+1"],"picked":"Crippling Poison+1","floor":29.0},{"not_picked":["Dagger Spray","Blur+1"],"picked":"Poisoned Stab","floor":30.0},{"not_picked":["Burst","Dodge and Roll"],"picked":"Deflect+1","floor":31.0},{"not_picked":["Unload","Glass Knife"],"picked":"Corpse Explosion","floor":33.0},{"not_picked":["Underhanded Strike+1","Bouncing Flask+1"],"picked":"Slice","floor":35.0},{"not_picked":["Sucker Punch","Bouncing Flask"],"picked":"Blade Dance","floor":36.0},{"not_picked":["Calculated Gamble","Eviscerate"],"picked":"Prepared+1","floor":39.0},{"not_picked":["Blur","Predator+1"],"picked":"Dagger Spray+1","floor":40.0},{"not_picked":["Acrobatics+1","Poisoned Stab+1"],"picked":"Terror","floor":44.0},{"not_picked":["Wraith Form v2+1","Riddle With Holes+1"],"picked":"Skewer+1","floor":47.0}],"player_experience":116424,"relics_obtained":[{"floor":8.0,"key":"Centennial Puzzle"},{"floor":9.0,"key":"Matryoshka"},{"floor":17.0,"key":"Regal Pillow"},{"floor":17.0,"key":"Gremlin Horn"},{"floor":17.0,"key":"Gambling Chip"},{"floor":26.0,"key":"Boot"},{"floor":26.0,"key":"MealTicket"},{"floor":28.0,"key":"Blood Vial"},{"floor":28.0,"key":"Frozen Egg 2"},{"floor":29.0,"key":"Paper Crane"},{"floor":40.0,"key":"Ornamental Fan"},{"floor":43.0,"key":"Molten Egg 2"}],"event_choices":[{"damage_healed":0.0,"max_hp_gain":0.0,"max_hp_loss":0.0,"gold_gain":0.0,"event_name":"Golden Idol","player_choice":"Take Damage","floor":2.0,"gold_loss":0.0,"damage_taken":21.0,"relics_obtained":["Golden Idol"]},{"damage_healed":0.0,"max_hp_gain":0.0,"max_hp_loss":0.0,"gold_gain":0.0,"event_name":"Scrap Ooze","player_choice":"Success","floor":3.0,"gold_loss":0.0,"damage_taken":12.0,"relics_obtained":["Sundial"]},{"damage_healed":0.0,"max_hp_gain":0.0,"max_hp_loss":0.0,"gold_gain":0.0,"event_name":"World of Goop","player_choice":"Left Gold","floor":7.0,"gold_loss":21.0,"damage_taken":0.0},{"damage_healed":0.0,"max_hp_gain":0.0,"max_hp_loss":0.0,"gold_gain":60.0,"event_name":"Golden Wing","player_choice":"Gained Gold","floor":12.0,"gold_loss":0.0,"damage_taken":0.0},{"damage_healed":0.0,"max_hp_gain":0.0,"max_hp_loss":0.0,"gold_gain":0.0,"event_name":"Vampires","player_choice":"Ignored","floor":21.0,"gold_loss":0.0,"damage_taken":0.0},{"damage_healed":0.0,"max_hp_gain":0.0,"max_hp_loss":0.0,"gold_gain":99.0,"event_name":"Nest","player_choice":"Stole From Cult","floor":22.0,"gold_loss":0.0,"damage_taken":0.0},{"damage_healed":0.0,"max_hp_gain":0.0,"max_hp_loss":0.0,"gold_gain":0.0,"event_name":"Accursed Blacksmith","player_choice":"Forge","floor":37.0,"gold_loss":0.0,"damage_taken":0.0,"cards_upgraded":["Distraction"]},{"damage_healed":0.0,"max_hp_gain":0.0,"max_hp_loss":0.0,"gold_gain":0.0,"event_name":"Mysterious Sphere","player_choice":"Ignored","floor":42.0,"gold_loss":0.0,"damage_taken":0.0}],"is_beta":true,"boss_relics":[{"not_picked":["Busted Crown","Astrolabe"],"picked":"Calling Bell"},{"not_picked":["SacredBark","Fusion Hammer"],"picked":"SlaversCollar"}],"items_purged_floors":[],"is_endless":false,"potions_floor_spawned":[8,11,14,27,29,30,31,35,47],"killed_by":"Donu and Deca","ascension_level":0}}