{"host":"lxihx0b6awoz2w1j","time":1613924172,"event":{"mods":["BaseMod","Better Third Choice","BetterRewards","CapriCore","Colored Powertips","Conspire","Downfall","Fox Events","Infinite Spire","Melee Mod","Minty Spire (QoL Compilation)","Permanent Neow","Quick Restart","Relic Stats","Reliquary","Replay The Spire","Spicy Shops","StSLib","The Alterego","The Blue Laboratory","The Death Knight","The Forsaken","The Jungle","Waifu the Spire"],"gold_per_floor":[111,111,111,124,139,139,178,178,178,57,57,91,107,150,150,278,278,292,311,330,330,330,373,373,373,373],"floor_reached":25,"language":"ENG","playtime":1435,"items_purged":[],"score":251,"play_id":"eda16685-1147-48c8-bcd3-d8d5fb9baef1","local_time":"20210221171612","is_ascension_mode":true,"campfire_choices":[{"data":"DeathKnight:DeathStrike","floor":6.0,"key":"SMITH"},{"data":"DeathKnight:Runesurge","floor":8.0,"key":"SMITH"},{"floor":15.0,"key":"REST"},{"floor":24,"key":"REST"}],"circlet_count":0,"master_deck":["DeathKnight:Strike_DeathKnight","DeathKnight:Strike_DeathKnight","DeathKnight:Strike_DeathKnight","DeathKnight:Strike_DeathKnight","DeathKnight:Strike_DeathKnight","DeathKnight:Defend_DeathKnight","DeathKnight:Defend_DeathKnight","DeathKnight:Defend_DeathKnight","DeathKnight:Defend_DeathKnight","DeathKnight:Defend_DeathKnight","DeathKnight:RuneTap","DeathKnight:RuneStrike","DeathKnight:DeathStrike+1","DeathKnight:WraithWalk+1","DeathKnight:HowlingBlast","DeathKnight:FrostStrike","DeathKnight:HornOfWinter","DeathKnight:BloodStrike","DeathKnight:Runesurge+1","DeathKnight:BloodStrike","DeathKnight:BloodTap","DeathKnight:RaiseAlly","DeathKnight:RuneShock","DeathKnight:HartStrike","DeathKnight:ReapingStrike","DeathKnight:HornOfWinter","DeathKnight:DarkSuccor","DeathKnight:SindragosasBreath","DeathKnight:HartStrike"],"relics":["DeathKnight:BrokenRuneblade","HandDrill","Kunai","Golden Idol","reliquary:Boomerang","Dream Catcher","TheAbacus","reliquary:PorcupineQuills","reliquary:IridiumChain","Replay:Grab Bag","conspire:SlowCooker","Cursed Key","Ring of Chaos","infinitespire:Beetle Shell"],"acts_visited":["Exordium","TheCity"],"potions_floor_usage":[23,23],"damage_taken":[{"damage":3.0,"enemies":"Jaw Worm","floor":1.0,"turns":4.0},{"damage":0.0,"enemies":"Small Slimes","floor":4.0,"turns":3.0},{"damage":2.0,"enemies":"2 Louse","floor":5.0,"turns":6.0},{"damage":15.0,"enemies":"Gremlin Nob","floor":7.0,"turns":4.0},{"damage":19.0,"enemies":"Lagavulin","floor":12.0,"turns":5.0},{"damage":21.0,"enemies":"Exordium Thugs","floor":13.0,"turns":4.0},{"damage":22.0,"enemies":"3 Sentries","floor":14.0,"turns":11.0},{"damage":35.0,"enemies":"Slime Boss","floor":16.0,"turns":7.0},{"damage":22.0,"enemies":"3 Byrds","floor":18.0,"turns":6.0},{"damage":24.0,"enemies":"Chosen","floor":19.0,"turns":5.0},{"damage":22.0,"enemies":"Snecko","floor":20.0,"turns":6.0},{"damage":39,"enemies":"Nightmare","floor":23,"turns":9},{"damage":37,"enemies":"conspire:SneckoGhost","floor":25,"turns":5}],"seed_played":"-4867005789717091137","potions_obtained":[{"floor":7.0,"key":"Adrenaline Potion"},{"floor":12.0,"key":"Regen Potion"},{"floor":13.0,"key":"Weak Potion"},{"floor":14.0,"key":"FearPotion"},{"floor":19.0,"key":"blueLaboratory:PyrophylliteBrew"}],"is_trial":false,"path_per_floor":["M","?","?","M","M","R","E","R","T","$","?","E","M","E","R","B",null,"M","M","M","?","?","NM","R","E"],"character_chosen":"DEATH_KNIGHT","items_purchased":["DeathKnight:DeathStrike","DeathKnight:WraithWalk","DeathKnight:HowlingBlast","HandDrill","DeathKnight:FrostStrike","TheAbacus","DeathKnight:BloodStrike"],"campfire_rested":2,"item_purchase_floors":[0,0,0,0,0,10,10],"current_hp_per_floor":[71,53,53,60,65,65,61,61,61,61,61,53,43,47,69,34,75,64,51,40,40,40,12,34,0,0],"gold":373,"neow_bonus":"","is_daily":false,"chose_seed":false,"campfire_upgraded":2,"win_rate":0.0,"timestamp":1613924172,"path_taken":["M","?","?","M","M","R","E","R","T","?","?","E","M","E","R","BOSS","M","M","M","?","?","NM","R","E"],"items_purchased_type":["Card","Card","Card","Relic","Card","Relic","Card"],"build_version":"2020-12-22","purchased_purges":0,"victory":false,"max_hp_per_floor":[75,75,75,75,75,75,75,75,75,75,75,75,75,75,75,75,75,75,75,75,75,75,75,75,75,75],"relic_stats":{"Dream Catcher":2,"TheAbacus":[48],"counters":[13,75],"Golden Idol":79,"HandDrill":[10],"Kunai":[11],"Cursed Key":0,"obtain_stats":[{"reliquary:Boomerang":7,"Golden Idol":2,"Replay:Grab Bag":17,"conspire:SlowCooker":17,"Ring of Chaos":17,"infinitespire:Beetle Shell":23,"Cursed Key":17,"reliquary:IridiumChain":14,"Dream Catcher":9,"TheAbacus":10,"reliquary:PorcupineQuills":12,"HandDrill":0,"Kunai":0,"DeathKnight:BrokenRuneblade":0},{"reliquary:Boomerang":4,"Golden Idol":1,"Replay:Grab Bag":8,"conspire:SlowCooker":8,"Ring of Chaos":8,"infinitespire:Beetle Shell":12,"Cursed Key":8,"reliquary:IridiumChain":7,"Dream Catcher":4,"TheAbacus":4,"reliquary:PorcupineQuills":5,"HandDrill":0,"Kunai":0,"DeathKnight:BrokenRuneblade":0},{"reliquary:Boomerang":17,"Golden Idol":4,"Replay:Grab Bag":44,"conspire:SlowCooker":44,"Ring of Chaos":44,"infinitespire:Beetle Shell":70,"Cursed Key":44,"reliquary:IridiumChain":37,"Dream Catcher":17,"TheAbacus":17,"reliquary:PorcupineQuills":22,"HandDrill":0,"Kunai":0,"DeathKnight:BrokenRuneblade":0}]},"card_choices":[{"not_picked":["DeathKnight:MutagenicPlague","DeathKnight:DeathsAdvance","DeathKnight:UnholyFrenzy"],"picked":"SKIP","floor":1.0},{"not_picked":["DeathKnight:MindFreeze","DeathKnight:ThirstingStrike"],"picked":"DeathKnight:HornOfWinter","floor":4.0},{"not_picked":["DeathKnight:DeathCoil","DeathKnight:GargoyleSkin"],"picked":"DeathKnight:BloodStrike","floor":5.0},{"not_picked":["DeathKnight:BloodStrike","DeathKnight:Ossuary"],"picked":"DeathKnight:Runesurge","floor":7.0},{"not_picked":["DeathKnight:PillarOfFrost","DeathKnight:Pestilence"],"picked":"DeathKnight:BloodTap","floor":12.0},{"not_picked":["DeathKnight:RuneShock","DeathKnight:Ossuary"],"picked":"DeathKnight:RaiseAlly","floor":13.0},{"not_picked":["DeathKnight:PlagueStrike","DeathKnight:FoulBulwark"],"picked":"DeathKnight:RuneShock","floor":14.0},{"not_picked":["DeathKnight:DreadStrike","DeathKnight:Culling"],"picked":"DeathKnight:HartStrike","floor":15.0},{"not_picked":["DeathKnight:Razorice","DeathKnight:Frostscythe"],"picked":"DeathKnight:ReapingStrike","floor":16.0},{"not_picked":["DeathKnight:BoneSpear","DeathKnight:BloodTap"],"picked":"DeathKnight:HornOfWinter","floor":18.0},{"not_picked":["DeathKnight:ShatteringStrikes","DeathKnight:DeathsAdvance","DeathKnight:GargoyleSkin"],"picked":"SKIP","floor":19.0},{"not_picked":["DeathKnight:BladedArmor+1","DeathKnight:UnholyPresence+1"],"picked":"DeathKnight:DarkSuccor","floor":20.0},{"not_picked":["DeathKnight:BloodTap","DeathKnight:FoulBulwark"],"picked":"DeathKnight:SindragosasBreath","floor":23},{"not_picked":["DeathKnight:UnholyAssault","DeathKnight:BladedArmor"],"picked":"DeathKnight:HartStrike","floor":24}],"player_experience":627519,"relics_obtained":[{"floor":7.0,"key":"reliquary:Boomerang"},{"floor":9.0,"key":"Dream Catcher"},{"floor":12.0,"key":"reliquary:PorcupineQuills"},{"floor":14.0,"key":"reliquary:IridiumChain"},{"floor":23,"key":"infinitespire:Beetle Shell"}],"event_choices":[{"damage_healed":0.0,"max_hp_gain":0.0,"max_hp_loss":0.0,"gold_gain":0.0,"event_name":"Golden Idol","player_choice":"Take Damage","floor":2.0,"gold_loss":0.0,"damage_taken":18.0,"relics_obtained":["Golden Idol"]},{"damage_healed":0.0,"max_hp_gain":0.0,"max_hp_loss":0.0,"gold_gain":0.0,"event_name":"conspire:Investor","player_choice":"Leave","floor":3.0,"gold_loss":0.0,"damage_taken":0.0},{"damage_healed":0.0,"max_hp_gain":0.0,"max_hp_loss":0.0,"gold_gain":0.0,"event_name":"Beggar","player_choice":"Ignored","floor":21.0,"gold_loss":0.0,"damage_taken":0.0}],"is_beta":false,"boss_relics":[{"not_picked":["Abe\u0027s Treasure","Ectoplasm"],"picked":"Replay:Grab Bag"},{"not_picked":["conspire:SeveredTorchhead","ReplayTheSpireMod:DimensionalGlitch"],"picked":"conspire:SlowCooker"},{"not_picked":["reliquary:RedPaperclip","reliquary:WritOfMandamus"],"picked":"Cursed Key"},{"not_picked":["DeathKnight:ScourgeInsignia","Black Star"],"picked":"Ring of Chaos"}],"items_purged_floors":[],"is_endless":true,"potions_floor_spawned":[7,12,13,14,16,19,23],"killed_by":"conspire:SneckoGhost","ascension_level":1}}