{"host":"21daswlctsv3qaxk","time":1613920091,"event":{"mods":["Act Like it!","BaseMod","Downfall","Hallownest","Hermit","Infinite Spire","Minty Spire (QoL Compilation)","Replay The Spire","StSLib","The Animator","The Bug Knight","The Cursed","The Jungle","The Servant 0.9.4"],"gold_per_floor":[116,116,127,137,157,185,185,185,185,185,219,101,85,97,97,202,202,219,219,98,114,129,163,178,178,178,178,212,230,230,244,244,348,348,363,363,380,397,413,413,438,451,474,474,474],"floor_reached":44,"language":"ENG","playtime":2273,"items_purged":["Strike_B"],"score":519,"play_id":"d97443dd-d2d4-4582-8606-e6ab4ae41eac","local_time":"20210221160811","is_ascension_mode":true,"campfire_choices":[{"floor":10,"key":"RECALL"},{"floor":15,"key":"REST"},{"data":"infinitespire:Oblivion","floor":30,"key":"SMITH"},{"data":"Genetic Algorithm","floor":32,"key":"SMITH"},{"data":"Electrodynamics","floor":40,"key":"SMITH"}],"circlet_count":0,"master_deck":["Strike_B","Strike_B","Defend_B+1","Defend_B","Zap","Dualcast","Redo","BootSequence","Darkness","Conserve Battery+1","infinitespire:Oblivion+1","Capacitor","Crystallizer","Self Repair","Ball Lightning","Electrodynamics+1","Tempest","ReplayTheSpireMod:Calculation Training","Lockon","White Noise","Leap+1","Glacier","Genetic Algorithm+1","Static Discharge","Skim+1","Buffer","Lockon"],"relics":["Cracked Core","NeowsBlessing","Replay:Bottled Snecko","The Courier","Letter Opener","Coffee Dripper","PreservedInsect","Anchor","infinitespire:Cupcake","Replay:Bottled Steam","infinitespire:WardingShard","Replay:Antivirus Software"],"acts_visited":["Exordium","TheCity","TheBeyond"],"potions_floor_usage":[6,6,6,6,18,22,23,23,24,24,24,28,29,44,44],"damage_taken":[{"damage":0,"enemies":"Jaw Worm","floor":1,"turns":1},{"damage":0,"enemies":"Cultist","floor":3,"turns":1},{"damage":0,"enemies":"Small Slimes","floor":4,"turns":1},{"damage":1,"enemies":"Exordium Wildlife","floor":5,"turns":3},{"damage":20,"enemies":"Lagavulin","floor":6,"turns":3},{"damage":12,"enemies":"Gremlin Nob","floor":11,"turns":3},{"damage":5,"enemies":"Exordium Thugs","floor":13,"turns":4},{"damage":0,"enemies":"3 Louse","floor":14,"turns":2},{"damage":18,"enemies":"Hexaghost","floor":16,"turns":8},{"damage":12,"enemies":"Shell Parasite","floor":18,"turns":4},{"damage":0,"enemies":"3 Byrds","floor":21,"turns":2},{"damage":8,"enemies":"3 Cultists","floor":22,"turns":3},{"damage":3,"enemies":"Replay:Snechameleon","floor":23,"turns":4},{"damage":16,"enemies":"Snecko","floor":24,"turns":3},{"damage":27,"enemies":"HollowMod:Nosk","floor":28,"turns":5},{"damage":0,"enemies":"Shelled Parasite and Fungi","floor":29,"turns":3},{"damage":3,"enemies":"Snake Plant","floor":31,"turns":3},{"damage":16,"enemies":"Collector","floor":33,"turns":8},{"damage":0,"enemies":"3 Shapes","floor":35,"turns":3},{"damage":18,"enemies":"3 Darklings","floor":37,"turns":5},{"damage":0,"enemies":"4 Shapes","floor":38,"turns":2},{"damage":0,"enemies":"Spire Growth","floor":39,"turns":5},{"damage":29,"enemies":"Reptomancer","floor":41,"turns":3},{"damage":31,"enemies":"Sphere and 2 Shapes","floor":42,"turns":6},{"damage":39,"enemies":"Nightmare","floor":44,"turns":5}],"seed_played":"6068153112476537278","potions_obtained":[{"floor":1,"key":"EntropicBrew"},{"floor":5,"key":"Ancient Potion"},{"floor":16,"key":"Swift Potion"},{"floor":18,"key":"AttackPotion"},{"floor":22,"key":"PowerPotion"},{"floor":23,"key":"EntropicBrew"},{"floor":28,"key":"Ancient Potion"},{"floor":33,"key":"LiquidBronze"},{"floor":35,"key":"SteroidPotion"},{"floor":42,"key":"Weak Potion"}],"is_trial":false,"path_per_floor":["M","?","M","M","M","E","?","?","T","R","E","$","M","M","R","B",null,"M","?","$","M","M","E","M","?","T","?","E","M","R","M","R","B",null,"M","?","M","M","M","R","E","M","T","NM"],"character_chosen":"DEFECT","items_purchased":["Crystallizer","Self Repair","ReplayTheSpireMod:Calculation Training"],"campfire_rested":1,"item_purchase_floors":[12,12,20],"current_hp_per_floor":[75,75,75,75,74,54,37,22,22,22,10,10,5,12,34,23,75,70,56,56,56,55,59,50,50,50,50,30,37,37,34,34,25,80,80,80,69,76,80,80,58,34,34,0,0],"gold":474,"neow_bonus":"THREE_ENEMY_KILL","is_daily":false,"chose_seed":false,"campfire_upgraded":3,"win_rate":0.0,"timestamp":1613920091,"path_taken":["M","?","M","?","M","E","?","?","T","R","E","?","M","?","R","BOSS","M","?","$","M","M","E","M","?","T","?","E","M","R","M","R","BOSS","M","?","M","?","M","R","E","M","T","NM"],"items_purchased_type":["Card","Card","Card"],"build_version":"2020-12-22","purchased_purges":1,"victory":false,"max_hp_per_floor":[75,75,75,75,75,75,75,75,75,75,75,75,75,75,75,75,75,75,80,80,80,80,80,80,80,80,80,80,80,80,80,80,80,80,80,80,80,80,80,80,80,80,80,80,80],"card_choices":[{"not_picked":["Glacier","Hologram"],"picked":"Redo","floor":1},{"not_picked":["Redo","Rip and Tear","Barrage"],"picked":"SKIP","floor":3},{"not_picked":["Skim","ReplayTheSpireMod:Reroute Power"],"picked":"BootSequence","floor":4},{"not_picked":["Stack","ReplayTheSpireMod:Repulse"],"picked":"Darkness","floor":5},{"not_picked":["Redo","Sweeping Beam"],"picked":"Conserve Battery","floor":6},{"not_picked":["infinitespire:FutureSight","infinitespire:Starlight"],"picked":"infinitespire:Oblivion","floor":7},{"not_picked":["Static Discharge","Conserve Battery"],"picked":"Capacitor","floor":11},{"not_picked":["Compile Driver","Streamline","Hologram"],"picked":"SKIP","floor":13},{"not_picked":["Steam Power","Chill"],"picked":"Ball Lightning","floor":14},{"not_picked":["All For One","ReplayRNGCard"],"picked":"Electrodynamics","floor":16},{"not_picked":["ReplayGash","Cold Snap"],"picked":"Tempest","floor":18},{"not_picked":["Leap","Compile Driver"],"picked":"Lockon","floor":21},{"not_picked":["Go for the Eyes","Scrape"],"picked":"White Noise","floor":22},{"not_picked":["Hologram+1","Conserve Battery","Sweeping Beam+1"],"picked":"SKIP","floor":23},{"not_picked":["Steam","Conserve Battery"],"picked":"Leap+1","floor":24},{"not_picked":["Recycle","Auto Shields"],"picked":"Static Discharge","floor":28},{"not_picked":["ReplayTheSpireMod:Repulse","Sweeping Beam"],"picked":"Skim+1","floor":29},{"not_picked":["Beam Cell","Ball Lightning","Barrage"],"picked":"SKIP","floor":31},{"not_picked":["ReplayTheSpireMod:Omega Cannon","Mirror Shield"],"picked":"Buffer","floor":33},{"not_picked":["Beam Cell+1","BasicCrystalCard","Rebound+1"],"picked":"SKIP","floor":35},{"not_picked":["Darkness","Compile Driver+1","Turbo"],"picked":"SKIP","floor":37},{"not_picked":["Steam","Leap+1"],"picked":"Lockon","floor":38},{"not_picked":["Streamline","Melter","Reprogram"],"picked":"SKIP","floor":39},{"not_picked":["Stack","FTL","Sweeping Beam"],"picked":"SKIP","floor":41},{"not_picked":["Rebound+1","Stack","Gash"],"picked":"SKIP","floor":42}],"player_experience":232261,"relics_obtained":[{"floor":6,"key":"Replay:Bottled Snecko"},{"floor":9,"key":"The Courier"},{"floor":11,"key":"Letter Opener"},{"floor":23,"key":"PreservedInsect"},{"floor":28,"key":"Anchor"},{"floor":41,"key":"infinitespire:WardingShard"},{"floor":43,"key":"Replay:Antivirus Software"}],"event_choices":[{"cards_removed":["Strike_B"],"damage_healed":0,"gold_gain":0,"player_choice":"Offered Basic","damage_taken":0,"max_hp_gain":0,"max_hp_loss":0,"event_name":"Bonfire Elementals","floor":2,"gold_loss":0},{"damage_healed":0,"gold_gain":0,"player_choice":"Entered Light","damage_taken":15,"max_hp_gain":0,"max_hp_loss":0,"event_name":"Shining Light","floor":8,"gold_loss":0,"cards_upgraded":["Conserve Battery","Defend_B"]},{"damage_healed":0,"gold_gain":0,"player_choice":"Shed Blood","damage_taken":19,"max_hp_gain":5,"max_hp_loss":0,"event_name":"Forgotten Altar","floor":19,"gold_loss":0},{"damage_healed":0,"gold_gain":0,"player_choice":"Ignored","damage_taken":0,"max_hp_gain":0,"max_hp_loss":0,"event_name":"Ghosts","floor":25,"gold_loss":0},{"damage_healed":0,"gold_gain":0,"cards_transformed":["Defend_B","Defend_B"],"player_choice":"Became Test Subject","damage_taken":0,"max_hp_gain":0,"max_hp_loss":0,"event_name":"Drug Dealer","floor":27,"gold_loss":0,"cards_obtained":["Glacier","Genetic Algorithm"]},{"damage_healed":0,"gold_gain":0,"player_choice":"Gave Potion","damage_taken":0,"relics_obtained":["Replay:Bottled Steam"],"max_hp_gain":0,"max_hp_loss":0,"event_name":"WeMeetAgain","floor":36,"gold_loss":0}],"is_beta":false,"boss_relics":[{"not_picked":["SacredBark","Busted Crown"],"picked":"Coffee Dripper"},{"not_picked":["Cursed Key","Painkiller Herb"],"picked":"infinitespire:Cupcake"}],"items_purged_floors":[20],"is_endless":false,"potions_floor_spawned":[1,5,16,18,22,23,28,33,35,42],"killed_by":"Nightmare","ascension_level":1}}