{"host":"rv17l6ilftf4fv77","time":1613916422,"event":{"mods":["BaseMod","Minty Spire (QoL Compilation)"],"gold_per_floor":[114,114,40,55,55,55,85,85,85,100,115,130,145,160,160,260,260,275,275,290,11,11,11,41,56,131,31,46,46,61,76,76,176,176,191,206,221,236,251,251,1,1,1,31,31,46,46,46,46],"floor_reached":48,"language":"ZHS","playtime":1944,"items_purged":["Bash","Strike_B"],"score":538,"play_id":"936a3731-ef23-4a09-a66f-bfce1f24adb4","local_time":"20210221220702","daily_mods":["Chimera","Uncertain Future","Terminal"],"is_ascension_mode":false,"campfire_choices":[{"data":"BowlingBash","floor":6.0,"key":"SMITH"},{"data":"Zap","floor":8.0,"key":"SMITH"},{"data":"Pray","floor":15.0,"key":"SMITH"},{"data":"Scrawl","floor":23.0,"key":"SMITH"},{"data":"Prostrate","floor":29.0,"key":"SMITH"},{"data":"Tantrum","floor":32.0,"key":"SMITH"},{"data":"Fasting2","floor":40.0,"key":"SMITH"},{"data":"Ragnarok","floor":42.0,"key":"SMITH"}],"circlet_count":0,"master_deck":["Survivor","Zap+1","Defend_R","Defend_G","Defend_P","BowlingBash+1","Halt","Pray+1","Brilliance","Scrawl+1","Meditate+1","DeusExMachina+1","FlyingSleeves+1","Tantrum+1","InnerPeace","EmptyBody","Prostrate+1","Adaptation+1","Ragnarok+1","Fasting2+1","Wallop","WheelKick+1","BattleHymn"],"relics":["PureWater","Calipers","Toy Ornithopter","White Beast Statue","Astrolabe","TheAbacus","Kunai","HornCleat","Runic Dome","Singing Bowl","Letter Opener","Shovel"],"acts_visited":["Exordium","TheCity","TheBeyond"],"potions_floor_usage":[48],"damage_taken":[{"damage":3.0,"enemies":"2 Louse","floor":1.0,"turns":3.0},{"damage":0.0,"enemies":"Small Slimes","floor":4.0,"turns":3.0},{"damage":4.0,"enemies":"3 Sentries","floor":7.0,"turns":8.0},{"damage":0.0,"enemies":"Cultist","floor":10.0,"turns":3.0},{"damage":0.0,"enemies":"Looter","floor":11.0,"turns":3.0},{"damage":0.0,"enemies":"2 Fungi Beasts","floor":12.0,"turns":3.0},{"damage":0.0,"enemies":"Blue Slaver","floor":13.0,"turns":4.0},{"damage":3.0,"enemies":"Red Slaver","floor":14.0,"turns":3.0},{"damage":14.0,"enemies":"Hexaghost","floor":16.0,"turns":8.0},{"damage":10.0,"enemies":"Spheric Guardian","floor":18.0,"turns":4.0},{"damage":1.0,"enemies":"2 Thieves","floor":20.0,"turns":4.0},{"damage":33.0,"enemies":"Book of Stabbing","floor":24.0,"turns":6.0},{"damage":0.0,"enemies":"Cultist and Chosen","floor":25.0,"turns":3.0},{"damage":4.0,"enemies":"Snake Plant","floor":28.0,"turns":3.0},{"damage":0.0,"enemies":"Shelled Parasite and Fungi","floor":30.0,"turns":2.0},{"damage":1.0,"enemies":"Centurion and Healer","floor":31.0,"turns":4.0},{"damage":0.0,"enemies":"Automaton","floor":33.0,"turns":9.0},{"damage":5.0,"enemies":"Orb Walker","floor":35.0,"turns":3.0},{"damage":25.0,"enemies":"3 Shapes","floor":36.0,"turns":3.0},{"damage":2.0,"enemies":"Maw","floor":37.0,"turns":8.0},{"damage":6.0,"enemies":"3 Darklings","floor":38.0,"turns":3.0},{"damage":5.0,"enemies":"Sphere and 2 Shapes","floor":39.0,"turns":4.0},{"damage":1.0,"enemies":"Nemesis","floor":44.0,"turns":4.0},{"damage":0.0,"enemies":"Maw","floor":46.0,"turns":3.0},{"damage":26,"enemies":"Jaw Worm Horde","floor":48,"turns":1}],"seed_played":"6706742764168558924","potions_obtained":[{"floor":1.0,"key":"DistilledChaos"},{"floor":10.0,"key":"SpeedPotion"},{"floor":11.0,"key":"DuplicationPotion"},{"floor":12.0,"key":"Ancient Potion"},{"floor":16.0,"key":"FearPotion"},{"floor":18.0,"key":"Strength Potion"},{"floor":25.0,"key":"Fire Potion"},{"floor":28.0,"key":"Fire Potion"},{"floor":30.0,"key":"BlessingOfTheForge"},{"floor":31.0,"key":"Weak Potion"},{"floor":33.0,"key":"SkillPotion"},{"floor":35.0,"key":"PowerPotion"},{"floor":37.0,"key":"PowerPotion"},{"floor":38.0,"key":"ColorlessPotion"},{"floor":44.0,"key":"CultistPotion"},{"floor":46.0,"key":"Ambrosia"}],"is_trial":false,"path_per_floor":["M","?","$","M","?","R","E","R","T","M","M","M","M","M","R","B",null,"M","?","M","$","?","R","E","M","T","$","M","R","M","M","R","B",null,"M","M","M","M","M","R","$","R","T","E","?","M","?","M"],"character_chosen":"WATCHER","items_purchased":["BowlingBash","EmptyBody","TheAbacus","Prostrate","Singing Bowl"],"campfire_rested":0,"item_purchase_floors":[3,3,21,21,41],"current_hp_per_floor":[68,56,56,56,56,56,52,52,52,52,52,52,52,49,49,40,54,44,44,43,43,43,43,10,20,20,20,16,16,26,25,25,35,37,32,7,10,9,4,4,4,4,4,10,10,12,12,0,0],"gold":46,"neow_bonus":"","is_daily":true,"chose_seed":false,"campfire_upgraded":8,"win_rate":0.0,"timestamp":1613916422,"path_taken":["M","?","$","M","?","R","E","R","T","M","M","M","?","M","R","BOSS","M","?","M","$","?","R","E","M","T","?","M","R","M","M","R","BOSS","M","M","M","M","M","R","$","R","T","E","?","?","?","M"],"items_purchased_type":["Card","Card","Relic","Card","Relic"],"build_version":"2020-12-22","purchased_purges":2,"victory":false,"max_hp_per_floor":[70,69,68,67,66,65,64,63,62,61,60,59,58,57,56,55,54,53,52,51,50,49,48,47,46,45,44,43,42,41,40,39,38,37,36,35,34,33,32,31,30,29,28,29,28,29,28,28,28],"card_choices":[{"not_picked":["DeceiveReality","Protect"],"picked":"Wallop","floor":1.0},{"not_picked":["Wireheading","BowlingBash","Evaluate"],"picked":"SKIP","floor":4.0},{"not_picked":["Crescendo","Nirvana"],"picked":"Halt","floor":7.0},{"not_picked":["JustLucky","BowlingBash"],"picked":"Pray","floor":10.0},{"not_picked":["BowlingBash","JustLucky"],"picked":"FearNoEvil","floor":11.0},{"not_picked":["ClearTheMind","Weave"],"picked":"CarveReality","floor":12.0},{"not_picked":["FlyingSleeves","Vengeance"],"picked":"Brilliance","floor":13.0},{"not_picked":["ThirdEye","ForeignInfluence","CutThroughFate"],"picked":"SKIP","floor":14.0},{"not_picked":["Devotion","Vault"],"picked":"Scrawl","floor":16.0},{"not_picked":["EmptyFist","BattleHymn+1"],"picked":"Tantrum","floor":18.0},{"not_picked":["DeceiveReality","Consecrate","Conclude"],"picked":"SKIP","floor":20.0},{"not_picked":["FlurryOfBlows","Fasting2+1"],"picked":"Adaptation+1","floor":24.0},{"not_picked":["Evaluate","FlurryOfBlows","DeceiveReality"],"picked":"SKIP","floor":25.0},{"not_picked":["Tantrum","Wireheading","JustLucky"],"picked":"SKIP","floor":28.0},{"not_picked":["Meditate","WreathOfFlame","Evaluate+1"],"picked":"SKIP","floor":30.0},{"not_picked":["BattleHymn+1","Swivel","Meditate+1"],"picked":"SKIP","floor":31.0},{"not_picked":["Vault","Alpha"],"picked":"Ragnarok","floor":33.0},{"not_picked":["Meditate","CrushJoints+1","EmptyBody+1"],"picked":"SKIP","floor":35.0},{"not_picked":["Protect","ThirdEye"],"picked":"Fasting2","floor":36.0},{"not_picked":["WreathOfFlame","FlyingSleeves+1","Indignation"],"picked":"SKIP","floor":37.0},{"not_picked":["FlyingSleeves","CutThroughFate"],"picked":"Wallop","floor":38.0},{"not_picked":["PathToVictory+1","Evaluate"],"picked":"WheelKick+1","floor":39.0},{"not_picked":["CrushJoints","Halt","ClearTheMind"],"picked":"Singing Bowl","floor":44.0},{"not_picked":["JustLucky","EmptyFist","SignatureMove+1"],"picked":"Singing Bowl","floor":46.0}],"player_experience":227904,"relics_obtained":[{"floor":7.0,"key":"Toy Ornithopter"},{"floor":9.0,"key":"White Beast Statue"},{"floor":24.0,"key":"Kunai"},{"floor":26.0,"key":"HornCleat"},{"floor":43.0,"key":"Letter Opener"},{"floor":44.0,"key":"Shovel"}],"event_choices":[{"damage_healed":0.0,"max_hp_gain":0.0,"max_hp_loss":0.0,"gold_gain":0.0,"event_name":"Scrap Ooze","player_choice":"Success","floor":2.0,"gold_loss":0.0,"damage_taken":12.0,"relics_obtained":["Calipers"]},{"damage_healed":0.0,"max_hp_gain":0.0,"max_hp_loss":0.0,"gold_gain":0.0,"event_name":"Upgrade Shrine","player_choice":"Upgraded","floor":5.0,"gold_loss":0.0,"damage_taken":0.0,"cards_upgraded":["Eruption"]},{"damage_healed":0.0,"max_hp_gain":0.0,"max_hp_loss":0.0,"gold_gain":0.0,"cards_transformed":["Eruption","Strike_R"],"event_name":"Drug Dealer","player_choice":"Became Test Subject","floor":19.0,"gold_loss":0.0,"damage_taken":0.0,"cards_obtained":["InnerPeace","EmptyBody"]},{"cards_removed":["Strike_G"],"damage_healed":0.0,"max_hp_gain":0.0,"max_hp_loss":0.0,"gold_gain":0.0,"event_name":"Back to Basics","player_choice":"Elegance","floor":22.0,"gold_loss":0.0,"damage_taken":0.0},{"damage_healed":0.0,"max_hp_gain":0.0,"max_hp_loss":0.0,"gold_gain":0.0,"cards_transformed":["EmptyBody"],"event_name":"Transmorgrifier","player_choice":"Transformed","floor":45.0,"gold_loss":0.0,"damage_taken":0.0,"cards_obtained":["BattleHymn"]},{"damage_healed":0,"gold_gain":0,"player_choice":"Ignored","damage_taken":0,"max_hp_gain":0,"max_hp_loss":0,"event_name":"Mysterious Sphere","floor":47,"gold_loss":0}],"is_beta":false,"boss_relics":[{"not_picked":["Calling Bell","Snecko Eye"],"picked":"Astrolabe"},{"not_picked":["HolyWater","SlaversCollar"],"picked":"Runic Dome"}],"items_purged_floors":[21,27],"is_endless":false,"potions_floor_spawned":[1,10,11,12,13,14,16,18,20,24,25,28,30,31,33,35,36,37,38,39,44,46],"killed_by":"Jaw Worm Horde","ascension_level":0}}