{"host":"hfxp6ue4pvwo3fit","time":1613884755,"event":{"mods":["AchievementEnabler","BaseMod","Colored Map","Colored Powertips","Highlight Path","Minty Spire (QoL Compilation)","Relic Stats","StSLib","SuperFastMode"],"gold_per_floor":[111,111,130,148,148,148,182,182,206,216,216,216],"floor_reached":11,"language":"ENG","playtime":307,"items_purged":[],"score":146,"play_id":"f275665c-446b-4010-a22b-c41e7c661ab6","local_time":"20210220231915","is_ascension_mode":true,"campfire_choices":[{"floor":6,"key":"REST"},{"floor":8,"key":"REST"}],"circlet_count":0,"master_deck":["AscendersBane","Strike_R","Strike_R","Strike_R","Strike_R+1","Defend_R","Defend_R","Defend_R","Defend_R+1","Bash","True Grit","Burning Pact","Armaments","Dual Wield"],"relics":["Burning Blood","Turnip","Blood Vial","PreservedInsect"],"acts_visited":["Exordium"],"potions_floor_usage":[7,7,10],"damage_taken":[{"damage":21,"enemies":"Jaw Worm","floor":1,"turns":5},{"damage":6,"enemies":"Cultist","floor":3,"turns":4},{"damage":0,"enemies":"Small Slimes","floor":4,"turns":5},{"damage":35,"enemies":"3 Sentries","floor":7,"turns":12},{"damage":38,"enemies":"Exordium Thugs","floor":10,"turns":7},{"damage":39,"enemies":"Gremlin Nob","floor":11,"turns":3}],"seed_played":"-5722042762455176082","potions_obtained":[{"floor":3,"key":"Swift Potion"},{"floor":4,"key":"AttackPotion"},{"floor":7,"key":"Regen Potion"}],"is_trial":false,"path_per_floor":["M","?","M","M","?","R","E","R","T","M","E"],"character_chosen":"IRONCLAD","items_purchased":[],"campfire_rested":2,"item_purchase_floors":[],"current_hp_per_floor":[35,35,35,41,18,40,11,33,33,18,0,0],"gold":216,"neow_bonus":"ONE_RARE_RELIC","is_daily":false,"chose_seed":false,"campfire_upgraded":0,"win_rate":0.0,"timestamp":1613884755,"path_taken":["M","?","M","?","?","R","E","R","T","M","E"],"items_purchased_type":[],"build_version":"2020-12-22","purchased_purges":0,"victory":false,"max_hp_per_floor":[75,75,75,75,75,75,75,75,75,75,75,75],"relic_stats":{"Blood Vial":4,"counters":[6,36],"Turnip":[0],"PreservedInsect":23,"obtain_stats":[{"Blood Vial":7,"Turnip":0,"PreservedInsect":9,"Burning Blood":0},{"Blood Vial":4,"Turnip":0,"PreservedInsect":4,"Burning Blood":0},{"Blood Vial":26,"Turnip":0,"PreservedInsect":26,"Burning Blood":0}],"Burning Blood":30},"card_choices":[{"not_picked":["Shrug It Off","Sever Soul"],"picked":"True Grit","floor":1},{"not_picked":["Evolve","Rage"],"picked":"Burning Pact","floor":3},{"not_picked":["Battle Trance","Flex"],"picked":"Armaments","floor":4},{"not_picked":["Berserk","Sentinel"],"picked":"Dual Wield","floor":7},{"not_picked":["Armaments","Havoc","Fire Breathing"],"picked":"SKIP","floor":10}],"player_experience":523093,"relics_obtained":[{"floor":7,"key":"Blood Vial"},{"floor":9,"key":"PreservedInsect"}],"event_choices":[{"cards_removed":["Strike_R"],"damage_healed":0,"gold_gain":0,"player_choice":"Purged","damage_taken":0,"max_hp_gain":0,"max_hp_loss":0,"event_name":"Purifier","floor":2,"gold_loss":0},{"damage_healed":0,"gold_gain":0,"player_choice":"Entered Light","damage_taken":23,"max_hp_gain":0,"max_hp_loss":0,"event_name":"Shining Light","floor":5,"gold_loss":0,"cards_upgraded":["Strike_R","Defend_R"]}],"is_beta":false,"boss_relics":[],"items_purged_floors":[],"is_endless":false,"potions_floor_spawned":[3,4,7],"killed_by":"Gremlin Nob","ascension_level":20}}