{"host":"w97dq1whmpm6b2tc","time":1613925485,"event":{"mods":["BaseMod","Challenge The Spire","Downfall","Minty Spire (QoL Compilation)","StSLib"],"gold_per_floor":[99,109,121,140,140,166,166,181,211,231,141,141,153,185,204,308,308,308,323,342,361,374,405,431,381,396,421,121,121,121,121,141,245,245,245,261,311,311,331,341,341,341,368,368,368,368],"floor_reached":44,"language":"ENG","playtime":6703,"items_purged":["hexamod:Defend"],"score":580,"play_id":"f54218a4-cd8b-4e12-a723-413c10bf6913","local_time":"20210221183805","is_ascension_mode":true,"campfire_choices":[{"data":"hexamod:Float","floor":1.0,"key":"SMITH"},{"data":"hexamod:GhostOfSpireFuture","floor":12.0,"key":"SMITH"},{"floor":18.0,"key":"RECALL"},{"data":"hexamod:SoulSteal","floor":28.0,"key":"SMITH"},{"data":"hexamod:WildfireWeapon","floor":35,"key":"SMITH"},{"data":"hexamod:GhostOfSpireFuture","floor":42,"key":"SMITH"}],"circlet_count":0,"master_deck":["hexamod:Strike","hexamod:Strike","hexamod:Strike","hexamod:Strike","hexamod:Defend","hexamod:Defend","hexamod:Sear","hexamod:Float+1","hexamod:FastForward","hexamod:ThermalTransfer","hexamod:Float+1","hexamod:SoulSteal+1","hexamod:GhostOfSpireFuture+1","hexamod:GhostOfSpireFuture+1","hexamod:FastForward","hexamod:InspiringFlames","hexamod:RetreatToShadows","hexamod:Hexaguard+1","hexamod:CatchUp+1","hexamod:WildfireWeapon+1","hexamod:FirstSeal"],"relics":["hexamod:SpiritBrand","hexamod:InflammatoryLetter","Mercury Hourglass","Shuriken","Nunchaku","hexamod:IceCube","Mummified Hand","Bag of Preparation","downfall:HeartBlessingGreen","downfall:HeartBlessingRed","downfall:HeartBlessingBlue","Runic Dome","TungstenRod","Singing Bowl","Blue Candle"],"acts_visited":["Exordium","TheCity","TheBeyond"],"potions_floor_usage":[33,37,43],"damage_taken":[{"damage":2.0,"enemies":"Jaw Worm","floor":2.0,"turns":3.0},{"damage":1.0,"enemies":"Cultist","floor":3.0,"turns":3.0},{"damage":8.0,"enemies":"2 Louse","floor":4.0,"turns":3.0},{"damage":7.0,"enemies":"3 Sentries","floor":6.0,"turns":10.0},{"damage":3.0,"enemies":"Blue Slaver","floor":8.0,"turns":3.0},{"damage":3.0,"enemies":"Lagavulin","floor":9.0,"turns":5.0},{"damage":0.0,"enemies":"Large Slime","floor":10.0,"turns":4.0},{"damage":0.0,"enemies":"downfall:FleeingMerchant","floor":11.0,"turns":4.0},{"damage":0.0,"enemies":"3 Louse","floor":13.0,"turns":3.0},{"damage":0.0,"enemies":"3 Sentries","floor":14.0,"turns":4.0},{"damage":4.0,"enemies":"Lots of Slimes","floor":15.0,"turns":2.0},{"damage":11.0,"enemies":"IC_STATUS_ARCHETYPE","floor":16.0,"turns":6.0},{"damage":9.0,"enemies":"downfall:LooterAlt2","floor":19.0,"turns":4.0},{"damage":3.0,"enemies":"Chosen","floor":20.0,"turns":4.0},{"damage":15.0,"enemies":"Snake Plant","floor":21.0,"turns":4.0},{"damage":10.0,"enemies":"Snecko","floor":22.0,"turns":5.0},{"damage":8.0,"enemies":"Gremlin Leader","floor":23.0,"turns":7.0},{"damage":5.0,"enemies":"Shelled Parasite and Fungi","floor":26.0,"turns":4.0},{"damage":2.0,"enemies":"Book of Stabbing","floor":27.0,"turns":5.0},{"damage":5,"enemies":"Snake Plant","floor":32,"turns":4},{"damage":46,"enemies":"SI_MIRROR_ARCHETYPE","floor":33,"turns":15},{"damage":6,"enemies":"Orb Walker","floor":36,"turns":4},{"damage":6,"enemies":"Orb Walker","floor":37,"turns":6},{"damage":2,"enemies":"3 Darklings","floor":39,"turns":4},{"damage":24,"enemies":"Spire Growth","floor":40,"turns":4},{"damage":32,"enemies":"Giant Head","floor":43,"turns":8},{"damage":10,"enemies":"Sphere and 2 Shapes","floor":44,"turns":2}],"seed_played":"-8816953132204992255","potions_obtained":[{"floor":2.0,"key":"FearPotion"},{"floor":4.0,"key":"hexamod:DoubleChargePotion"},{"floor":6.0,"key":"DistilledChaos"},{"floor":14.0,"key":"BlessingOfTheForge"},{"floor":16.0,"key":"LiquidMemories"},{"floor":20.0,"key":"Fire Potion"},{"floor":22.0,"key":"Strength Potion"},{"floor":30.0,"key":"CultistPotion"},{"floor":33,"key":"Dexterity Potion"},{"floor":36,"key":"hexamod:DoubleChargePotion"},{"floor":39,"key":"champ:CounterPotion"},{"floor":40,"key":"CultistPotion"}],"is_trial":false,"path_per_floor":["R","M","M","M","?","E","T","M","E","M","$","R","M","E","M","B",null,"R","M","M","M","M","E","T","?","M","E","R","?","?","?","M","B",null,"R","M","?","?","M","M","T","R","E","M"],"character_chosen":"THE_SPIRIT","items_purchased":[],"campfire_rested":0,"item_purchase_floors":[],"current_hp_per_floor":[70,68,67,59,59,52,52,49,46,46,46,46,46,46,42,31,70,70,61,58,43,33,25,25,53,48,46,56,56,56,56,51,5,80,80,74,68,68,66,42,42,42,10,0,0,0],"gold":368,"neow_bonus":"REMOVE_CARD","is_daily":false,"chose_seed":false,"campfire_upgraded":5,"win_rate":0.0,"timestamp":1613925485,"path_taken":["R","M","M","M","?","E","T","?","E","M","$","R","M","E","M","BOSS","R","M","M","M","M","E","T","?","M","E","R","?","?","?","M","BOSS","R","M","?","?","?","M","T","R","E","M"],"items_purchased_type":[],"build_version":"2020-12-22","purchased_purges":1,"victory":false,"max_hp_per_floor":[70,70,70,70,70,70,70,70,70,70,70,70,70,70,70,70,70,70,70,70,70,70,70,70,70,70,70,80,80,80,80,80,80,80,80,80,80,80,80,80,80,80,80,80,80,80],"card_choices":[{"not_picked":["hexamod:GhostOfSpirePast","hexamod:PhantomCloak","hexamod:PowerFromBeyond"],"picked":"SKIP","floor":2.0},{"not_picked":["hexamod:SpectersWail","hexamod:ThirdSeal"],"picked":"hexamod:FastForward","floor":3.0},{"not_picked":["hexamod:SpectersWail","hexamod:AdvancingGuard","hexamod:ThermalTransfer"],"picked":"SKIP","floor":4.0},{"not_picked":["hexamod:SpectersWail","hexamod:AdvancingGuard"],"picked":"hexamod:ThermalTransfer","floor":4.0},{"not_picked":["hexamod:NightmareGuise","hexamod:ShieldOfDarkness"],"picked":"hexamod:SoulSteal","floor":6.0},{"not_picked":["hexamod:SkipABeat","hexamod:PowerFromBeyond","hexamod:BacktrackSmack"],"picked":"SKIP","floor":8.0},{"not_picked":["hexamod:SpectersWail","hexamod:GhostflameInferno"],"picked":"hexamod:GhostOfSpireFuture","floor":9.0},{"not_picked":["hexamod:GhostOfSpirePast","hexamod:SwordOfDarkness","hexamod:SpectersWail"],"picked":"SKIP","floor":10.0},{"not_picked":["hexamod:FastForward","hexamod:RecurringNightmare","hexamod:GhostShield"],"picked":"SKIP","floor":11.0},{"not_picked":["hexamod:SwordOfDarkness","hexamod:ThermalTransfer","hexamod:FlamesFromBeyond"],"picked":"SKIP","floor":13.0},{"not_picked":["hexamod:SuperheatedStrike","hexamod:StepThrough"],"picked":"hexamod:GhostOfSpireFuture","floor":14.0},{"not_picked":["hexamod:SwordOfDarkness","hexamod:NightmareStrike","hexamod:Incineration"],"picked":"SKIP","floor":15.0},{"not_picked":["hexamod:ThermalTransfer","hexamod:CatchUp"],"picked":"hexamod:FastForward","floor":19.0},{"not_picked":["hexamod:BacktrackSmack+1","hexamod:HeatMetal","hexamod:HauntingEcho"],"picked":"SKIP","floor":20.0},{"not_picked":["hexamod:StepThrough","hexamod:EtherealExpedition"],"picked":"hexamod:InspiringFlames","floor":21.0},{"not_picked":["hexamod:BurningTouch","hexamod:AdvancingGuard"],"picked":"hexamod:RetreatToShadows","floor":22.0},{"not_picked":["hexamod:SuperheatedStrike","hexamod:ExtraCrispy"],"picked":"hexamod:Hexaguard+1","floor":23.0},{"not_picked":["hexamod:HeatMetal","hexamod:SecondSeal"],"picked":"hexamod:CatchUp+1","floor":26.0},{"not_picked":["hexamod:TurnItUp","hexamod:ThermalTransfer","hexamod:InspiringFlames+1"],"picked":"SKIP","floor":27.0},{"not_picked":["hexamod:GhostOfSpirePast+1","hexamod:Rewind","hexamod:RadiantFlame+1"],"picked":"SKIP","floor":32},{"not_picked":["hexamod:TurnItUp","hexamod:FifthSeal"],"picked":"hexamod:WildfireWeapon","floor":33},{"not_picked":["hexamod:NightmareGuise+1","hexamod:FastForward+1","hexamod:BacktrackSmack"],"picked":"SKIP","floor":36},{"not_picked":["hexamod:InspiringFlames+1","hexamod:BacktrackSmack","hexamod:Firestarter+1"],"picked":"SKIP","floor":39},{"not_picked":["hexamod:HauntingEcho+1","hexamod:NightmareGuise","hexamod:TimeOfNeed"],"picked":"SKIP","floor":40},{"not_picked":["hexamod:GhostOfSpireFuture+1","hexamod:ThermalTransfer+1"],"picked":"hexamod:FirstSeal","floor":43}],"player_experience":3799235,"relics_obtained":[{"floor":6.0,"key":"hexamod:InflammatoryLetter"},{"floor":7.0,"key":"Mercury Hourglass"},{"floor":9.0,"key":"Shuriken"},{"floor":14.0,"key":"Nunchaku"},{"floor":23.0,"key":"Mummified Hand"},{"floor":27.0,"key":"Bag of Preparation"},{"floor":37,"key":"TungstenRod"},{"floor":41,"key":"Singing Bowl"},{"floor":43,"key":"Blue Candle"}],"event_choices":[{"damage_healed":0.0,"max_hp_gain":0.0,"max_hp_loss":0.0,"gold_gain":0.0,"event_name":"Vampires","player_choice":"Ignored","floor":29.0,"gold_loss":0.0,"damage_taken":0.0}],"is_beta":false,"boss_relics":[{"not_picked":["Fusion Hammer","SlaversCollar"],"picked":"hexamod:IceCube"},{"not_picked":["Velvet Choker","bronze:MakeshiftBattery"],"picked":"Runic Dome"}],"items_purged_floors":[11],"is_endless":false,"potions_floor_spawned":[2,4,6,13,14,16,20,22,33,36,39,40],"killed_by":"Sphere and 2 Shapes","ascension_level":2}}