{"host":"rolltorest","time":1613950166,"event":{"mods":["BaseMod","Minty Spire (QoL Compilation)","Relic Stats","Slay the Relics Exporter","StSLib"],"gold_per_floor":[111,123,173,193,63,98,23,53,53,81,94,94,50,50,50,128,128,146,146,146,61,73,117,129,158,170,215,246,277,317,356,368,453,465,493,505,529,763,775,817,829,853,865,877,934,971,983,1014,1026,1038,1050,1050],"floor_reached":51,"language":"ENG","playtime":1969,"items_purged":["Strike_G"],"score":1808,"play_id":"38e97f78-4e96-4921-87f4-6c164efe7768","local_time":"20210221152926","is_ascension_mode":true,"campfire_choices":[{"floor":12,"key":"REST"},{"data":"Crippling Poison","floor":15,"key":"SMITH"},{"floor":24,"key":"REST"},{"data":"Wraith Form v2","floor":32,"key":"SMITH"},{"data":"Calculated Gamble","floor":41,"key":"SMITH"},{"data":"Footwork","floor":47,"key":"SMITH"},{"floor":49,"key":"RECALL"}],"circlet_count":0,"master_deck":["AscendersBane","Strike_G+1","Strike_G+1","Defend_G+1","Defend_G+1","Defend_G+1","Defend_G+1","Defend_G+1","Survivor","Neutralize","Dagger Spray","Slice","Backstab","Dash","Terror","Slice","Dagger Throw","Poisoned Stab","Poisoned Stab","Crippling Poison+1","Corpse Explosion","Blade Dance","Noxious Fumes","Outmaneuver","Dash","Bouncing Flask","Wraith Form v2+1","PiercingWail","Bouncing Flask","Bullet Time","Wraith Form v2+1","Calculated Gamble+1","Eviscerate","Noxious Fumes","Footwork+1","Dash","PiercingWail","Adrenaline"],"relics":["Ring of the Snake","Prayer Wheel","Ice Cream","Gambling Chip","Happy Flower","Snecko Eye","MutagenicStrength","MawBank","Sundial","Mango","Juzu Bracelet","The Specimen","Red Mask","Coffee Dripper","Girya","Ginger","Calipers"],"acts_visited":["Exordium","TheCity","TheBeyond"],"potions_floor_usage":[8,8,29,35,50],"damage_taken":[{"damage":1,"enemies":"Small Slimes","floor":1,"turns":4},{"damage":0,"enemies":"Cultist","floor":2,"turns":5},{"damage":1,"enemies":"2 Louse","floor":4,"turns":2},{"damage":32,"enemies":"Lagavulin","floor":6,"turns":8},{"damage":11,"enemies":"Gremlin Nob","floor":8,"turns":3},{"damage":10,"enemies":"3 Sentries","floor":10,"turns":8},{"damage":0,"enemies":"2 Fungi Beasts","floor":11,"turns":2},{"damage":35,"enemies":"The Guardian","floor":16,"turns":11},{"damage":0,"enemies":"Spheric Guardian","floor":18,"turns":3},{"damage":13,"enemies":"Book of Stabbing","floor":23,"turns":4},{"damage":0,"enemies":"2 Thieves","floor":25,"turns":1},{"damage":0,"enemies":"Slavers","floor":27,"turns":2},{"damage":0,"enemies":"Centurion and Healer","floor":28,"turns":2},{"damage":0,"enemies":"Snake Plant","floor":29,"turns":2},{"damage":8,"enemies":"Book of Stabbing","floor":30,"turns":5},{"damage":0,"enemies":"Masked Bandits","floor":31,"turns":1},{"damage":0,"enemies":"Automaton","floor":33,"turns":8},{"damage":2,"enemies":"3 Darklings","floor":35,"turns":4},{"damage":0,"enemies":"3 Shapes","floor":37,"turns":3},{"damage":1,"enemies":"Nemesis","floor":40,"turns":7},{"damage":0,"enemies":"Sphere and 2 Shapes","floor":42,"turns":5},{"damage":0,"enemies":"2 Orb Walkers","floor":45,"turns":3},{"damage":7,"enemies":"Giant Head","floor":46,"turns":7},{"damage":0,"enemies":"Writhing Mass","floor":48,"turns":6},{"damage":0,"enemies":"Donu and Deca","floor":50,"turns":6},{"damage":50,"enemies":"Awakened One","floor":51,"turns":11}],"seed_played":"-3822258373475317910","potions_obtained":[{"floor":1,"key":"SneckoOil"},{"floor":6,"key":"SneckoOil"},{"floor":8,"key":"Energy Potion"},{"floor":11,"key":"SmokeBomb"},{"floor":16,"key":"SkillPotion"},{"floor":18,"key":"LiquidMemories"},{"floor":28,"key":"LiquidMemories"},{"floor":29,"key":"Energy Potion"},{"floor":42,"key":"Explosive Potion"},{"floor":48,"key":"Poison Potion"}],"is_trial":false,"path_per_floor":["M","M","?","M","$","E","$","E","T","E","M","R","$","?","R","B",null,"M","?","?","?","?","E","R","M","T","E","M","M","E","?","R","B",null,"M","?","M","?","?","E","R","M","T","?","?","E","R","M","R","B","B"],"character_chosen":"THE_SILENT","items_purchased":["Dash","Terror","Crippling Poison"],"campfire_rested":2,"item_purchase_floors":[5,5,13],"current_hp_per_floor":[58,58,58,57,57,25,25,14,14,4,4,23,23,45,45,10,52,52,52,52,52,52,39,58,58,72,72,72,72,64,64,64,64,76,74,74,74,74,74,73,73,73,73,73,73,66,66,66,66,66,16,16],"gold":1050,"neow_bonus":"REMOVE_CARD","is_daily":false,"chose_seed":false,"campfire_upgraded":4,"win_rate":0.0,"timestamp":1613950166,"path_taken":["M","M","?","M","$","E","$","E","T","E","?","R","?","?","R","BOSS","M","?","?","?","?","E","R","M","T","E","M","M","E","?","R","BOSS","M","?","M","?","?","E","R","M","T","?","?","E","R","M","R","BOSS","BOSS"],"items_purchased_type":["Card","Card","Card"],"build_version":"2020-12-18","purchased_purges":1,"victory":false,"max_hp_per_floor":[66,66,66,66,66,66,66,66,66,66,66,66,66,66,66,66,66,66,66,66,66,66,66,66,66,80,80,80,80,80,80,80,80,80,80,80,80,80,80,80,80,80,80,76,76,76,76,76,76,76,76,76],"relic_stats":{"Happy Flower":[31],"counters":[26,123],"Sundial":[8],"Gambling Chip":[79],"Snecko Eye":[179,167,176,149],"Prayer Wheel":9,"Juzu Bracelet":1,"Ginger":[3],"MawBank":360,"obtain_stats":[{"Ice Cream":8,"Girya":40,"Calipers":46,"Happy Flower":10,"The Specimen":30,"Mango":26,"Juzu Bracelet":27,"Ginger":45,"MawBank":21,"Sundial":23,"Gambling Chip":9,"MutagenicStrength":20,"Snecko Eye":17,"Prayer Wheel":6,"Red Mask":31,"Coffee Dripper":34,"Ring of the Snake":0},{"Ice Cream":5,"Girya":20,"Calipers":23,"Happy Flower":6,"The Specimen":15,"Mango":11,"Juzu Bracelet":12,"Ginger":22,"MawBank":9,"Sundial":10,"Gambling Chip":5,"MutagenicStrength":9,"Snecko Eye":8,"Prayer Wheel":4,"Red Mask":16,"Coffee Dripper":17,"Ring of the Snake":0},{"Ice Cream":22,"Girya":85,"Calipers":100,"Happy Flower":30,"The Specimen":62,"Mango":51,"Juzu Bracelet":53,"Ginger":93,"MawBank":46,"Sundial":50,"Gambling Chip":22,"MutagenicStrength":46,"Snecko Eye":43,"Prayer Wheel":19,"Red Mask":63,"Coffee Dripper":71,"Ring of the Snake":0}],"Ring of the Snake":[52]},"card_choices":[{"not_picked":["Catalyst","Bane"],"picked":"Dagger Spray","floor":1},{"not_picked":["Bane","Underhanded Strike"],"picked":"Slice","floor":2},{"not_picked":["Catalyst","Bouncing Flask"],"picked":"Backstab","floor":4},{"not_picked":["Bane","Tactician"],"picked":"Slice","floor":6},{"not_picked":["Slice","Deadly Poison"],"picked":"Dagger Throw","floor":8},{"not_picked":["Bullet Time","Cloak And Dagger"],"picked":"Poisoned Stab","floor":10},{"not_picked":["Sucker Punch","Dagger Spray"],"picked":"Poisoned Stab","floor":11},{"not_picked":["Slice","Dagger Spray","Prepared"],"picked":"SKIP","floor":11},{"not_picked":["Envenom","Burst"],"picked":"Corpse Explosion","floor":16},{"not_picked":["Slice","Expertise"],"picked":"Blade Dance","floor":18},{"not_picked":["Deflect","Poisoned Stab"],"picked":"Noxious Fumes","floor":18},{"not_picked":["Infinite Blades","Prepared+1"],"picked":"Outmaneuver","floor":23},{"not_picked":["Slice","Quick Slash"],"picked":"Dash","floor":25},{"not_picked":["Quick Slash","Cloak And Dagger"],"picked":"Bouncing Flask","floor":25},{"not_picked":["Blade Dance","Deadly Poison"],"picked":"Wraith Form v2","floor":27},{"not_picked":["Concentrate","Finisher"],"picked":"PiercingWail","floor":28},{"not_picked":["Flying Knee","Sucker Punch","Riddle With Holes"],"picked":"SKIP","floor":28},{"not_picked":["Backflip","Dodge and Roll","Setup"],"picked":"SKIP","floor":29},{"not_picked":["Deadly Poison","Backflip","Skewer"],"picked":"SKIP","floor":29},{"not_picked":["Cloak And Dagger","Bane"],"picked":"Bouncing Flask","floor":30},{"not_picked":["Poisoned Stab","Finisher"],"picked":"Bullet Time","floor":31},{"not_picked":["A Thousand Cuts","Die Die Die"],"picked":"Wraith Form v2","floor":33},{"not_picked":["Blur","PiercingWail"],"picked":"Calculated Gamble","floor":35},{"not_picked":["Backstab","Expertise","Deflect"],"picked":"SKIP","floor":35},{"not_picked":["Heel Hook","Bouncing Flask","Expertise"],"picked":"SKIP","floor":37},{"not_picked":["Dagger Throw","Sucker Punch","Blade Dance"],"picked":"SKIP","floor":37},{"not_picked":["Backflip","Underhanded Strike"],"picked":"Eviscerate","floor":40},{"not_picked":["Heel Hook","Expertise"],"picked":"Noxious Fumes","floor":42},{"not_picked":["Dodge and Roll","Underhanded Strike","Dagger Throw"],"picked":"SKIP","floor":42},{"not_picked":["Slice","Backflip"],"picked":"Footwork","floor":45},{"not_picked":["Caltrops","Acrobatics"],"picked":"Dash","floor":46},{"not_picked":["Quick Slash+1","Eviscerate"],"picked":"PiercingWail","floor":48},{"not_picked":["Slice+1","Dagger Spray+1"],"picked":"Adrenaline","floor":48}],"player_experience":2018984,"relics_obtained":[{"floor":6,"key":"Prayer Wheel"},{"floor":8,"key":"Ice Cream"},{"floor":9,"key":"Gambling Chip"},{"floor":10,"key":"Happy Flower"},{"floor":23,"key":"Sundial"},{"floor":26,"key":"Mango"},{"floor":27,"key":"Juzu Bracelet"},{"floor":30,"key":"The Specimen"},{"floor":31,"key":"Red Mask"},{"floor":40,"key":"Girya"},{"floor":45,"key":"Ginger"},{"floor":46,"key":"Calipers"}],"event_choices":[{"damage_healed":0,"gold_gain":50,"player_choice":"Pray","damage_taken":0,"max_hp_gain":0,"max_hp_loss":0,"event_name":"Golden Shrine","floor":3,"gold_loss":0},{"damage_healed":22,"gold_gain":0,"player_choice":"Banana","damage_taken":0,"max_hp_gain":0,"max_hp_loss":0,"event_name":"Big Fish","floor":14,"gold_loss":0},{"damage_healed":0,"gold_gain":0,"player_choice":"Simplicity","damage_taken":0,"max_hp_gain":0,"max_hp_loss":0,"event_name":"Back to Basics","floor":19,"gold_loss":0,"cards_upgraded":["Strike_G","Strike_G","Strike_G","Defend_G","Defend_G","Defend_G","Defend_G","Defend_G"]},{"damage_healed":0,"gold_gain":0,"player_choice":"Inject Mutagens","damage_taken":0,"relics_obtained":["MutagenicStrength"],"max_hp_gain":0,"max_hp_loss":0,"event_name":"Drug Dealer","floor":20,"gold_loss":0},{"damage_healed":0,"gold_gain":0,"player_choice":"Obtained Relic","damage_taken":0,"relics_obtained":["MawBank"],"max_hp_gain":0,"max_hp_loss":0,"event_name":"Addict","floor":21,"gold_loss":85},{"damage_healed":0,"gold_gain":0,"player_choice":"Ignored","damage_taken":0,"max_hp_gain":0,"max_hp_loss":0,"event_name":"The Mausoleum","floor":22,"gold_loss":0},{"damage_healed":0,"gold_gain":0,"player_choice":"Fought Bandits","damage_taken":0,"max_hp_gain":0,"max_hp_loss":0,"event_name":"Masked Bandits","floor":31,"gold_loss":0},{"damage_healed":0,"gold_gain":0,"player_choice":"Upgraded","damage_taken":0,"max_hp_gain":0,"max_hp_loss":0,"event_name":"Upgrade Shrine","floor":36,"gold_loss":0,"cards_upgraded":["Wraith Form v2"]},{"damage_healed":0,"gold_gain":222,"player_choice":"Wore Mask","damage_taken":0,"max_hp_gain":0,"max_hp_loss":0,"event_name":"Tomb of Lord Red Mask","floor":38,"gold_loss":0},{"cards_removed":["Strike_G"],"damage_healed":0,"gold_gain":0,"player_choice":"Removed Attack","damage_taken":0,"max_hp_gain":0,"max_hp_loss":0,"event_name":"Falling","floor":39,"gold_loss":0},{"damage_healed":0,"gold_gain":0,"player_choice":"Max HP","damage_taken":0,"max_hp_gain":0,"max_hp_loss":4,"event_name":"Winding Halls","floor":44,"gold_loss":0},{"damage_healed":0,"gold_gain":0,"player_choice":"Fight","damage_taken":0,"max_hp_gain":0,"max_hp_loss":0,"event_name":"Mysterious Sphere","floor":45,"gold_loss":0}],"is_beta":true,"boss_relics":[{"not_picked":["Ring of the Serpent","Velvet Choker"],"picked":"Snecko Eye"},{"not_picked":["Pandora\u0027s Box","Sozu"],"picked":"Coffee Dripper"}],"items_purged_floors":[7],"is_endless":false,"potions_floor_spawned":[1,6,8,11,16,18,27,28,29,30,42,48],"killed_by":"Awakened One","ascension_level":20}}