{"host":"ia9e4s524g7bamk7","time":1613905212,"event":{"mods":["AchievementEnabler","BaseMod","Colored Map","Minty Spire (QoL Compilation)","Permanent Neow","Slay-I","slay the spire mod where everything is the same but ironclad has a cowboy hat"],"gold_per_floor":[112,112,132,144,161,161,194,209,209,241,241,259,259,135,135,240,240,260,271,282,292,292,292,317,329,329,17,44,64,189,208,208,313,313,357,357,48,48,123,123,155,155,155,155,170,184,184,204,204,204,204,204,50,75,75,75],"floor_reached":55,"language":"ENG","playtime":10456,"items_purged":["Strike_P","EmptyBody","FlurryOfBlows"],"score":1186,"play_id":"82bde732-cc36-47c6-b5d9-6c316c69af6b","local_time":"20210221120012","is_ascension_mode":true,"campfire_choices":[{"data":"Vigilance","floor":6.0,"key":"SMITH"},{"floor":11.0,"key":"DIG"},{"floor":13.0,"key":"DIG"},{"floor":15.0,"key":"DIG"},{"floor":23.0,"key":"DIG"},{"floor":32.0,"key":"REST"},{"floor":40.0,"key":"DIG"},{"floor":42.0,"key":"DIG"},{"floor":47.0,"key":"DIG"},{"floor":49.0,"key":"RECALL"},{"floor":52.0,"key":"DIG"}],"circlet_count":0,"master_deck":["Eruption+1","Vigilance+1","EmptyFist","SashWhip","Wallop+1","Evaluate","TalkToTheHand","CrushJoints+1","ConjureBlade","Blasphemy","Perseverance","CarveReality","Swivel","Halt","CutThroughFate","SpiritShield","Wallop","Swivel+1","Protect","Wish","Evaluate","Indignation","Sanctity+1","Wallop","Establishment+1","Worship+1","Apotheosis","WindmillStrike","DeceiveReality","WheelKick+1","BowlingBash"],"relics":["Velvet Choker","Potion Belt","Shovel","FossilizedHelix","CloakClasp","Damaru","Whetstone","Pandora\u0027s Box","Enchiridion","Art of War","Sundial","Pear","Pantograph","Smiling Mask","StoneCalendar","Frozen Egg 2","Snecko Eye","GoldenEye","TungstenRod","Torii","Turnip","Bird Faced Urn","HornCleat","Mummified Hand"],"acts_visited":["Exordium","TheCity","TheBeyond","TheEnding"],"potions_floor_usage":[55,55,55],"damage_taken":[{"damage":0.0,"enemies":"Small Slimes","floor":1.0,"turns":2.0},{"damage":0.0,"enemies":"Cultist","floor":3.0,"turns":2.0},{"damage":2.0,"enemies":"Jaw Worm","floor":4.0,"turns":2.0},{"damage":2.0,"enemies":"2 Fungi Beasts","floor":5.0,"turns":4.0},{"damage":4.0,"enemies":"Gremlin Nob","floor":7.0,"turns":3.0},{"damage":0.0,"enemies":"Looter","floor":8.0,"turns":2.0},{"damage":15.0,"enemies":"3 Sentries","floor":10.0,"turns":11.0},{"damage":0.0,"enemies":"Blue Slaver","floor":12.0,"turns":3.0},{"damage":9.0,"enemies":"Hexaghost","floor":16.0,"turns":8.0},{"damage":0.0,"enemies":"2 Thieves","floor":18.0,"turns":4.0},{"damage":0.0,"enemies":"3 Byrds","floor":19.0,"turns":5.0},{"damage":8.0,"enemies":"Snake Plant","floor":20.0,"turns":5.0},{"damage":12.0,"enemies":"Sentry and Sphere","floor":21.0,"turns":9.0},{"damage":17.0,"enemies":"Gremlin Leader","floor":24.0,"turns":10.0},{"damage":0.0,"enemies":"Centurion and Healer","floor":25.0,"turns":5.0},{"damage":0.0,"enemies":"Book of Stabbing","floor":28.0,"turns":3.0},{"damage":0.0,"enemies":"Snecko","floor":29.0,"turns":4.0},{"damage":0.0,"enemies":"Colosseum Slavers","floor":30.0,"turns":4.0},{"damage":0.0,"enemies":"Colosseum Nobs","floor":30.0,"turns":8.0},{"damage":0.0,"enemies":"Sentry and Sphere","floor":31.0,"turns":6.0},{"damage":7.0,"enemies":"Collector","floor":33.0,"turns":9.0},{"damage":0.0,"enemies":"Orb Walker","floor":35.0,"turns":3.0},{"damage":0.0,"enemies":"Mind Bloom Boss Battle","floor":39.0,"turns":6.0},{"damage":0.0,"enemies":"Reptomancer","floor":41.0,"turns":5.0},{"damage":0.0,"enemies":"3 Shapes","floor":45.0,"turns":4.0},{"damage":0.0,"enemies":"Spire Growth","floor":46.0,"turns":4.0},{"damage":18.0,"enemies":"4 Shapes","floor":48.0,"turns":7.0},{"damage":37.0,"enemies":"Time Eater","floor":50.0,"turns":6.0},{"damage":77,"enemies":"Shield and Spear","floor":54,"turns":11},{"damage":55,"enemies":"The Heart","floor":55,"turns":9}],"seed_played":"9127332321885264790","potions_obtained":[{"floor":3.0,"key":"BlessingOfTheForge"},{"floor":5.0,"key":"FairyPotion"},{"floor":10.0,"key":"Ambrosia"},{"floor":19.0,"key":"FearPotion"},{"floor":21.0,"key":"Dexterity Potion"},{"floor":25.0,"key":"Energy Potion"},{"floor":31.0,"key":"Swift Potion"},{"floor":33.0,"key":"Ambrosia"},{"floor":41.0,"key":"BottledMiracle"},{"floor":45.0,"key":"Block Potion"},{"floor":48.0,"key":"Explosive Potion"}],"is_trial":false,"path_per_floor":["M","?","M","M","M","R","E","M","T","E","R","M","R","$","R","B",null,"M","M","M","M","?","R","E","M","T","$","E","M","?","M","R","B",null,"M","?","$","?","?","R","E","R","T","$","M","M","R","M","R","B",null,"R","$","E","B"],"character_chosen":"WATCHER","items_purchased":["SkillPotion","Pantograph","BlessingOfTheForge","Apotheosis","WindmillStrike","CultistPotion"],"campfire_rested":1,"item_purchase_floors":[14,27,27,37,37,53],"current_hp_per_floor":[72,72,72,70,68,68,64,64,64,49,49,49,49,49,49,40,64,64,64,56,44,28,28,11,11,21,21,21,21,21,21,45,63,77,77,77,77,77,78,78,78,78,78,78,78,78,78,60,60,41,69,69,69,23,0,0],"gold":75,"neow_bonus":"BOSS_RELIC","is_daily":false,"chose_seed":false,"campfire_upgraded":1,"win_rate":0.0,"timestamp":1613905212,"path_taken":["M","?","M","M","M","R","E","M","T","E","R","?","R","$","R","BOSS","M","?","M","?","?","R","E","M","T","$","E","M","?","M","R","BOSS","M","?","$","?","?","R","E","R","T","$","M","M","R","M","R","BOSS","R","$","E","BOSS"],"items_purchased_type":["Potion","Relic","Potion","Card","Card","Potion"],"build_version":"2020-12-22","purchased_purges":3,"victory":false,"max_hp_per_floor":[72,72,72,72,72,72,72,72,72,72,72,72,72,72,72,72,72,72,72,72,72,72,72,72,72,82,82,82,82,82,82,82,82,82,82,82,82,78,78,78,78,78,78,78,78,78,78,78,78,78,78,78,78,78,78,78],"card_choices":[{"not_picked":["Prostrate","DeceiveReality"],"picked":"EmptyFist","floor":1.0},{"not_picked":["EmptyMind","JustLucky"],"picked":"SashWhip","floor":3.0},{"not_picked":["SignatureMove","Evaluate"],"picked":"EmptyBody","floor":4.0},{"not_picked":["MentalFortress","EmptyFist"],"picked":"Wallop","floor":5.0},{"not_picked":["Adaptation","Establishment"],"picked":"Evaluate","floor":7.0},{"not_picked":["Collect","CutThroughFate"],"picked":"FlurryOfBlows","floor":8.0},{"not_picked":["BowlingBash","ClearTheMind"],"picked":"TalkToTheHand","floor":10.0},{"not_picked":["SignatureMove","CutThroughFate"],"picked":"CrushJoints","floor":12.0},{"not_picked":["Establishment","DevaForm"],"picked":"ConjureBlade","floor":16.0},{"not_picked":["InnerPeace+1","WreathOfFlame"],"picked":"Wallop","floor":18.0},{"not_picked":["PathToVictory","Consecrate"],"picked":"Swivel+1","floor":19.0},{"not_picked":["Halt+1","Nirvana"],"picked":"Protect","floor":20.0},{"not_picked":["Prostrate","CutThroughFate"],"picked":"Wish","floor":21.0},{"not_picked":["Consecrate","Weave"],"picked":"Evaluate","floor":24.0},{"not_picked":["ClearTheMind","CarveReality"],"picked":"Indignation","floor":25.0},{"not_picked":["EmptyFist","ConjureBlade","EmptyBody"],"picked":"SKIP","floor":28.0},{"not_picked":["ThirdEye","Vengeance+1"],"picked":"Sanctity+1","floor":29.0},{"not_picked":["Meditate","Consecrate+1"],"picked":"Wallop","floor":31.0},{"not_picked":["SpiritShield","MasterReality+1"],"picked":"Establishment+1","floor":33.0},{"not_picked":["Protect+1","ThirdEye"],"picked":"Worship+1","floor":35.0},{"not_picked":["PathToVictory+1","SignatureMove"],"picked":"DeceiveReality","floor":41.0},{"not_picked":["MentalFortress+1","Crescendo+1"],"picked":"WheelKick+1","floor":45.0},{"not_picked":["SashWhip","EmptyBody","BowlingBash"],"picked":"SKIP","floor":46.0},{"not_picked":["Scrawl","ForeignInfluence+1"],"picked":"BowlingBash","floor":48.0},{"not_picked":["Prostrate+1","Halt","CrushJoints+1"],"picked":"SKIP","floor":54}],"player_experience":392105,"relics_obtained":[{"floor":7.0,"key":"Potion Belt"},{"floor":9.0,"key":"Shovel"},{"floor":10.0,"key":"FossilizedHelix"},{"floor":11.0,"key":"CloakClasp"},{"floor":13.0,"key":"Damaru"},{"floor":15.0,"key":"Whetstone"},{"floor":22.0,"key":"Enchiridion"},{"floor":23.0,"key":"Art of War"},{"floor":24.0,"key":"Sundial"},{"floor":26.0,"key":"Pear"},{"floor":28.0,"key":"Smiling Mask"},{"floor":30.0,"key":"StoneCalendar"},{"floor":30.0,"key":"Frozen Egg 2"},{"floor":39.0,"key":"GoldenEye"},{"floor":40.0,"key":"TungstenRod"},{"floor":41.0,"key":"Torii"},{"floor":42.0,"key":"Turnip"},{"floor":47.0,"key":"Bird Faced Urn"},{"floor":52.0,"key":"HornCleat"},{"floor":54,"key":"Mummified Hand"}],"event_choices":[{"damage_healed":0.0,"max_hp_gain":0.0,"max_hp_loss":0.0,"gold_gain":0.0,"event_name":"Upgrade Shrine","player_choice":"Upgraded","floor":2.0,"gold_loss":0.0,"damage_taken":0.0,"cards_upgraded":["Eruption"]},{"damage_healed":0.0,"max_hp_gain":0.0,"max_hp_loss":0.0,"gold_gain":0.0,"event_name":"Cursed Tome","player_choice":"Obtained Book","floor":22.0,"gold_loss":0.0,"damage_taken":16.0},{"damage_healed":0.0,"max_hp_gain":0.0,"max_hp_loss":0.0,"gold_gain":0.0,"event_name":"Colosseum","player_choice":"Fight","floor":30.0,"gold_loss":0.0,"damage_taken":0.0},{"damage_healed":0.0,"max_hp_gain":0.0,"max_hp_loss":0.0,"gold_gain":0.0,"event_name":"Colosseum","player_choice":"Fought Nobs","floor":30.0,"gold_loss":0.0,"damage_taken":0.0},{"damage_healed":0.0,"max_hp_gain":0.0,"max_hp_loss":0.0,"gold_gain":0.0,"event_name":"Tomb of Lord Red Mask","player_choice":"Ignored","floor":36.0,"gold_loss":0.0,"damage_taken":0.0},{"damage_healed":0.0,"max_hp_gain":0.0,"max_hp_loss":4.0,"gold_gain":0.0,"event_name":"Winding Halls","player_choice":"Max HP","floor":38.0,"gold_loss":0.0,"damage_taken":0.0},{"damage_healed":0.0,"max_hp_gain":0.0,"max_hp_loss":0.0,"gold_gain":0.0,"event_name":"MindBloom","player_choice":"Fight","floor":39.0,"gold_loss":0.0,"damage_taken":0.0}],"is_beta":false,"boss_relics":[{"not_picked":["Busted Crown","Philosopher\u0027s Stone"],"picked":"Pandora\u0027s Box"},{"not_picked":["Empty Cage","Fusion Hammer"],"picked":"Snecko Eye"}],"items_purged_floors":[14,37,53],"is_endless":false,"potions_floor_spawned":[3,5,10,19,21,25,31,33,41,45,48],"killed_by":"The Heart","ascension_level":5}}