{"host":"7kgj47jdxgufb548","time":1613878191,"event":{"mods":["Act Like it!","BaseMod","Bossed Relics","CapriCore","Gensokyo","Minty Spire (QoL Compilation)","Remilia¡]Á¢¦Ì²ú?¡^","StSLib","The Immortal","Yakumo Yukari mod","Youmu¡]»î¾z§¯?¡^"],"gold_per_floor":[109,126,5,5,5,5,30,57,83,113,113,333,333,352,352,457,457,467,467,467,56,56,90,90,108,108,108,133,146,176,49,49,346,346,658,676,676,676,32,32,63,81,81,81,100,100,100,113,113,113],"floor_reached":51,"language":"ZHS","playtime":2890,"items_purged":["Injury","Defend_YM"],"score":1052,"play_id":"d1bcce70-c1fb-4600-a1df-4af87c8fc1bf","local_time":"20210221112950","is_ascension_mode":true,"campfire_choices":[{"data":"HellGodSword","floor":6.0,"key":"SMITH"},{"floor":11.0,"key":"REST"},{"floor":13.0,"key":"REST"},{"data":"StrangeHalfBody","floor":15.0,"key":"SMITH"},{"data":"SlashOfTheEternalFuture","floor":24.0,"key":"SMITH"},{"floor":27.0,"key":"REST"},{"floor":32.0,"key":"REST"},{"data":"Strike_YM","floor":44,"key":"PURGE"},{"data":"CelestialStarSword","floor":47,"key":"SMITH"},{"data":"HellFireSword","floor":49,"key":"SMITH"}],"circlet_count":0,"master_deck":["Strike_YM","Strike_YM","Strike_YM","Defend_YM","Defend_YM","Defend_YM","SlashOfPresentWorld","WheelOfPainOfLivingAndDead","HellGodSword+1","CrescentMoonSlash","PhosphoricSlash","StrangeHalfBody+1","HeavenGodSword","SpiritCuttingSword","SwordExtraction","HellFireSword","SanzenSekai","TwoHundredYojanaInOneSlash","SlashOfDelusionalInnerEye+1","HumanKnowledgeSword+1","ConstancyOfTheConventionalTruth","SlashOfTheEternalFuture+1","FourBirthsSword","AsuraSword","LotusPostureSlash","LifeCuttingSword+1","TransmigrationSlash","HellRealmSword","HeavenlyHaloSlash+1","DoubleWheelOfPain","SlashOfAscensionToBuddhahood","HellFireSword+1","FlashingScatteredFlowers","CelestialStarSword+1","LowerRealmReflectionSlash+1","ThreeKonsSevenHakus+1"],"relics":["HalfPhantom","Oddly Smooth Stone","WingedGreaves","Bird Faced Urn","Strawberry","CaptainsWheel","Roukanken","Black Star","Gensokyo:DirgeOfMelancholy","Orrery","Nunchaku","Bottled Tornado","Bottled Lightning","Bag of Preparation","Pen Nib","ScarletDevilRocket","FossilizedHelix","TungstenRod","Orichalcum","SlaversCollar","Gensokyo:DualWield","Peace Pipe","Gensokyo:EmptyGrave","Lantern","AntiCross","Prayer Wheel"],"acts_visited":["Gensokyo:Gensokyo","Gensokyo:Gensokyoer","Gensokyo:Gensokyoest"],"potions_floor_usage":[48,50,50,50],"damage_taken":[{"damage":12.0,"enemies":"Gensokyo:Gryphon","floor":1.0,"turns":3.0},{"damage":0.0,"enemies":"Gensokyo:2_Kodama","floor":2.0,"turns":3.0},{"damage":22.0,"enemies":"Gensokyo:Aya","floor":7.0,"turns":8.0},{"damage":20.0,"enemies":"Gensokyo:Mamizou","floor":8.0,"turns":9.0},{"damage":18.0,"enemies":"Gensokyo:Cirno","floor":10.0,"turns":5.0},{"damage":0.0,"enemies":"Gensokyo:3_Fairies","floor":12.0,"turns":3.0},{"damage":0.0,"enemies":"Gensokyo:Python_and_Kodama","floor":14.0,"turns":3.0},{"damage":34.0,"enemies":"Gensokyo:Reimu","floor":16.0,"turns":7.0},{"damage":7.0,"enemies":"Gensokyo:Chomper","floor":18.0,"turns":4.0},{"damage":37.0,"enemies":"Gensokyo:Tenshi","floor":23.0,"turns":4.0},{"damage":30.0,"enemies":"Gensokyo:AngelMirror","floor":25.0,"turns":4.0},{"damage":4.0,"enemies":"Gensokyo:Reisen","floor":28.0,"turns":6.0},{"damage":15.0,"enemies":"Gensokyo:Swordslinger","floor":29.0,"turns":4.0},{"damage":30.0,"enemies":"Gensokyo:Koishi","floor":30.0,"turns":5.0},{"damage":43.0,"enemies":"Gensokyo:Eternal_Rivals","floor":33.0,"turns":11.0},{"damage":0.0,"enemies":"Gensokyo:3_Bats","floor":35.0,"turns":6.0},{"damage":0.0,"enemies":"Gensokyo:3_Boulders","floor":36.0,"turns":3.0},{"damage":4.0,"enemies":"Gensokyo:Doremy","floor":41.0,"turns":4.0},{"damage":0,"enemies":"Gensokyo:4_Bats","floor":42,"turns":1},{"damage":0,"enemies":"Gensokyo:Rafflesia","floor":45,"turns":4},{"damage":0,"enemies":"Gensokyo:3_Boulders","floor":48,"turns":2},{"damage":7,"enemies":"Gensokyo:Yuyuko","floor":50,"turns":5}],"seed_played":"-225873009378362187","potions_obtained":[{"floor":1.0,"key":"Explosive Potion"},{"floor":12.0,"key":"BlessingOfTheForge"},{"floor":14.0,"key":"CausticAgent"},{"floor":18.0,"key":"CausticAgent"},{"floor":33.0,"key":"Energy Potion"},{"floor":35.0,"key":"Regen Potion"},{"floor":45,"key":"AttackPotion"},{"floor":48,"key":"BlessingOfTheForge"}],"is_trial":false,"path_per_floor":["M","M","COS","?","?","R","E","E","T","E","R","M","R","M","R","B",null,"M","?","?","COS","?","E","R","M","T","R","E","M","E","$","R","B",null,"M","M","?","?","$","?","E","M","T","R","M","?","R","M","R","B",null],"character_chosen":"YOUMU","items_purchased":["CausticAgent","DistilledChaos","Peace Pipe","SlashOfAscensionToBuddhahood","HellFireSword","Regen Potion"],"campfire_rested":4,"item_purchase_floors":[31,39,39,39,39,39],"current_hp_per_floor":[52,52,52,52,52,52,30,10,17,3,31,33,61,63,63,33,80,77,77,77,77,77,46,46,20,20,48,50,37,11,11,39,18,77,96,96,96,83,83,83,85,87,89,89,89,89,89,89,89,89],"gold":113,"neow_bonus":"TWENTY_PERCENT_HP_BONUS","is_daily":false,"chose_seed":false,"campfire_upgraded":5,"win_rate":0.0,"timestamp":1613878190,"path_taken":["M","M","COS","?","?","R","E","E","T","E","R","?","R","?","R","BOSS","M","?","?","COS","?","E","R","?","T","R","E","M","E","?","R","BOSS","M","?","?","?","$","?","E","?","T","R","M","?","R","?","R","BOSS"],"items_purchased_type":["Potion","Potion","Relic","Card","Card","Potion"],"build_version":"2020-12-22","purchased_purges":2,"victory":true,"max_hp_per_floor":[89,89,89,89,89,89,89,89,96,96,96,96,96,96,96,96,96,96,96,96,96,96,96,96,96,96,96,96,96,96,96,96,96,96,96,96,96,96,96,89,89,89,89,89,89,89,89,89,89,89],"card_choices":[{"not_picked":["FantasyOfEnteringEnlightenment","TurningAngelCut"],"picked":"HellGodSword","floor":1.0},{"not_picked":["ThreeKonsSevenHakus","LotusPostureSlash"],"picked":"CrescentMoonSlash","floor":2.0},{"not_picked":["SwordOfBindingDesires","SpiritCuttingSword"],"picked":"PhosphoricSlash","floor":7.0},{"not_picked":["DeadlyForm","CelestialStarSword"],"picked":"StrangeHalfBody","floor":8.0},{"not_picked":["LifeCuttingSword","LotusPostureSlash"],"picked":"HellFireSword","floor":8.0},{"not_picked":["FiveSignsOfTheDyingDeva","LowerRealmReflectionSlash"],"picked":"HeavenGodSword","floor":10.0},{"not_picked":["TenKingsRetributionOnThePreta","PhosphoricSlash","SwordOfBindingDesires"],"picked":"SKIP","floor":12.0},{"not_picked":["HellGodSword","SwordOfBindingDesires"],"picked":"SpiritCuttingSword","floor":14.0},{"not_picked":["DeadlyForm","ReincarnationSword"],"picked":"HellRealmSword","floor":16.0},{"not_picked":["HellGodSword","LowerRealmReflectionSlash"],"picked":"SwordExtraction","floor":18.0},{"not_picked":["VoidnessSword","BloodOfAsura"],"picked":"SanzenSekai","floor":21.0},{"not_picked":["GhostSword+1","SwordExtraction"],"picked":"TwoHundredYojanaInOneSlash","floor":21.0},{"not_picked":["DispleasureOfTheSevenHakus+1","TwoHundredYojanaInOneSlash"],"picked":"SlashOfDelusionalInnerEye+1","floor":21.0},{"not_picked":["HiganSword","ThreeKonsSevenHakus"],"picked":"HumanKnowledgeSword+1","floor":21.0},{"not_picked":["SwordOfBindingDesires","HiganSword"],"picked":"ConstancyOfTheConventionalTruth","floor":21.0},{"not_picked":["FiveSignsOfTheDyingDeva+1","PhosphoricSlash+1"],"picked":"FourBirthsSword","floor":23.0},{"not_picked":["HumanKnowledgeSword","TwoHundredYojanaInOneSlash"],"picked":"AsuraSword","floor":25.0},{"not_picked":["BloodOfAsura","TwoHundredYojanaInOneSlash"],"picked":"LotusPostureSlash","floor":28.0},{"not_picked":["ThreeKonsSevenHakus","BizarrenessOfSixRealms"],"picked":"LifeCuttingSword+1","floor":29.0},{"not_picked":["LowerRealmReflectionSlash","TwoHundredYojanaInOneSlash"],"picked":"TransmigrationSlash","floor":30.0},{"not_picked":["VoidnessSword","MatsuyoiReflectingSatelliteSlash"],"picked":"HellRealmSword","floor":33.0},{"not_picked":["HeartExcerptSlash+1","HumanKnowledgeSword+1"],"picked":"HeavenlyHaloSlash+1","floor":35.0},{"not_picked":["TwoHundredYojanaInOneSlash+1","SpiritMediumsBind"],"picked":"DoubleWheelOfPain","floor":36.0},{"not_picked":["SlashOfMeditation+1","HesitationCuttingSword"],"picked":"FlashingScatteredFlowers","floor":41},{"not_picked":["FlashingScatteredFlowers+1","ConstancyOfTheConventionalTruth"],"picked":"CelestialStarSword","floor":42},{"not_picked":["AsTheSilentNirvana","SlashOfMeditation","FourBirthsSword"],"picked":"SKIP","floor":45},{"not_picked":["HesitationCuttingSword","ThoughtCuttingSword","CrescentMoonSlash"],"picked":"SKIP","floor":45},{"not_picked":["FiveSignsOfTheDyingDeva+1","FlashingScatteredFlowers+1"],"picked":"LowerRealmReflectionSlash+1","floor":48},{"not_picked":["FourBirthsSword","FlashingScatteredFlowers"],"picked":"ThreeKonsSevenHakus+1","floor":48}],"player_experience":207005,"relics_obtained":[{"floor":7.0,"key":"WingedGreaves"},{"floor":8.0,"key":"Bird Faced Urn"},{"floor":9.0,"key":"Strawberry"},{"floor":10.0,"key":"CaptainsWheel"},{"floor":23.0,"key":"Nunchaku"},{"floor":23.0,"key":"Bottled Tornado"},{"floor":26.0,"key":"Bottled Lightning"},{"floor":28.0,"key":"Pen Nib"},{"floor":28.0,"key":"ScarletDevilRocket"},{"floor":30.0,"key":"TungstenRod"},{"floor":30.0,"key":"Orichalcum"},{"floor":41,"key":"Lantern"},{"floor":41,"key":"AntiCross"},{"floor":43,"key":"Prayer Wheel"}],"event_choices":[],"is_beta":false,"boss_relics":[{"not_picked":["Fusion Hammer","Runic Dome"],"picked":"Black Star"},{"not_picked":["Tiny House","Coffee Dripper"],"picked":"SlaversCollar"}],"items_purged_floors":[31,39],"is_endless":false,"potions_floor_spawned":[1,12,14,18,33,35,45,48],"ascension_level":7}}