{"host":"ndpbn7fqb3wjbd7p","time":1613880492,"event":{"mods":["AchievementEnabler","Act Like it!","AlwaysNeverKeys","BaseMod","Better Vampires","Block Reminder","Colored Powertips","DeckTracker","Defuse TimeMaze Blight","Friendly Minions","Highlight Path","MarisaÅiñ∂âJÅ@ñÇóùçπÅj","Minty Spire (QoL Compilation)","Permanent Neow","StSLib","SuperFastMode","Synergy Search","Unceasing Turn Reminder","Wandering Minibosses"],"gold_per_floor":[113,113,38,49,10,10,27,27,27,55,70,70,95,107,107,205,205,224,235,97,107,107,142,17,17,43,43,62,62,162,178,178,276,276,289,139,214,251,251,277,290,43,43,43,78,7,32,49,49,49],"floor_reached":51,"language":"ENG","playtime":4186,"items_purged":["Strike_P","Eruption","Defend_P","Defend_P+1"],"score":853,"play_id":"9a80325e-a592-42e9-9716-d182c57e8cdc","local_time":"20210221050812","is_ascension_mode":true,"campfire_choices":[{"data":"Weave","floor":6,"key":"SMITH"},{"data":"Nirvana","floor":8,"key":"SMITH"},{"data":"Strike_P","floor":15,"key":"PURGE"},{"data":"Defend_P","floor":27,"key":"PURGE"},{"data":"Defend_P","floor":32,"key":"PURGE"},{"floor":49,"key":"REST"}],"circlet_count":0,"master_deck":["Vigilance+1","CutThroughFate","Weave+1","CutThroughFate","Nirvana+1","JustLucky","Worship","ThirdEye","MasterReality","Wireheading+1","Weave","Study","Impatience","Collect","Vault","Pray","Wish","CutThroughFate+1","Madness","Nirvana+1","Deep Breath","FearNoEvil","EmptyMind"],"relics":["HolyWater","Peace Pipe","War Paint","Akabeko","Toy Ornithopter","Nunchaku","VioletLotus","Mango","CloakClasp","DollysMirror","Girya","Juzu Bracelet"],"acts_visited":["Exordium","TheCity","TheBeyond"],"potions_floor_usage":[10,16,16,19,25,33,33,38,40,48,50,50],"damage_taken":[{"damage":7,"enemies":"Jaw Worm","floor":1,"turns":3},{"damage":0,"enemies":"2 Louse","floor":4,"turns":1},{"damage":0,"enemies":"Cultist","floor":7,"turns":2},{"damage":2,"enemies":"3 Sentries","floor":10,"turns":6},{"damage":0,"enemies":"Blue Slaver","floor":11,"turns":2},{"damage":13,"enemies":"Lagavulin","floor":13,"turns":6},{"damage":0,"enemies":"Lots of Slimes","floor":14,"turns":3},{"damage":11,"enemies":"The Guardian","floor":16,"turns":8},{"damage":0,"enemies":"Shell Parasite","floor":18,"turns":2},{"damage":21,"enemies":"3 Byrds","floor":19,"turns":4},{"damage":0,"enemies":"3 Cultists","floor":21,"turns":5},{"damage":18,"enemies":"Book of Stabbing","floor":23,"turns":5},{"damage":0,"enemies":"Cultist and Chosen","floor":25,"turns":1},{"damage":17,"enemies":"Snake Plant","floor":28,"turns":5},{"damage":9,"enemies":"Sentry and Sphere","floor":31,"turns":4},{"damage":32,"enemies":"Collector","floor":33,"turns":8},{"damage":19,"enemies":"3 Shapes","floor":35,"turns":6},{"damage":0,"enemies":"Mind Bloom Boss Battle","floor":37,"turns":4},{"damage":0,"enemies":"Orb Walker","floor":38,"turns":4},{"damage":29,"enemies":"Nemesis","floor":40,"turns":4},{"damage":12,"enemies":"Spire Growth","floor":41,"turns":4},{"damage":0,"enemies":"Sphere and 2 Shapes","floor":45,"turns":6},{"damage":10,"enemies":"Jaw Worm Horde","floor":48,"turns":3},{"damage":14,"enemies":"Awakened One","floor":50,"turns":7}],"seed_played":"3167345984269447373","potions_obtained":[{"floor":1,"key":"SmokeBomb"},{"floor":7,"key":"Fire Potion"},{"floor":13,"key":"Ancient Potion"},{"floor":14,"key":"EssenceOfSteel"},{"floor":18,"key":"Explosive Potion"},{"floor":28,"key":"SpeedPotion"},{"floor":31,"key":"SkillPotion"},{"floor":33,"key":"LiquidMemories"},{"floor":35,"key":"DistilledChaos"},{"floor":38,"key":"ColorlessPotion"},{"floor":40,"key":"ColorlessPotion"},{"floor":45,"key":"Weak Potion"}],"is_trial":false,"path_per_floor":["M","?","$","M","$","R","M","R","T","E","M","?","E","M","R","B",null,"M","M","$","M","?","E","$","M","T","R","M","?","?","M","R","B",null,"M","$","?","M","?","E","M","$","T","?","M","$","T","M","R","B",null],"character_chosen":"WATCHER","items_purchased":["Nirvana","Study","Madness","DollysMirror","EmptyMind"],"campfire_rested":1,"item_purchase_floors":[5,20,42,42,46],"current_hp_per_floor":[65,58,58,58,58,58,58,58,58,56,56,56,43,43,43,32,62,62,41,41,41,41,23,23,28,28,28,11,35,35,26,26,4,55,36,36,50,55,55,31,19,19,19,19,19,19,19,14,39,35],"gold":49,"neow_bonus":"THREE_CARDS","is_daily":false,"chose_seed":false,"campfire_upgraded":2,"win_rate":0.0,"timestamp":1613880492,"path_taken":["M","?","$","M","?","R","M","R","T","E","?","?","E","M","R","BOSS","M","M","$","?","?","E","$","?","T","R","M","?","?","M","R","BOSS","M","$","?","M","?","E","M","$","T","?","M","?","?","M","R","BOSS"],"items_purchased_type":["Card","Card","Card","Relic","Card"],"build_version":"2020-12-22","purchased_purges":4,"victory":true,"max_hp_per_floor":[72,72,72,72,72,72,72,72,72,72,72,72,72,72,72,72,72,72,72,72,72,72,72,72,72,72,72,72,72,72,72,72,72,72,72,72,86,86,86,86,86,86,86,86,86,86,86,86,86,86],"card_choices":[{"not_picked":["EmptyBody","ForeignInfluence"],"picked":"CutThroughFate","floor":0},{"not_picked":["Meditate","SashWhip"],"picked":"Weave","floor":1},{"not_picked":["FlurryOfBlows","LikeWater"],"picked":"CutThroughFate","floor":4},{"not_picked":["FlyingSleeves","Sanctity"],"picked":"JustLucky","floor":7},{"not_picked":["Indignation","Consecrate","Crescendo"],"picked":"SKIP","floor":10},{"not_picked":["SashWhip","Prostrate"],"picked":"Worship","floor":11},{"not_picked":["Protect","WreathOfFlame","CrushJoints"],"picked":"SKIP","floor":13},{"not_picked":["Pray","PathToVictory"],"picked":"ThirdEye","floor":14},{"not_picked":["Ragnarok","LessonLearned"],"picked":"MasterReality","floor":16},{"not_picked":["Conclude","EmptyFist"],"picked":"Wireheading+1","floor":18},{"not_picked":["FollowUp","Meditate"],"picked":"Weave","floor":19},{"not_picked":["ClearTheMind","Consecrate+1","BowlingBash"],"picked":"SKIP","floor":21},{"not_picked":["SashWhip+1","FlurryOfBlows+1"],"picked":"Vault","floor":23},{"not_picked":["ClearTheMind","Meditate"],"picked":"Pray","floor":28},{"not_picked":["WreathOfFlame+1","BowlingBash","Meditate+1"],"picked":"SKIP","floor":31},{"not_picked":["ConjureBlade","Establishment"],"picked":"Wish","floor":33},{"not_picked":["ReachHeaven+1","Consecrate+1","BowlingBash+1"],"picked":"SKIP","floor":35},{"not_picked":["Protect+1","Perseverance+1"],"picked":"CutThroughFate+1","floor":37},{"not_picked":["FlyingSleeves","Indignation+1"],"picked":"Prostrate","floor":38},{"not_picked":["FlurryOfBlows+1","Omniscience","Adaptation+1"],"picked":"SKIP","floor":40},{"not_picked":["FlurryOfBlows+1","Omniscience","Adaptation+1"],"picked":"SKIP","floor":40},{"not_picked":["FlyingSleeves+1","SandsOfTime+1","Collect"],"picked":"SKIP","floor":41},{"not_picked":["Blind","Swift Strike"],"picked":"Deep Breath","floor":44},{"not_picked":["BowlingBash+1","PathToVictory"],"picked":"FearNoEvil","floor":45},{"not_picked":["LikeWater+1","Evaluate","Wallop+1"],"picked":"SKIP","floor":48}],"player_experience":1205340,"relics_obtained":[{"floor":9,"key":"Peace Pipe"},{"floor":10,"key":"War Paint"},{"floor":13,"key":"Akabeko"},{"floor":23,"key":"Toy Ornithopter"},{"floor":26,"key":"Nunchaku"},{"floor":37,"key":"Mango"},{"floor":40,"key":"CloakClasp"},{"floor":43,"key":"Girya"},{"floor":47,"key":"Juzu Bracelet"}],"event_choices":[{"cards_removed":["Strike_P"],"damage_healed":0,"gold_gain":0,"player_choice":"Card Removal","damage_taken":7,"max_hp_gain":0,"max_hp_loss":0,"event_name":"Golden Wing","floor":2,"gold_loss":0},{"cards_removed":["Strike_P"],"damage_healed":0,"gold_gain":0,"player_choice":"Card Removal","damage_taken":0,"max_hp_gain":0,"max_hp_loss":0,"event_name":"Wheel of Change","floor":12,"gold_loss":0},{"damage_healed":0,"gold_gain":0,"player_choice":"2 cards matched","damage_taken":0,"max_hp_gain":0,"max_hp_loss":0,"event_name":"Match and Keep!","floor":22,"gold_loss":0,"cards_obtained":["Impatience","Collect"]},{"damage_healed":24,"gold_gain":0,"player_choice":"Heal","damage_taken":0,"max_hp_gain":0,"max_hp_loss":0,"event_name":"The Library","floor":29,"gold_loss":0},{"damage_healed":0,"gold_gain":100,"player_choice":"Pray","damage_taken":0,"max_hp_gain":0,"max_hp_loss":0,"event_name":"Golden Shrine","floor":30,"gold_loss":0},{"damage_healed":0,"gold_gain":0,"player_choice":"Fight","damage_taken":0,"max_hp_gain":0,"max_hp_loss":0,"event_name":"MindBloom","floor":37,"gold_loss":0},{"cards_removed":["Prostrate"],"damage_healed":0,"gold_gain":0,"player_choice":"Removed Skill","damage_taken":0,"max_hp_gain":0,"max_hp_loss":0,"event_name":"Falling","floor":39,"gold_loss":0},{"damage_healed":0,"gold_gain":0,"player_choice":"Memory 1","damage_taken":0,"max_hp_gain":0,"max_hp_loss":0,"event_name":"SensoryStone","floor":44,"gold_loss":0}],"is_beta":false,"boss_relics":[{"not_picked":["Snecko Eye","Tiny House"],"picked":"HolyWater"},{"not_picked":["Sozu","SlaversCollar"],"picked":"VioletLotus"}],"items_purged_floors":[3,20,24,36],"is_endless":false,"potions_floor_spawned":[1,7,13,14,18,28,31,33,35,38,40,45],"ascension_level":5}}