{"host":"tlbbab9afexrkdtf","time":1613940210,"event":{"mods":["2.2 Compatiblity","AchievementEnabler","BaseMod","Colored Map","Colored Powertips","Minty Spire (QoL Compilation)","Rare Cards Sparkle","StSLib"],"gold_per_floor":[118,118,131,33,44,79,79,79,79,79,96,115,148,161,161,256,256,272,292,292,292,292,292],"floor_reached":22,"language":"ENG","playtime":496,"items_purged":[],"score":398,"play_id":"bb92777f-3db7-458f-8fe7-3d2e57ee0b2e","local_time":"20210221154330","is_ascension_mode":true,"campfire_choices":[{"floor":8,"key":"RECALL"},{"data":"Inflame","floor":10,"key":"SMITH"},{"floor":15,"key":"REST"}],"circlet_count":0,"master_deck":["Defend_R","Defend_R","Defend_R","Defend_R","Bash","Perfected Strike","Rage","Inflame+1","Pommel Strike","Clash","Infernal Blade+1","Cleave","Flex","Anger","Thunderclap","Immolate","Wild Strike+1","Clothesline","Bite","Bite","Bite","Bite","Bite"],"relics":["Burning Blood","Frozen Egg 2","Calipers","Gremlin Horn","Runic Pyramid"],"acts_visited":["TheCity"],"potions_floor_usage":[6,13,19,19,20,20],"damage_taken":[{"damage":6,"enemies":"Small Slimes","floor":1,"turns":4},{"damage":2,"enemies":"Jaw Worm","floor":3,"turns":3},{"damage":1,"enemies":"Cultist","floor":5,"turns":3},{"damage":21,"enemies":"Lagavulin","floor":6,"turns":5},{"damage":0,"enemies":"Gremlin Gang","floor":11,"turns":3},{"damage":21,"enemies":"Blue Slaver","floor":12,"turns":3},{"damage":5,"enemies":"3 Sentries","floor":13,"turns":4},{"damage":11,"enemies":"Looter","floor":14,"turns":2},{"damage":61,"enemies":"Hexaghost","floor":16,"turns":9},{"damage":38,"enemies":"Shell Parasite","floor":18,"turns":4},{"damage":11,"enemies":"2 Thieves","floor":19,"turns":2},{"damage":40,"enemies":"Shelled Parasite and Fungi","floor":20,"turns":4},{"damage":12,"enemies":"Snake Plant","floor":22,"turns":1}],"seed_played":"-7997143578390948661","potions_obtained":[{"floor":3,"key":"Weak Potion"},{"floor":11,"key":"BlessingOfTheForge"},{"floor":12,"key":"GamblersBrew"},{"floor":16,"key":"Swift Potion"},{"floor":18,"key":"Dexterity Potion"},{"floor":19,"key":"SmokeBomb"}],"is_trial":false,"path_per_floor":["M","?","M","$","M","E","?","R","T","R","M","M","E","M","R","B",null,"M","M","M","?","M"],"character_chosen":"IRONCLAD","items_purchased":["Inflame","Pommel Strike"],"campfire_rested":1,"item_purchase_floors":[4,4],"current_hp_per_floor":[88,93,93,93,93,78,78,78,78,78,84,69,70,65,92,37,79,47,42,8,8,0,0],"gold":292,"neow_bonus":"TEN_PERCENT_HP_BONUS","is_daily":false,"chose_seed":false,"campfire_upgraded":1,"win_rate":0.0,"timestamp":1613940210,"path_taken":["M","?","M","$","M","E","?","R","T","R","M","?","E","M","R","BOSS","M","M","?","?","M"],"items_purchased_type":["Card","Card"],"build_version":"2020-12-22","purchased_purges":0,"victory":false,"max_hp_per_floor":[88,93,93,93,93,93,93,93,93,93,93,93,93,93,93,93,93,93,93,93,65,65,65],"card_choices":[{"not_picked":["Shrug It Off","Clash"],"picked":"Perfected Strike","floor":1},{"not_picked":["Bloodletting","Pommel Strike"],"picked":"Rage","floor":3},{"not_picked":["True Grit","Heavy Blade"],"picked":"Clash","floor":5},{"not_picked":["Sever Soul","Armaments"],"picked":"Infernal Blade","floor":6},{"not_picked":["Corruption+1","Shrug It Off"],"picked":"Cleave","floor":11},{"not_picked":["Rupture+1","Uppercut"],"picked":"Flex","floor":12},{"not_picked":["Cleave","Warcry"],"picked":"Anger","floor":13},{"not_picked":["Hemokinesis","Rage"],"picked":"Thunderclap","floor":14},{"not_picked":["Exhume","Barricade+1"],"picked":"Immolate","floor":16},{"not_picked":["Body Slam+1","Cleave"],"picked":"Wild Strike+1","floor":18},{"not_picked":["Dropkick","Cleave"],"picked":"Clothesline","floor":19}],"player_experience":348603,"relics_obtained":[{"floor":6,"key":"Frozen Egg 2"},{"floor":9,"key":"Calipers"},{"floor":13,"key":"Gremlin Horn"}],"event_choices":[{"damage_healed":0,"gold_gain":0,"player_choice":"Donut","damage_taken":0,"max_hp_gain":5,"max_hp_loss":0,"event_name":"Big Fish","floor":2,"gold_loss":0},{"damage_healed":0,"gold_gain":0,"player_choice":"Upgraded","damage_taken":0,"max_hp_gain":0,"max_hp_loss":0,"event_name":"Upgrade Shrine","floor":7,"gold_loss":0,"cards_upgraded":["Infernal Blade"]},{"damage_healed":0,"gold_gain":0,"player_choice":"Became a vampire","damage_taken":0,"max_hp_gain":0,"max_hp_loss":28,"event_name":"Vampires","floor":21,"gold_loss":0,"cards_obtained":["Bite","Bite","Bite","Bite","Bite"]}],"is_beta":false,"boss_relics":[{"not_picked":["Runic Dome","Sozu"],"picked":"Runic Pyramid"}],"items_purged_floors":[],"is_endless":false,"potions_floor_spawned":[3,11,12,16,18,19],"killed_by":"Snake Plant","ascension_level":5}}