{"host":"y087t2reloz9bi43","time":1613869839,"event":{"mods":["2.2 Compatiblity","AchievementEnabler","Aspiration","BaseMod","Bestiary","Better Note","Better Vampires","BetterRewards","ChefMod","Colored Map","Colored Powertips","Conspire","Downfall","GifTheSpireLib","Gold Saver","Halation","Hubris","Infinite Spire","Jedi Mod","Mimic Mod","Minty Spire (QoL Compilation)","Permanent Neow","Rare Cards Sparkle","Relic Stats","Reliquary","Replay The Spire","Shop Mod","StSLib","The Runesmith","TheFirefly","Transform Curses","Uncapped","everything is the same but u backflip on backflip"],"gold_per_floor":[445,465,479,350,370,398,398,76,76,90,107,142,142,159,159,159,159,256,256,271,290,303,316,316,316,333,72,127,127,139,169,185,35,35,135,135,155,155,166,178,178,213,213,242,287,300,400,190,210,210,210,210,210],"floor_reached":52,"language":"ENG","playtime":5909,"items_purged":["thefirefly:Strike","thefirefly:Strike","thefirefly:Strike","thefirefly:Strike","thefirefly:BreachMissile","thefirefly:PhotonBlast+1"],"score":773,"play_id":"c10f27dd-9540-4106-b81a-6d5349bc5fd8","local_time":"20210221011039","is_ascension_mode":false,"campfire_choices":[{"data":"thefirefly:PhotonBlast","floor":7.0,"key":"SMITH"},{"data":"thefirefly:IonizedBarrier","floor":13.0,"key":"SMITH"},{"data":"thefirefly:IonizedBarrier","floor":17.0,"key":"SMITH"},{"data":"thefirefly:IonizedBarrier","floor":25.0,"key":"SMITH"},{"data":"thefirefly:IonizedBarrier","floor":29.0,"key":"SMITH"},{"data":"Specialist","floor":34.0,"key":"SMITH"},{"floor":43,"key":"RECALL"},{"data":"thefirefly:IonizedBarrier","floor":51,"key":"SMITH"}],"circlet_count":0,"master_deck":["thefirefly:Defend","thefirefly:Defend","thefirefly:Defend","thefirefly:Defend","thefirefly:StealthMode","thefirefly:IonizedBarrier+1","thefirefly:FlareScreen","thefirefly:IonizedBarrier+1","thefirefly:IonizedBarrier+1","thefirefly:IonizedBarrier+1","thefirefly:EnergyShield","thefirefly:FlareScreen","thefirefly:FlareScreen","thefirefly:Pacify","thefirefly:IonizedBarrier+1","thefirefly:Quine","thefirefly:Quine","Specialist+1","thefirefly:ShieldGenerator","thefirefly:CreateClone","thefirefly:EnergyShield+1","thefirefly:FlareScreen+1","thefirefly:StoredPower+1","infinitespire:Collect"],"relics":["thefirefly:StealthSystem","Replay:Rubber Ducky","Blue Doll","reliquary:WritOfMandamus","Coffee Dripper","Happy Flower","thefirefly:LongRangeScanner","thefirefly:ShadowThruster","halation:EternalFortune","reliquary:JackalopeAntler","halation:PrussianBluePaint","hubris:GlazedTorus","MerchantsRug"],"acts_visited":["Exordium","TheCity","TheBeyond"],"potions_floor_usage":[47,47],"damage_taken":[{"damage":10.0,"enemies":"infinitespire:Voidling","floor":1.0,"turns":11.0},{"damage":2.0,"enemies":"Cultist","floor":2.0,"turns":5.0},{"damage":1.0,"enemies":"2 Louse","floor":3.0,"turns":4.0},{"damage":14.0,"enemies":"Exordium Wildlife","floor":5.0,"turns":5.0},{"damage":17.0,"enemies":"3 Sentries","floor":6.0,"turns":6.0},{"damage":0.0,"enemies":"Large Slime","floor":10.0,"turns":7.0},{"damage":1.0,"enemies":"2 Fungi Beasts","floor":11.0,"turns":4.0},{"damage":1.0,"enemies":"Lagavulin","floor":12.0,"turns":8.0},{"damage":0.0,"enemies":"conspire:2 RoseBushes","floor":14.0,"turns":5.0},{"damage":0.0,"enemies":"Hexaghost","floor":18.0,"turns":8.0},{"damage":12.0,"enemies":"Spheric Guardian","floor":20.0,"turns":5.0},{"damage":0.0,"enemies":"3 Byrds","floor":21.0,"turns":2.0},{"damage":22.0,"enemies":"Centurion and Healer","floor":22.0,"turns":7.0},{"damage":0.0,"enemies":"conspire:HollyBat","floor":23.0,"turns":7.0},{"damage":3.0,"enemies":"Sentry and Sphere","floor":26.0,"turns":4.0},{"damage":0.0,"enemies":"Cultist and Chosen","floor":30.0,"turns":6.0},{"damage":11.0,"enemies":"Slavers","floor":31.0,"turns":4.0},{"damage":0.0,"enemies":"Centurion and Healer","floor":32.0,"turns":10.0},{"damage":0.0,"enemies":"Automaton","floor":35.0,"turns":8.0},{"damage":0,"enemies":"3 Darklings","floor":37,"turns":4},{"damage":0,"enemies":"3 Shapes","floor":39,"turns":8},{"damage":0,"enemies":"Spire Growth","floor":40,"turns":5},{"damage":0,"enemies":"Giant Head","floor":42,"turns":10},{"damage":0,"enemies":"Reptomancer","floor":44,"turns":6},{"damage":1,"enemies":"Jaw Worm Horde","floor":46,"turns":2},{"damage":27,"enemies":"infinitespire:Three Voidlings","floor":47,"turns":4},{"damage":0,"enemies":"Nightmare_Alpha","floor":47,"turns":9},{"damage":0,"enemies":"4 Shapes","floor":49,"turns":8},{"damage":295,"enemies":"hubris:GrandSnecko","floor":52,"turns":14}],"seed_played":"-513505571806338118","potions_obtained":[{"floor":2.0,"key":"PowerPotion"},{"floor":5.0,"key":"EntropicBrew"},{"floor":10.0,"key":"LiquidBronze"},{"floor":12.0,"key":"Fire Potion"},{"floor":20.0,"key":"bronze:BurnAndBuffPotion"},{"floor":22.0,"key":"conspire:TimeTravelPotion"},{"floor":32.0,"key":"Reflective Coating"},{"floor":35.0,"key":"ColorlessPotion"},{"floor":40,"key":"PowerPotion"},{"floor":44,"key":"champ:CounterPotion"},{"floor":46,"key":"Energy Potion"}],"is_trial":false,"path_per_floor":["M","M","M","$","M","E","R","$","T","M","M","E","R","M","R_BF","PTL","R","B",null,"M","M","M","M","AVR","R","M","$","T","R","M","E","M","$","R_BF","B",null,"M","?","M","M","?","E","R","E","T","M","?","$","M","?","R","B"],"character_chosen":"THE_FIREFLY","items_purchased":["thefirefly:IonizedBarrier","Blue Doll","thefirefly:EnergyShield","thefirefly:Quine","Specialist","MerchantsRug"],"campfire_rested":0,"item_purchase_floors":[4,8,8,27,27,48],"current_hp_per_floor":[57,55,54,54,40,23,23,23,23,23,22,21,21,21,21,21,21,21,60,48,48,26,26,26,26,23,23,23,23,23,23,23,23,23,23,60,62,62,62,62,65,67,67,76,76,75,72,72,72,72,72,0,0],"gold":210,"neow_bonus":"TEN_PERCENT_HP_BONUS","is_daily":false,"chose_seed":false,"campfire_upgraded":7,"win_rate":0.0,"timestamp":1613869839,"path_taken":["M","M","M","$","M","E","R","$","T","M","M","E","R","M","R_BF","PTL","R","BOSS","M","?","?","?","AVR","R","M","$","T","R","M","E","M","$","R_BF","BOSS","M","?","M","?","?","E","R","E","T","M","?","$","M","?","R","BOSS"],"items_purchased_type":["Card","Relic","Card","Card","Card","Relic"],"build_version":"2020-12-22","purchased_purges":6,"victory":false,"max_hp_per_floor":[60,60,60,60,60,60,60,60,60,60,60,60,60,60,60,60,60,60,60,60,60,60,60,60,60,60,60,60,60,60,60,60,60,60,60,60,62,62,62,62,65,67,67,76,76,76,80,80,80,80,80,20,20],"relic_stats":{"Happy Flower":[34],"counters":[29,186],"obtain_stats":[{"thefirefly:StealthSystem":0,"MerchantsRug":48,"Happy Flower":24,"thefirefly:LongRangeScanner":28,"Blue Doll":8,"thefirefly:PlasmaFairy":31,"Replay:Rubber Ducky":6,"reliquary:JackalopeAntler":42,"thefirefly:ShadowThruster":36,"halation:PrussianBluePaint":45,"Strawberry":44,"halation:EternalFortune":41,"Tiny Chest":12,"Coffee Dripper":24,"reliquary:WritOfMandamus":19,"hubris:GlazedTorus":47},{"thefirefly:StealthSystem":0,"MerchantsRug":27,"Happy Flower":14,"thefirefly:LongRangeScanner":15,"Blue Doll":5,"thefirefly:PlasmaFairy":17,"Replay:Rubber Ducky":5,"reliquary:JackalopeAntler":23,"thefirefly:ShadowThruster":19,"halation:PrussianBluePaint":24,"Strawberry":24,"halation:EternalFortune":22,"Tiny Chest":8,"Coffee Dripper":14,"reliquary:WritOfMandamus":10,"hubris:GlazedTorus":27},{"thefirefly:StealthSystem":0,"MerchantsRug":164,"Happy Flower":84,"thefirefly:LongRangeScanner":88,"Blue Doll":31,"thefirefly:PlasmaFairy":98,"Replay:Rubber Ducky":31,"reliquary:JackalopeAntler":143,"thefirefly:ShadowThruster":116,"halation:PrussianBluePaint":149,"Strawberry":149,"halation:EternalFortune":133,"Tiny Chest":50,"Coffee Dripper":84,"reliquary:WritOfMandamus":63,"hubris:GlazedTorus":164}]},"card_choices":[{"not_picked":["thefirefly:Preload","thefirefly:RollBack"],"picked":"thefirefly:IonizedBarrier","floor":1.0},{"not_picked":["thefirefly:EvasiveManeuver","thefirefly:SearingEnigma"],"picked":"thefirefly:FlareScreen","floor":2.0},{"not_picked":["thefirefly:PhantomStrike","thefirefly:Lamentation"],"picked":"thefirefly:IonizedBarrier","floor":3.0},{"not_picked":["thefirefly:NebulaVeil","thefirefly:ArtillleryBeam","thefirefly:AccountUncertainty"],"picked":"SKIP","floor":5.0},{"not_picked":["thefirefly:ReverseEngine","thefirefly:Distort","thefirefly:AccountUncertainty"],"picked":"SKIP","floor":6.0},{"not_picked":["thefirefly:EMP","thefirefly:Pacify"],"picked":"thefirefly:FlareScreen","floor":10.0},{"not_picked":["thefirefly:BreachMissile","thefirefly:EMP"],"picked":"thefirefly:FlareScreen","floor":11.0},{"not_picked":["thefirefly:AccountUncertainty","thefirefly:AutoTargeting","thefirefly:Exile"],"picked":"SKIP","floor":12.0},{"not_picked":["thefirefly:Distort","thefirefly:AutoTargeting","thefirefly:PhantomStrike"],"picked":"SKIP","floor":14.0},{"not_picked":["thefirefly:Dematerialize","thefirefly:TachyonBeam"],"picked":"thefirefly:BreachMissile","floor":18.0},{"not_picked":["thefirefly:AutoTargeting","thefirefly:AccountUncertainty"],"picked":"thefirefly:Pacify","floor":20.0},{"not_picked":["thefirefly:AccountUncertainty","thefirefly:RecollectionSubroutine"],"picked":"thefirefly:IonizedBarrier","floor":21.0},{"not_picked":["thefirefly:QuantumTunneling","thefirefly:RollBack+1","thefirefly:ErraticMotions"],"picked":"SKIP","floor":22.0},{"not_picked":["thefirefly:Rend","thefirefly:DataMiner","thefirefly:IonizedBarrier"],"picked":"SKIP","floor":23.0},{"not_picked":["thefirefly:StarCinder+1","thefirefly:Boost+1","thefirefly:Rend"],"picked":"SKIP","floor":26.0},{"not_picked":["thefirefly:Ruminate","thefirefly:FlakCannon","thefirefly:ChargedLaser+1"],"picked":"SKIP","floor":30.0},{"not_picked":["thefirefly:HyperFocus","thefirefly:ErraticMotions","thefirefly:TachyonBeam"],"picked":"SKIP","floor":31.0},{"not_picked":["thefirefly:AccountUncertainty+1","thefirefly:RollBack"],"picked":"thefirefly:ShieldGenerator","floor":32.0},{"not_picked":["thefirefly:Cosmogenesis","thefirefly:Regeneration"],"picked":"thefirefly:CreateClone","floor":35.0},{"not_picked":["thefirefly:Boost","thefirefly:NebulaVeil"],"picked":"thefirefly:EnergyShield+1","floor":37},{"not_picked":["thefirefly:QuantumTunneling","thefirefly:LaserMail"],"picked":"thefirefly:FlareScreen+1","floor":39},{"not_picked":["thefirefly:Distort","thefirefly:Boost+1","thefirefly:Bombardment"],"picked":"SKIP","floor":40},{"not_picked":["thefirefly:Reposition+1","thefirefly:SteadyAim","thefirefly:QuantumTunneling+1"],"picked":"SKIP","floor":42},{"not_picked":["thefirefly:QuantumTunneling","thefirefly:ChargedLaser+1","thefirefly:CoveringFire+1"],"picked":"SKIP","floor":44},{"not_picked":["thefirefly:Ruminate+1","thefirefly:SearingEnigma","thefirefly:StarCinder"],"picked":"SKIP","floor":46},{"not_picked":["thefirefly:AccountUncertainty","thefirefly:Bombardment"],"picked":"thefirefly:StoredPower+1","floor":47},{"not_picked":["infinitespire:FinalStrike","infinitespire:SevenWalls"],"picked":"infinitespire:Collect","floor":47},{"not_picked":["thefirefly:Boost+1","thefirefly:Rend","thefirefly:Regeneration"],"picked":"SKIP","floor":49}],"player_experience":349010,"relics_obtained":[{"floor":6.0,"key":"Replay:Rubber Ducky"},{"floor":12.0,"key":"Tiny Chest"},{"floor":28.0,"key":"thefirefly:LongRangeScanner"},{"floor":31.0,"key":"thefirefly:PlasmaFairy"},{"floor":42,"key":"reliquary:JackalopeAntler"},{"floor":44,"key":"Strawberry"},{"floor":45,"key":"halation:PrussianBluePaint"},{"floor":47,"key":"hubris:GlazedTorus"}],"event_choices":[{"damage_healed":0,"gold_gain":0,"player_choice":"Leave","damage_taken":0,"max_hp_gain":0,"max_hp_loss":0,"event_name":"conspire:Investor","floor":38,"gold_loss":0},{"damage_healed":0,"gold_gain":0,"player_choice":"Ignored","damage_taken":0,"max_hp_gain":0,"max_hp_loss":0,"event_name":"SecretPortal","floor":50,"gold_loss":0}],"is_beta":false,"boss_relics":[{"not_picked":["Cursed Key","halation:MonkeysPaw"],"picked":"reliquary:WritOfMandamus"},{"not_picked":["hubris:Backtick","halation:PlatinumPhoenix"],"picked":"thefirefly:ShadowThruster"}],"items_purged_floors":[4,8,24,27,33,48],"is_endless":false,"potions_floor_spawned":[2,5,10,12,20,22,26,32,35,40,44,46,47],"killed_by":"hubris:GrandSnecko","ascension_level":0}}