{"host":"larixs0aq140idw7","time":1613915053,"event":{"mods":["BaseMod","Colored Powertips","Downfall","Infinite Spire","Minty Spire (QoL Compilation)","Reliquary","StSLib"],"gold_per_floor":[99,114,24,24,24,24,24,38,38,68,116,116,16,1,14,14,14,14],"floor_reached":16,"language":"ENG","playtime":1127,"items_purged":["Guardian:Defend_Guardian"],"score":96,"play_id":"ee512408-2ce7-4f75-951f-53049dda8bc4","local_time":"20210221144413","is_ascension_mode":false,"campfire_choices":[{"data":"Guardian:CurlUp","floor":1,"key":"SMITH"},{"floor":6,"key":"RECALL"},{"floor":13,"key":"REST"}],"circlet_count":0,"master_deck":["Guardian:Strike_Guardian","Guardian:Strike_Guardian+1","Guardian:Strike_Guardian","Guardian:Defend_Guardian+1","Guardian:Defend_Guardian+1","Guardian:Defend_Guardian","Guardian:CurlUp+1","Guardian:TwinSlam","Guardian:SpikerProtocol","downfall:Malfunctioning","infinitespire:SealOfDarkness+","Guardian:RevengeProtocol","Guardian:PrimingBeam","Guardian:PrismaticBeam"],"relics":["Guardian:ModeShifter","reliquary:Vitrine","reliquary:PrincelyHelmet","reliquary:PartyBalloon","Bag of Marbles","downfall:BrokenWingStatue","downfall:HeartBlessingRed"],"acts_visited":["Exordium"],"potions_floor_usage":[16,16,16,16,16],"damage_taken":[{"damage":1,"enemies":"Cultist","floor":2,"turns":4},{"damage":5,"enemies":"downfall:FleeingMerchant","floor":3,"turns":4},{"damage":0,"enemies":"2 Louse","floor":8,"turns":4},{"damage":20,"enemies":"Lagavulin","floor":10,"turns":11},{"damage":0,"enemies":"downfall:FleeingMerchant","floor":14,"turns":4},{"damage":0,"enemies":"Small Slimes","floor":15,"turns":4},{"damage":87,"enemies":"WA_ARCHETYPE_RETAIN","floor":16,"turns":18}],"seed_played":"6161974381615746409","potions_obtained":[{"floor":2,"key":"GamblersBrew"},{"floor":8,"key":"SpeedPotion"},{"floor":15,"key":"EntropicBrew"}],"is_trial":false,"path_per_floor":["R","M","$","?","?","R","T","M","?","E","T","?","R","$","M","B"],"character_chosen":"GUARDIAN","items_purchased":[],"campfire_rested":1,"item_purchase_floors":[],"current_hp_per_floor":[88,87,82,79,79,79,79,79,57,37,37,37,63,63,63,0,0,0],"gold":14,"neow_bonus":"TEN_PERCENT_HP_BONUS","is_daily":false,"chose_seed":false,"campfire_upgraded":1,"win_rate":0.0,"timestamp":1613915053,"path_taken":["R","M","$","?","?","R","T","M","?","E","?","?","R","$","M","BOSS"],"items_purchased_type":[],"build_version":"2020-12-22","purchased_purges":1,"victory":false,"max_hp_per_floor":[88,88,88,88,88,88,88,88,88,88,88,88,88,88,88,88,88,88],"card_choices":[{"not_picked":["Guardian:DonusPower","Guardian:Planning"],"picked":"Guardian:Gem_Cyan","floor":2},{"not_picked":["Guardian:Gem_Yellow","Guardian:RefractedBeam"],"picked":"Guardian:SpikerProtocol","floor":3},{"not_picked":["Guardian:ArmoredProtocol","Guardian:PrimingBeam"],"picked":"Guardian:Gem_Purple","floor":8},{"not_picked":["infinitespire:UltimateForm","infinitespire:TheBestDefense"],"picked":"infinitespire:SealOfDarkness+","floor":9},{"not_picked":["Guardian:ShieldCharger","Guardian:SpikerProtocol"],"picked":"Guardian:RevengeProtocol","floor":10},{"not_picked":["Guardian:Preprogram","Guardian:TemporalShield"],"picked":"Guardian:PrimingBeam","floor":14},{"not_picked":["Guardian:ChargeCore","Guardian:Reroute"],"picked":"Guardian:PrismaticBeam","floor":15}],"player_experience":9092,"relics_obtained":[{"floor":7,"key":"reliquary:PrincelyHelmet"},{"floor":10,"key":"reliquary:PartyBalloon"},{"floor":11,"key":"Bag of Marbles"}],"event_choices":[{"damage_healed":0,"gold_gain":0,"player_choice":"Success","damage_taken":3,"relics_obtained":["reliquary:Vitrine"],"max_hp_gain":0,"max_hp_loss":0,"event_name":"Scrap Ooze","floor":4,"gold_loss":0}],"is_beta":false,"boss_relics":[],"items_purged_floors":[3],"is_endless":false,"potions_floor_spawned":[2,8,15],"killed_by":"WA_ARCHETYPE_RETAIN","ascension_level":0}}