{"host":"9pqy5lt7vda52ebm","time":1613878409,"event":{"mods":["BaseMod","Minty Spire (QoL Compilation)","Optimize The Spire","Quick Restart","Shapeshifter Mod","StSLib"],"gold_per_floor":[117,132,57,68,93,135,135,35,35,35,35,35,68,86,86,208,208,246,278,310,310,39,39,75,105,153,153,153,186,186,32,32,138,138,197,197,255,282,93,93,119,119,119,150,180,180,180,203,203,207],"floor_reached":51,"language":"ENG","playtime":7595,"items_purged":["StSShapeShifter:ShapeShifter_Defend","StSShapeShifter:ShapeShifter_Strike","StSShapeShifter:Lynx_Form"],"score":703,"play_id":"cedecd89-5a4a-4970-ae29-85ad225263f2","local_time":"20210220223329","is_ascension_mode":false,"campfire_choices":[{"data":"StSShapeShifter:WolfForm","floor":7,"key":"SMITH"},{"data":"StSShapeShifter:RaptorForm","floor":10,"key":"SMITH"},{"data":"StSShapeShifter:ThornToss","floor":12,"key":"SMITH"},{"data":"StSShapeShifter:Tortoise_Form","floor":15,"key":"SMITH"},{"data":"StSShapeShifter:RitualOfTheElders","floor":23,"key":"SMITH"},{"data":"StSShapeShifter:ThornedSkin","floor":27,"key":"SMITH"},{"data":"StSShapeShifter:FlowerShield","floor":30,"key":"SMITH"},{"data":"StSShapeShifter:Pounce","floor":32,"key":"SMITH"},{"data":"StSShapeShifter:Uproot_Redwood","floor":40,"key":"SMITH"},{"data":"StSShapeShifter:TopazSkin","floor":42,"key":"SMITH"},{"data":"StSShapeShifter:MysticalSeed","floor":46,"key":"SMITH"},{"data":"StSShapeShifter:UnicornForm","floor":49,"key":"SMITH"}],"circlet_count":0,"master_deck":["StSShapeShifter:ShapeShifter_Strike","StSShapeShifter:ShapeShifter_Strike","StSShapeShifter:ShapeShifter_Strike","StSShapeShifter:ShapeShifter_Strike","StSShapeShifter:ShapeShifter_Defend","StSShapeShifter:ShapeShifter_Defend","StSShapeShifter:ShapeShifter_Defend","StSShapeShifter:ShapeShifter_Defend","StSShapeShifter:Tortoise_Form+1","StSShapeShifter:WolfForm+1","StSShapeShifter:RaptorForm+1","StSShapeShifter:FoxForm","StSShapeShifter:ThornToss+1","StSShapeShifter:Guard","StSShapeShifter:Pounce+1","StSShapeShifter:RitualOfTheElders+1","StSShapeShifter:ThornedSkin+1","StSShapeShifter:Guard","StSShapeShifter:FlowerShield+1","StSShapeShifter:Uproot_Redwood+1","StSShapeShifter:Efflorescence+1","StSShapeShifter:TopazSkin+1","StSShapeShifter:ShiftingStrike","StSShapeShifter:MysticalSeed+1","StSShapeShifter:UnicornForm+1"],"relics":["StSShapeShifter:AnimalHeart","StSShapeShifter:TheShapeShiftersMagnolia","Gambling Chip","Frozen Egg 2","Omamori","Coffee Dripper","Medical Kit","Kunai","Bag of Marbles","StSShapeShifter:PetrifiedLog","Strange Spoon","Runic Pyramid","StSShapeShifter:DruidicMedallion","Mango","Pocketwatch","Happy Flower"],"acts_visited":["Exordium","TheCity","TheBeyond"],"potions_floor_usage":[16,33,37,44],"damage_taken":[{"damage":1,"enemies":"Cultist","floor":1,"turns":3},{"damage":0,"enemies":"2 Louse","floor":2,"turns":2},{"damage":0,"enemies":"Small Slimes","floor":4,"turns":4},{"damage":11,"enemies":"Exordium Wildlife","floor":5,"turns":6},{"damage":38,"enemies":"Lagavulin","floor":6,"turns":8},{"damage":4,"enemies":"Gremlin Nob","floor":13,"turns":3},{"damage":0,"enemies":"Large Slime","floor":14,"turns":3},{"damage":18,"enemies":"The Guardian","floor":16,"turns":10},{"damage":4,"enemies":"3 Byrds","floor":18,"turns":6},{"damage":5,"enemies":"Chosen","floor":19,"turns":4},{"damage":9,"enemies":"3 Cultists","floor":20,"turns":6},{"damage":18,"enemies":"Book of Stabbing","floor":24,"turns":7},{"damage":4,"enemies":"Centurion and Healer","floor":25,"turns":14},{"damage":13,"enemies":"Snake Plant","floor":29,"turns":4},{"damage":79,"enemies":"Collector","floor":33,"turns":11},{"damage":38,"enemies":"3 Darklings","floor":35,"turns":17},{"damage":15,"enemies":"2 Orb Walkers","floor":37,"turns":5},{"damage":3,"enemies":"Orb Walker","floor":38,"turns":3},{"damage":2,"enemies":"3 Darklings","floor":41,"turns":7},{"damage":6,"enemies":"Transient","floor":44,"turns":5},{"damage":9,"enemies":"Nemesis","floor":45,"turns":5},{"damage":65,"enemies":"Awakened One","floor":50,"turns":16}],"seed_played":"1671895497941977095","potions_obtained":[{"floor":1,"key":"BlessingOfTheForge"},{"floor":4,"key":"DistilledChaos"},{"floor":14,"key":"Weak Potion"},{"floor":16,"key":"FearPotion"},{"floor":20,"key":"Ancient Potion"},{"floor":41,"key":"SpeedPotion"}],"is_trial":false,"path_per_floor":["M","M","$","M","M","E","R","$","T","R","?","R","E","M","R","B",null,"M","M","M","?","$","R","E","M","T","R","?","M","R","$","R","B",null,"M","?","?","M","$","R","M","R","T","M","E","R","?","T","R","B",null],"character_chosen":"SHAPESHIFTER","items_purchased":["Medical Kit","Strange Spoon","StSShapeShifter:DruidicMedallion","StSShapeShifter:TopazSkin"],"campfire_rested":0,"item_purchase_floors":[22,31,39,39],"current_hp_per_floor":[84,84,84,85,78,46,46,46,46,46,46,46,42,48,48,33,85,83,80,85,67,67,67,55,78,78,78,78,68,68,68,68,10,108,120,120,117,120,120,120,129,129,143,140,143,143,143,143,143,120],"gold":207,"neow_bonus":"TEN_PERCENT_HP_BONUS","is_daily":false,"chose_seed":false,"campfire_upgraded":12,"win_rate":0.0,"timestamp":1613878409,"path_taken":["M","?","$","M","M","E","R","$","T","R","?","R","E","?","R","BOSS","M","M","M","?","$","R","E","M","T","R","?","M","R","$","R","BOSS","M","?","?","M","?","R","M","R","T","M","E","R","?","?","R","BOSS"],"items_purchased_type":["Relic","Relic","Relic","Card"],"build_version":"2020-12-22","purchased_purges":3,"victory":true,"max_hp_per_floor":[85,85,85,85,85,85,85,85,85,85,85,85,85,85,85,85,85,87,89,91,96,96,96,99,102,102,102,102,105,105,105,105,108,108,120,120,120,123,123,123,129,129,143,146,152,152,152,152,152,158],"card_choices":[{"not_picked":["StSShapeShifter:PantherForm","StSShapeShifter:BladeOfGrass"],"picked":"StSShapeShifter:WolfForm","floor":1},{"not_picked":["StSShapeShifter:FallingLeaves","StSShapeShifter:SunflowerShuriken"],"picked":"StSShapeShifter:RaptorForm","floor":2},{"not_picked":["StSShapeShifter:DiverseSpirit","StSShapeShifter:VileMushroom"],"picked":"StSShapeShifter:FoxForm","floor":4},{"not_picked":["StSShapeShifter:BulwarkOfDiscovery","StSShapeShifter:PantherForm"],"picked":"StSShapeShifter:ThornToss","floor":5},{"not_picked":["StSShapeShifter:BloomingSlash","StSShapeShifter:AdaptiveStrikes","StSShapeShifter:SunflowerShuriken"],"picked":"SKIP","floor":6},{"not_picked":["StSShapeShifter:FruitBasket","StSShapeShifter:SunflowerShuriken"],"picked":"StSShapeShifter:Pounce","floor":13},{"not_picked":["StSShapeShifter:BladeOfGrass","StSShapeShifter:SunflowerShuriken","StSShapeShifter:Garden+1"],"picked":"SKIP","floor":14},{"not_picked":["StSShapeShifter:RitualOfTheExtinct","StSShapeShifter:Pounce"],"picked":"StSShapeShifter:RitualOfTheElders","floor":16},{"not_picked":["StSShapeShifter:EagleForm","StSShapeShifter:Roar","StSShapeShifter:MonkeyForm"],"picked":"SKIP","floor":18},{"not_picked":["StSShapeShifter:AdaptiveStrikes","StSShapeShifter:PoisonIvy+1","StSShapeShifter:Rest+1"],"picked":"SKIP","floor":19},{"not_picked":["StSShapeShifter:ThornToss","StSShapeShifter:OakBlade"],"picked":"StSShapeShifter:ThornedSkin","floor":20},{"not_picked":["StSShapeShifter:Evolution+1","StSShapeShifter:WiltingWrath+1"],"picked":"StSShapeShifter:Guard","floor":24},{"not_picked":["StSShapeShifter:Spring+1","StSShapeShifter:Roar","StSShapeShifter:DeerForm+1"],"picked":"SKIP","floor":25},{"not_picked":["StSShapeShifter:SunflowerShuriken","StSShapeShifter:Synchronicity+1"],"picked":"StSShapeShifter:FlowerShield","floor":29},{"not_picked":["StSShapeShifter:FullMoon+1","StSShapeShifter:Tornado"],"picked":"StSShapeShifter:Uproot_Redwood","floor":33},{"not_picked":["StSShapeShifter:SunflowerShuriken+1","StSShapeShifter:RatForm","StSShapeShifter:ThornToss"],"picked":"SKIP","floor":35},{"not_picked":["StSShapeShifter:Garden+1","StSShapeShifter:Maul"],"picked":"StSShapeShifter:Efflorescence+1","floor":38},{"not_picked":["StSShapeShifter:CursedApple","StSShapeShifter:FallingLeaves+1"],"picked":"StSShapeShifter:ShiftingStrike","floor":41},{"not_picked":["StSShapeShifter:FlowerShield","StSShapeShifter:SunflowerShuriken","StSShapeShifter:TopazSkin"],"picked":"SKIP","floor":44},{"not_picked":["StSShapeShifter:CosmicShifter+1","StSShapeShifter:Guard"],"picked":"StSShapeShifter:MysticalSeed","floor":45}],"player_experience":312921,"relics_obtained":[{"floor":6,"key":"Gambling Chip"},{"floor":9,"key":"Frozen Egg 2"},{"floor":13,"key":"Omamori"},{"floor":24,"key":"Kunai"},{"floor":26,"key":"Bag of Marbles"},{"floor":43,"key":"Mango"},{"floor":45,"key":"Pocketwatch"},{"floor":48,"key":"Happy Flower"}],"event_choices":[{"damage_healed":0,"gold_gain":0,"player_choice":"1 cards matched","damage_taken":0,"max_hp_gain":0,"max_hp_loss":0,"event_name":"Match and Keep!","floor":11,"gold_loss":0,"cards_obtained":["StSShapeShifter:Guard"]},{"damage_healed":0,"gold_gain":0,"player_choice":"Shed Blood","damage_taken":23,"max_hp_gain":5,"max_hp_loss":0,"event_name":"Forgotten Altar","floor":21,"gold_loss":0},{"damage_healed":0,"gold_gain":0,"player_choice":"Stole Relic","damage_taken":0,"relics_obtained":["StSShapeShifter:PetrifiedLog"],"max_hp_gain":0,"max_hp_loss":0,"event_name":"Addict","floor":28,"gold_loss":0,"cards_obtained":["Shame"]},{"damage_healed":0,"gold_gain":0,"player_choice":"Fight","damage_taken":0,"max_hp_gain":0,"max_hp_loss":0,"event_name":"Mysterious Sphere","floor":37,"gold_loss":0}],"is_beta":false,"boss_relics":[{"not_picked":["Philosopher\u0027s Stone","Snecko Eye"],"picked":"Coffee Dripper"},{"not_picked":["Cursed Key","Runic Dome"],"picked":"Runic Pyramid"}],"items_purged_floors":[3,8,22],"is_endless":false,"potions_floor_spawned":[1,4,14,16,19,20,25,41],"ascension_level":0}}