{"host":"jt67skv49snb75sm","time":1613925945,"event":{"mods":["BaseMod","Bestiary","Minty Spire (QoL Compilation)","Relic Stats"],"gold_per_floor":[20,20,45,70,70,70,70],"floor_reached":6,"language":"ENG","playtime":259,"items_purged":[],"score":72,"play_id":"ba4825e7-3544-4f99-8ba2-082cd8cb723a","local_time":"20210221174545","is_ascension_mode":true,"campfire_choices":[],"circlet_count":0,"master_deck":["AscendersBane","Strike_G","Strike_G","Strike_G","Strike_G","Defend_G","Defend_G","Defend_G","Defend_G","Survivor","Neutralize","Concentrate","Setup","Eviscerate","Dagger Spray","Leg Sweep"],"relics":["Ring of the Snake","Golden Idol","Kunai"],"acts_visited":["Exordium"],"potions_floor_usage":[6],"damage_taken":[{"damage":13,"enemies":"Cultist","floor":1,"turns":5},{"damage":9,"enemies":"2 Louse","floor":3,"turns":4},{"damage":7,"enemies":"Jaw Worm","floor":4,"turns":4},{"damage":26,"enemies":"Gremlin Nob","floor":6,"turns":3}],"seed_played":"-3297920635221290478","potions_obtained":[{"floor":1,"key":"SteroidPotion"}],"is_trial":false,"path_per_floor":["M","?","M","M","?","E"],"character_chosen":"THE_SILENT","items_purchased":[],"campfire_rested":0,"item_purchase_floors":[],"current_hp_per_floor":[46,46,37,30,19,0,0],"gold":70,"neow_bonus":"TRANSFORM_TWO_CARDS","is_daily":false,"chose_seed":false,"campfire_upgraded":0,"win_rate":0.0,"timestamp":1613925945,"path_taken":["M","?","M","M","?","E"],"items_purchased_type":[],"build_version":"2020-12-22","purchased_purges":0,"victory":false,"max_hp_per_floor":[66,60,60,60,60,60,60],"relic_stats":{"counters":[4,16],"Golden Idol":10,"Kunai":[0],"obtain_stats":[{"Golden Idol":2,"Kunai":5,"Ring of the Snake":0},{"Golden Idol":1,"Kunai":3,"Ring of the Snake":0},{"Golden Idol":5,"Kunai":13,"Ring of the Snake":0}],"Ring of the Snake":[8]},"card_choices":[{"not_picked":["Terror","Dagger Throw"],"picked":"Eviscerate","floor":1},{"not_picked":["Infinite Blades","Deadly Poison"],"picked":"Dagger Spray","floor":3},{"not_picked":["Calculated Gamble","Deflect"],"picked":"Leg Sweep","floor":4}],"player_experience":849364,"relics_obtained":[],"event_choices":[{"damage_healed":0,"gold_gain":0,"player_choice":"Lose Max HP","damage_taken":0,"relics_obtained":["Golden Idol"],"max_hp_gain":0,"max_hp_loss":6,"event_name":"Golden Idol","floor":2,"gold_loss":0},{"damage_healed":0,"gold_gain":0,"player_choice":"Success","damage_taken":11,"relics_obtained":["Kunai"],"max_hp_gain":0,"max_hp_loss":0,"event_name":"Scrap Ooze","floor":5,"gold_loss":0}],"is_beta":false,"boss_relics":[],"items_purged_floors":[],"is_endless":false,"potions_floor_spawned":[1],"killed_by":"Gremlin Nob","ascension_level":20}}