{"host":"9pdg8buogrkk8pz5","time":1613934207,"event":{"mods":["AchievementEnabler","Act Like it!","Bard","BaseMod","ChefMod","Dark Map","Minty Spire (QoL Compilation)","Potionbrewer","StSLib","The Cursed","The Disciple","The Forsaken","The Marked","The Runesmith","The Showman","The Spell Scribe","TheVacant"],"gold_per_floor":[117,82,82,82,41,41,41,66,121,137,212,239,68,91,91,217,280,295,295,107,130,130,170,170,184,210,210,228,228,242,163,163,291,291,312,312,312,337,357,357,378,392,417,417,417,438,438,418,418],"floor_reached":48,"language":"ENG","playtime":5243,"items_purged":[],"score":565,"play_id":"79a5ec4b-8583-4d21-bcf7-e8c143b47b9e","local_time":"20210221140327","is_ascension_mode":false,"campfire_choices":[{"data":"potionbrewer:Collect","floor":6,"key":"SMITH"},{"floor":15,"key":"REST"},{"floor":24,"key":"REST"},{"floor":29,"key":"REST"},{"floor":32,"key":"REST"},{"floor":40,"key":"REST"},{"floor":45,"key":"REST"}],"circlet_count":0,"master_deck":["potionbrewer:PotionbrewerStrike","potionbrewer:PotionbrewerStrike","potionbrewer:PotionbrewerStrike","potionbrewer:PotionbrewerStrike+1","potionbrewer:PotionbrewerDefend","potionbrewer:PotionbrewerDefend+1","potionbrewer:PotionbrewerDefend","potionbrewer:PotionbrewerDefend","potionbrewer:Collect+1","potionbrewer:ChemicalSpill+1","potionbrewer:FlashPowder","potionbrewer:PrivateReserves","Injury","potionbrewer:CausticBarrier+1","potionbrewer:OneTwoPunch","potionbrewer:Shovel","potionbrewer:FortifiedSerum","potionbrewer:SpecialFormula+1","potionbrewer:Toxicity","potionbrewer:Refill","potionbrewer:ChemicalWeapons","potionbrewer:FlashPowder","potionbrewer:Contingency","potionbrewer:FortifiedSerum","potionbrewer:FortifiedSerum","Regret","Discovery","potionbrewer:TestFormula","potionbrewer:FuelCell","potionbrewer:Smokescreen","potionbrewer:Smack","Writhe","potionbrewer:Smack+1","potionbrewer:BalancedFormula+1","potionbrewer:Smack","potionbrewer:Shovel+1","potionbrewer:CausticBarrier+1"],"relics":["potionbrewer:PotionKit","Golden Idol","PreservedInsect","theForsaken:Gavel","Potion Belt","Tiny House","theForsaken:ScaryMask","Whetstone","SacredBark","War Paint"],"acts_visited":["Exordium","TheCity","TheBeyond"],"potions_floor_usage":[1,8,8,14,16,16,16,16,18,18,20,21,23,23,25,25,25,28,28,28,28,28,30,30,30,33,33,33,33,33,33,35,35,38,39,39,41,41,41,41,41,42,42,42,46,46,46,46,46,46,48,48],"damage_taken":[{"damage":6,"enemies":"Jaw Worm","floor":1,"turns":4},{"damage":0,"enemies":"2 Louse","floor":8,"turns":1},{"damage":0,"enemies":"Small Slimes","floor":10,"turns":6},{"damage":7,"enemies":"3 Louse","floor":14,"turns":3},{"damage":72,"enemies":"The Guardian","floor":16,"turns":16},{"damage":8,"enemies":"Shell Parasite","floor":18,"turns":6},{"damage":30,"enemies":"Chosen","floor":21,"turns":7},{"damage":28,"enemies":"Book of Stabbing","floor":23,"turns":8},{"damage":29,"enemies":"Shelled Parasite and Fungi","floor":25,"turns":9},{"damage":43,"enemies":"Cultist and Chosen","floor":28,"turns":7},{"damage":10,"enemies":"Centurion and Healer","floor":30,"turns":8},{"damage":51,"enemies":"Collector","floor":33,"turns":12},{"damage":89,"enemies":"3 Darklings","floor":35,"turns":15},{"damage":34,"enemies":"Orb Walker","floor":38,"turns":5},{"damage":50,"enemies":"Transient","floor":39,"turns":5},{"damage":29,"enemies":"Sphere and 2 Shapes","floor":41,"turns":10},{"damage":15,"enemies":"Jaw Worm Horde","floor":42,"turns":6},{"damage":36,"enemies":"Transient","floor":46,"turns":5},{"damage":12,"enemies":"3 Darklings","floor":48,"turns":4}],"seed_played":"971834226191080518","potions_obtained":[{"floor":8,"key":"Fruit Juice"},{"floor":16,"key":"potionbrewer:DiscountPotion"},{"floor":17,"key":"Block Potion"},{"floor":18,"key":"DuplicationPotion"},{"floor":23,"key":"Swift Potion"},{"floor":35,"key":"potionbrewer:QuicksilverPotion"},{"floor":39,"key":"potionbrewer:InfectionPotion"},{"floor":41,"key":"AttackPotion"}],"is_trial":false,"path_per_floor":["M","?","?","?","$","R","?","M","T","M","?","T","$","M","R","B",null,"M","?","$","M","?","E","R","M","T","?","M","R","M","$","R","B",null,"M","?","?","M","M","R","M","M","T","?","R","M","?","M"],"character_chosen":"POTIONBREWER","items_purchased":["potionbrewer:PrivateReserves","Potion Belt","potionbrewer:Shovel","Fruit Juice","potionbrewer:ChemicalWeapons","potionbrewer:FlashPowder","potionbrewer:Smokescreen","potionbrewer:DiscountPotion"],"campfire_rested":6,"item_purchase_floors":[5,13,13,20,20,20,31,31],"current_hp_per_floor":[76,82,82,82,82,82,82,87,87,87,76,76,76,69,87,15,92,84,69,74,44,76,48,77,48,48,48,5,34,24,24,53,2,97,8,32,107,73,23,55,26,11,11,11,43,7,7,0,0],"gold":418,"neow_bonus":"TEN_PERCENT_HP_BONUS","is_daily":false,"chose_seed":false,"campfire_upgraded":1,"win_rate":0.0,"timestamp":1613934207,"path_taken":["M","?","?","?","$","R","?","M","T","M","?","?","$","M","R","BOSS","M","?","$","M","?","E","R","M","T","?","M","R","?","$","R","BOSS","M","?","?","?","?","R","M","M","T","?","R","M","?","M"],"items_purchased_type":["Card","Relic","Card","Potion","Card","Card","Card","Potion"],"build_version":"2020-12-22","purchased_purges":0,"victory":false,"max_hp_per_floor":[82,82,82,82,82,82,82,87,87,87,87,87,87,87,87,87,92,92,92,97,97,97,97,97,97,97,97,97,97,97,97,97,97,97,97,97,107,107,107,107,107,107,107,107,107,107,107,107,107],"card_choices":[{"not_picked":["potionbrewer:TestFormula","potionbrewer:LabJournal"],"picked":"potionbrewer:FlashPowder","floor":1},{"not_picked":["potionbrewer:Refill","potionbrewer:ExothermicReaction"],"picked":"potionbrewer:CausticBarrier","floor":8},{"not_picked":["potionbrewer:AlchemistForm","potionbrewer:TimeBomb"],"picked":"potionbrewer:OneTwoPunch","floor":10},{"not_picked":["potionbrewer:PortableLab","potionbrewer:ExplosiveReaction"],"picked":"potionbrewer:FortifiedSerum","floor":14},{"not_picked":["potionbrewer:Accelerant","potionbrewer:BeatDown"],"picked":"potionbrewer:SpecialFormula","floor":16},{"not_picked":["potionbrewer:TestFormula","potionbrewer:OneTwoPunch"],"picked":"potionbrewer:Toxicity","floor":17},{"not_picked":["potionbrewer:FlareUp","potionbrewer:ExplosiveReaction+1"],"picked":"potionbrewer:Refill","floor":18},{"not_picked":["potionbrewer:EmptyBottle+1","potionbrewer:Fuel"],"picked":"potionbrewer:Contingency","floor":21},{"not_picked":["potionbrewer:Toxicity","potionbrewer:AcidCloud"],"picked":"potionbrewer:FortifiedSerum","floor":23},{"not_picked":["potionbrewer:FlareUp+1","potionbrewer:UnstableFormula","potionbrewer:Prototype"],"picked":"potionbrewer:FortifiedSerum","floor":25},{"not_picked":["potionbrewer:TestSubject+1","potionbrewer:Brandish+1"],"picked":"potionbrewer:TestFormula","floor":28},{"not_picked":["potionbrewer:AnotherRound","potionbrewer:ExothermicReaction+1"],"picked":"potionbrewer:FuelCell","floor":30},{"not_picked":["potionbrewer:Transmute","potionbrewer:TwoForOne"],"picked":"potionbrewer:Hoarder","floor":33},{"not_picked":["potionbrewer:LeftoverSpecimen","potionbrewer:Biohazard","potionbrewer:Prototype"],"picked":"potionbrewer:Smack","floor":35},{"not_picked":["potionbrewer:LeftoverSpecimen","potionbrewer:ChokingPowder","potionbrewer:Prototype"],"picked":"potionbrewer:Smack+1","floor":38},{"not_picked":["potionbrewer:Toxicity+1","potionbrewer:PrivateReserves+1"],"picked":"potionbrewer:BalancedFormula+1","floor":39},{"not_picked":["potionbrewer:LabJournal+1","potionbrewer:Refill"],"picked":"potionbrewer:Smack","floor":41},{"not_picked":["potionbrewer:ChokingPowder","potionbrewer:ChemicalShroud+1"],"picked":"potionbrewer:Shovel+1","floor":42},{"not_picked":["potionbrewer:Brandish","potionbrewer:Spark"],"picked":"potionbrewer:CausticBarrier+1","floor":46}],"player_experience":90839,"relics_obtained":[{"floor":9,"key":"PreservedInsect"},{"floor":12,"key":"theForsaken:Gavel"},{"floor":23,"key":"theForsaken:ScaryMask"},{"floor":26,"key":"Whetstone"},{"floor":43,"key":"War Paint"}],"event_choices":[{"damage_healed":20,"gold_gain":0,"player_choice":"Healed","damage_taken":0,"max_hp_gain":0,"max_hp_loss":0,"event_name":"The Cleric","floor":2,"gold_loss":35},{"damage_healed":0,"gold_gain":0,"player_choice":"Ignored","damage_taken":0,"max_hp_gain":0,"max_hp_loss":0,"event_name":"Shining Light","floor":3,"gold_loss":0},{"damage_healed":0,"gold_gain":0,"player_choice":"Ignored","damage_taken":0,"max_hp_gain":0,"max_hp_loss":0,"event_name":"Golden Wing","floor":4,"gold_loss":0},{"damage_healed":0,"gold_gain":0,"player_choice":"Take Wound","damage_taken":0,"relics_obtained":["Golden Idol"],"max_hp_gain":0,"max_hp_loss":0,"event_name":"Golden Idol","floor":7,"gold_loss":0,"cards_obtained":["Injury"]},{"damage_healed":0,"gold_gain":75,"player_choice":"Gather Gold","damage_taken":11,"max_hp_gain":0,"max_hp_loss":0,"event_name":"World of Goop","floor":11,"gold_loss":0},{"damage_healed":32,"gold_gain":0,"player_choice":"Heal","damage_taken":0,"max_hp_gain":0,"max_hp_loss":0,"event_name":"The Library","floor":22,"gold_loss":0},{"damage_healed":0,"gold_gain":0,"player_choice":"2 cards matched","damage_taken":0,"max_hp_gain":0,"max_hp_loss":0,"event_name":"Match and Keep!","floor":27,"gold_loss":0,"cards_obtained":["Regret","Discovery"]},{"damage_healed":24,"gold_gain":0,"player_choice":"Writhe","damage_taken":0,"max_hp_gain":0,"max_hp_loss":0,"event_name":"Winding Halls","floor":36,"gold_loss":0,"cards_obtained":["Writhe"]},{"cards_removed":["potionbrewer:Hoarder"],"damage_healed":65,"gold_gain":0,"player_choice":"Offered Rare","damage_taken":0,"max_hp_gain":10,"max_hp_loss":0,"event_name":"Bonfire Elementals","floor":37,"gold_loss":0},{"damage_healed":0,"gold_gain":0,"player_choice":"Ignored","damage_taken":0,"max_hp_gain":0,"max_hp_loss":0,"event_name":"Tomb of Lord Red Mask","floor":44,"gold_loss":0},{"damage_healed":0,"gold_gain":0,"player_choice":"Ignored","damage_taken":0,"max_hp_gain":0,"max_hp_loss":0,"event_name":"Mysterious Sphere","floor":47,"gold_loss":0}],"is_beta":false,"boss_relics":[{"not_picked":["Runesmith:UraniumAnvil","Empty Cage"],"picked":"Tiny House"},{"not_picked":["Snecko Eye","Cursed Key"],"picked":"SacredBark"}],"items_purged_floors":[],"is_endless":false,"potions_floor_spawned":[8,16,18,23,35,39,41],"killed_by":"3 Darklings","ascension_level":0}}