{"host":"yx5rao87132cy5xq","time":1613871256,"event":{"mods":["2.2 Compatiblity","AchievementEnabler","BaseMod","Bestiary","Colored Map","Colored Powertips","Minty Spire (QoL Compilation)","Quick Restart","Relic Stats","Slay-I","SuperFastMode"],"gold_per_floor":[119,135,155,155,169,194,194,213,238,256,256,15,29,45,45,124,124,138,138,62,76,90,90,90],"floor_reached":23,"language":"ENG","playtime":1062,"items_purged":["Strike_R"],"score":384,"play_id":"a248ed4d-3a1b-475a-a8b7-60a78741a6bc","local_time":"20210221023416","is_ascension_mode":true,"campfire_choices":[{"data":"Uppercut","floor":7,"key":"SMITH"},{"floor":15,"key":"REST"}],"circlet_count":0,"master_deck":["AscendersBane","Strike_R","Strike_R","Strike_R","Strike_R","Defend_R","Defend_R","Defend_R","Defend_R","Bash","Clash","Carnage","Disarm","Armaments","Uppercut+1","Feel No Pain","Warcry","Power Through","Immolate","Evolve","Flex+1","Immolate"],"relics":["Burning Blood","Sundial","Bag of Preparation","MealTicket","Toolbox","Mark of Pain"],"acts_visited":["Exordium","TheCity"],"potions_floor_usage":[6,8,8,16,16,22,23],"damage_taken":[{"damage":12.0,"enemies":"Jaw Worm","floor":1.0,"turns":4.0},{"damage":10.0,"enemies":"Small Slimes","floor":2.0,"turns":3.0},{"damage":6.0,"enemies":"Cultist","floor":3.0,"turns":3.0},{"damage":13.0,"enemies":"Exordium Wildlife","floor":5.0,"turns":4.0},{"damage":26,"enemies":"Gremlin Nob","floor":6,"turns":4},{"damage":20,"enemies":"Gremlin Gang","floor":8,"turns":6},{"damage":6,"enemies":"Large Slime","floor":10,"turns":6},{"damage":7,"enemies":"Looter","floor":13,"turns":4},{"damage":0,"enemies":"2 Fungi Beasts","floor":14,"turns":4},{"damage":25,"enemies":"The Guardian","floor":16,"turns":8},{"damage":23,"enemies":"3 Byrds","floor":18,"turns":6},{"damage":24,"enemies":"Shell Parasite","floor":21,"turns":6},{"damage":37,"enemies":"3 Cultists","floor":22,"turns":5},{"damage":15,"enemies":"Book of Stabbing","floor":23,"turns":2}],"seed_played":"-7899629114927145766","potions_obtained":[{"floor":0.0,"key":"EntropicBrew"},{"floor":6,"key":"Energy Potion"},{"floor":14,"key":"FearPotion"},{"floor":16,"key":"EntropicBrew"},{"floor":22,"key":"GamblersBrew"}],"is_trial":false,"path_per_floor":["M","M","M","?","M","E","R","M","T","M","?","$","M","M","R","B",null,"M","?","$","M","M","E"],"character_chosen":"IRONCLAD","items_purchased":["Toolbox","Evolve"],"campfire_rested":1,"item_purchase_floors":[12,20],"current_hp_per_floor":[62,58,58,58,51,31,31,17,17,17,17,32,31,37,59,40,66,49,49,64,46,15,0,0],"gold":90,"neow_bonus":"THREE_SMALL_POTIONS","is_daily":false,"chose_seed":false,"campfire_upgraded":1,"win_rate":0.0,"timestamp":1613871256,"path_taken":["M","M","M","?","M","E","R","M","T","M","?","$","M","M","R","BOSS","M","?","?","M","?","E"],"items_purchased_type":["Relic","Card"],"build_version":"2020-12-22","purchased_purges":1,"victory":false,"max_hp_per_floor":[75,75,75,75,75,75,75,75,75,75,75,75,75,75,75,75,75,75,75,75,75,75,75,75],"relic_stats":{"counters":[14,65],"Sundial":[6],"MealTicket":30,"Bag of Preparation":[16],"obtain_stats":[{"Sundial":6,"Toolbox":12,"MealTicket":11,"Mark of Pain":17,"Bag of Preparation":9,"Burning Blood":0},{"Sundial":5,"Toolbox":7,"MealTicket":7,"Mark of Pain":10,"Bag of Preparation":6,"Burning Blood":0},{"Sundial":18,"Toolbox":30,"MealTicket":30,"Mark of Pain":46,"Bag of Preparation":24,"Burning Blood":0}],"Burning Blood":78},"card_choices":[{"not_picked":["Armaments","Pommel Strike"],"picked":"Clash","floor":1.0},{"not_picked":["Iron Wave","Anger"],"picked":"Carnage","floor":2.0},{"not_picked":["Carnage","Warcry"],"picked":"Disarm","floor":3.0},{"not_picked":["Seeing Red","Corruption"],"picked":"Armaments","floor":5.0},{"not_picked":["Clothesline","Sword Boomerang"],"picked":"Uppercut","floor":6},{"not_picked":["Armaments","Headbutt"],"picked":"Feel No Pain","floor":8},{"not_picked":["Pummel","Sword Boomerang","Body Slam"],"picked":"SKIP","floor":10},{"not_picked":["Blood for Blood","Heavy Blade"],"picked":"Warcry","floor":13},{"not_picked":["Seeing Red","Body Slam"],"picked":"Power Through","floor":14},{"not_picked":["Impervious","Corruption"],"picked":"Immolate","floor":16},{"not_picked":["Iron Wave","Sentinel","Twin Strike"],"picked":"SKIP","floor":18},{"not_picked":["Pommel Strike","Havoc"],"picked":"Flex+1","floor":21},{"not_picked":["Anger","Seeing Red"],"picked":"Immolate","floor":22}],"player_experience":1083455,"relics_obtained":[{"floor":6,"key":"Sundial"},{"floor":9,"key":"Bag of Preparation"}],"event_choices":[{"damage_healed":0.0,"max_hp_gain":0.0,"max_hp_loss":0.0,"gold_gain":0.0,"event_name":"Liars Game","player_choice":"Ignored","floor":4.0,"gold_loss":0.0,"damage_taken":0.0},{"damage_healed":0,"gold_gain":0,"player_choice":"Searched \u00271\u0027 times","damage_taken":0,"relics_obtained":["MealTicket"],"max_hp_gain":0,"max_hp_loss":0,"event_name":"Dead Adventurer","floor":11,"gold_loss":0},{"damage_healed":0,"gold_gain":0,"player_choice":"Ignored","damage_taken":0,"max_hp_gain":0,"max_hp_loss":0,"event_name":"Vampires","floor":19,"gold_loss":0}],"is_beta":false,"boss_relics":[{"not_picked":["Runic Cube","SacredBark"],"picked":"Mark of Pain"}],"items_purged_floors":[12],"is_endless":false,"potions_floor_spawned":[1,5,6,14,16,22],"killed_by":"Book of Stabbing","ascension_level":19}}