{"host":"c0rqchpxu0yjpthq","time":1613880620,"event":{"mods":["100% Spire Juice","ATMod(阿瑾Mod)","BaseMod","Challenge The Spire","Conspire","Downfall","HololiveMod","Minty Spire (QoL Compilation)","MostiFishMod","Prisma Mod","Reimu（博丽灵梦）","Relic Stats","Reliquary","Replay The Spire","Spicy Shops","StSLib","The Alterego","The Hierophant","WarShipGirlsR/战舰少女R mod","Wide Potions","Yakumo Yukari mod","[GremlinLeader]The Maniac","【功能Mod】聪明的最终Boss","【遗物卡牌】REMEMod"],"gold_per_floor":[118,118,118,137,185,216,235,255,307,328,328,393,420,420,420,525,525,545,609,609,664,727,762,778,778,778],"floor_reached":25,"language":"ZHS","playtime":2010,"items_purged":[],"score":285,"play_id":"58e5420d-8755-45ae-81ba-b6de363f2f94","local_time":"20210221121020","is_ascension_mode":false,"campfire_choices":[{"data":"PrismaMod:ChloeAnyCommonTrace","floor":15.0,"key":"SMITH"}],"circlet_count":0,"master_deck":["PrismaMod:ChloeCommonAttack","PrismaMod:ChloeCommonAttack","PrismaMod:ChloeCommonAttack","PrismaMod:ChloeCommonAttack","PrismaMod:ChloeCommonAttack","PrismaMod:ChloeCommonDefend","PrismaMod:ChloeCommonDefend","PrismaMod:ChloeCommonDefend","PrismaMod:ChloeCommonDefend","PrismaMod:ChloeCheapAttack","PrismaMod:ChloeCheapDefend","AT_EssenceShift","PrismaMod:ChloeAnyCommonTrace+1","Pot Of Greed","Pot Of Greed","PrismaMod:ChloeExhaustThree"],"relics":["PrismaMod:PrismaTraceOn","AT_ATBox","DaveBox","REME_ComplimentaryCards","NeowsBlessing","ShadowXiaoBlade","SynthV:TestCard","Grinning Jar","reliquary:GummyVitamins","Odd Mushroom","Ring of Peace","ReplayTheSpireMod:Ring of Challenge","reliquary:SilkGlove","bronze:MakeshiftBattery","reliquary:TuningFork","Letter Opener"],"acts_visited":["Exordium","TheCity"],"potions_floor_usage":[19,22,25],"damage_taken":[{"damage":0.0,"enemies":"Small Slimes","floor":1.0,"turns":1.0},{"damage":0.0,"enemies":"2 Louse","floor":4.0,"turns":1.0},{"damage":0.0,"enemies":"Lagavulin","floor":6.0,"turns":1.0},{"damage":0.0,"enemies":"Cultist","floor":7.0,"turns":2.0},{"damage":9.0,"enemies":"Exordium Thugs","floor":8.0,"turns":2.0},{"damage":4.0,"enemies":"The Mushroom Lair","floor":10.0,"turns":3.0},{"damage":10.0,"enemies":"2 Fungi Beasts","floor":12.0,"turns":3.0},{"damage":0.0,"enemies":"3 Sentries","floor":13.0,"turns":4.0},{"damage":0.0,"enemies":"Looter","floor":14.0,"turns":1.0},{"damage":6.0,"enemies":"The Guardian","floor":16.0,"turns":6.0},{"damage":0.0,"enemies":"Spheric Guardian","floor":18.0,"turns":1.0},{"damage":0,"enemies":"3 Byrds","floor":19,"turns":4},{"damage":31,"enemies":"Shelled Parasite and Fungi","floor":21,"turns":4},{"damage":28,"enemies":"Centurion and Healer","floor":22,"turns":3},{"damage":30,"enemies":"Slavers","floor":23,"turns":5},{"damage":13,"enemies":"3 Cultists","floor":24,"turns":4},{"damage":9,"enemies":"Gremlin Leader","floor":25,"turns":2}],"seed_played":"3781674655298491942","potions_obtained":[{"floor":1.0,"key":"Toxic Potion"},{"floor":4.0,"key":"Energy Potion"},{"floor":8.0,"key":"AttackPotion"},{"floor":12.0,"key":"FairyPotion"},{"floor":13.0,"key":"champ:CounterPotion"},{"floor":16.0,"key":"Adrenaline Potion"},{"floor":21,"key":"Adrenaline Potion"},{"floor":24,"key":"PowerPotion"}],"is_trial":false,"path_per_floor":["M","?","?","M","T","E","M","M","T","?","?","M","E","M","R","B",null,"M","M","?","M","M","E","M","E"],"character_chosen":"CHLOE","items_purchased":[],"campfire_rested":0,"item_purchase_floors":[],"current_hp_per_floor":[75,75,75,75,75,75,75,66,66,62,62,52,52,52,52,46,75,75,75,75,44,21,22,9,0,0],"gold":778,"neow_bonus":"THREE_ENEMY_KILL","is_daily":false,"chose_seed":false,"campfire_upgraded":1,"win_rate":0.0,"timestamp":1613880620,"path_taken":["M","?","?","?","?","E","M","M","T","?","?","M","E","M","R","BOSS","M","M","?","M","M","E","M","E"],"items_purchased_type":[],"build_version":"2020-12-22","purchased_purges":0,"victory":false,"max_hp_per_floor":[75,75,75,75,75,75,75,75,75,75,75,75,75,75,75,75,75,75,75,75,75,75,75,75,75,75],"relic_stats":{"counters":[17,47],"Letter Opener":[5],"obtain_stats":[{"AT_ATBox":0,"reliquary:SilkGlove":13,"DaveBox":0,"NeowsBlessing":0,"ShadowXiaoBlade":0,"Letter Opener":23,"Odd Mushroom":10,"PrismaMod:PrismaTraceOn":0,"SynthV:TestCard":1,"Ring of Peace":11,"reliquary:GummyVitamins":6,"reliquary:TuningFork":21,"Grinning Jar":5,"ReplayTheSpireMod:Ring of Challenge":11,"bronze:MakeshiftBattery":17,"REME_ComplimentaryCards":0},{"AT_ATBox":0,"reliquary:SilkGlove":8,"DaveBox":0,"NeowsBlessing":0,"ShadowXiaoBlade":0,"Letter Opener":15,"Odd Mushroom":6,"PrismaMod:PrismaTraceOn":0,"SynthV:TestCard":1,"Ring of Peace":6,"reliquary:GummyVitamins":3,"reliquary:TuningFork":13,"Grinning Jar":2,"ReplayTheSpireMod:Ring of Challenge":6,"bronze:MakeshiftBattery":10,"REME_ComplimentaryCards":0},{"AT_ATBox":0,"reliquary:SilkGlove":17,"DaveBox":0,"NeowsBlessing":0,"ShadowXiaoBlade":0,"Letter Opener":41,"Odd Mushroom":10,"PrismaMod:PrismaTraceOn":0,"SynthV:TestCard":1,"Ring of Peace":10,"reliquary:GummyVitamins":3,"reliquary:TuningFork":33,"Grinning Jar":2,"ReplayTheSpireMod:Ring of Challenge":10,"bronze:MakeshiftBattery":24,"REME_ComplimentaryCards":0}]},"card_choices":[{"not_picked":["PrismaMod:ChloeCheapAttack","PrismaMod:ChloeUncommonAOEAttack","PrismaMod:ChloeUncommonDefend"],"picked":"SKIP","floor":1.0},{"not_picked":[],"picked":"PrismaMod:ChloeAnyCommonTrace","floor":2.0},{"not_picked":["PrismaMod:ChloeExhaustOne","PrismaMod:ChloeEyeOfTheEuryale","PrismaMod:ChloeCheapDefend","PrismaMod:ChloeCheapAttack","PrismaMod:ChloeDiscardRecovery"],"picked":"SKIP","floor":4.0},{"not_picked":["PrismaMod:ChloeCheapDefend","PrismaMod:ChloeDemonicTutor","PrismaMod:ChloeGreatTracePools","PrismaMod:ChloeGaeBolg","PrismaMod:ChloeCheapAttackTwo"],"picked":"SKIP","floor":6.0},{"not_picked":["PrismaMod:ChloeChristmas","PrismaMod:ChloeCheapDefend","PrismaMod:ChloeRitsuka","PrismaMod:ChloeCommonAOEAttack","PrismaMod:ChloeDiscardRecovery"],"picked":"SKIP","floor":7.0},{"not_picked":["PrismaMod:ChloeCheapAttack","PrismaMod:ChloeCheapAttackTwo","PrismaMod:ChloeExhaustOne","PrismaMod:ChloeUncommonAttack","PrismaMod:ChloeExhaustTwo"],"picked":"SKIP","floor":8.0},{"not_picked":["PrismaMod:ChloeDoubleRelicSpeed","PrismaMod:ChloeGaeBolg","PrismaMod:ChloeEyeOfTheEuryale","PrismaMod:ChloeUncommonDefend","PrismaMod:ChloeCheapAttack"],"picked":"SKIP","floor":12.0},{"not_picked":["PrismaMod:ChloeDiscardRecovery","PrismaMod:ChloeCheapAttack","PrismaMod:ChloeUncommonAOEAttack","PrismaMod:ChloeCheapDefend","PrismaMod:ChloeHalloween"],"picked":"SKIP","floor":13.0},{"not_picked":["PrismaMod:ChloeExhaustOne","PrismaMod:ChloeCheapDefend","PrismaMod:ChloeCheapDefendTwo","PrismaMod:ChloeDiscardRecovery","PrismaMod:ChloeBetterTracePools"],"picked":"SKIP","floor":14.0},{"not_picked":["PrismaMod:ChloeCommonAOEAttack","PrismaMod:ChloeCheapAttack","PrismaMod:ChloeUncommonAOEAttack","PrismaMod:ChloeCheapDefendTwo+1","PrismaMod:ChloeCheapDefend"],"picked":"SKIP","floor":18.0},{"not_picked":["PrismaMod:ChloeCheapAttack","PrismaMod:ChloeGaeBolg","PrismaMod:ChloeDiscardRecovery+1","PrismaMod:ChloeMordred","PrismaMod:ChloeChristmas"],"picked":"SKIP","floor":19},{"not_picked":["PrismaMod:ChloeCheapDefendTwo","PrismaMod:ChloeExcalibur+1","PrismaMod:ChloeCheapAttack","PrismaMod:ChloeExhaustOne","PrismaMod:ChloeExhaustTwo"],"picked":"SKIP","floor":21},{"not_picked":["PrismaMod:ChloeCheapDefend","PrismaMod:ChloeCarnivalDefend","PrismaMod:ChloeRhongomyniad","PrismaMod:ChloeCheapAttackTwo+1","PrismaMod:ChloeRitsuka+1"],"picked":"SKIP","floor":22},{"not_picked":["PrismaMod:ChloeDemonicTutor","PrismaMod:ChloeCheapAttackTwo","PrismaMod:ChloeUncommonAOEAttack","PrismaMod:ChloeCheapAttack","PrismaMod:ChloeCheapDefendTwo"],"picked":"SKIP","floor":23},{"not_picked":["PrismaMod:ChloeCommonAOEAttack","PrismaMod:ChloeCheapAttackTwo","PrismaMod:ChloeExhaustTwo","PrismaMod:ChloeDiscardRecovery","PrismaMod:ChloeCheapDefend+1"],"picked":"SKIP","floor":24}],"player_experience":87827,"relics_obtained":[{"floor":1.0,"key":"SynthV:TestCard"},{"floor":5.0,"key":"Grinning Jar"},{"floor":6.0,"key":"reliquary:GummyVitamins"},{"floor":10.0,"key":"Odd Mushroom"},{"floor":11.0,"key":"Ring of Peace"},{"floor":11.0,"key":"ReplayTheSpireMod:Ring of Challenge"},{"floor":13.0,"key":"reliquary:SilkGlove"},{"floor":21,"key":"reliquary:TuningFork"},{"floor":23,"key":"Letter Opener"}],"event_choices":[{"damage_healed":0.0,"max_hp_gain":0.0,"max_hp_loss":0.0,"gold_gain":0.0,"event_name":"The Woman in Blue","player_choice":"Bought 0 Potions","floor":3.0,"gold_loss":0.0,"damage_taken":0.0},{"damage_healed":0.0,"max_hp_gain":0.0,"max_hp_loss":0.0,"gold_gain":0.0,"event_name":"Mushrooms","player_choice":"Fought Mushrooms","floor":10.0,"gold_loss":0.0,"damage_taken":0.0},{"cards_removed":["PrismaMod:ChloeCommonDefend"],"damage_healed":0,"gold_gain":0,"player_choice":"Purged","damage_taken":0,"max_hp_gain":0,"max_hp_loss":0,"event_name":"Purifier","floor":20,"gold_loss":0}],"is_beta":false,"boss_relics":[{"not_picked":["conspire:RunicOctahedron","OneHitWonderSystem"],"picked":"bronze:MakeshiftBattery"}],"items_purged_floors":[],"is_endless":false,"potions_floor_spawned":[1,4,8,12,13,16,18,21,24],"killed_by":"Gremlin Leader","ascension_level":0}}