{"host":"vrsxkkch9ccrec7k","time":1613893188,"event":{"mods":["Act Like it!","BaseMod","Bestiary","Better Altar","Better Match","Better Note","Better Sensory Stone","Better Skull","Better Third Choice","Better Vampires","Downfall","Minty Spire (QoL Compilation)","Permanent Neow","Relic Stats","Spicy Shops","StSLib"],"gold_per_floor":[0,10,23,40,40,40,40,65,65,78,78,98,113,145,157,252,252,252,271,281,281,299,299,378,378,6,19,32,46,76,176,191,288,288,288,304,324,1323,1323,41,41,41,93,93,38,67,67,78,92,92],"floor_reached":51,"language":"ENG","playtime":5742,"items_purged":["downfall:Icky","Slimebound:Strike_Slimebound","Slimebound:Strike_Slimebound"],"score":1188,"play_id":"ecbbfe4e-80f2-41ae-b111-aa6e5295f91f","local_time":"20210221023948","is_ascension_mode":true,"campfire_choices":[{"data":"Slimebound:CorrosiveSpit","floor":1.0,"key":"SMITH"},{"data":"Slimebound:Split","floor":6.0,"key":"SMITH"},{"data":"Slimebound:FlameTackle","floor":9.0,"key":"SMITH"},{"data":"Slimebound:Prepare","floor":11.0,"key":"SMITH"},{"data":"Slimebound:MassFeed","floor":18.0,"key":"SMITH"},{"data":"Slimebound:DisruptingSlam","floor":23.0,"key":"SMITH"},{"data":"Slimebound:DuplicatedForm","floor":35.0,"key":"SMITH"},{"data":"Slimebound:SpikyOuterGoop","floor":42.0,"key":"SMITH"},{"data":"Slimebound:SpikyOuterGoop","floor":47.0,"key":"SMITH"}],"circlet_count":0,"master_deck":["AscendersBane","Slimebound:Defend_Slimebound","Slimebound:Defend_Slimebound","Slimebound:Defend_Slimebound","Slimebound:Defend_Slimebound+1","Slimebound:Split+1","Slimebound:CorrosiveSpit+1","Slimebound:Prepare+1","Slimebound:ComboTackle","Slimebound:LeechingTouch","Slimebound:FlameTackle+1","Slimebound:GoopSpray","Slimebound:DisruptingSlam+1","Slimebound:GoopTackle","Slimebound:MassFeed+1","Slimebound:Prepare","Slimebound:LeechLife","Slimebound:FormOfPuddle+1","Slimebound:SamplingLick+1","Slimebound:CheckThePlaybook","Slimebound:Chomp","Slimebound:HauntingLick+1","Slimebound:ProtectTheBoss+1","Slimebound:RainOfGoop+1","Slimebound:Schlurp+1","Slimebound:GoopSpray+1","Slimebound:SplitLeeching+1","Slimebound:AcidTongue","Slimebound:DuplicatedForm+1","Slimebound:SplitBruiser+1","Slimebound:LivingWall+1","Normality","Normality","Slimebound:SpikyOuterGoop+1","Slimebound:GoopSpray+1","Slimebound:Replication+1","Slimebound:SpikyOuterGoop+1","Slimebound:Dissolve+1","Slimebound:RejuvenatingLick+1","Slimebound:SplitLeeching+1","Slimebound:HauntingLick+1","Slimebound:LivingWall+1"],"relics":["Slimebound:AbsorbEndCombatUpgraded","Orichalcum","Gambling Chip","Smiling Mask","Runic Pyramid","InkBottle","Blood Vial","Slimebound:MaxSlimesRelic","Toxic Egg 2","Ice Cream","Blue Candle","Guardian:GemstoneGun","War Paint","hexamod:CandleOfCauterizing","Sling","PreservedInsect","HornCleat","Bird Faced Urn","Bag of Preparation","MealTicket"],"acts_visited":["Exordium","TheCity","TheBeyond"],"potions_floor_usage":[50],"damage_taken":[{"damage":4.0,"enemies":"Jaw Worm","floor":2.0,"turns":4.0},{"damage":2.0,"enemies":"Small Slimes","floor":3.0,"turns":6.0},{"damage":0.0,"enemies":"2 Louse","floor":4.0,"turns":4.0},{"damage":21.0,"enemies":"Lagavulin","floor":8.0,"turns":9.0},{"damage":7.0,"enemies":"2 Fungi Beasts","floor":10.0,"turns":4.0},{"damage":3.0,"enemies":"Blue Slaver","floor":12.0,"turns":3.0},{"damage":8.0,"enemies":"Large Slime","floor":13.0,"turns":6.0},{"damage":24.0,"enemies":"Gremlin Nob","floor":14.0,"turns":5.0},{"damage":0.0,"enemies":"3 Louse","floor":15.0,"turns":2.0},{"damage":22.0,"enemies":"IC_STATUS_ARCHETYPE","floor":16.0,"turns":10.0},{"damage":22.0,"enemies":"downfall:LooterAlt2","floor":19.0,"turns":5.0},{"damage":4.0,"enemies":"3 Byrds","floor":20.0,"turns":4.0},{"damage":6.0,"enemies":"Snake Plant","floor":22.0,"turns":5.0},{"damage":3.0,"enemies":"downfall:FleeingMerchant","floor":26.0,"turns":4.0},{"damage":2.0,"enemies":"3 Cultists","floor":27.0,"turns":5.0},{"damage":3.0,"enemies":"Chosen and Byrds","floor":28.0,"turns":5.0},{"damage":0.0,"enemies":"Cultist and Chosen","floor":29.0,"turns":6.0},{"damage":5.0,"enemies":"Slavers","floor":30.0,"turns":7.0},{"damage":0.0,"enemies":"Colosseum Nobs","floor":31.0,"turns":7.0},{"damage":4.0,"enemies":"Sentry and Sphere","floor":32.0,"turns":5.0},{"damage":17.0,"enemies":"DF_ARCHETYPE_CLAW","floor":33.0,"turns":10.0},{"damage":24.0,"enemies":"3 Darklings","floor":36.0,"turns":5.0},{"damage":0.0,"enemies":"3 Shapes","floor":37.0,"turns":5.0},{"damage":36.0,"enemies":"3 Shapes","floor":39.0,"turns":5.0},{"damage":17.0,"enemies":"downfall:FleeingMerchant","floor":40.0,"turns":4.0},{"damage":2.0,"enemies":"2 Orb Walkers","floor":43.0,"turns":5.0},{"damage":15.0,"enemies":"downfall:FleeingMerchant","floor":45.0,"turns":4.0},{"damage":0.0,"enemies":"Reptomancer","floor":46.0,"turns":5.0},{"damage":31,"enemies":"Transient","floor":48,"turns":5},{"damage":15,"enemies":"Writhing Mass","floor":49,"turns":5},{"damage":19,"enemies":"WA_ARCHETYPE_DIVINITY","floor":50,"turns":12}],"seed_played":"-1545979522339705803","potions_obtained":[{"floor":2.0,"key":"Strength Potion"},{"floor":10.0,"key":"Slimebound:SlimyTonguePotion"},{"floor":14.0,"key":"DistilledChaos"},{"floor":15.0,"key":"Weak Potion"},{"floor":19.0,"key":"DistilledChaos"},{"floor":31.0,"key":"Block Potion"},{"floor":33.0,"key":"EntropicBrew"},{"floor":39.0,"key":"Slimebound:SpawnSlimePotion"},{"floor":46.0,"key":"GamblersBrew"}],"is_trial":false,"path_per_floor":["R","M","M","M","?","R","T","E","R","M","R","M","M","E","M","B",null,"R","M","M","?","M","R","T","?","$","M","M","M","E","?","M","B",null,"R","M","M","?","?","$","T","R","?","?","$","E","R","M","M","B",null],"character_chosen":"SLIMEBOUND","items_purchased":["Slimebound:MaxSlimesRelic","Fire Potion","Guardian:GemstoneGun","War Paint","Slimebound:GoopSpray+1","Slimebound:Replication+1","hexamod:CandleOfCauterizing","Sling","PreservedInsect","Slimebound:SpikyOuterGoop","Bag of Preparation","Slimebound:Dissolve+1","Slimebound:RejuvenatingLick+1"],"campfire_rested":0,"item_purchase_floors":[26,26,40,40,40,40,40,40,40,45,45,45,45],"current_hp_per_floor":[71,71,73,77,77,77,77,60,60,59,59,62,62,42,57,43,75,75,65,81,81,77,77,77,53,60,76,91,98,102,102,104,93,106,106,114,118,118,113,119,119,119,126,126,130,130,130,129,130,130],"gold":92,"neow_bonus":"TWENTY_PERCENT_HP_BONUS","is_daily":false,"chose_seed":false,"campfire_upgraded":9,"win_rate":0.0,"timestamp":1613893188,"path_taken":["R","M","M","M","?","R","T","E","R","M","R","M","M","E","M","BOSS","R","M","M","?","M","R","T","?","$","M","M","M","E","?","M","BOSS","R","M","M","?","?","$","T","R","?","?","$","E","R","M","M","BOSS"],"items_purchased_type":["Relic","Potion","Relic","Relic","Card","Card","Relic","Relic","Relic","Card","Relic","Card","Card"],"build_version":"2020-12-22","purchased_purges":3,"victory":true,"max_hp_per_floor":[77,77,77,77,77,77,77,77,77,77,77,77,77,77,86,86,86,86,90,94,94,94,94,94,94,94,94,94,98,102,102,106,110,110,110,114,118,118,122,122,122,122,126,126,130,130,130,130,130,130],"relic_stats":{"counters":[31,167],"Blue Candle":[9],"PreservedInsect":60,"Bag of Preparation":[8],"Orichalcum":[96],"War Paint":["Slimebound:Defend_Slimebound","Slimebound:RainOfGoop"],"Smiling Mask":150,"Blood Vial":17,"Gambling Chip":[102],"Bird Faced Urn":[10],"MealTicket":0,"obtain_stats":[{"Ice Cream":31,"hexamod:CandleOfCauterizing":40,"Blue Candle":31,"Guardian:GemstoneGun":40,"PreservedInsect":40,"Bag of Preparation":45,"Orichalcum":7,"War Paint":40,"Smiling Mask":14,"Sling":40,"Blood Vial":25,"Slimebound:MaxSlimesRelic":26,"HornCleat":41,"Gambling Chip":8,"Bird Faced Urn":43,"MealTicket":46,"Slimebound:AbsorbEndCombat":0,"Toxic Egg 2":30,"Slimebound:AbsorbEndCombatUpgraded":34,"InkBottle":24,"Runic Pyramid":17},{"Ice Cream":19,"hexamod:CandleOfCauterizing":25,"Blue Candle":19,"Guardian:GemstoneGun":25,"PreservedInsect":25,"Bag of Preparation":27,"Orichalcum":3,"War Paint":25,"Smiling Mask":8,"Sling":25,"Blood Vial":13,"Slimebound:MaxSlimesRelic":14,"HornCleat":25,"Gambling Chip":4,"Bird Faced Urn":26,"MealTicket":28,"Slimebound:AbsorbEndCombat":0,"Toxic Egg 2":18,"Slimebound:AbsorbEndCombatUpgraded":21,"InkBottle":13,"Runic Pyramid":10},{"Ice Cream":97,"hexamod:CandleOfCauterizing":131,"Blue Candle":97,"Guardian:GemstoneGun":131,"PreservedInsect":131,"Bag of Preparation":140,"Orichalcum":13,"War Paint":131,"Smiling Mask":40,"Sling":131,"Blood Vial":66,"Slimebound:MaxSlimesRelic":70,"HornCleat":131,"Gambling Chip":22,"Bird Faced Urn":136,"MealTicket":145,"Slimebound:AbsorbEndCombat":0,"Toxic Egg 2":91,"Slimebound:AbsorbEndCombatUpgraded":112,"InkBottle":66,"Runic Pyramid":52}],"InkBottle":[45]},"card_choices":[{"not_picked":["Slimebound:ProtectTheBoss","Slimebound:TongueLash"],"picked":"Slimebound:Prepare","floor":2.0},{"not_picked":["Slimebound:SamplingLick","Slimebound:Schlurp"],"picked":"Slimebound:ComboTackle","floor":3.0},{"not_picked":["Slimebound:SplitLeeching","Slimebound:LeechEnergy"],"picked":"Slimebound:LeechingTouch","floor":4.0},{"not_picked":["Slimebound:SplitLeeching","Slimebound:SlimeBrawl"],"picked":"Slimebound:FlameTackle","floor":8.0},{"not_picked":["Slimebound:HauntingLick","Slimebound:ComboTackle"],"picked":"Slimebound:GoopSpray","floor":10.0},{"not_picked":["Slimebound:SlimeBrawl","Slimebound:ComboTackle"],"picked":"Slimebound:DisruptingSlam","floor":12.0},{"not_picked":["Slimebound:HauntingLick","Slimebound:PressTheAttack"],"picked":"Slimebound:GoopTackle","floor":13.0},{"not_picked":["Slimebound:SamplingLick","Slimebound:SlimeSlap"],"picked":"Slimebound:MassFeed","floor":14.0},{"not_picked":["Slimebound:LeechEnergy","Slimebound:ProtectTheBoss"],"picked":"Slimebound:Prepare","floor":15.0},{"not_picked":["Slimebound:DouseInSlime","Slimebound:MassRepurpose"],"picked":"Slimebound:LeechLife","floor":16.0},{"not_picked":["Slimebound:GoopTackle","Slimebound:LivingWall"],"picked":"Slimebound:FormOfPuddle+1","floor":19.0},{"not_picked":["Slimebound:FinishingTackle","Slimebound:LeechEnergy"],"picked":"Slimebound:SamplingLick+1","floor":20.0},{"not_picked":["Slimebound:ItLooksTasty","Slimebound:SplitLeeching"],"picked":"Slimebound:Chomp","floor":22.0},{"not_picked":["Slimebound:SplitLeeching","Slimebound:ItLooksTasty+1"],"picked":"Slimebound:HauntingLick+1","floor":26.0},{"not_picked":["Slimebound:SplitBruiser+1","Slimebound:ForwardTackle"],"picked":"Slimebound:ProtectTheBoss+1","floor":27.0},{"not_picked":["Slimebound:TongueLash+1","Slimebound:SplitAcid"],"picked":"Slimebound:RainOfGoop","floor":28.0},{"not_picked":["Slimebound:SlimeSpikes+1","Slimebound:MinionMaster"],"picked":"Slimebound:Schlurp+1","floor":29.0},{"not_picked":["Slimebound:GrowthPunch","Slimebound:SplitMire+1"],"picked":"Slimebound:GoopSpray+1","floor":30.0},{"not_picked":["Slimebound:ViciousTackle","Slimebound:SamplingLick+1"],"picked":"Slimebound:SplitLeeching+1","floor":31.0},{"not_picked":["Slimebound:RainOfGoop+1","Slimebound:SplitAcid+1"],"picked":"Slimebound:AcidTongue","floor":32.0},{"not_picked":["Slimebound:DouseInSlime+1","Slimebound:RallyTheTroops"],"picked":"Slimebound:DuplicatedForm","floor":33.0},{"not_picked":["Slimebound:GoopTackle+1","Slimebound:ComboTackle"],"picked":"Slimebound:SplitBruiser+1","floor":36.0},{"not_picked":["Slimebound:FinishingTackle","Slimebound:ServeAndProtect+1"],"picked":"Slimebound:LivingWall+1","floor":37.0},{"not_picked":["Slimebound:LivingWall+1","Slimebound:SplitBruiser+1"],"picked":"Slimebound:SpikyOuterGoop","floor":39.0},{"not_picked":["Slimebound:LeechEnergy","Slimebound:Equalize","Slimebound:SplitLeeching+1"],"picked":"SKIP","floor":40.0},{"not_picked":["Slimebound:GoopSpray+1","Slimebound:SlimeSpikes+1","Slimebound:FirmFortitude+1"],"picked":"SKIP","floor":45.0},{"not_picked":["Slimebound:RollThrough","Slimebound:SplitMire+1"],"picked":"Slimebound:SplitLeeching+1","floor":46.0},{"not_picked":["Slimebound:LeechEnergy+1","Slimebound:RollThrough"],"picked":"Slimebound:HauntingLick+1","floor":48},{"not_picked":["Slimebound:SlimeBrawl+1","Slimebound:Schlurp+1"],"picked":"Slimebound:LivingWall+1","floor":49}],"player_experience":1987212,"relics_obtained":[{"floor":7.0,"key":"Orichalcum"},{"floor":8.0,"key":"Gambling Chip"},{"floor":14.0,"key":"Smiling Mask"},{"floor":24.0,"key":"InkBottle"},{"floor":30.0,"key":"Toxic Egg 2"},{"floor":31.0,"key":"Ice Cream"},{"floor":31.0,"key":"Blue Candle"},{"floor":41.0,"key":"HornCleat"},{"floor":43.0,"key":"Bird Faced Urn"},{"floor":46.0,"key":"MealTicket"}],"event_choices":[{"cards_removed":["Slimebound:Strike_Slimebound"],"damage_healed":0.0,"max_hp_gain":0.0,"max_hp_loss":0.0,"gold_gain":0.0,"event_name":"The Cleric","player_choice":"Card Removal","floor":5.0,"gold_loss":0.0,"damage_taken":0.0},{"damage_healed":0.0,"max_hp_gain":77.0,"max_hp_loss":53.0,"gold_gain":0.0,"event_name":"betterAltar:BetterAltar","player_choice":" Vial ","floor":25.0,"potions_obtained":[],"relics_lost":[],"gold_loss":0.0,"damage_taken":24.0,"relics_obtained":["Blood Vial"]},{"damage_healed":0.0,"max_hp_gain":0.0,"max_hp_loss":0.0,"gold_gain":0.0,"event_name":"Mysterious Sphere","player_choice":"Fight","floor":43.0,"gold_loss":0.0,"damage_taken":0.0},{"cards_removed":["Slimebound:Tackle"],"damage_healed":0.0,"max_hp_gain":0.0,"max_hp_loss":0.0,"gold_gain":0.0,"event_name":"Falling","player_choice":"Removed Attack","floor":44.0,"gold_loss":0.0,"damage_taken":0.0}],"is_beta":false,"boss_relics":[{"not_picked":["Sozu","Busted Crown"],"picked":"Runic Pyramid"},{"not_picked":["Philosopher\u0027s Stone","expansioncontent:StudyCardRelic"],"picked":"Slimebound:AbsorbEndCombatUpgraded"}],"items_purged_floors":[26,40,40],"is_endless":false,"potions_floor_spawned":[2,10,14,15,19,27,28,30,31,33,39,46,48],"ascension_level":11}}