{"host":"zxd2l8an9de7z7b9","time":1613913377,"event":{"mods":["100% Spire Juice","2.2 Compatiblity","AchievementEnabler","BaseMod","CapriCore","Colored Map","Colored Powertips","Marisa£¨Ùöéë¡¡Øª×âÞÞ£©","Minty Spire (QoL Compilation)","Rare Cards Sparkle","StSLib","SuperFastMode","Td1madao Mod","everything is the same but u backflip on backflip"],"gold_per_floor":[111,111,111,36,55,230,230,305,332,41,55,55,55,55],"floor_reached":13,"language":"KOR","playtime":186,"items_purged":["Defend_R","Doubt"],"score":71,"play_id":"e053c0b7-2e9b-40e1-b481-691b83ebadac","local_time":"20210221221617","is_ascension_mode":false,"campfire_choices":[{"data":"Infernal Blade","floor":7,"key":"SMITH"},{"data":"Dark Embrace","floor":12,"key":"SMITH"}],"circlet_count":0,"master_deck":["Strike_R","Strike_R","Strike_R","Defend_R","Defend_R","Defend_R","Bash","Burning Pact","Infernal Blade+1","Wild Strike","Dark Embrace+1","Power Through"],"relics":["Burning Blood","Golden Idol","Centennial Puzzle","Regal Pillow"],"acts_visited":["Exordium"],"potions_floor_usage":[],"damage_taken":[{"damage":7,"enemies":"2 Louse","floor":1,"turns":3},{"damage":3,"enemies":"Jaw Worm","floor":5,"turns":4},{"damage":1,"enemies":"Cultist","floor":11,"turns":3},{"damage":28,"enemies":"Gremlin Nob","floor":13,"turns":5}],"seed_played":"2213339390815496294","potions_obtained":[{"floor":5,"key":"ColorlessPotion"},{"floor":11,"key":"Strength Potion"}],"is_trial":false,"path_per_floor":["M","?","?","$","M","?","R","?","T","$","M","R","E"],"character_chosen":"IRONCLAD","items_purchased":["Dark Embrace","Regal Pillow"],"campfire_rested":0,"item_purchase_floors":[10,10],"current_hp_per_floor":[79,59,59,59,62,62,62,51,51,51,56,56,28,28],"gold":55,"neow_bonus":"TRANSFORM_CARD","is_daily":false,"chose_seed":false,"campfire_upgraded":2,"win_rate":0.0,"timestamp":1613913377,"path_taken":["M","?","?","$","?","?","R","?","T","$","M","R","E"],"items_purchased_type":["Card","Relic"],"build_version":"2020-12-22","purchased_purges":2,"victory":false,"max_hp_per_floor":[80,80,80,80,80,80,80,80,80,80,80,80,80,80],"card_choices":[{"not_picked":["Clothesline","Headbutt"],"picked":"Infernal Blade","floor":1},{"not_picked":["Metallicize","Body Slam"],"picked":"Wild Strike","floor":5},{"not_picked":["Ghostly Armor","Warcry"],"picked":"Power Through","floor":11}],"player_experience":422237,"relics_obtained":[{"floor":9,"key":"Centennial Puzzle"}],"event_choices":[{"damage_healed":0,"gold_gain":0,"player_choice":"Take Damage","damage_taken":20,"relics_obtained":["Golden Idol"],"max_hp_gain":0,"max_hp_loss":0,"event_name":"Golden Idol","floor":2,"gold_loss":0},{"cards_removed":["Strike_R"],"damage_healed":0,"gold_gain":0,"player_choice":"Purged","damage_taken":0,"max_hp_gain":0,"max_hp_loss":0,"event_name":"Purifier","floor":3,"gold_loss":0},{"damage_healed":0,"gold_gain":175,"player_choice":"AGREE","damage_taken":0,"max_hp_gain":0,"max_hp_loss":0,"event_name":"Liars Game","floor":6,"gold_loss":0,"cards_obtained":["Doubt"]},{"damage_healed":0,"gold_gain":75,"player_choice":"Gather Gold","damage_taken":11,"max_hp_gain":0,"max_hp_loss":0,"event_name":"World of Goop","floor":8,"gold_loss":0}],"is_beta":false,"boss_relics":[],"items_purged_floors":[4,10],"is_endless":false,"potions_floor_spawned":[5,11],"killed_by":"Gremlin Nob","ascension_level":0}}