{"host":"2ty4h143nj8vwezc","time":1613944845,"event":{"mods":["BaseMod","Colored Map","Googly Eyes","Highlight Path","Minty Spire (QoL Compilation)","Quick Restart","StSLib"],"gold_per_floor":[114,114,189,207,24,67,67,102,102,115,130,130,130,149,149,242,242,267,267,267,267],"floor_reached":20,"language":"ENG","playtime":756,"items_purged":[],"score":319,"play_id":"4950726b-5aee-4a1e-b8af-c47562117134","local_time":"20210221170045","is_ascension_mode":true,"campfire_choices":[{"floor":7.0,"key":"REST"},{"floor":13.0,"key":"REST"},{"data":"Reboot","floor":15.0,"key":"SMITH"}],"circlet_count":0,"master_deck":["AscendersBane","Strike_B","Strike_B","Strike_B","Strike_B","Defend_B","Defend_B","Defend_B","Defend_B","Zap","Dualcast","FTL","Ball Lightning","Injury","Echo Form+1","Streamline","Cold Snap","Reboot+1","Glacier","Gash","Rainbow"],"relics":["Cracked Core","Golden Idol","Regal Pillow","Peace Pipe","White Beast Statue","Pantograph","Inserter"],"acts_visited":["Exordium","TheCity"],"potions_floor_usage":[20,20],"damage_taken":[{"damage":4.0,"enemies":"Jaw Worm","floor":1.0,"turns":3.0},{"damage":3.0,"enemies":"Small Slimes","floor":4.0,"turns":2.0},{"damage":29.0,"enemies":"Gremlin Nob","floor":6.0,"turns":4.0},{"damage":21.0,"enemies":"Lagavulin","floor":8.0,"turns":5.0},{"damage":0.0,"enemies":"2 Louse","floor":10.0,"turns":2.0},{"damage":16.0,"enemies":"Blue Slaver","floor":11.0,"turns":3.0},{"damage":2.0,"enemies":"Gremlin Gang","floor":14.0,"turns":2.0},{"damage":48.0,"enemies":"The Guardian","floor":16.0,"turns":13.0},{"damage":23.0,"enemies":"2 Thieves","floor":18.0,"turns":4.0},{"damage":37,"enemies":"3 Byrds","floor":20,"turns":3}],"seed_played":"-6588127825553710438","potions_obtained":[{"floor":4.0,"key":"GamblersBrew"},{"floor":6.0,"key":"GamblersBrew"},{"floor":10.0,"key":"AttackPotion"},{"floor":11.0,"key":"SteroidPotion"},{"floor":14.0,"key":"Strength Potion"},{"floor":16.0,"key":"ColorlessPotion"},{"floor":18.0,"key":"Strength Potion"}],"is_trial":false,"path_per_floor":["M","?","?","M","$","E","R","E","T","M","M","?","R","M","R","B",null,"M","?","M"],"character_chosen":"DEFECT","items_purchased":["Streamline","Regal Pillow"],"campfire_rested":2,"item_purchase_floors":[5,5],"current_hp_per_floor":[60,60,49,46,46,17,53,32,32,32,16,16,52,50,50,23,59,36,36,0,0],"gold":267,"neow_bonus":"THREE_CARDS","is_daily":false,"chose_seed":false,"campfire_upgraded":1,"win_rate":0.0,"timestamp":1613944845,"path_taken":["M","?","?","M","$","E","R","E","T","M","M","?","R","M","R","BOSS","M","?","M"],"items_purchased_type":["Card","Relic"],"build_version":"2020-12-22","purchased_purges":0,"victory":false,"max_hp_per_floor":[71,71,71,71,71,71,71,71,71,71,71,71,71,71,71,71,71,71,71,71,71],"card_choices":[{"not_picked":["Darkness","Stack"],"picked":"FTL","floor":0.0},{"not_picked":["Coolheaded","Barrage"],"picked":"Ball Lightning","floor":1.0},{"not_picked":["Stack","Rebound"],"picked":"Echo Form","floor":4.0},{"not_picked":["Stack","Gash"],"picked":"Cold Snap","floor":6.0},{"not_picked":["Cold Snap","Auto Shields"],"picked":"Reboot","floor":8.0},{"not_picked":["Blizzard","Ball Lightning","Consume"],"picked":"SKIP","floor":10.0},{"not_picked":["Conserve Battery","Ball Lightning"],"picked":"Glacier","floor":11.0},{"not_picked":["Compile Driver","Redo"],"picked":"Gash","floor":14.0},{"not_picked":["Echo Form","Biased Cognition"],"picked":"Rainbow","floor":16.0},{"not_picked":["Ball Lightning","Undo","Barrage"],"picked":"SKIP","floor":18.0}],"player_experience":471622,"relics_obtained":[{"floor":6.0,"key":"Peace Pipe"},{"floor":8.0,"key":"White Beast Statue"},{"floor":9.0,"key":"Pantograph"}],"event_choices":[{"damage_healed":0.0,"max_hp_gain":0.0,"max_hp_loss":0.0,"gold_gain":0.0,"event_name":"Golden Idol","player_choice":"Take Wound","floor":2.0,"gold_loss":0.0,"damage_taken":0.0,"relics_obtained":["Golden Idol"],"cards_obtained":["Injury"]},{"damage_healed":0.0,"max_hp_gain":0.0,"max_hp_loss":0.0,"gold_gain":75.0,"event_name":"World of Goop","player_choice":"Gather Gold","floor":3.0,"gold_loss":0.0,"damage_taken":11.0},{"damage_healed":0.0,"max_hp_gain":0.0,"max_hp_loss":0.0,"gold_gain":0.0,"event_name":"Living Wall","player_choice":"Grow","floor":12.0,"gold_loss":0.0,"damage_taken":0.0,"cards_upgraded":["Echo Form"]},{"damage_healed":0.0,"max_hp_gain":0.0,"max_hp_loss":0.0,"gold_gain":0.0,"event_name":"Vampires","player_choice":"Ignored","floor":19.0,"gold_loss":0.0,"damage_taken":0.0}],"is_beta":false,"boss_relics":[{"not_picked":["Runic Dome","SlaversCollar"],"picked":"Inserter"}],"items_purged_floors":[],"is_endless":false,"potions_floor_spawned":[4,6,8,10,11,14,16,18],"killed_by":"3 Byrds","ascension_level":15}}