{"host":"ul3z8ex5o8l5j7mh","time":1613902943,"event":{"mods":["2.2 Compatiblity","AchievementEnabler","BaseMod","Bestiary","Colored Map","Colored Powertips","Curses Come First","DeckTracker","Highlight Path","Keyboard Shortcuts","Minty Spire (QoL Compilation)","Relic Sorter","Relic Stats","StSLib","SuperFastMode"],"gold_per_floor":[113,44,62,75,75,75,110,126,151,151,151],"floor_reached":10,"language":"ENG","playtime":663,"items_purged":[],"score":75,"play_id":"cfc4fcf4-42f9-497f-a451-b78ae1caf726","local_time":"20210221112223","is_ascension_mode":true,"campfire_choices":[],"circlet_count":0,"master_deck":["Strike_G","Strike_G","Strike_G","Strike_G","Strike_G","Defend_G","Defend_G","Defend_G","Defend_G","Defend_G","Survivor","Neutralize","Dagger Throw","Noxious Fumes","Backflip","Leg Sweep","Injury","Pain","Backstab","Backflip"],"relics":["Snecko Eye","Golden Idol","WarpedTongs","MealTicket","Boot"],"acts_visited":["Exordium"],"potions_floor_usage":[],"damage_taken":[{"damage":8.0,"enemies":"Cultist","floor":1.0,"turns":6.0},{"damage":9.0,"enemies":"Jaw Worm","floor":3.0,"turns":3.0},{"damage":2.0,"enemies":"2 Louse","floor":4.0,"turns":4.0},{"damage":21.0,"enemies":"Lagavulin","floor":7.0,"turns":8.0},{"damage":15,"enemies":"Red Slaver","floor":8,"turns":5},{"damage":26,"enemies":"Gremlin Nob","floor":10,"turns":4}],"seed_played":"4424467874060196369","potions_obtained":[{"floor":1.0,"key":"Block Potion"},{"floor":4.0,"key":"PowerPotion"}],"is_trial":false,"path_per_floor":["M","$","M","M","?","?","E","M","T","E"],"character_chosen":"THE_SILENT","items_purchased":["Noxious Fumes"],"campfire_rested":0,"item_purchase_floors":[2],"current_hp_per_floor":[62,62,53,51,51,51,30,15,15,0,0],"gold":151,"neow_bonus":"BOSS_RELIC","is_daily":false,"chose_seed":false,"campfire_upgraded":0,"win_rate":0.0,"timestamp":1613902943,"path_taken":["M","?","M","?","?","?","E","M","T","E"],"items_purchased_type":["Card"],"build_version":"2020-12-22","purchased_purges":0,"victory":false,"max_hp_per_floor":[70,70,70,70,70,70,70,70,70,70,70],"relic_stats":{"counters":[4,21],"Golden Idol":10,"Snecko Eye":[39,37,38,34],"MealTicket":0,"Boot":[4],"obtain_stats":[{"Golden Idol":5,"Snecko Eye":0,"MealTicket":7,"Boot":9,"WarpedTongs":6},{"Golden Idol":1,"Snecko Eye":0,"MealTicket":2,"Boot":3,"WarpedTongs":1},{"Golden Idol":4,"Snecko Eye":0,"MealTicket":12,"Boot":17,"WarpedTongs":4}],"WarpedTongs":[17]},"card_choices":[{"not_picked":["Infinite Blades","Concentrate"],"picked":"Dagger Throw","floor":1.0},{"not_picked":["Heel Hook","Riddle With Holes"],"picked":"Backflip","floor":3.0},{"not_picked":["Cloak And Dagger","Backflip"],"picked":"Leg Sweep","floor":4.0},{"not_picked":["Finisher","Outmaneuver"],"picked":"Backstab","floor":7.0},{"not_picked":["Dagger Spray","Prepared"],"picked":"Backflip","floor":8}],"player_experience":412089,"relics_obtained":[{"floor":7.0,"key":"MealTicket"},{"floor":9,"key":"Boot"}],"event_choices":[{"damage_healed":0.0,"max_hp_gain":0.0,"max_hp_loss":0.0,"gold_gain":0.0,"event_name":"Golden Idol","player_choice":"Take Wound","floor":5.0,"gold_loss":0.0,"damage_taken":0.0,"relics_obtained":["Golden Idol"],"cards_obtained":["Injury"]},{"damage_healed":0.0,"max_hp_gain":0.0,"max_hp_loss":0.0,"gold_gain":0.0,"event_name":"Accursed Blacksmith","player_choice":"Rummage","floor":6.0,"gold_loss":0.0,"damage_taken":0.0,"relics_obtained":["WarpedTongs"],"cards_obtained":["Pain"]}],"is_beta":false,"boss_relics":[],"items_purged_floors":[],"is_endless":false,"potions_floor_spawned":[1,4],"killed_by":"Gremlin Nob","ascension_level":2}}