{"host":"mu5qkq7030l6349q","time":1613929256,"event":{"mods":["AchievementEnabler","BaseMod","Colored Powertips","Downfall","Highlight Path","Minty Spire (QoL Compilation)","Permanent Neow","Rare Cards Sparkle","Relic Sorter","Relic Stats","StSLib"],"gold_per_floor":[117,117,130,140,157,183,183,197,251,251,280,294,321,271,271,369,369,388,388,298,312,328,328,328,328],"floor_reached":24,"language":"ENG","playtime":1184,"items_purged":[],"score":254,"play_id":"037f7541-5e9e-4f4b-aa40-37a1111e8c20","local_time":"20210221184056","is_ascension_mode":true,"campfire_choices":[{"floor":7,"key":"REST"},{"floor":10,"key":"REST"},{"floor":15,"key":"REST"},{"data":"Go for the Eyes","floor":23,"key":"SMITH"}],"circlet_count":0,"master_deck":["Defend_B","Defend_B+1","Defend_B","Defend_B","Zap","Dualcast","Go for the Eyes+1","Gash","Scrape","Gash","Hologram","Rebound","Gash","Echo Form","Gash","BootSequence","Self Repair+1","Rebound+1"],"relics":["Cracked Core","Regal Pillow","Bronze Scales","Oddly Smooth Stone","Shuriken","Toy Ornithopter","Empty Cage"],"acts_visited":["Exordium","TheCity"],"potions_floor_usage":[],"damage_taken":[{"damage":1,"enemies":"Cultist","floor":1,"turns":3},{"damage":2,"enemies":"2 Louse","floor":3,"turns":3},{"damage":11,"enemies":"Jaw Worm","floor":4,"turns":3},{"damage":23,"enemies":"Exordium Wildlife","floor":5,"turns":5},{"damage":34,"enemies":"3 Sentries","floor":6,"turns":8},{"damage":3,"enemies":"Gremlin Gang","floor":8,"turns":4},{"damage":43,"enemies":"Gremlin Nob","floor":11,"turns":5},{"damage":3,"enemies":"2 Fungi Beasts","floor":12,"turns":3},{"damage":13,"enemies":"Lagavulin","floor":13,"turns":6},{"damage":36,"enemies":"Hexaghost","floor":16,"turns":7},{"damage":11,"enemies":"Shell Parasite","floor":18,"turns":3},{"damage":17,"enemies":"Spheric Guardian","floor":21,"turns":4},{"damage":23,"enemies":"Snake Plant","floor":22,"turns":4},{"damage":49,"enemies":"Slavers","floor":24,"turns":3}],"seed_played":"1555527832558914469","potions_obtained":[{"floor":2,"key":"SpeedPotion"},{"floor":2,"key":"Swift Potion"},{"floor":2,"key":"SkillPotion"},{"floor":3,"key":"PowerPotion"},{"floor":22,"key":"DuplicationPotion"}],"is_trial":false,"path_per_floor":["M","?","M","M","M","E","R","M","T","R","E","M","E","?","R","B",null,"M","?","?","M","M","R","E"],"character_chosen":"DEFECT","items_purchased":[],"campfire_rested":3,"item_purchase_floors":[],"current_hp_per_floor":[74,74,72,61,38,4,41,38,38,75,32,29,16,16,53,17,75,64,64,64,47,44,44,0,0],"gold":328,"neow_bonus":"RANDOM_COMMON_RELIC","is_daily":false,"chose_seed":false,"campfire_upgraded":1,"win_rate":0.0,"timestamp":1613929256,"path_taken":["M","?","M","M","M","E","R","M","T","R","E","?","E","?","R","BOSS","M","?","?","M","?","R","E"],"items_purchased_type":[],"build_version":"2020-12-22","purchased_purges":0,"victory":false,"max_hp_per_floor":[75,75,75,75,75,75,75,75,75,75,75,75,75,75,75,75,75,75,75,75,75,75,75,75,75],"relic_stats":{"Regal Pillow":45,"counters":[14,61],"Shuriken":[17],"Bronze Scales":[114],"obtain_stats":[{"Regal Pillow":0,"Shuriken":11,"Bronze Scales":6,"Oddly Smooth Stone":9,"Cracked Core":0,"Empty Cage":17,"Toy Ornithopter":13},{"Regal Pillow":0,"Shuriken":7,"Bronze Scales":5,"Oddly Smooth Stone":6,"Cracked Core":0,"Empty Cage":10,"Toy Ornithopter":9},{"Regal Pillow":0,"Shuriken":31,"Bronze Scales":22,"Oddly Smooth Stone":26,"Cracked Core":0,"Empty Cage":47,"Toy Ornithopter":40}],"Toy Ornithopter":0},"card_choices":[{"not_picked":["Compile Driver","Static Discharge"],"picked":"Go for the Eyes","floor":1},{"not_picked":["Static Discharge","Doom and Gloom"],"picked":"Gash","floor":3},{"not_picked":["Cold Snap","Consume"],"picked":"Scrape","floor":4},{"not_picked":["Leap","Steam","Barrage"],"picked":"SKIP","floor":5},{"not_picked":["Lockon","Streamline"],"picked":"Gash","floor":6},{"not_picked":["Turbo","Barrage","Amplify"],"picked":"SKIP","floor":8},{"not_picked":["Steam","Stack"],"picked":"Hologram","floor":11},{"not_picked":["Beam Cell","Streamline"],"picked":"Rebound","floor":12},{"not_picked":["Electrodynamics","Reprogram"],"picked":"Gash","floor":13},{"not_picked":["Thunder Strike","Amplify"],"picked":"Echo Form","floor":16},{"not_picked":["Sweeping Beam","BootSequence"],"picked":"Gash","floor":18},{"not_picked":["Genetic Algorithm","Conserve Battery"],"picked":"Self Repair+1","floor":21},{"not_picked":["Double Energy","Turbo"],"picked":"Rebound+1","floor":22}],"player_experience":73121,"relics_obtained":[{"floor":6,"key":"Bronze Scales"},{"floor":9,"key":"Oddly Smooth Stone"},{"floor":11,"key":"Shuriken"},{"floor":13,"key":"Toy Ornithopter"}],"event_choices":[{"damage_healed":0,"gold_gain":0,"player_choice":"Got Potions","damage_taken":0,"max_hp_gain":0,"max_hp_loss":0,"event_name":"Lab","floor":2,"gold_loss":0},{"cards_removed":["Strike_B"],"damage_healed":0,"gold_gain":0,"player_choice":"Card Removal","damage_taken":0,"max_hp_gain":0,"max_hp_loss":0,"event_name":"The Cleric","floor":14,"gold_loss":50},{"damage_healed":0,"gold_gain":0,"player_choice":"Read","damage_taken":0,"max_hp_gain":0,"max_hp_loss":0,"event_name":"The Library","floor":19,"gold_loss":0,"cards_obtained":["BootSequence"]},{"cards_removed":["Strike_B"],"damage_healed":0,"gold_gain":0,"player_choice":"Upgrade and Remove","damage_taken":0,"max_hp_gain":0,"max_hp_loss":0,"event_name":"Designer","floor":20,"gold_loss":90,"cards_upgraded":["Defend_B"]}],"is_beta":false,"boss_relics":[{"not_picked":["Calling Bell","Ectoplasm"],"picked":"Empty Cage"}],"items_purged_floors":[],"is_endless":false,"potions_floor_spawned":[3,4,5,11,12,22],"killed_by":"Slavers","ascension_level":1}}