{"host":"ppqll9nf92xyjrj9","time":1613891312,"event":{"mods":["Act Like it!","Arknights","BaseMod","Bestiary","Better Third Choice","Bossed Relics","Curses Come First","Ekko","Evolution","Hermit","Jorbs\u0027s Wanderer Trilogy","Keyboard Shortcuts","Marked Mod","Minty Spire (QoL Compilation)","Relic Stats","Shapeshifter Mod","Spicy Shops","StS++","StSLib","The Marked","The Runesmith","Weighted Paths","【遗物卡牌】REMEMod"],"gold_per_floor":[116,116,131,146,159,187,215,0,0,0,14,34,34,34,34,131,131,148,192,210,19,19,46,46,46,46,46,66,122,122,122],"floor_reached":30,"language":"ENG","playtime":3445,"items_purged":[],"score":334,"play_id":"3a5eb0f0-db51-44b9-8dec-ca5f47028ada","local_time":"20210220230832","is_ascension_mode":true,"campfire_choices":[{"floor":10,"key":"REST"},{"data":"Enlightenment","floor":13,"key":"SMITH"},{"data":"Feed","floor":15,"key":"SMITH"}],"circlet_count":0,"master_deck":["Bane","Strike_G","Strike_G","Defend_G","Defend_G","Defend_G","Defend_G","Survivor","Neutralize","Feed+1","Acrobatics","Acrobatics","Prepared","StSpp:TimeParadox","Dash","Bouncing Flask","Enlightenment+1","StSpp:Throw","Calculated Gamble","Night Terror","Footwork","Tactician","REME_Flogging","StSpp:Throw","Writhe","StSpp:FiercePoison","Corpse Explosion"],"relics":["Ring of the Snake","EVO:Axolotl","REME_ComplimentaryCards","Letter Opener","Odd Mushroom","REME_LimitBreaker","Runic Pyramid","StSpp:WoodenPendulum","Regal Pillow","Shuriken","Orichalcum"],"acts_visited":["Exordium","TheCity"],"potions_floor_usage":[11,16,19,19,23,29],"damage_taken":[{"damage":0,"enemies":"2 Louse","floor":1,"turns":3},{"damage":0,"enemies":"Jaw Worm","floor":3,"turns":4},{"damage":1,"enemies":"Small Slimes","floor":4,"turns":4},{"damage":8,"enemies":"Exordium Wildlife","floor":5,"turns":6},{"damage":58,"enemies":"3 Sentries","floor":6,"turns":17},{"damage":0,"enemies":"The Mushroom Lair","floor":7,"turns":3},{"damage":0,"enemies":"Blue Slaver","floor":11,"turns":3},{"damage":0,"enemies":"Looter","floor":12,"turns":4},{"damage":47,"enemies":"The Guardian","floor":16,"turns":10},{"damage":0,"enemies":"Spheric Guardian","floor":18,"turns":3},{"damage":21,"enemies":"3 Byrds","floor":19,"turns":5},{"damage":8,"enemies":"Shelled Parasite and Fungi","floor":20,"turns":10},{"damage":39,"enemies":"Slavers","floor":23,"turns":5},{"damage":11,"enemies":"Snake Plant","floor":28,"turns":4},{"damage":26,"enemies":"Book of Stabbing","floor":29,"turns":5},{"damage":10,"enemies":"Snecko","floor":30,"turns":2}],"seed_played":"5126282500072557889","potions_obtained":[{"floor":3,"key":"REME_GoldPotion"},{"floor":7,"key":"SteroidPotion"},{"floor":11,"key":"Energy Potion"},{"floor":12,"key":"SkillPotion"},{"floor":18,"key":"Block Potion"},{"floor":23,"key":"REME_GoldPotion"},{"floor":28,"key":"LiquidMemories"}],"is_trial":false,"path_per_floor":["M","?","M","M","M","E","?","?","T","R","M","M","R","$","R","B",null,"M","M","M","$","?","E","?","$","T","$","M","E","M"],"character_chosen":"THE_SILENT","items_purchased":["REME_Flogging"],"campfire_rested":1,"item_purchase_floors":[21],"current_hp_per_floor":[66,71,74,76,71,16,16,22,22,48,51,51,51,51,51,8,96,96,83,79,79,79,40,40,40,40,40,33,7,0,0],"gold":122,"neow_bonus":"REMOVE_TWO","is_daily":false,"chose_seed":false,"campfire_upgraded":2,"win_rate":0.0,"timestamp":1613891312,"path_taken":["M","?","M","M","M","E","?","?","T","R","M","M","R","?","R","BOSS","M","M","M","$","?","E","?","?","T","?","M","E","?"],"items_purchased_type":["Card"],"build_version":"2020-12-22","purchased_purges":0,"victory":false,"max_hp_per_floor":[66,71,74,77,80,83,83,89,89,89,92,92,92,92,92,96,96,96,104,108,108,108,108,108,108,108,108,112,112,112,112],"relic_stats":{"Regal Pillow":0,"counters":[16,88],"Shuriken":[2],"Letter Opener":[245],"Orichalcum":[0],"obtain_stats":[{"Regal Pillow":24,"Shuriken":26,"StSpp:WoodenPendulum":23,"EVO:Axolotl":0,"Letter Opener":6,"Odd Mushroom":7,"REME_LimitBreaker":9,"Orichalcum":29,"Ring of the Snake":0,"REME_ComplimentaryCards":0,"Runic Pyramid":17},{"Regal Pillow":13,"Shuriken":13,"StSpp:WoodenPendulum":13,"EVO:Axolotl":0,"Letter Opener":5,"Odd Mushroom":6,"REME_LimitBreaker":6,"Orichalcum":15,"Ring of the Snake":0,"REME_ComplimentaryCards":0,"Runic Pyramid":9},{"Regal Pillow":77,"Shuriken":77,"StSpp:WoodenPendulum":77,"EVO:Axolotl":0,"Letter Opener":34,"Odd Mushroom":37,"REME_LimitBreaker":37,"Orichalcum":86,"Ring of the Snake":0,"REME_ComplimentaryCards":0,"Runic Pyramid":54}],"Ring of the Snake":[32]},"card_choices":[{"not_picked":["StSpp:CorrosivePoison","Deflect"],"picked":"Acrobatics","floor":1},{"not_picked":["Blade Dance","Outmaneuver"],"picked":"Acrobatics","floor":3},{"not_picked":["StSpp:Lure","Eviscerate"],"picked":"Prepared","floor":4},{"not_picked":["Blur","Underhanded Strike"],"picked":"StSpp:TimeParadox","floor":5},{"not_picked":["Reflex","Unload"],"picked":"Dash","floor":6},{"not_picked":["REME_CopyPotion","Expertise"],"picked":"Bouncing Flask","floor":7},{"not_picked":["After Image","Skewer"],"picked":"StSpp:Throw","floor":11},{"not_picked":["Dagger Throw","Finisher"],"picked":"Calculated Gamble","floor":12},{"not_picked":["Die Die Die","StSpp:AbandonFlesh"],"picked":"Night Terror","floor":16},{"not_picked":["Heel Hook","Infinite Blades","Blade Dance+1"],"picked":"SKIP","floor":18},{"not_picked":["StSpp:TimeParadox","Finisher+1"],"picked":"Footwork","floor":19},{"not_picked":["Caltrops","Deadly Poison"],"picked":"Tactician","floor":20},{"not_picked":["Reflex","Heel Hook"],"picked":"StSpp:Throw","floor":23},{"not_picked":["StSpp:Anticipation","StSpp:CorrosivePoison","Backstab+1","Endless Agony"],"picked":"StSpp:FiercePoison","floor":28},{"not_picked":["StSpp:ChainedTrap+1","StSpp:AbandonFlesh","Predator+1","Distraction"],"picked":"Corpse Explosion","floor":29}],"player_experience":159906,"relics_obtained":[{"floor":6,"key":"Letter Opener"},{"floor":7,"key":"Odd Mushroom"},{"floor":9,"key":"REME_LimitBreaker"},{"floor":23,"key":"StSpp:WoodenPendulum"},{"floor":26,"key":"Shuriken"},{"floor":29,"key":"Orichalcum"}],"event_choices":[{"damage_healed":0,"gold_gain":0,"player_choice":"Donut","damage_taken":0,"max_hp_gain":5,"max_hp_loss":0,"event_name":"Big Fish","floor":2,"gold_loss":0},{"damage_healed":0,"gold_gain":0,"player_choice":"Fought Mushrooms","damage_taken":0,"max_hp_gain":0,"max_hp_loss":0,"event_name":"Mushrooms","floor":7,"gold_loss":0},{"damage_healed":0,"gold_gain":0,"player_choice":"RENOUNCE","damage_taken":215,"max_hp_gain":0,"max_hp_loss":0,"event_name":"betterThird:BetterSerpent","floor":8,"gold_loss":215,"cards_obtained":["Enlightenment"]},{"cards_removed":["Strike_G"],"damage_healed":0,"gold_gain":0,"player_choice":"Elegance","damage_taken":0,"max_hp_gain":0,"max_hp_loss":0,"event_name":"betterThird:BetterWriting","floor":22,"gold_loss":0},{"damage_healed":0,"gold_gain":0,"player_choice":"Opened","damage_taken":0,"relics_obtained":["Regal Pillow"],"max_hp_gain":0,"max_hp_loss":0,"event_name":"The Mausoleum","floor":24,"gold_loss":0,"cards_obtained":["Writhe"]}],"is_beta":false,"boss_relics":[{"not_picked":["REME_DuelDisc","Velvet Choker"],"picked":"Runic Pyramid"}],"items_purged_floors":[],"is_endless":false,"potions_floor_spawned":[3,7,11,12,18,23,28],"killed_by":"Snecko","ascension_level":1}}