{"host":"otnudku6n3tqcmrv","time":1613922394,"event":{"mods":["BaseMod","CapriCore","Colored Map","DeckTracker","KOR Keyword Fix","Keyboard Shortcuts","Minty Spire (QoL Compilation)","Quick Restart","StSLib","SuperFastMode","The Immortal","Waifu the Spire","everything is the same but u backflip on backflip"],"gold_per_floor":[117,136,153,163,163,163,188,199,225,225,239,239,204,222,222,222,222,222],"floor_reached":16,"language":"KOR","playtime":389,"items_purged":[],"score":104,"play_id":"a6ee276d-d9b3-458a-bd9a-9c235782aae5","local_time":"20210222004634","is_ascension_mode":false,"campfire_choices":[{"floor":6,"key":"REST"},{"floor":10,"key":"REST"},{"data":"MokouMod:HeatTransfer","floor":15,"key":"SMITH"}],"circlet_count":0,"master_deck":["MokouMod:Strike","MokouMod:Strike","MokouMod:Strike","MokouMod:Strike","MokouMod:Defend","MokouMod:Defend","MokouMod:Defend","MokouMod:HeatSpark","MokouMod:ControlledCombustion","MokouMod:ScorchedEarth","MokouMod:Ember","MokouMod:ResoluteFlare","MokouMod:Stoke+1","MokouMod:HeatCyclone","MokouMod:Meltdown","MokouMod:Overheat","MokouMod:UncontrollableSolarReaction","MokouMod:HeatTransfer+1"],"relics":["MokouMod:PhoenixFeather","Anchor","Blood Vial","Shovel"],"acts_visited":["Exordium"],"potions_floor_usage":[16],"damage_taken":[{"damage":15,"enemies":"Small Slimes","floor":1,"turns":4},{"damage":1,"enemies":"Cultist","floor":2,"turns":3},{"damage":11,"enemies":"Jaw Worm","floor":3,"turns":2},{"damage":12,"enemies":"3 Louse","floor":4,"turns":2},{"damage":21,"enemies":"Lagavulin","floor":7,"turns":6},{"damage":6,"enemies":"Exordium Wildlife","floor":8,"turns":5},{"damage":23,"enemies":"Lots of Slimes","floor":11,"turns":5},{"damage":9,"enemies":"3 Louse","floor":14,"turns":4},{"damage":53,"enemies":"Slime Boss","floor":16,"turns":8}],"seed_played":"7366753008668897134","potions_obtained":[{"floor":2,"key":"PowerPotion"},{"floor":3,"key":"ColorlessPotion"}],"is_trial":false,"path_per_floor":["M","M","M","M","?","R","E","M","T","R","M","T","?","M","R","B"],"character_chosen":"MKU","items_purchased":[],"campfire_rested":2,"item_purchase_floors":[],"current_hp_per_floor":[53,52,41,29,29,49,28,22,22,42,21,21,38,31,31,1,1,1],"gold":222,"neow_bonus":"TRANSFORM_TWO_CARDS","is_daily":false,"chose_seed":false,"campfire_upgraded":1,"win_rate":0.0,"timestamp":1613922394,"path_taken":["M","M","M","M","?","R","E","?","T","R","M","?","?","M","R","BOSS"],"items_purchased_type":[],"build_version":"2020-12-22","purchased_purges":0,"victory":false,"max_hp_per_floor":[68,68,68,68,68,68,68,68,68,68,68,68,68,68,68,68,68,68],"card_choices":[{"not_picked":["MokouMod:BurningDraft","MokouMod:ShiftIgnition"],"picked":"MokouMod:Ember","floor":1},{"not_picked":["MokouMod:TemporalFireSeal","MokouMod:Sear"],"picked":"MokouMod:ResoluteFlare","floor":2},{"not_picked":["MokouMod:RoaringFlare","MokouMod:Rekindle"],"picked":"MokouMod:Stoke","floor":3},{"not_picked":["MokouMod:FlickeringFlame","MokouMod:BlazingComet"],"picked":"MokouMod:HeatCyclone","floor":4},{"not_picked":["MokouMod:Stoke","MokouMod:HeatTransfer"],"picked":"MokouMod:Meltdown","floor":7},{"not_picked":["MokouMod:BurningDraft","MokouMod:IndiscriminateIgnition"],"picked":"MokouMod:Overheat","floor":8},{"not_picked":["MokouMod:FujiyamaVolcano","MokouMod:FlickeringFlame"],"picked":"MokouMod:UncontrollableSolarReaction","floor":11},{"not_picked":["MokouMod:Firecracker","MokouMod:CrimsonArmoury"],"picked":"MokouMod:HeatTransfer","floor":14}],"player_experience":1312544,"relics_obtained":[{"floor":7,"key":"Anchor"},{"floor":9,"key":"Blood Vial"},{"floor":12,"key":"Shovel"}],"event_choices":[{"damage_healed":0,"gold_gain":0,"player_choice":"Upgraded","damage_taken":0,"max_hp_gain":0,"max_hp_loss":0,"event_name":"Upgrade Shrine","floor":5,"gold_loss":0,"cards_upgraded":["MokouMod:Stoke"]},{"damage_healed":17,"gold_gain":0,"player_choice":"Healed","damage_taken":0,"max_hp_gain":0,"max_hp_loss":0,"event_name":"The Cleric","floor":13,"gold_loss":35}],"is_beta":false,"boss_relics":[],"items_purged_floors":[],"is_endless":false,"potions_floor_spawned":[2,3],"killed_by":"Slime Boss","ascension_level":0}}