{"host":"ovivighfa421z0zp","time":1613922175,"event":{"mods":["BaseMod","Colored Map","DeckTracker","Keyboard Shortcuts","Minty Spire (QoL Compilation)","Permanent Neow","Quick Restart","Replay The Spire","StSLib","SuperFastMode","The Cursed"],"gold_per_floor":[113,113,126,126,138,138,157,186,186,186,22,50,50,61,61,134,134,146,20,30,41,41,21,34,69,118,131,131,146,166,181,181,252,252,267,285,285,50,50,50,75,75,100,113,113,130,140,176,176,176],"floor_reached":51,"language":"KOR","playtime":2230,"items_purged":["TheCursedMod:Strike_TheCursed"],"score":1583,"play_id":"2fb20b27-61a3-43f2-bc57-b02e3189a426","local_time":"20210222004255","is_ascension_mode":true,"campfire_choices":[{"data":"TheCursedMod:CleanUpWorkshop","floor":6.0,"key":"SMITH"},{"floor":13.0,"key":"REST"},{"floor":15.0,"key":"REST"},{"floor":32.0,"key":"REST"},{"data":"TheCursedMod:DarkBarrier","floor":40.0,"key":"SMITH"},{"data":"TheCursedMod:LuckyCharm","floor":42.0,"key":"SMITH"},{"data":"TheCursedMod:VoidForm","floor":45,"key":"SMITH"},{"floor":49,"key":"DIG"}],"circlet_count":0,"master_deck":["AscendersBane","TheCursedMod:Strike_TheCursed","TheCursedMod:Defend_TheCursed","TheCursedMod:Defend_TheCursed","TheCursedMod:Defend_TheCursed","TheCursedMod:Defend_TheCursed","TheCursedMod:CursedWand","TheCursedMod:CleanUpWorkshop+1","TheCursedMod:Dregs","TheCursedMod:CollectTribute+1","TheCursedMod:SpitefulStrike","TheCursedMod:VoidForm+1","TheCursedMod:RapidMovement","TheCursedMod:LuckyCharm+1","TheCursedMod:CursedBlade","TheCursedMod:SpitefulPray","TheCursedMod:CursedBlade","TheCursedMod:SmokeScreen","TheCursedMod:NeowsMight","Injury","TheCursedMod:ReleasedStrength","ReplayTheSpireMod:IOU","TheCursedMod:HellfireBreathing","TheCursedMod:HellfireBreathing","TheCursedMod:CursedAmulet","TheCursedMod:RapidMovement","ReplayTheSpireMod:IOU","TheCursedMod:ShockAndAwe+1","TheCursedMod:StunningStrike","TheCursedMod:Evocation","TheCursedMod:SpitefulPray","TheCursedMod:DarkBarrier+1","TheCursedMod:CursedAmulet+1","TheCursedMod:CircleOfAbyss","TheCursedMod:WearCloak","TheCursedMod:VoidForm","TheCursedMod:RavingStaff+1","TheCursedMod:RapidMovement+1","Parasite","TheCursedMod:SpitefulPray","TheCursedMod:RavingStaff","Pain","TheCursedMod:SmokeScreen"],"relics":["TheCursedMod:BlackMagic101","Omamori","ReplayFunnel","Matryoshka","Replay:Ancient Bell","Replay:Wax Seal","White Beast Statue","Ice Cream","Lee\u0027s Waffle","Letter Opener","ReplayTheSpireMod:Ninjato","Shuriken","Iron Hammer","MealTicket","ChewingGum","Orrery","Orichalcum","Boot","Question Card","Bag of Marbles"],"acts_visited":["Exordium","TheCity","TheBeyond"],"potions_floor_usage":[44,46,47,47,50],"damage_taken":[{"damage":11.0,"enemies":"Jaw Worm","floor":1.0,"turns":6.0},{"damage":2.0,"enemies":"2 Louse","floor":3.0,"turns":2.0},{"damage":6.0,"enemies":"Small Slimes","floor":5.0,"turns":6.0},{"damage":10.0,"enemies":"Gremlin Gang","floor":7.0,"turns":6.0},{"damage":29.0,"enemies":"3 Sentries","floor":8.0,"turns":4.0},{"damage":0.0,"enemies":"Lagavulin","floor":12.0,"turns":6.0},{"damage":21.0,"enemies":"Exordium Thugs","floor":14.0,"turns":4.0},{"damage":0.0,"enemies":"Hexaghost","floor":16.0,"turns":8.0},{"damage":0.0,"enemies":"3 Byrds","floor":18.0,"turns":5.0},{"damage":0.0,"enemies":"Chosen","floor":20.0,"turns":5.0},{"damage":0.0,"enemies":"Centurion and Healer","floor":21.0,"turns":5.0},{"damage":16.0,"enemies":"Cultist and Chosen","floor":24.0,"turns":7.0},{"damage":24.0,"enemies":"Replay:Snechameleon","floor":25.0,"turns":4.0},{"damage":13.0,"enemies":"Chosen and Byrds","floor":27.0,"turns":8.0},{"damage":5.0,"enemies":"Colosseum Slavers","floor":28.0,"turns":2.0},{"damage":0.0,"enemies":"Snecko","floor":29.0,"turns":5.0},{"damage":0.0,"enemies":"Shelled Parasite and Fungi","floor":30.0,"turns":3.0},{"damage":12.0,"enemies":"Centurion and Healer","floor":31.0,"turns":3.0},{"damage":12.0,"enemies":"Pondfish","floor":33.0,"turns":9.0},{"damage":0.0,"enemies":"Orb Walker","floor":35.0,"turns":4.0},{"damage":21.0,"enemies":"3 Darklings","floor":36.0,"turns":5.0},{"damage":1.0,"enemies":"Nemesis","floor":41.0,"turns":7.0},{"damage":0,"enemies":"Sphere and 2 Shapes","floor":44,"turns":5},{"damage":4,"enemies":"Writhing Mass","floor":46,"turns":3},{"damage":1,"enemies":"Spire Growth","floor":47,"turns":5},{"damage":19,"enemies":"Time Eater","floor":50,"turns":7}],"seed_played":"-6536863720040068964","potions_obtained":[{"floor":1.0,"key":"Cursed Concoction"},{"floor":12.0,"key":"ColorlessPotion"},{"floor":18.0,"key":"Energy Potion"},{"floor":20.0,"key":"Fire Potion"},{"floor":21.0,"key":"BlessingOfTheForge"},{"floor":24.0,"key":"SteroidPotion"},{"floor":25.0,"key":"Languid Potion"},{"floor":27.0,"key":"Elixir"},{"floor":29.0,"key":"Adrenaline Potion"},{"floor":30.0,"key":"Death Potion"},{"floor":31.0,"key":"LiquidBronze"},{"floor":33.0,"key":"Fruit Juice"},{"floor":35.0,"key":"Weak Potion"},{"floor":36.0,"key":"Weak Potion"},{"floor":41.0,"key":"Block Potion"},{"floor":44,"key":"Weak Potion"},{"floor":46,"key":"AttackPotion"},{"floor":47,"key":"Explosive Potion"},{"floor":48,"key":"PowerPotion"}],"is_trial":false,"path_per_floor":["M","?","M","?","M","R","M","E","T","?","$","E","R","M","R","B",null,"M","$","M","M","T","$","M","E","T","M","?","M","M","M","R","B",null,"M","M","?","$","?","R","E","R","T","M","R","M","M","?","R_BF","B",null],"character_chosen":"THE_CURSED","items_purchased":["Flashbang","SkillPotion","Lee\u0027s Waffle","TheCursedMod:HellfireBreathing","TheCursedMod:ShockAndAwe+1","Orrery"],"campfire_rested":3,"item_purchase_floors":[11,11,19,19,23,38],"current_hp_per_floor":[53,53,51,51,45,45,35,6,6,6,6,6,25,4,23,23,54,54,71,71,71,71,71,55,31,31,18,13,13,13,1,22,15,61,61,40,40,55,55,55,54,54,54,54,54,50,49,49,49,30],"gold":176,"neow_bonus":"THREE_RARE_CARDS","is_daily":false,"chose_seed":false,"campfire_upgraded":4,"win_rate":0.0,"timestamp":1613922175,"path_taken":["M","?","M","?","M","R","M","E","T","?","$","E","R","M","R","BOSS","M","$","?","M","?","$","M","E","T","M","?","M","M","M","R","BOSS","M","M","?","$","?","R","E","R","T","M","R","M","M","?","R_BF","BOSS"],"items_purchased_type":["Potion","Potion","Relic","Card","Card","Relic"],"build_version":"2020-12-22","purchased_purges":1,"victory":true,"max_hp_per_floor":[64,64,64,64,64,64,64,64,64,64,64,64,64,64,64,64,64,64,71,71,71,71,71,71,71,71,71,71,71,71,71,71,76,76,76,76,76,76,76,76,76,76,76,76,76,76,76,76,76,76],"card_choices":[{"not_picked":["TheCursedMod:ManaCirculation","TheCursedMod:CursedRelics"],"picked":"TheCursedMod:CollectTribute","floor":0.0},{"not_picked":["TheCursedMod:RavingStaff","TheCursedMod:CircleOfCorruption"],"picked":"TheCursedMod:SpitefulStrike","floor":1.0},{"not_picked":["TheCursedMod:Stretching","TheCursedMod:CursedShiv"],"picked":"TheCursedMod:RapidMovement","floor":3.0},{"not_picked":["TheCursedMod:ReleasedKnowledge","TheCursedMod:Torture"],"picked":"TheCursedMod:LuckyCharm","floor":5.0},{"not_picked":["TheCursedMod:VitalStrike","TheCursedMod:Obscuration"],"picked":"TheCursedMod:CursedBlade","floor":7.0},{"not_picked":["TheCursedMod:CursedBlade","TheCursedMod:CircleOfFlame"],"picked":"TheCursedMod:SpitefulPray","floor":8.0},{"not_picked":["TheCursedMod:RapidMovement","TheCursedMod:SpreadPlague"],"picked":"TheCursedMod:CursedBlade","floor":12.0},{"not_picked":["TheCursedMod:VitalStrike","TheCursedMod:CursedMace"],"picked":"TheCursedMod:SmokeScreen","floor":14.0},{"not_picked":["TheCursedMod:AntiAging","TheCursedMod:DemonSword"],"picked":"TheCursedMod:NeowsMight","floor":16.0},{"not_picked":["Pain","Overencumbered"],"picked":"Decay","floor":17.0},{"not_picked":["Replay:Hysterical Blindness","Spreading Infection"],"picked":"Parasite","floor":17.0},{"not_picked":["Hallucinations","Languid"],"picked":"Injury","floor":17.0},{"not_picked":["TheCursedMod:SpreadPlague","TheCursedMod:BloodBarrier"],"picked":"TheCursedMod:ReleasedStrength","floor":18.0},{"not_picked":["TheCursedMod:VitalStrike","TheCursedMod:FleshFromBone"],"picked":"TheCursedMod:CursedAmulet","floor":20.0},{"not_picked":["TheCursedMod:Stretching","TheCursedMod:SurpriseAttack"],"picked":"TheCursedMod:RapidMovement","floor":21.0},{"not_picked":["TheCursedMod:Torture","TheCursedMod:SurpriseAttack","TheCursedMod:SaltUponWound"],"picked":"SKIP","floor":24.0},{"not_picked":["TheCursedMod:CursedAmulet","TheCursedMod:PrepareRite+1"],"picked":"TheCursedMod:StunningStrike","floor":25.0},{"not_picked":["TheCursedMod:SpitefulStrike","TheCursedMod:ReleasedKnowledge+1"],"picked":"TheCursedMod:Evocation","floor":27.0},{"not_picked":["TheCursedMod:VitalStrike","TheCursedMod:Hemoplague","TheCursedMod:CursedMace"],"picked":"SKIP","floor":29.0},{"not_picked":["TheCursedMod:StingEye","TheCursedMod:CircleOfWindfury"],"picked":"TheCursedMod:SpitefulPray","floor":30.0},{"not_picked":["TheCursedMod:CircleOfCorruption","TheCursedMod:CursedBlade","TheCursedMod:HellsGateOpen"],"picked":"SKIP","floor":31.0},{"not_picked":["TheCursedMod:OutForBlood","TheCursedMod:CircleOfAbyss"],"picked":"TheCursedMod:DarkBarrier","floor":33.0},{"not_picked":["TheCursedMod:CursedStaff","TheCursedMod:Torture","TheCursedMod:CircleOfCorruption"],"picked":"SKIP","floor":35.0},{"not_picked":["TheCursedMod:RavingStaff","TheCursedMod:FuryStrike"],"picked":"TheCursedMod:CursedAmulet+1","floor":36.0},{"not_picked":["TheCursedMod:Stigma","TheCursedMod:CircleOfFlame"],"picked":"TheCursedMod:CircleOfAbyss","floor":38.0},{"not_picked":["TheCursedMod:CursedStaff","TheCursedMod:CircleOfWindfury+1"],"picked":"TheCursedMod:WearCloak","floor":38.0},{"not_picked":["TheCursedMod:CollectTribute","TheCursedMod:VitalStrike"],"picked":"TheCursedMod:VoidForm","floor":38.0},{"not_picked":["TheCursedMod:Mangle","TheCursedMod:SpitefulStrike+1"],"picked":"TheCursedMod:RavingStaff+1","floor":41.0},{"not_picked":["TheCursedMod:Grudge","TheCursedMod:CircleOfWindfury+1"],"picked":"TheCursedMod:RapidMovement+1","floor":44},{"not_picked":["TheCursedMod:Stigma","TheCursedMod:TacticalStrike"],"picked":"TheCursedMod:SpitefulPray","floor":46},{"not_picked":["TheCursedMod:CursedArmor","TheCursedMod:SmokeScreen"],"picked":"TheCursedMod:RavingStaff","floor":47},{"not_picked":["TheCursedMod:TacticalStrike","TheCursedMod:Obscuration+1"],"picked":"TheCursedMod:SmokeScreen","floor":48}],"player_experience":803497,"relics_obtained":[{"floor":8.0,"key":"Omamori"},{"floor":9.0,"key":"ReplayFunnel"},{"floor":12.0,"key":"Matryoshka"},{"floor":22.0,"key":"Letter Opener"},{"floor":22.0,"key":"ReplayTheSpireMod:Ninjato"},{"floor":25.0,"key":"Shuriken"},{"floor":26.0,"key":"Iron Hammer"},{"floor":26.0,"key":"MealTicket"},{"floor":41.0,"key":"Orichalcum"},{"floor":43.0,"key":"Boot"},{"floor":48,"key":"Question Card"},{"floor":49,"key":"Bag of Marbles"}],"event_choices":[{"damage_healed":0.0,"max_hp_gain":0.0,"max_hp_loss":0.0,"gold_gain":0.0,"cards_transformed":["TheCursedMod:Strike_TheCursed"],"event_name":"Living Wall","player_choice":"Change","floor":2.0,"gold_loss":0.0,"damage_taken":0.0,"cards_obtained":["TheCursedMod:VoidForm"]},{"damage_healed":0.0,"max_hp_gain":0.0,"max_hp_loss":0.0,"gold_gain":0.0,"event_name":"Fountain of Cleansing","player_choice":"Ignored","floor":10.0,"gold_loss":0.0,"damage_taken":0.0},{"damage_healed":0.0,"max_hp_gain":0.0,"max_hp_loss":0.0,"gold_gain":0.0,"event_name":"Colosseum","player_choice":"Fight","floor":28.0,"gold_loss":0.0,"damage_taken":0.0},{"damage_healed":0.0,"max_hp_gain":0.0,"max_hp_loss":0.0,"gold_gain":0.0,"event_name":"Colosseum","player_choice":"Fled From Nobs","floor":28.0,"gold_loss":0.0,"damage_taken":0.0},{"damage_healed":0.0,"max_hp_gain":0.0,"max_hp_loss":0.0,"gold_gain":0.0,"event_name":"Tomb of Lord Red Mask","player_choice":"Ignored","floor":37.0,"gold_loss":0.0,"damage_taken":0.0},{"cards_removed":["TheCursedMod:Strike_TheCursed"],"damage_healed":0.0,"max_hp_gain":0.0,"max_hp_loss":0.0,"gold_gain":0.0,"event_name":"Falling","player_choice":"Removed Attack","floor":39.0,"gold_loss":0.0,"damage_taken":0.0}],"is_beta":false,"boss_relics":[{"not_picked":["TheCursedMod:FourLeafCloverCharm","Calling Bell"],"picked":"Replay:Ancient Bell"},{"not_picked":["Oddly Smooth Stone","Replay:Bandana"],"picked":"Replay:Wax Seal"},{"not_picked":["Replay:Ringing Soul","TheCursedMod:DemonicMark"],"picked":"White Beast Statue"},{"not_picked":["WingedGreaves","Prayer Wheel"],"picked":"Ice Cream"},{"not_picked":["Black Star","Abe\u0027s Treasure"],"picked":"ChewingGum"}],"items_purged_floors":[38],"is_endless":false,"potions_floor_spawned":[1,12,18,20,21,24,25,27,28,29,30,31,33,35,36,41,44,46,47],"ascension_level":17}}