{"host":"bf5upntvbdompq33","time":1613879525,"event":{"mods":["BaseMod","Bestiary","Colored Map","Colored Powertips","Curses Come First","Highlight Path","Minty Spire (QoL Compilation)","StSLib","ojb\u0027s Info Mod"],"gold_per_floor":[115,132,145,161,261,261,287,304,330,330,330],"floor_reached":10,"language":"ENG","playtime":545,"items_purged":[],"score":109,"play_id":"ef91daaa-d082-470c-b1cc-751ef71d4873","local_time":"20210220205205","is_ascension_mode":true,"campfire_choices":[{"data":"Dash","floor":6,"key":"SMITH"}],"circlet_count":0,"master_deck":["AscendersBane","Strike_G+1","Strike_G","Strike_G","Strike_G","Strike_G","Defend_G","Defend_G","Defend_G","Defend_G","Defend_G","Survivor","Neutralize+1","Slice","Dash+1","Catalyst","Well Laid Plans","Slice","Dagger Throw"],"relics":["Ring of the Snake","NeowsBlessing","Whetstone","Anchor"],"acts_visited":["Exordium"],"potions_floor_usage":[8,8],"damage_taken":[{"damage":0,"enemies":"2 Louse","floor":1,"turns":1},{"damage":0,"enemies":"Cultist","floor":2,"turns":1},{"damage":0,"enemies":"Jaw Worm","floor":3,"turns":1},{"damage":2,"enemies":"3 Louse","floor":4,"turns":4},{"damage":57,"enemies":"3 Sentries","floor":7,"turns":16},{"damage":3,"enemies":"Gremlin Gang","floor":8,"turns":6},{"damage":6,"enemies":"Gremlin Nob","floor":10,"turns":3}],"seed_played":"6087791711942935755","potions_obtained":[{"floor":7,"key":"Explosive Potion"},{"floor":8,"key":"Fruit Juice"}],"is_trial":false,"path_per_floor":["M","M","M","M","?","R","E","M","T","E"],"character_chosen":"THE_SILENT","items_purchased":[],"campfire_rested":0,"item_purchase_floors":[],"current_hp_per_floor":[63,63,63,61,61,61,4,6,6,0,0],"gold":330,"neow_bonus":"THREE_ENEMY_KILL","is_daily":false,"chose_seed":false,"campfire_upgraded":1,"win_rate":0.0,"timestamp":1613879525,"path_taken":["M","M","M","M","?","R","E","M","T","E"],"items_purchased_type":[],"build_version":"2020-12-22","purchased_purges":0,"victory":false,"max_hp_per_floor":[70,70,70,70,70,70,70,75,75,75,75],"card_choices":[{"not_picked":["Acrobatics","Outmaneuver"],"picked":"Slice","floor":1},{"not_picked":["Dagger Throw","Caltrops"],"picked":"Dash","floor":2},{"not_picked":["Blade Dance","Setup"],"picked":"Catalyst","floor":3},{"not_picked":["PiercingWail","Bane"],"picked":"Well Laid Plans","floor":4},{"not_picked":["Tactician","PiercingWail"],"picked":"Slice","floor":7},{"not_picked":["Finisher","Grand Finale"],"picked":"Dagger Throw","floor":8}],"player_experience":1676397,"relics_obtained":[{"floor":7,"key":"Whetstone"},{"floor":9,"key":"Anchor"}],"event_choices":[{"damage_healed":0,"gold_gain":100,"player_choice":"Pray","damage_taken":0,"max_hp_gain":0,"max_hp_loss":0,"event_name":"Golden Shrine","floor":5,"gold_loss":0}],"is_beta":false,"boss_relics":[],"items_purged_floors":[],"is_endless":false,"potions_floor_spawned":[7,8],"killed_by":"Gremlin Nob","ascension_level":11}}