{"host":"Cenci","time":1613916087,"event":{"mods":["BaseMod","Bestiary","Downfall","Highlight Path","Minty Spire (QoL Compilation)","StSLib","The Marked"],"gold_per_floor":[18,18,34,34,52,83,83,94,94,94,94],"floor_reached":10,"language":"ENG","playtime":457,"items_purged":[],"score":68,"play_id":"90f299d6-06aa-41c6-91e2-253c53e04f3d","local_time":"20210221150127","is_ascension_mode":false,"campfire_choices":[{"data":"theMarked:MuscleMemory","floor":7.0,"key":"SMITH"}],"circlet_count":0,"master_deck":["theMarked:Strike","theMarked:Strike","theMarked:Strike","theMarked:Strike","theMarked:Strike","theMarked:Defend","theMarked:Defend","theMarked:Defend","theMarked:Defend","theMarked:SoldierOfQuellstein","theMarked:BindingBlade+1","theMarked:Overthink","theMarked:MuscleMemory+1","theMarked:Electrify","theMarked:Overthink"],"relics":["theMarked:ArtifactOfAir","Strawberry"],"acts_visited":["Exordium"],"potions_floor_usage":[],"damage_taken":[{"damage":1.0,"enemies":"Jaw Worm","floor":1.0,"turns":5.0},{"damage":3.0,"enemies":"Small Slimes","floor":3.0,"turns":3.0},{"damage":0.0,"enemies":"2 Louse","floor":5.0,"turns":2.0},{"damage":43.0,"enemies":"3 Sentries","floor":6.0,"turns":12.0},{"damage":11.0,"enemies":"Red Slaver","floor":8.0,"turns":5.0},{"damage":14,"enemies":"Gremlin Nob","floor":10,"turns":3}],"seed_played":"-112081029199098760","potions_obtained":[{"floor":1.0,"key":"Fire Potion"},{"floor":8.0,"key":"CultistPotion"}],"is_trial":false,"path_per_floor":["M","$","M","?","M","E","R","M","T","E"],"character_chosen":"THE_DEFAULT","items_purchased":[],"campfire_rested":0,"item_purchase_floors":[],"current_hp_per_floor":[71,71,68,68,68,32,32,21,21,7,7],"gold":94,"neow_bonus":"THREE_RARE_CARDS","is_daily":false,"chose_seed":false,"campfire_upgraded":1,"win_rate":0.0,"timestamp":1613916087,"path_taken":["M","$","M","?","M","E","R","M","T","E"],"items_purchased_type":[],"build_version":"2020-11-17","purchased_purges":0,"victory":false,"max_hp_per_floor":[72,72,72,72,72,79,79,79,79,79,79],"card_choices":[{"not_picked":["theMarked:BiggerThanFate","theMarked:Challenge"],"picked":"theMarked:BindingBlade","floor":0.0},{"not_picked":["theMarked:Indomitable","theMarked:BanishingStrike"],"picked":"theMarked:Overthink","floor":1.0},{"not_picked":["theMarked:WardOff","theMarked:ShockingTouch","theMarked:Polarize"],"picked":"SKIP","floor":3.0},{"not_picked":["theMarked:EmpowerWeapon","theMarked:Frustration"],"picked":"theMarked:MuscleMemory","floor":5.0},{"not_picked":["theMarked:HeightenedSenses","theMarked:TwofoldDefense"],"picked":"theMarked:Electrify","floor":6.0},{"not_picked":["theMarked:TakeCover","theMarked:ElectricStrings"],"picked":"theMarked:Overthink","floor":8.0}],"player_experience":383004,"relics_obtained":[{"floor":6.0,"key":"Strawberry"}],"event_choices":[{"damage_healed":0.0,"max_hp_gain":0.0,"max_hp_loss":0.0,"gold_gain":0.0,"event_name":"Living Wall","player_choice":"Grow","floor":4.0,"gold_loss":0.0,"damage_taken":0.0,"cards_upgraded":["theMarked:BindingBlade"]}],"is_beta":true,"boss_relics":[],"items_purged_floors":[],"is_endless":false,"potions_floor_spawned":[1,8],"killed_by":"Gremlin Nob","ascension_level":0}}