{"host":"kmq7aw60w430zvtx","time":1613936739,"event":{"mods":["BaseMod","Downfall","GifTheSpireLib","Hermit","Hubris","Infinite Spire","Minty Spire (QoL Compilation)","Reliquary","Replay The Spire","Spire Arcade","StSLib","The Construct","The Cursed","The Hierophant","The Jungle","The Necromancer","The Runesmith"],"gold_per_floor":[111,120,120,162,262,262,309,309,336,7,35,38,79,82,82,152,202,202],"floor_reached":17,"language":"ENG","playtime":944,"items_purged":["hierophant:Doubloon"],"score":159,"play_id":"953e6e66-bf27-4604-86cc-105f240aaa35","local_time":"20210221204539","is_ascension_mode":false,"campfire_choices":[{"floor":6,"key":"RECALL"},{"floor":8,"key":"REST"},{"floor":15,"key":"REST"}],"circlet_count":0,"master_deck":["hierophant:Strike_Hierophant","hierophant:Strike_Hierophant+1","hierophant:Strike_Hierophant","hierophant:Strike_Hierophant","hierophant:Punish","hierophant:Defend_Hierophant","hierophant:Defend_Hierophant","hierophant:Defend_Hierophant","hierophant:Defend_Hierophant","hierophant:ChurchCoffers+1","hierophant:RustyCrate","hierophant:Doubloon","hierophant:Doubloon","hierophant:SealAway","Mayhem","hierophant:OrnateJavelin+1","hierophant:Purify","hierophant:Repentance","hierophant:Sermon","hierophant:DeathKnell","hierophant:Bribe"],"relics":["Busted Crown","reliquary:PartyBalloon","reliquary:Buckler","Tiny House"],"acts_visited":["Exordium","TheCity"],"potions_floor_usage":[7,7,16],"damage_taken":[{"damage":0,"enemies":"Small Slimes","floor":1,"turns":3},{"damage":1,"enemies":"Cultist","floor":2,"turns":4},{"damage":10,"enemies":"Jaw Worm","floor":4,"turns":5},{"damage":16,"enemies":"Gremlin Nob","floor":7,"turns":3},{"damage":5,"enemies":"Looter","floor":11,"turns":2},{"damage":17,"enemies":"Exordium Thugs","floor":12,"turns":5},{"damage":21,"enemies":"2 Fungi Beasts","floor":13,"turns":3},{"damage":12,"enemies":"Blue Slaver","floor":14,"turns":3},{"damage":8,"enemies":"Fading Forest","floor":16,"turns":11}],"seed_played":"3470681567975768444","potions_obtained":[{"floor":1,"key":"DuplicationPotion"},{"floor":4,"key":"PowerPotion"},{"floor":7,"key":"Strength Potion"},{"floor":11,"key":"infinitespire:BlackPotion"},{"floor":14,"key":"Death Potion"},{"floor":17,"key":"FairyPotion"}],"is_trial":false,"path_per_floor":["M","M","?","M","?","R","E","R","T","$","M","M","M","M","R","B",null],"character_chosen":"HIEROPHANT","items_purchased":["Mayhem","hierophant:OrnateJavelin"],"campfire_rested":2,"item_purchase_floors":[10,10],"current_hp_per_floor":[75,74,74,64,64,64,48,70,70,70,65,48,27,15,37,29,80,80],"gold":202,"neow_bonus":"BOSS_RELIC","is_daily":false,"chose_seed":false,"campfire_upgraded":0,"win_rate":0.0,"timestamp":1613936739,"path_taken":["M","M","?","M","?","R","E","R","T","$","M","M","?","M","R","BOSS"],"items_purchased_type":["Card","Card"],"build_version":"2020-12-22","purchased_purges":1,"victory":false,"max_hp_per_floor":[75,75,75,75,75,75,75,75,75,75,75,75,75,75,75,75,80,80],"card_choices":[{"not_picked":[],"picked":"hierophant:Doubloon","floor":1},{"not_picked":[],"picked":"hierophant:RustyCrate","floor":2},{"not_picked":[],"picked":"hierophant:SealAway","floor":4},{"not_picked":["hierophant:Doubloon"],"picked":"SKIP","floor":7},{"not_picked":[],"picked":"hierophant:Purify","floor":11},{"not_picked":[],"picked":"hierophant:Repentance","floor":12},{"not_picked":[],"picked":"hierophant:Sermon","floor":13},{"not_picked":["hierophant:EyeForCoin"],"picked":"SKIP","floor":14},{"not_picked":[],"picked":"hierophant:DeathKnell","floor":16},{"not_picked":[],"picked":"hierophant:Bribe","floor":17}],"player_experience":404746,"relics_obtained":[{"floor":7,"key":"reliquary:PartyBalloon"},{"floor":9,"key":"reliquary:Buckler"}],"event_choices":[{"damage_healed":0,"gold_gain":0,"player_choice":"Ignored","damage_taken":0,"max_hp_gain":0,"max_hp_loss":0,"event_name":"Liars Game","floor":3,"gold_loss":0},{"damage_healed":0,"gold_gain":100,"player_choice":"Pray","damage_taken":0,"max_hp_gain":0,"max_hp_loss":0,"event_name":"Golden Shrine","floor":5,"gold_loss":0}],"is_beta":false,"boss_relics":[{"not_picked":["Sozu","Fusion Hammer"],"picked":"Tiny House"}],"items_purged_floors":[10],"is_endless":false,"potions_floor_spawned":[1,4,7,11,14],"ascension_level":0}}