{"host":"684z1xpuwaoqmmh1","time":1613927042,"event":{"mods":["BaseMod","CatGirl Mod","Downfall","Hermit","Jorbs\u0027s Wanderer Trilogy","Marisa????????","Minty Spire (QoL Compilation)","Robot Space Explorer","Shade Mod","Shapeshifter Mod","StSLib","The Bug Knight","The Clintock","The Dragon Tamer","The Elementalist","The Hayseed","The Hierophant","The Marked","The Mystic","The Poker Player","The Runesmith","The Sage","The Saiyan","The Showman","The Spell Scribe","The Valiant","The Vixen","TheBandit","TheFirefly","TheVacant"],"gold_per_floor":[117,129,146,146,163,163,194,194,194,219,36,62,75,94,94,192,192,205,222,222,241,252,282,295,295,319,336,336,364,37,137,137,236,236,248,248,259,309,309,339,339,370,370,390,440,469,62,62,62,62,62,62,38,71,71],"floor_reached":56,"language":"ENG","playtime":4613,"items_purged":["theShowman:BasicStrike"],"score":1620,"play_id":"6ec0602a-1313-41b8-9039-4e4002185293","local_time":"20210221190402","is_ascension_mode":false,"campfire_choices":[{"data":"theShowman:WhirlingDervish","floor":6.0,"key":"SMITH"},{"data":"theShowman:ImpromptuFlourish","floor":8.0,"key":"SMITH"},{"data":"theShowman:ExaggeratedArmSweeps","floor":15.0,"key":"SMITH"},{"data":"theShowman:Ventriloquism","floor":25.0,"key":"SMITH"},{"data":"theShowman:SubtleMisdirections","floor":28.0,"key":"SMITH"},{"data":"theShowman:ImpromptuFlourish","floor":32.0,"key":"SMITH"},{"floor":41,"key":"RECALL"},{"data":"theShowman:CardPickup52","floor":49,"key":"SMITH"},{"data":"theShowman:GotYourNose","floor":52,"key":"SMITH"}],"circlet_count":0,"master_deck":["theShowman:VanishingStrike","theShowman:BasicDefend","theShowman:VanishingDefend","theShowman:VanishingDefend","theShowman:CardPickup52+1","theShowman:StageHook","theShowman:CrashingLights","theShowman:GotYourNose+1","theShowman:WhirlingDervish+1","theShowman:ExaggeratedArmSweeps+1","theShowman:ImpromptuFlourish+1","theShowman:ImpromptuFlourish+1","theShowman:SubtleMisdirections+1","theShowman:WardrobeWarding+1","theShowman:PocketSand+1","theShowman:WillingVolunteer+1","theShowman:ExtraWideSleeves+1","theShowman:OpenTheCurtain+1","theShowman:PropManacles+1","theShowman:Ventriloquism+1","theShowman:SleeveStash+1","theShowman:ThespianForm+1","theShowman:OpenTheCurtain+1","theShowman:AndBehindCurtain+1","theShowman:FlashyFlourish+1","theShowman:PotentialUnleashed"],"relics":["theShowman:ThirdTimeCharm","Akabeko","InkBottle","Toxic Egg 2","theShowman:Millstone","ClockworkSouvenir","Bronze Scales","Empty Cage","Enchiridion","sagemod:Creepy_Carousel","Huge Egg","Ornamental Fan","Busted Crown","Gremlin Horn","Sundial","Runesmith:Nanobots","theShowman:DetachableThumb","PreservedInsect","Letter Opener","bronze:DonusWashers","Turnip","theShowman:MagnetizedGloves"],"acts_visited":["Exordium","TheCity","TheBeyond","TheEnding"],"potions_floor_usage":[44,45,55,55],"damage_taken":[{"damage":2.0,"enemies":"Cultist","floor":1.0,"turns":5.0},{"damage":1.0,"enemies":"Small Slimes","floor":2.0,"turns":3.0},{"damage":4.0,"enemies":"2 Louse","floor":3.0,"turns":3.0},{"damage":2.0,"enemies":"Looter","floor":5.0,"turns":3.0},{"damage":0.0,"enemies":"3 Sentries","floor":7.0,"turns":1.0},{"damage":0.0,"enemies":"Lagavulin","floor":10.0,"turns":5.0},{"damage":0.0,"enemies":"3 Sentries","floor":12.0,"turns":2.0},{"damage":3.0,"enemies":"Large Slime","floor":13.0,"turns":2.0},{"damage":3.0,"enemies":"Exordium Wildlife","floor":14.0,"turns":2.0},{"damage":0.0,"enemies":"Slime Boss","floor":16.0,"turns":5.0},{"damage":0.0,"enemies":"3 Byrds","floor":18.0,"turns":2.0},{"damage":4.0,"enemies":"Spheric Guardian","floor":19.0,"turns":4.0},{"damage":0.0,"enemies":"Snecko","floor":21.0,"turns":3.0},{"damage":0.0,"enemies":"Snake Plant","floor":22.0,"turns":3.0},{"damage":0.0,"enemies":"Gremlin Leader","floor":23.0,"turns":5.0},{"damage":0.0,"enemies":"Centurion and Healer","floor":24.0,"turns":5.0},{"damage":0.0,"enemies":"Sentry and Sphere","floor":27.0,"turns":4.0},{"damage":0.0,"enemies":"Slavers","floor":29.0,"turns":3.0},{"damage":0.0,"enemies":"Champ","floor":33.0,"turns":16.0},{"damage":0,"enemies":"Orb Walker","floor":35,"turns":3},{"damage":0,"enemies":"3 Shapes","floor":37,"turns":3},{"damage":0,"enemies":"Giant Head","floor":40,"turns":8},{"damage":2,"enemies":"Nemesis","floor":42,"turns":7},{"damage":9,"enemies":"Sphere and 2 Shapes","floor":44,"turns":3},{"damage":0,"enemies":"2 Orb Walkers","floor":45,"turns":3},{"damage":0,"enemies":"Reptomancer","floor":46,"turns":3},{"damage":11,"enemies":"Time Eater","floor":50,"turns":9},{"damage":0,"enemies":"Shield and Spear","floor":54,"turns":3},{"damage":0,"enemies":"The Heart","floor":55,"turns":7}],"seed_played":"-7173520962505736988","potions_obtained":[{"floor":1.0,"key":"DuplicationPotion"},{"floor":2.0,"key":"Swift Potion"},{"floor":5.0,"key":"LiquidMemories"},{"floor":12.0,"key":"ColorlessPotion"},{"floor":14.0,"key":"DistilledChaos"},{"floor":23.0,"key":"sneckomod:MuddlingPotion"},{"floor":33.0,"key":"Strength Potion"},{"floor":42,"key":"Fruit Juice"},{"floor":44,"key":"hexamod:SoulburnPotion"},{"floor":45,"key":"Block Potion"}],"is_trial":false,"path_per_floor":["M","M","M","?","M","R","E","R","T","E","$","E","M","M","R","B",null,"M","M","?","M","M","E","M","R","T","M","R","E","$","?","R","B",null,"M","?","M","?","?","E","R","E","T","M","?","E","$","T","R","B",null,"R","$","E","B",null],"character_chosen":"THE_SHOWMAN","items_purchased":["theShowman:SubtleMisdirections","ClockworkSouvenir","Ornamental Fan","Letter Opener","bronze:DonusWashers","theShowman:FlashyFlourish+1"],"campfire_rested":0,"item_purchase_floors":[11,11,30,47,47,53],"current_hp_per_floor":[80,79,75,63,61,61,61,61,61,61,61,61,58,55,55,55,82,82,78,62,62,62,62,62,62,62,62,62,62,62,62,62,62,82,82,82,82,82,82,82,82,80,80,76,76,76,76,76,76,65,87,87,87,87,87],"gold":71,"neow_bonus":"TEN_PERCENT_HP_BONUS","is_daily":false,"chose_seed":false,"campfire_upgraded":8,"win_rate":0.0,"timestamp":1613927042,"path_taken":["M","?","M","?","M","R","E","R","T","E","$","E","M","M","R","BOSS","M","M","?","M","M","E","M","R","T","M","R","E","$","?","R","BOSS","M","?","M","?","?","E","R","E","T","M","?","E","?","?","R","BOSS","R","$","E","BOSS"],"items_purchased_type":["Card","Relic","Relic","Relic","Relic","Card"],"build_version":"2020-12-22","purchased_purges":1,"victory":true,"max_hp_per_floor":[82,82,82,82,82,82,82,82,82,82,82,82,82,82,82,82,82,82,82,82,82,82,82,82,82,82,82,82,82,82,82,82,82,82,82,82,82,82,82,82,82,82,82,87,87,87,87,87,87,87,87,87,87,87,87],"card_choices":[{"not_picked":["theShowman:NowYouSeeMe","theShowman:OneUp"],"picked":"theShowman:CrashingLights","floor":1.0},{"not_picked":["theShowman:SleightedHand","theShowman:Toro"],"picked":"theShowman:GotYourNose","floor":2.0},{"not_picked":["theShowman:FullHouse","theShowman:PocketSand"],"picked":"theShowman:WhirlingDervish","floor":3.0},{"not_picked":["theShowman:StartlingShowmanship","theShowman:OpenTheCurtain"],"picked":"theShowman:ExaggeratedArmSweeps","floor":5.0},{"not_picked":["theShowman:BafflingShuffle","theShowman:RaptMisdirection"],"picked":"theShowman:ImpromptuFlourish","floor":7.0},{"not_picked":["theShowman:HareBrainedScheme+1","theShowman:CurtainCall+1"],"picked":"theShowman:ImpromptuFlourish","floor":10.0},{"not_picked":["theShowman:FlashyFlourish+1","theShowman:Prestidigitation+1"],"picked":"theShowman:WardrobeWarding+1","floor":12.0},{"not_picked":["theShowman:NowYouDont","theShowman:SleightedFlourish+1"],"picked":"theShowman:PocketSand+1","floor":13.0},{"not_picked":["theShowman:CrashingLights","theShowman:WildFlourish","theShowman:Prestidigitation+1"],"picked":"SKIP","floor":14.0},{"not_picked":["theShowman:VanishingAct+1","theShowman:Columbify+1"],"picked":"theShowman:WillingVolunteer+1","floor":16.0},{"not_picked":["theShowman:NowYouSeeMe+1","theShowman:UpMySleeve"],"picked":"theShowman:ExtraWideSleeves+1","floor":18.0},{"not_picked":["theShowman:StartlingShowmanship+1","theShowman:Toro+1"],"picked":"theShowman:OpenTheCurtain+1","floor":19.0},{"not_picked":["theShowman:NowYouSeeMe+1","theShowman:Prestidigitation+1","theShowman:WildFlourish"],"picked":"SKIP","floor":21.0},{"not_picked":["theShowman:ReappearingTrick","theShowman:NowYouDont"],"picked":"theShowman:PropManacles+1","floor":22.0},{"not_picked":["theShowman:ThrowingCards","theShowman:SleeveStash+1"],"picked":"theShowman:Ventriloquism","floor":23.0},{"not_picked":["theShowman:StartlingShowmanship+1","theShowman:GotYourNose","theShowman:SleeveStash+1"],"picked":"SKIP","floor":24.0},{"not_picked":["theShowman:StartlingShowmanship+1","theShowman:GotYourNose"],"picked":"theShowman:SleeveStash+1","floor":24.0},{"not_picked":["theShowman:RazzleDazzle","theShowman:OpenTheCurtain+1","theShowman:SleeveAces+1"],"picked":"SKIP","floor":27.0},{"not_picked":["theShowman:NowYouSeeMe+1","theShowman:SleightedFlourish+1","theShowman:ExtraWideSleeves+1"],"picked":"SKIP","floor":29.0},{"not_picked":["theShowman:VanDeGraaffsRevenge","theShowman:SetTheStage+1"],"picked":"theShowman:ThespianForm","floor":33.0},{"not_picked":["theShowman:OneUp+1"],"picked":"SKIP","floor":35},{"not_picked":[],"picked":"theShowman:OpenTheCurtain+1","floor":37},{"not_picked":[],"picked":"theShowman:AndBehindCurtain+1","floor":40},{"not_picked":["theShowman:StartlingShowmanship+1"],"picked":"SKIP","floor":42},{"not_picked":["theShowman:StartlingShowmanship+1"],"picked":"SKIP","floor":44},{"not_picked":["theShowman:Toro+1"],"picked":"SKIP","floor":46},{"not_picked":[],"picked":"theShowman:PotentialUnleashed","floor":54}],"player_experience":3120300,"relics_obtained":[{"floor":7.0,"key":"InkBottle"},{"floor":9.0,"key":"Toxic Egg 2"},{"floor":10.0,"key":"theShowman:Millstone"},{"floor":12.0,"key":"Bronze Scales"},{"floor":20.0,"key":"Enchiridion"},{"floor":23.0,"key":"sagemod:Creepy_Carousel"},{"floor":29.0,"key":"Huge Egg"},{"floor":40,"key":"Gremlin Horn"},{"floor":42,"key":"Sundial"},{"floor":43,"key":"Runesmith:Nanobots"},{"floor":45,"key":"theShowman:DetachableThumb"},{"floor":46,"key":"PreservedInsect"},{"floor":48,"key":"Turnip"},{"floor":54,"key":"theShowman:MagnetizedGloves"}],"event_choices":[{"damage_healed":0.0,"max_hp_gain":0.0,"max_hp_loss":0.0,"gold_gain":0.0,"event_name":"Scrap Ooze","player_choice":"Success","floor":4.0,"gold_loss":0.0,"damage_taken":12.0,"relics_obtained":["Akabeko"]},{"damage_healed":0.0,"max_hp_gain":0.0,"max_hp_loss":0.0,"gold_gain":0.0,"event_name":"Cursed Tome","player_choice":"Obtained Book","floor":20.0,"gold_loss":0.0,"damage_taken":16.0},{"damage_healed":0.0,"max_hp_gain":0.0,"max_hp_loss":0.0,"gold_gain":100.0,"event_name":"Golden Shrine","player_choice":"Pray","floor":31.0,"gold_loss":0.0,"damage_taken":0.0},{"cards_removed":["theShowman:VanishingStrike"],"damage_healed":0,"gold_gain":0,"player_choice":"Removed Attack","damage_taken":0,"max_hp_gain":0,"max_hp_loss":0,"event_name":"Falling","floor":36,"gold_loss":0},{"damage_healed":0,"gold_gain":0,"player_choice":"Fight","damage_taken":0,"max_hp_gain":0,"max_hp_loss":0,"event_name":"Mysterious Sphere","floor":45,"gold_loss":0}],"is_beta":false,"boss_relics":[{"not_picked":["SacredBark","Calling Bell"],"picked":"Empty Cage"},{"not_picked":["Runic Dome","Snecko Eye"],"picked":"Busted Crown"}],"items_purged_floors":[30],"is_endless":false,"potions_floor_spawned":[1,2,5,12,13,14,16,21,23,29,33,37,42,44,45],"ascension_level":0}}