{"host":"raaimkojny05jekw","time":1613899477,"event":{"mods":["AchievementEnabler","BaseMod","Colored Map","Colored Powertips","DeckTracker","Minty Spire (QoL Compilation)","Quick Restart","Rare Cards Sparkle","everything is the same but u backflip on backflip"],"gold_per_floor":[17,33,133,144,144,144,160,172,172,172,24,24,56,68,68,168,168,185,185,185,185,202,202,45,45,45],"floor_reached":25,"language":"KOR","playtime":760,"items_purged":[],"score":322,"play_id":"75d96269-3e4f-40e2-bba5-a48b4cab6a74","local_time":"20210221182437","is_ascension_mode":true,"campfire_choices":[{"data":"Mayhem","floor":6,"key":"SMITH"},{"data":"Bash","floor":10,"key":"SMITH"},{"data":"Berserk","floor":12,"key":"SMITH"},{"data":"Whirlwind","floor":15,"key":"SMITH"},{"data":"RitualDagger","floor":23,"key":"SMITH"}],"circlet_count":0,"master_deck":["AscendersBane","Strike_R","Strike_R","Strike_R","Strike_R","Defend_R","Defend_R","Defend_R","Defend_R","Bash+1","Mayhem+1","Headbutt","Entrench","Pommel Strike","Whirlwind+1","Clothesline","Berserk+1","Uppercut","Offering","Offering","Dropkick","RitualDagger+1","Double Tap","Inflame","Armaments","Carnage","Heavy Blade","Berserk"],"relics":["Black Blood","Bag of Preparation","Nloth\u0027s Gift","Orrery"],"acts_visited":["Exordium","TheCity"],"potions_floor_usage":[7,13,16,25],"damage_taken":[{"damage":8,"enemies":"Jaw Worm","floor":1,"turns":5},{"damage":1,"enemies":"Cultist","floor":2,"turns":3},{"damage":9,"enemies":"2 Louse","floor":4,"turns":3},{"damage":17,"enemies":"Gremlin Gang","floor":7,"turns":5},{"damage":12,"enemies":"Blue Slaver","floor":8,"turns":5},{"damage":18,"enemies":"Gremlin Nob","floor":13,"turns":3},{"damage":16,"enemies":"3 Louse","floor":14,"turns":3},{"damage":33,"enemies":"The Guardian","floor":16,"turns":10},{"damage":15,"enemies":"Chosen","floor":18,"turns":3},{"damage":21,"enemies":"3 Byrds","floor":22,"turns":4},{"damage":49,"enemies":"Cultist and Chosen","floor":25,"turns":5}],"seed_played":"4515045664884532024","potions_obtained":[{"floor":1,"key":"AttackPotion"},{"floor":2,"key":"BloodPotion"},{"floor":8,"key":"SneckoOil"},{"floor":16,"key":"BlessingOfTheForge"},{"floor":18,"key":"SpeedPotion"}],"is_trial":false,"path_per_floor":["M","M","?","M","?","R","M","M","T","R","$","R","E","M","R","B",null,"M","?","?","?","M","R","$","M"],"character_chosen":"IRONCLAD","items_purchased":["Berserk","Orrery"],"campfire_rested":0,"item_purchase_floors":[11,24],"current_hp_per_floor":[70,75,75,72,72,72,61,55,55,55,55,55,43,33,33,22,66,63,63,57,57,48,48,48,0,0],"gold":45,"neow_bonus":"RANDOM_COLORLESS_2","is_daily":false,"chose_seed":false,"campfire_upgraded":5,"win_rate":0.0,"timestamp":1613899477,"path_taken":["M","M","?","?","?","R","?","M","T","R","$","R","E","M","R","BOSS","M","?","?","?","M","R","$","M"],"items_purchased_type":["Card","Relic"],"build_version":"2020-12-22","purchased_purges":0,"victory":false,"max_hp_per_floor":[80,80,80,80,80,80,80,80,80,80,80,80,80,80,80,80,80,80,80,80,80,80,80,80,80,80],"card_choices":[{"not_picked":["Master of Strategy","Magnetism"],"picked":"Mayhem","floor":0},{"not_picked":["Pummel","Dark Embrace"],"picked":"Headbutt","floor":1},{"not_picked":["Twin Strike","Havoc"],"picked":"Entrench","floor":2},{"not_picked":["Twin Strike","Flex"],"picked":"Pommel Strike","floor":4},{"not_picked":["Feel No Pain","Cleave"],"picked":"Whirlwind","floor":7},{"not_picked":["Thunderclap","Sword Boomerang"],"picked":"Clothesline","floor":8},{"not_picked":["Warcry","Havoc"],"picked":"Uppercut","floor":13},{"not_picked":["Reckless Charge","Feel No Pain"],"picked":"Offering","floor":14},{"not_picked":["Exhume","Fiend Fire"],"picked":"Offering","floor":16},{"not_picked":["Anger","Warcry"],"picked":"Dropkick","floor":18},{"not_picked":["Clash","True Grit"],"picked":"Double Tap","floor":22},{"not_picked":["Dropkick","Rage"],"picked":"Inflame","floor":24},{"not_picked":["Clothesline","Perfected Strike"],"picked":"Armaments","floor":24},{"not_picked":["Headbutt","True Grit"],"picked":"Carnage","floor":24},{"not_picked":["Sentinel","Anger"],"picked":"Heavy Blade","floor":24},{"not_picked":["Heavy Blade","True Grit+1"],"picked":"Berserk","floor":24}],"player_experience":779348,"relics_obtained":[{"floor":9,"key":"Bag of Preparation"},{"floor":13,"key":"Bag of Marbles"}],"event_choices":[{"damage_healed":0,"gold_gain":100,"player_choice":"Pray","damage_taken":0,"max_hp_gain":0,"max_hp_loss":0,"event_name":"Golden Shrine","floor":3,"gold_loss":0},{"cards_removed":["Strike_R"],"damage_healed":0,"gold_gain":0,"player_choice":"Purged","damage_taken":0,"max_hp_gain":0,"max_hp_loss":0,"event_name":"Purifier","floor":5,"gold_loss":0},{"damage_healed":0,"gold_gain":0,"player_choice":"Ignored","damage_taken":0,"max_hp_gain":0,"max_hp_loss":0,"event_name":"Ghosts","floor":19,"gold_loss":0},{"damage_healed":0,"gold_gain":0,"player_choice":"Joined the Cult","damage_taken":6,"max_hp_gain":0,"max_hp_loss":0,"event_name":"Nest","floor":20,"gold_loss":0,"cards_obtained":["RitualDagger"]},{"damage_healed":0,"gold_gain":0,"player_choice":"Traded Relic","damage_taken":0,"relics_obtained":["Nloth\u0027s Gift"],"max_hp_gain":0,"max_hp_loss":0,"event_name":"N\u0027loth","floor":21,"relics_lost":["Bag of Marbles"],"gold_loss":0}],"is_beta":false,"boss_relics":[{"not_picked":["Coffee Dripper","Runic Pyramid"],"picked":"Black Blood"}],"items_purged_floors":[],"is_endless":false,"potions_floor_spawned":[1,2,8,16,18],"killed_by":"Cultist and Chosen","ascension_level":12}}