{"host":"o5lch9xvacbb0fa4","time":1613918423,"event":{"mods":["AchievementEnabler","Act Like it!","Aspiration","Bard","BaseMod","Better Altar","Better Match","Better Note","Better Sensory Stone","Better Skull","Better Third Choice","Better Vampires","BetterRewards","CCEM","Colored Map","Conspire","Downfall","GifTheSpireLib","Googly Eyes","GungeonMod","Halation","Hermit","Highlight Path","Hubris","Infinite Spire","Jedi Mod","Jorbs\u0027s Wanderer Trilogy","Marisa????????","Marked Mod","Mimic Mod","Minty Spire (QoL Compilation)","Permanent Neow","Relic Filter","Relic Sorter","Relic Stats","Replay The Spire","Shade Mod","Shop Mod","Small Relic Pack","StSLib","Stuff the Spire","The Blackbeard","The Cursed","The Runesmith","Unceasing Turn Reminder","everything is the same but u backflip on backflip","slay the spire mod where everything is the same but ironclad has a cowboy hat"],"gold_per_floor":[118,138,156,167,180,206,206,221,221,50,76,76,76,92,92,188,188,208,208,222,222,238,238,249,282,370,370,388,403,403,335,335,433,433,446,460,460,460,460,492,492,505,540,540,540],"floor_reached":44,"playtime":1602,"items_purged":[],"score":747,"play_id":"26a54428-b549-4ef3-b375-89181b5a496e","local_time":"20210221224023","is_ascension_mode":false,"campfire_choices":[{"data":"TheCursedMod:CircleOfFlame","floor":7,"key":"SMITH"},{"data":"TheCursedMod:HellfireBreathing","floor":15,"key":"SMITH"},{"data":"TheCursedMod:CircleOfAmplification","floor":23,"key":"SMITH"},{"data":"TheCursedMod:ManaBullet","floor":30,"key":"SMITH"},{"data":"TheCursedMod:VoidForm","floor":32,"key":"SMITH"},{"data":"TheCursedMod:CircleOfAbyss","floor":41,"key":"SMITH"}],"circlet_count":0,"master_deck":["TheCursedMod:Strike_TheCursed","TheCursedMod:Defend_TheCursed","TheCursedMod:Defend_TheCursed","TheCursedMod:CursedWand","TheCursedMod:CleanUpWorkshop","TheCursedMod:Dregs","TheCursedMod:Dregs","Replay:Sluggish","TheCursedMod:CircleOfFlame+1","TheCursedMod:CursedShiv","TheCursedMod:SpitefulStrike+1","TheCursedMod:TacticalStrike","TheCursedMod:HellfireBreathing+1","TheCursedMod:ManaBullet+1","TheCursedMod:CircleOfAbyss+1","TheCursedMod:CircleOfFlame+1","TheCursedMod:TacticalStrike+1","TheCursedMod:SpitefulStrike","TheCursedMod:CursedMace","TheCursedMod:VoidForm+1","TheCursedMod:WearCloak+1","hermit:Determination+1","TheCursedMod:CircleOfAmplification+1","TheCursedMod:CursedBoomerang+1","TheCursedMod:CursedBoomerang","TheCursedMod:CircleOfFlame","TheCursedMod:Obscuration","TheCursedMod:SpitefulPlan+1","TheCursedMod:VoidForm+1","TheCursedMod:HellfireBreathing+1","TheCursedMod:CursedBlade","StuffTheSpire:CuriosityCurse","Writhe","TheCursedMod:CursedBlade+1","TheCursedMod:AbyssShockwave+1","TheCursedMod:Obscuration"],"relics":["Kintsugi","DemoMod:JetPack","StuffTheSpire:Expresso","CCEMRelics:DissonantTune","Replay:Baseball","halation:StarCompass","hubris:MobiusCoin","Golden Egg","halation:HeavySnake","infinitespire:Lucky Rock","hubris:GlazedTorus","StuffTheSpire:DarkSteelAnvil"],"acts_visited":["Exordium","TheCity","TheBeyond"],"potions_floor_usage":[4,11,29,40],"damage_taken":[{"damage":6,"enemies":"Jaw Worm","floor":1,"turns":8},{"damage":0,"enemies":"Small Slimes","floor":2,"turns":4},{"damage":0,"enemies":"2 Louse","floor":3,"turns":4},{"damage":0,"enemies":"Exordium Thugs","floor":4,"turns":5},{"damage":0,"enemies":"Large Slime","floor":5,"turns":5},{"damage":9,"enemies":"Lagavulin","floor":6,"turns":6},{"damage":0,"enemies":"3 Louse","floor":8,"turns":1},{"damage":0,"enemies":"Gremlin Nob","floor":11,"turns":3},{"damage":0,"enemies":"2 Fungi Beasts","floor":14,"turns":2},{"damage":0,"enemies":"Slime Boss","floor":16,"turns":4},{"damage":4,"enemies":"3 Byrds","floor":18,"turns":2},{"damage":0,"enemies":"Spheric Guardian","floor":20,"turns":3},{"damage":8,"enemies":"Shelled Parasite and Fungi","floor":22,"turns":2},{"damage":9,"enemies":"Snake Plant","floor":24,"turns":4},{"damage":3,"enemies":"conspire:Head Lice","floor":25,"turns":5},{"damage":0,"enemies":"3 Cultists","floor":26,"turns":3},{"damage":0,"enemies":"3 Cultists","floor":28,"turns":2},{"damage":0,"enemies":"Shelled Parasite and Fungi","floor":29,"turns":2},{"damage":0,"enemies":"Automaton","floor":33,"turns":5},{"damage":0,"enemies":"Orb Walker","floor":35,"turns":1},{"damage":0,"enemies":"3 Shapes","floor":36,"turns":3},{"damage":6,"enemies":"Reptomancer","floor":40,"turns":5},{"damage":0,"enemies":"3 Darklings","floor":42,"turns":2},{"damage":0,"enemies":"Transient","floor":43,"turns":5},{"damage":70,"enemies":"Nightmare","floor":44,"turns":5}],"seed_played":"7156702470749558956","potions_obtained":[{"floor":1,"key":"jedi:tentaclejuice"},{"floor":2,"key":"SkillPotion"},{"floor":5,"key":"SmokeBomb"},{"floor":8,"key":"Guardian:BlockOnCardUsePotion"},{"floor":16,"key":"ColorlessPotion"},{"floor":29,"key":"SpeedPotion"}],"is_trial":false,"path_per_floor":["M","M","M","M","M","E","R","M","T","$","E","?","?","M","R","B",null,"M","?","M","?","M","R","M","E","MIM","?","M","M","R","$","R","B",null,"M","M","?","?","?","E","R","M","MIM","NM"],"character_chosen":"THE_CURSED","items_purchased":["TheCursedMod:CircleOfAbyss","TheCursedMod:CircleOfFlame","TheCursedMod:TacticalStrike","TheCursedMod:SpitefulPlan"],"campfire_rested":0,"item_purchase_floors":[10,10,10,31],"current_hp_per_floor":[69,69,69,69,69,60,60,60,60,60,60,60,60,60,60,60,75,71,71,71,71,63,63,54,51,51,75,75,75,75,75,75,75,75,75,75,75,75,75,69,69,69,69,0,0],"gold":540,"neow_bonus":"BOSS_RELIC","is_daily":false,"chose_seed":false,"campfire_upgraded":6,"win_rate":0.0,"timestamp":1613918423,"path_taken":["M","M","M","M","M","E","R","M","T","$","E","?","?","M","R","BOSS","M","?","M","?","M","R","M","E","MIM","?","?","M","R","?","R","BOSS","M","M","?","?","?","E","R","M","MIM","NM"],"items_purchased_type":["Card","Card","Card","Card"],"build_version":"2020-12-13","purchased_purges":0,"victory":false,"max_hp_per_floor":[75,75,75,75,75,75,75,75,75,75,75,75,75,75,75,75,75,75,75,75,75,75,75,75,75,75,75,75,75,75,75,75,75,75,75,75,75,75,75,75,75,75,75,75,75],"relic_stats":{"counters":[184,780],"obtain_stats":[{"Replay:Accelerometer":21,"Golden Egg":26,"StuffTheSpire:Rhapsscallions":26,"infinitespire:Cubic Diamond":3,"Bottled Tornado":19,"Boot":0,"jedi:shrinkray":0,"halation:HeavySnake":34,"relicPack:OneForAll":2,"Replay:Ringing Soul":26,"Replay:Bronze Core":17,"CCEMRelics:DissonantTune":27,"Replay:Bottled Flurry":7,"halation:PromiseList":24,"Replay:Wax Seal":9,"hubris:MobiusCoin":25,"infinitespire:EvilPickle":33,"CCEMRelics:FestiveHat":0,"aspiration:SilentSkillbook":34,"CultistMask":13,"conspire:BottledYoYo":9,"hubris:TenFootPole":13,"Kintsugi":0,"infinitespire:PuzzleCube":26,"Lantern":0,"StuffTheSpire:EmeraldSignet":2,"Bag of Preparation":8,"jedi:archwizardhat":6,"Ancient Tea Set":8,"Pet Ghost":9,"m_SlimeRing":3,"hubris:Backtick":17,"infinitespire:Bottled Soul":11,"aspiration:AnachronicSnailShell":33,"halation:Toothbrush":9,"hubris:CuriousFeather":0,"CCEMRelics:JestersCrown":6,"Ring of the Snake":0,"aspiration:ChemicalBlood":25,"hubris:GlazedTorus":40,"StuffTheSpire:TintedRock":11,"Lee\u0027s Waffle":0,"halation:MonkeysPaw":0,"Damaru":14,"StuffTheSpire:Expresso":36,"jedi:crownofsimplicity":0,"infinitespire:Lucky Rock":37,"Frozen Egg 2":9,"Ring of Misfortune":0,"Durian":22,"Bottled Lightning":9,"ReplayTheSpireMod:Lightbulb":9,"halation:PinkSoulGem":4,"DemoMod:GlassGuonStoneRelic":1,"aspiration:BardSkillbook":17,"halation:StarCompass":21,"Centennial Puzzle":7,"infinitespire:SolderingIron":0,"Prayer Wheel":12,"Girya":51,"hubris:Teleporter":14,"Happy Flower":3,"aspiration:Nostalgia":0,"hubris:HollowSoul":0,"halation:Thesaurus":21,"WarpedTongs":19,"hubris:Zylophone":31,"conspire:GiftBox":4,"Replay:Baseball":11,"jedi:hotpepper":17,"relicPack:KazumaCape":17,"Bronze Scales":8,"Molten Egg 2":7,"StuffTheSpire:DarkSteelAnvil":14,"infinitespire:EmpoweringShard":3,"Grinning Jar":20,"CatCart":38,"Darkstone Periapt":10,"Replay:PocketPolymizer":5,"SacredBark":25,"conspire:SpecialSausage":17,"jedi:command_boss":25,"Incense Burner":26,"hubris:SlimyHat":0,"relicPack:DarknessArmor":0,"CCEMRelics:TechnogenicHelmet":26,"Replay:Mystery Machine":5,"PrismaticShard":24,"conspire:TopHat":6,"Chameleon Ring":9,"StuffTheSpire:HeavyRock":6,"jedi:matchstick":9,"jedi:cryingmask":9,"DemoMod:ElasticCartridgeClip":36,"halation:LettersToHer":0,"Cracked Core":7,"DemoMod:JetPack":12,"StuffTheSpire:Tea":45,"DemoMod:Dog":6,"infinitespire:CursedDice":47,"Guide Book":14,"White Beast Statue":0,"CCEMRelics:SpiritsEdge":9,"jedi:fakemustache":0,"Anchor":0,"infinitespire:DarkRift":0,"jedi:ominousloannote":0,"halation:EternalFortune":3,"Snack Pack":11,"PureWater":6,"jedi:arcanewood":12},{"Replay:Accelerometer":118,"Golden Egg":175,"StuffTheSpire:Rhapsscallions":138,"infinitespire:Cubic Diamond":126,"Bottled Tornado":63,"Boot":29,"jedi:shrinkray":29,"halation:HeavySnake":178,"relicPack:OneForAll":1,"Replay:Ringing Soul":11,"Replay:Bronze Core":39,"CCEMRelics:DissonantTune":105,"Replay:Bottled Flurry":71,"halation:PromiseList":137,"Replay:Wax Seal":158,"hubris:MobiusCoin":174,"infinitespire:EvilPickle":47,"CCEMRelics:FestiveHat":66,"aspiration:SilentSkillbook":47,"CultistMask":72,"conspire:BottledYoYo":35,"hubris:TenFootPole":60,"Kintsugi":159,"infinitespire:PuzzleCube":104,"Lantern":0,"StuffTheSpire:EmeraldSignet":108,"Bag of Preparation":26,"jedi:archwizardhat":93,"Ancient Tea Set":19,"Pet Ghost":87,"m_SlimeRing":126,"hubris:Backtick":62,"infinitespire:Bottled Soul":59,"aspiration:AnachronicSnailShell":141,"halation:Toothbrush":71,"hubris:CuriousFeather":107,"CCEMRelics:JestersCrown":17,"Ring of the Snake":0,"aspiration:ChemicalBlood":104,"hubris:GlazedTorus":181,"StuffTheSpire:TintedRock":21,"Lee\u0027s Waffle":90,"halation:MonkeysPaw":153,"Damaru":38,"StuffTheSpire:Expresso":49,"jedi:crownofsimplicity":29,"infinitespire:Lucky Rock":180,"Frozen Egg 2":95,"Ring of Misfortune":150,"Durian":42,"Bottled Lightning":58,"ReplayTheSpireMod:Lightbulb":19,"halation:PinkSoulGem":83,"DemoMod:GlassGuonStoneRelic":1,"aspiration:BardSkillbook":74,"halation:StarCompass":171,"Centennial Puzzle":57,"infinitespire:SolderingIron":14,"Prayer Wheel":22,"Girya":148,"hubris:Teleporter":73,"Happy Flower":92,"aspiration:Nostalgia":125,"hubris:HollowSoul":52,"halation:Thesaurus":118,"WarpedTongs":40,"hubris:Zylophone":106,"conspire:GiftBox":25,"Replay:Baseball":167,"jedi:hotpepper":8,"relicPack:KazumaCape":115,"Bronze Scales":112,"Molten Egg 2":3,"StuffTheSpire:DarkSteelAnvil":28,"infinitespire:EmpoweringShard":155,"Grinning Jar":9,"CatCart":50,"Darkstone Periapt":130,"Replay:PocketPolymizer":127,"SacredBark":43,"conspire:SpecialSausage":134,"jedi:command_boss":43,"Incense Burner":43,"hubris:SlimyHat":90,"relicPack:DarknessArmor":29,"CCEMRelics:TechnogenicHelmet":122,"Replay:Mystery Machine":17,"PrismaticShard":10,"conspire:TopHat":85,"Chameleon Ring":26,"StuffTheSpire:HeavyRock":34,"jedi:matchstick":112,"jedi:cryingmask":129,"DemoMod:ElasticCartridgeClip":142,"halation:LettersToHer":14,"Cracked Core":18,"DemoMod:JetPack":167,"StuffTheSpire:Tea":145,"DemoMod:Dog":93,"infinitespire:CursedDice":147,"Guide Book":133,"White Beast Statue":90,"CCEMRelics:SpiritsEdge":4,"jedi:fakemustache":14,"Anchor":90,"infinitespire:DarkRift":125,"jedi:ominousloannote":29,"halation:EternalFortune":16,"Snack Pack":89,"PureWater":34,"jedi:arcanewood":6},{"Replay:Accelerometer":505,"Golden Egg":750,"StuffTheSpire:Rhapsscallions":597,"infinitespire:Cubic Diamond":548,"Bottled Tornado":263,"Boot":139,"jedi:shrinkray":139,"halation:HeavySnake":759,"relicPack:OneForAll":2,"Replay:Ringing Soul":52,"Replay:Bronze Core":172,"CCEMRelics:DissonantTune":439,"Replay:Bottled Flurry":298,"halation:PromiseList":592,"Replay:Wax Seal":684,"hubris:MobiusCoin":747,"infinitespire:EvilPickle":206,"CCEMRelics:FestiveHat":278,"aspiration:SilentSkillbook":206,"CultistMask":301,"conspire:BottledYoYo":156,"hubris:TenFootPole":254,"Kintsugi":689,"infinitespire:PuzzleCube":433,"Lantern":0,"StuffTheSpire:EmeraldSignet":446,"Bag of Preparation":117,"jedi:archwizardhat":379,"Ancient Tea Set":96,"Pet Ghost":361,"m_SlimeRing":548,"hubris:Backtick":260,"infinitespire:Bottled Soul":252,"aspiration:AnachronicSnailShell":617,"halation:Toothbrush":298,"hubris:CuriousFeather":444,"CCEMRelics:JestersCrown":82,"Ring of the Snake":0,"aspiration:ChemicalBlood":433,"hubris:GlazedTorus":768,"StuffTheSpire:TintedRock":105,"Lee\u0027s Waffle":368,"halation:MonkeysPaw":667,"Damaru":166,"StuffTheSpire:Expresso":214,"jedi:crownofsimplicity":139,"infinitespire:Lucky Rock":763,"Frozen Egg 2":389,"Ring of Misfortune":659,"Durian":181,"Bottled Lightning":247,"ReplayTheSpireMod:Lightbulb":96,"halation:PinkSoulGem":344,"DemoMod:GlassGuonStoneRelic":2,"aspiration:BardSkillbook":313,"halation:StarCompass":736,"Centennial Puzzle":244,"infinitespire:SolderingIron":65,"Prayer Wheel":106,"Girya":652,"hubris:Teleporter":305,"Happy Flower":375,"aspiration:Nostalgia":544,"hubris:HollowSoul":226,"halation:Thesaurus":505,"WarpedTongs":174,"hubris:Zylophone":443,"conspire:GiftBox":114,"Replay:Baseball":725,"jedi:hotpepper":41,"relicPack:KazumaCape":488,"Bronze Scales":471,"Molten Egg 2":10,"StuffTheSpire:DarkSteelAnvil":125,"infinitespire:EmpoweringShard":674,"Grinning Jar":45,"CatCart":220,"Darkstone Periapt":564,"Replay:PocketPolymizer":551,"SacredBark":188,"conspire:SpecialSausage":580,"jedi:command_boss":188,"Incense Burner":188,"hubris:SlimyHat":368,"relicPack:DarknessArmor":139,"CCEMRelics:TechnogenicHelmet":527,"Replay:Mystery Machine":82,"PrismaticShard":46,"conspire:TopHat":354,"Chameleon Ring":117,"StuffTheSpire:HeavyRock":153,"jedi:matchstick":471,"jedi:cryingmask":560,"DemoMod:ElasticCartridgeClip":626,"halation:LettersToHer":65,"Cracked Core":83,"DemoMod:JetPack":725,"StuffTheSpire:Tea":639,"DemoMod:Dog":377,"infinitespire:CursedDice":649,"Guide Book":573,"White Beast Statue":368,"CCEMRelics:SpiritsEdge":18,"jedi:fakemustache":65,"Anchor":368,"infinitespire:DarkRift":544,"jedi:ominousloannote":139,"halation:EternalFortune":75,"Snack Pack":367,"PureWater":150,"jedi:arcanewood":24}]},"card_choices":[{"not_picked":["TheCursedMod:RapidMovement","TheCursedMod:Wield"],"picked":"TheCursedMod:CircleOfFlame","floor":1},{"not_picked":["TheCursedMod:LuckyCharm","TheCursedMod:PrepareRite","TheCursedMod:SpreadPlague"],"picked":"SKIP","floor":2},{"not_picked":["TheCursedMod:CollectTribute","TheCursedMod:CircleOfCorruption"],"picked":"TheCursedMod:CursedShiv","floor":3},{"not_picked":["TheCursedMod:Wield","TheCursedMod:Evocation"],"picked":"TheCursedMod:SpitefulStrike","floor":4},{"not_picked":["TheCursedMod:Wield","TheCursedMod:OutForBlood"],"picked":"TheCursedMod:TacticalStrike","floor":5},{"not_picked":["TheCursedMod:Grudge","TheCursedMod:SmokeScreen"],"picked":"TheCursedMod:HellfireBreathing","floor":6},{"not_picked":["TheCursedMod:CursedStaff","TheCursedMod:AshesToAshes"],"picked":"TheCursedMod:ManaBullet","floor":8},{"not_picked":["TheCursedMod:Torture","TheCursedMod:BlessingInDisguise"],"picked":"TheCursedMod:SpitefulStrike","floor":11},{"not_picked":["TheCursedMod:Stigma","TheCursedMod:Wield"],"picked":"TheCursedMod:CursedMace","floor":14},{"not_picked":["TheCursedMod:DemonicPact","TheCursedMod:CursedRelics"],"picked":"TheCursedMod:VoidForm","floor":16},{"not_picked":["TheCursedMod:Torture","TheCursedMod:HellfireBreathing"],"picked":"TheCursedMod:WearCloak+1","floor":18},{"not_picked":["TheCursedMod:ManaBullet","TheCursedMod:VitalStrike","TheCursedMod:ReleasedKnowledge"],"picked":"SKIP","floor":20},{"not_picked":["TheCursedMod:SoulReap","TheCursedMod:DemonicPact"],"picked":"TheCursedMod:CircleOfAmplification","floor":22},{"not_picked":["TheCursedMod:PrepareRite","TheCursedMod:VitalStrike+1"],"picked":"TheCursedMod:CursedBoomerang+1","floor":24},{"not_picked":["TheCursedMod:RapidMovement","TheCursedMod:TroublousMinions"],"picked":"TheCursedMod:CursedBoomerang","floor":25},{"not_picked":["TheCursedMod:WearCloak","TheCursedMod:ForbiddenAlchemy"],"picked":"TheCursedMod:CircleOfFlame","floor":26},{"not_picked":["TheCursedMod:Stigma+1","TheCursedMod:RavingStaff","TheCursedMod:TacticalStrike"],"picked":"SKIP","floor":28},{"not_picked":["TheCursedMod:CursedMace","TheCursedMod:CollectTribute"],"picked":"TheCursedMod:Obscuration","floor":29},{"not_picked":["TheCursedMod:NeowsMight","TheCursedMod:ManaCirculation"],"picked":"TheCursedMod:VoidForm","floor":33},{"not_picked":["TheCursedMod:Stretching","TheCursedMod:SaltUponWound"],"picked":"TheCursedMod:HellfireBreathing+1","floor":35},{"not_picked":["TheCursedMod:Hemoplague","TheCursedMod:CursedShiv"],"picked":"TheCursedMod:CursedBlade","floor":36},{"not_picked":["TheCursedMod:SpreadPlague+1","TheCursedMod:ForbiddenAlchemy"],"picked":"TheCursedMod:CursedBlade","floor":40},{"not_picked":["TheCursedMod:SoulReap+1","TheCursedMod:CursedAmulet"],"picked":"TheCursedMod:AbyssShockwave+1","floor":42},{"not_picked":["TheCursedMod:Hemoplague","TheCursedMod:TroublousMinions+1"],"picked":"TheCursedMod:Obscuration","floor":43}],"player_experience":59235,"relics_obtained":[{"floor":6,"key":"StuffTheSpire:Expresso"},{"floor":9,"key":"CCEMRelics:DissonantTune"},{"floor":11,"key":"Replay:Baseball"},{"floor":12,"key":"DemoMod:JetPack"},{"floor":25,"key":"hubris:MobiusCoin"},{"floor":26,"key":"Golden Egg"},{"floor":40,"key":"hubris:GlazedTorus"},{"floor":43,"key":"StuffTheSpire:DarkSteelAnvil"}],"event_choices":[{"cards_removed":["TheCursedMod:CircleOfFlame"],"damage_healed":0,"gold_gain":0,"player_choice":"Take \u0026 Give","damage_taken":0,"max_hp_gain":0,"max_hp_loss":0,"event_name":"betterNote:BetterNote","floor":19,"gold_loss":0,"cards_obtained":["hermit:Determination"]},{"damage_healed":24,"gold_gain":0,"player_choice":"Full Heal","damage_taken":0,"max_hp_gain":0,"max_hp_loss":0,"event_name":"Wheel of Change","floor":27,"gold_loss":0},{"damage_healed":0,"gold_gain":0,"player_choice":"Ignored","damage_taken":0,"max_hp_gain":0,"max_hp_loss":0,"event_name":"Tomb of Lord Red Mask","floor":38,"gold_loss":0},{"damage_healed":19,"gold_gain":0,"player_choice":"Writhe","damage_taken":0,"max_hp_gain":0,"max_hp_loss":0,"event_name":"Winding Halls","floor":39,"gold_loss":0,"cards_obtained":["Writhe"]}],"is_beta":false,"boss_relics":[{"not_picked":["aspiration:RitualDagger","halation:MonkeysPaw","halation:SmartPhone"]},{"not_picked":["CCEMRelics:GreenEgg","hubris:VirtuousBlindfold"],"picked":"halation:HeavySnake"}],"items_purged_floors":[],"is_endless":false,"potions_floor_spawned":[1,2,5,8,16,18,24,29,33,35,36],"killed_by":"Nightmare","ascension_level":0}}