{"host":"4par9lyhj7bf4dsa","time":1613892507,"event":{"mods":["AchievementEnabler","BaseMod","Colored Map","Minty Spire (QoL Compilation)","Relic Stats","StSLib"],"gold_per_floor":[111,111,124,143,157,157,12,41,41,54,31,65,80,80,80,185,185,204,213,240,240,266,297,100,139,139,139,171,193,65,65,65,169,169,184,184,200,200,219,246,258,293,293,190,206,241,241,252,252,252,252,252,108,137,137,137],"floor_reached":55,"language":"ENG","playtime":5308,"items_purged":["Infernal Blade"],"score":1288,"play_id":"e671d4cb-8528-4674-b65e-67c5c2e1327a","local_time":"20210221182826","is_ascension_mode":true,"campfire_choices":[{"data":"Bash","floor":6,"key":"SMITH"},{"data":"Carnage","floor":15,"key":"SMITH"},{"data":"Flame Barrier","floor":27,"key":"SMITH"},{"data":"True Grit","floor":32,"key":"SMITH"},{"data":"Heavy Blade","floor":47,"key":"SMITH"},{"floor":49,"key":"RECALL"},{"data":"Flame Barrier","floor":52,"key":"SMITH"}],"circlet_count":0,"master_deck":["AscendersBane","Strike_R+1","Strike_R+1","Strike_R+1","Strike_R+1","Defend_R+1","Defend_R+1","Defend_R+1","Defend_R+1","Bash+1","True Grit+1","Heavy Blade+1","Clothesline","Carnage+1","Cleave","Shrug It Off","Impervious+1","Immolate","Flame Barrier+1","Corruption","Shrug It Off+1","Rage+1","Flame Barrier+1","Burning Pact+1","Reaper","Inflame","Feed+1","Sentinel"],"relics":["Coffee Dripper","Pear","PreservedInsect","Gambling Chip","Du-Vu Doll","CeramicFish","Shuriken","Snecko Eye","Omamori","Art of War","Orrery","Blue Candle","Vajra","Bottled Lightning","Busted Crown","Boot","Strawberry","Smiling Mask","War Paint"],"acts_visited":["Exordium","TheCity","TheBeyond","TheEnding"],"potions_floor_usage":[5,16,33,40,50,54,54,55],"damage_taken":[{"damage":2,"enemies":"Jaw Worm","floor":1,"turns":3},{"damage":0,"enemies":"Small Slimes","floor":3,"turns":3},{"damage":0,"enemies":"Cultist","floor":4,"turns":2},{"damage":9,"enemies":"3 Louse","floor":5,"turns":4},{"damage":10,"enemies":"Lagavulin","floor":8,"turns":5},{"damage":0,"enemies":"Exordium Wildlife","floor":10,"turns":4},{"damage":8,"enemies":"3 Sentries","floor":12,"turns":5},{"damage":0,"enemies":"2 Fungi Beasts","floor":13,"turns":2},{"damage":19,"enemies":"Slime Boss","floor":16,"turns":9},{"damage":1,"enemies":"3 Byrds","floor":18,"turns":3},{"damage":0,"enemies":"Spheric Guardian","floor":20,"turns":2},{"damage":11,"enemies":"Slavers","floor":23,"turns":5},{"damage":0,"enemies":"Book of Stabbing","floor":25,"turns":2},{"damage":0,"enemies":"Slavers","floor":28,"turns":3},{"damage":0,"enemies":"Cultist and Chosen","floor":29,"turns":3},{"damage":14,"enemies":"Collector","floor":33,"turns":7},{"damage":0,"enemies":"3 Shapes","floor":35,"turns":2},{"damage":0,"enemies":"Orb Walker","floor":37,"turns":2},{"damage":28,"enemies":"Maw","floor":39,"turns":7},{"damage":10,"enemies":"Nemesis","floor":40,"turns":7},{"damage":5,"enemies":"4 Shapes","floor":41,"turns":4},{"damage":6,"enemies":"Reptomancer","floor":42,"turns":3},{"damage":2,"enemies":"3 Darklings","floor":45,"turns":5},{"damage":22,"enemies":"Nemesis","floor":46,"turns":7},{"damage":19,"enemies":"Jaw Worm Horde","floor":48,"turns":6},{"damage":61,"enemies":"Time Eater","floor":50,"turns":10},{"damage":76,"enemies":"Shield and Spear","floor":54,"turns":9},{"damage":79,"enemies":"The Heart","floor":55,"turns":3}],"seed_played":"8989488191976218678","potions_obtained":[{"floor":4,"key":"Swift Potion"},{"floor":5,"key":"FearPotion"},{"floor":10,"key":"Ancient Potion"},{"floor":13,"key":"Dexterity Potion"},{"floor":16,"key":"Strength Potion"},{"floor":23,"key":"Block Potion"},{"floor":39,"key":"GamblersBrew"},{"floor":40,"key":"SkillPotion"}],"is_trial":false,"path_per_floor":["M","?","M","M","M","R","$","E","T","M","?","E","M","T","R","B",null,"M","?","M","?","T","E","$","E","T","R","E","M","$","?","R","B",null,"M","$","M","?","M","E","M","E","T","$","M","E","R","M","R","B",null,"R","$","E","B"],"character_chosen":"IRONCLAD","items_purchased":["PreservedInsect","Orrery","Reaper","Inflame","CultistPotion","Sentinel","EssenceOfSteel"],"campfire_rested":0,"item_purchase_floors":[7,24,30,30,44,53,53],"current_hp_per_floor":[70,62,62,62,53,53,53,43,43,43,43,35,35,35,35,16,72,71,71,71,71,71,60,60,60,60,60,60,60,60,60,60,73,86,90,90,90,90,70,69,89,95,95,95,103,93,93,78,78,17,89,89,89,35,0,0],"gold":137,"neow_bonus":"BOSS_RELIC","is_daily":false,"chose_seed":false,"campfire_upgraded":6,"win_rate":0.0,"timestamp":1613892506,"path_taken":["M","?","M","M","M","R","$","E","T","M","?","E","M","?","R","BOSS","M","?","?","?","?","E","$","E","T","R","E","M","$","?","R","BOSS","M","$","M","?","M","E","M","E","T","$","M","E","R","M","R","BOSS","R","$","E","BOSS"],"items_purchased_type":["Relic","Relic","Card","Card","Potion","Card","Potion"],"build_version":"2020-12-22","purchased_purges":1,"victory":false,"max_hp_per_floor":[80,90,90,90,90,90,90,90,90,90,90,90,90,90,90,90,90,90,90,90,90,90,90,90,90,90,90,90,90,90,90,90,90,90,90,90,90,90,90,90,94,101,101,101,105,109,109,113,113,113,113,113,113,117,117,117],"relic_stats":{"counters":[28,127],"CeramicFish":117,"Blue Candle":[0],"PreservedInsect":425,"War Paint":["Impervious","Shrug It Off"],"Boot":[28],"Smiling Mask":0,"Busted Crown":20,"Shuriken":[33],"Gambling Chip":[94],"Snecko Eye":[180,152,202,192],"Art of War":[9],"obtain_stats":[{"Pear":2,"CeramicFish":12,"Blue Candle":25,"Vajra":26,"PreservedInsect":7,"Omamori":22,"War Paint":54,"Boot":40,"Smiling Mask":46,"Burning Blood":0,"Du-Vu Doll":9,"Busted Crown":34,"Shuriken":14,"Gambling Chip":8,"Strawberry":42,"Snecko Eye":17,"Orrery":24,"Coffee Dripper":0,"Art of War":23,"Bottled Lightning":28},{"Pear":1,"CeramicFish":7,"Blue Candle":13,"Vajra":13,"PreservedInsect":4,"Omamori":11,"War Paint":27,"Boot":20,"Smiling Mask":24,"Burning Blood":0,"Du-Vu Doll":5,"Busted Crown":16,"Shuriken":8,"Gambling Chip":5,"Strawberry":22,"Snecko Eye":9,"Orrery":12,"Coffee Dripper":0,"Art of War":12,"Bottled Lightning":14},{"Pear":3,"CeramicFish":26,"Blue Candle":49,"Vajra":49,"PreservedInsect":12,"Omamori":42,"War Paint":124,"Boot":80,"Smiling Mask":99,"Burning Blood":0,"Du-Vu Doll":17,"Busted Crown":62,"Shuriken":28,"Gambling Chip":17,"Strawberry":87,"Snecko Eye":37,"Orrery":47,"Coffee Dripper":0,"Art of War":47,"Bottled Lightning":52}]},"card_choices":[{"not_picked":["Flex","Evolve"],"picked":"True Grit","floor":1},{"not_picked":["Rage","Seeing Red"],"picked":"Heavy Blade","floor":3},{"not_picked":["Whirlwind","Thunderclap"],"picked":"Clothesline","floor":4},{"not_picked":["Blood for Blood","Thunderclap"],"picked":"Carnage","floor":5},{"not_picked":["Corruption","Reckless Charge"],"picked":"Cleave","floor":8},{"not_picked":["Thunderclap","Clothesline"],"picked":"Shrug It Off","floor":10},{"not_picked":["Clothesline","Searing Blow"],"picked":"Impervious","floor":12},{"not_picked":["Armaments","Clothesline","Clash"],"picked":"SKIP","floor":13},{"not_picked":["Impervious","Demon Form"],"picked":"Immolate","floor":16},{"not_picked":["Battle Trance","Anger","Sword Boomerang+1"],"picked":"SKIP","floor":18},{"not_picked":["Heavy Blade+1","Dropkick+1"],"picked":"Flame Barrier","floor":20},{"not_picked":["Juggernaut","Havoc+1","Flex"],"picked":"SKIP","floor":23},{"not_picked":["Whirlwind","Clothesline"],"picked":"Corruption","floor":24},{"not_picked":["True Grit","Cleave+1"],"picked":"Shrug It Off","floor":24},{"not_picked":["Infernal Blade","Juggernaut"],"picked":"Rage+1","floor":24},{"not_picked":["Combust","Offering"],"picked":"Flame Barrier","floor":25},{"not_picked":["Body Slam+1","Perfected Strike","Wild Strike+1"],"picked":"SKIP","floor":28},{"not_picked":["Body Slam","Entrench"],"picked":"Burning Pact+1","floor":29},{"not_picked":["Barricade","Berserk"],"picked":"Feed","floor":33},{"not_picked":["Combust+1"],"picked":"SKIP","floor":35},{"not_picked":["Infernal Blade"],"picked":"SKIP","floor":37},{"not_picked":["Twin Strike"],"picked":"SKIP","floor":39},{"not_picked":["Whirlwind"],"picked":"SKIP","floor":40},{"not_picked":["Entrench+1"],"picked":"SKIP","floor":41},{"not_picked":["Anger+1"],"picked":"SKIP","floor":42},{"not_picked":["Hemokinesis+1"],"picked":"SKIP","floor":45},{"not_picked":["Perfected Strike+1"],"picked":"SKIP","floor":46},{"not_picked":["Cleave+1"],"picked":"SKIP","floor":48},{"not_picked":["Iron Wave+1"],"picked":"SKIP","floor":54}],"player_experience":1055450,"relics_obtained":[{"floor":8,"key":"Gambling Chip"},{"floor":9,"key":"Du-Vu Doll"},{"floor":12,"key":"CeramicFish"},{"floor":14,"key":"Shuriken"},{"floor":22,"key":"Omamori"},{"floor":23,"key":"Art of War"},{"floor":25,"key":"Blue Candle"},{"floor":26,"key":"Vajra"},{"floor":28,"key":"Bottled Lightning"},{"floor":40,"key":"Boot"},{"floor":42,"key":"Strawberry"},{"floor":46,"key":"Smiling Mask"},{"floor":54,"key":"War Paint"}],"event_choices":[{"damage_healed":0,"gold_gain":0,"player_choice":"Success","damage_taken":18,"relics_obtained":["Pear"],"max_hp_gain":0,"max_hp_loss":0,"event_name":"Scrap Ooze","floor":2,"gold_loss":0},{"damage_healed":0,"gold_gain":0,"player_choice":"Left Gold","damage_taken":0,"max_hp_gain":0,"max_hp_loss":0,"event_name":"World of Goop","floor":11,"gold_loss":23},{"damage_healed":0,"gold_gain":0,"cards_transformed":["Strike_R"],"player_choice":"Transformed","damage_taken":0,"max_hp_gain":0,"max_hp_loss":0,"event_name":"Transmorgrifier","floor":19,"gold_loss":0,"cards_obtained":["Infernal Blade"]},{"damage_healed":0,"gold_gain":0,"player_choice":"Simplicity","damage_taken":0,"max_hp_gain":0,"max_hp_loss":0,"event_name":"Back to Basics","floor":21,"gold_loss":0,"cards_upgraded":["Strike_R","Strike_R","Strike_R","Strike_R","Defend_R","Defend_R","Defend_R","Defend_R"]},{"damage_healed":0,"gold_gain":0,"player_choice":"Ignored","damage_taken":0,"max_hp_gain":0,"max_hp_loss":0,"event_name":"Ghosts","floor":31,"gold_loss":0},{"damage_healed":0,"gold_gain":0,"player_choice":"Upgraded","damage_taken":0,"max_hp_gain":0,"max_hp_loss":0,"event_name":"Upgrade Shrine","floor":38,"gold_loss":0,"cards_upgraded":["Feed"]}],"is_beta":false,"boss_relics":[{"not_picked":["Black Star","Empty Cage"],"picked":"Snecko Eye"},{"not_picked":["Fusion Hammer","Sozu"],"picked":"Busted Crown"}],"items_purged_floors":[24],"is_endless":false,"potions_floor_spawned":[4,5,10,13,16,20,23,29,39,40,41,46,48],"killed_by":"The Heart","ascension_level":10}}