{"host":"1a8lb11wemezctea","time":1613932706,"event":{"mods":["BaseMod","Colored Powertips","Highlight Path","Minty Spire (QoL Compilation)"],"gold_per_floor":[114,114,129,1,21,39,52,77,77,77,77,42,73,88,88,179,179,198,198,198,198,198,198,230,9,36,36,46,46,46,61,61,61,61],"floor_reached":33,"language":"ENG","playtime":1460,"items_purged":["Strike_G","Strike_G"],"score":489,"play_id":"d39e46b0-efc0-4213-adfb-f2be78d139ab","local_time":"20210221133826","is_ascension_mode":true,"campfire_choices":[{"floor":11,"key":"REST"},{"data":"Deadly Poison","floor":15,"key":"SMITH"},{"data":"Dodge and Roll","floor":23,"key":"SMITH"},{"data":"Glass Knife","floor":27,"key":"SMITH"},{"data":"Glass Knife","floor":30,"key":"SMITH"},{"data":"Adrenaline","floor":32,"key":"SMITH"}],"circlet_count":0,"master_deck":["AscendersBane","Defend_G","Defend_G","Defend_G+1","Survivor","Neutralize","Glass Knife+1","Dash","Noxious Fumes","Deadly Poison+1","Dodge and Roll+1","Masterful Stab","Poisoned Stab","Deadly Poison+1","Glass Knife+1","Adrenaline+1","Outmaneuver+1","Terror+1","Adrenaline+1","PiercingWail+1","Slice","Backstab","Ghostly","Ghostly","Ghostly","Ghostly","Ghostly"],"relics":["Ring of the Snake","War Paint","Shuriken","Bloody Idol","Bottled Lightning","Astrolabe","Nilry\u0027s Codex","Sundial","Orichalcum"],"acts_visited":["Exordium","TheCity"],"potions_floor_usage":[8,13,16,33],"damage_taken":[{"damage":3,"enemies":"Small Slimes","floor":1,"turns":5},{"damage":0,"enemies":"Cultist","floor":3,"turns":3},{"damage":0,"enemies":"2 Louse","floor":5,"turns":3},{"damage":11,"enemies":"Large Slime","floor":6,"turns":7},{"damage":0,"enemies":"Looter","floor":7,"turns":3},{"damage":23,"enemies":"Gremlin Nob","floor":8,"turns":4},{"damage":12,"enemies":"3 Sentries","floor":13,"turns":6},{"damage":0,"enemies":"2 Fungi Beasts","floor":14,"turns":2},{"damage":22,"enemies":"Hexaghost","floor":16,"turns":8},{"damage":2,"enemies":"Shell Parasite","floor":18,"turns":3},{"damage":15,"enemies":"Gremlin Leader","floor":24,"turns":6},{"damage":8,"enemies":"2 Thieves","floor":28,"turns":3},{"damage":7,"enemies":"Snake Plant","floor":31,"turns":5},{"damage":0,"enemies":"Champ","floor":33,"turns":8}],"seed_played":"-2891307237248970218","potions_obtained":[{"floor":5,"key":"CultistPotion"},{"floor":6,"key":"Energy Potion"},{"floor":13,"key":"CultistPotion"},{"floor":28,"key":"Poison Potion"}],"is_trial":false,"path_per_floor":["M","?","M","$","M","M","M","E","T","?","R","?","E","M","R","B",null,"M","?","?","?","?","R","E","$","T","R","M","?","R","M","R","B"],"character_chosen":"THE_SILENT","items_purchased":["Dodge and Roll","Slice","Backstab"],"campfire_rested":1,"item_purchase_floors":[4,25,25],"current_hp_per_floor":[56,56,56,56,56,45,45,22,22,6,25,41,29,29,29,7,51,49,49,49,33,33,33,23,23,28,28,30,30,30,28,28,28,28],"gold":61,"neow_bonus":"ONE_RANDOM_RARE_CARD","is_daily":false,"chose_seed":false,"campfire_upgraded":5,"win_rate":0.0,"timestamp":1613932706,"path_taken":["M","?","M","?","M","M","M","E","T","?","R","?","E","M","R","BOSS","M","?","?","?","?","R","E","$","T","R","?","?","R","M","R","BOSS"],"items_purchased_type":["Card","Card","Card"],"build_version":"2020-12-22","purchased_purges":2,"victory":false,"max_hp_per_floor":[66,66,66,66,66,66,66,66,66,66,66,66,66,66,66,66,66,66,66,66,66,66,66,66,66,66,66,66,33,33,33,33,33,33],"card_choices":[{"not_picked":["Bane","Infinite Blades"],"picked":"Dash","floor":1},{"not_picked":["Slice","Sucker Punch"],"picked":"Deadly Poison","floor":3},{"not_picked":["Dagger Throw","Cloak And Dagger"],"picked":"Masterful Stab","floor":5},{"not_picked":["Dodge and Roll","Prepared","Caltrops"],"picked":"SKIP","floor":6},{"not_picked":["Setup","Slice"],"picked":"Poisoned Stab","floor":7},{"not_picked":["Dodge and Roll","Flying Knee"],"picked":"Deadly Poison","floor":8},{"not_picked":["Finisher","Choke","Concentrate"],"picked":"SKIP","floor":13},{"not_picked":["Concentrate","Blur"],"picked":"Glass Knife","floor":14},{"not_picked":["Tools of the Trade","Phantasmal Killer"],"picked":"Adrenaline","floor":16},{"not_picked":["All Out Attack","Poisoned Stab"],"picked":"PiercingWail+1","floor":18},{"not_picked":["Reflex+1","Concentrate","Poisoned Stab"],"picked":"SKIP","floor":24},{"not_picked":["Noxious Fumes","Underhanded Strike+1","Sucker Punch"],"picked":"SKIP","floor":28},{"not_picked":["Slice","Predator","Dagger Throw"],"picked":"SKIP","floor":31}],"player_experience":290868,"relics_obtained":[{"floor":8,"key":"War Paint"},{"floor":9,"key":"Shuriken"},{"floor":13,"key":"Bottled Lightning"},{"floor":21,"key":"Nilry\u0027s Codex"},{"floor":24,"key":"Sundial"},{"floor":26,"key":"Orichalcum"}],"event_choices":[{"damage_healed":0,"gold_gain":0,"cards_transformed":["Strike_G"],"player_choice":"Transformed","damage_taken":0,"max_hp_gain":0,"max_hp_loss":0,"event_name":"Transmorgrifier","floor":2,"gold_loss":0,"cards_obtained":["Noxious Fumes"]},{"damage_healed":0,"gold_gain":0,"player_choice":"Take Damage","damage_taken":16,"relics_obtained":["Golden Idol"],"max_hp_gain":0,"max_hp_loss":0,"event_name":"Golden Idol","floor":10,"gold_loss":0},{"damage_healed":16,"gold_gain":0,"player_choice":"Healed","damage_taken":0,"max_hp_gain":0,"max_hp_loss":0,"event_name":"The Cleric","floor":12,"gold_loss":35},{"damage_healed":0,"gold_gain":0,"player_choice":"Gave Idol","damage_taken":0,"relics_obtained":["Bloody Idol"],"max_hp_gain":0,"max_hp_loss":0,"event_name":"Forgotten Altar","floor":19,"relics_lost":["Golden Idol"],"gold_loss":0},{"damage_healed":0,"gold_gain":0,"player_choice":"Ignored","damage_taken":0,"max_hp_gain":0,"max_hp_loss":0,"event_name":"Vampires","floor":20,"gold_loss":0},{"damage_healed":0,"gold_gain":0,"player_choice":"Obtained Book","damage_taken":16,"max_hp_gain":0,"max_hp_loss":0,"event_name":"Cursed Tome","floor":21,"gold_loss":0},{"cards_removed":["Defend_G"],"damage_healed":0,"gold_gain":0,"player_choice":"Purged","damage_taken":0,"max_hp_gain":0,"max_hp_loss":0,"event_name":"Purifier","floor":22,"gold_loss":0},{"damage_healed":0,"gold_gain":0,"player_choice":"Became a Ghost","damage_taken":0,"max_hp_gain":0,"max_hp_loss":33,"event_name":"Ghosts","floor":29,"gold_loss":0,"cards_obtained":["Ghostly","Ghostly","Ghostly","Ghostly","Ghostly"]}],"is_beta":false,"boss_relics":[{"not_picked":["Ectoplasm","Ring of the Serpent"],"picked":"Astrolabe"}],"items_purged_floors":[4,25],"is_endless":false,"potions_floor_spawned":[5,6,13,28],"killed_by":"Champ","ascension_level":14}}