{"host":"snampf0t8p8psf53","time":1613941128,"event":{"mods":["AchievementEnabler","BaseMod","Bestiary","DeckTracker","Minty Spire (QoL Compilation)","Permanent Neow","SuperFastMode"],"gold_per_floor":[114,125,57,69,87,112,112,112,112,150,185,198,232,263,263,362,362,372,385,398,107,118,148,175,175,226,238,251,251,146,173,173,272,272,290,210,220,98,91,126,153,153,153,153,182,217,0,35,35,35],"floor_reached":51,"language":"ENG","playtime":4077,"items_purged":["Conclude+1","WheelKick"],"score":1041,"play_id":"056a3d2f-e0dc-4ecc-bfa1-b9c7ebb5538b","local_time":"20210221125848","daily_mods":["SealedDeck","Vintage","Heirloom","Time Dilation","Flight","DeadlyEvents","Elite Swarm"],"is_ascension_mode":false,"campfire_choices":[{"data":"Alpha","floor":15,"key":"SMITH"},{"floor":25,"key":"REST"},{"floor":29,"key":"REST"},{"floor":32,"key":"REST"},{"floor":42,"key":"REST"},{"floor":44,"key":"REST"},{"floor":49,"key":"REST"}],"circlet_count":0,"master_deck":["Wallop","ClearTheMind","ClearTheMind","ReachHeaven","MentalFortress","InnerPeace","Protect","Wireheading","SignatureMove+1","Alpha+1","Weave+1","Wireheading","Alpha"],"relics":["PureWater","CloakClasp","Shuriken","TeardropLocket","CeramicFish","Whetstone","Incense Burner","Ornamental Fan","Bronze Scales","Strawberry","Singing Bowl","Nunchaku","MealTicket","Fusion Hammer","Bottled Tornado","Damaru","Darkstone Periapt","GoldenEye","Bottled Lightning","Centennial Puzzle","Molten Egg 2","Blood Vial","The Courier","Potion Belt","Toy Ornithopter","Sozu","Tiny Chest","Happy Flower","Membership Card","CaptainsWheel","Vajra","StrikeDummy","Ginger","Mercury Hourglass","Red Mask","Frozen Egg 2"],"acts_visited":["Exordium","TheCity","TheBeyond"],"potions_floor_usage":[14,16,16,40,46,46,50],"damage_taken":[{"damage":0,"enemies":"Cultist","floor":1,"turns":2},{"damage":1,"enemies":"Jaw Worm","floor":2,"turns":4},{"damage":0,"enemies":"Small Slimes","floor":4,"turns":2},{"damage":6,"enemies":"Looter","floor":5,"turns":2},{"damage":20,"enemies":"3 Sentries","floor":6,"turns":3},{"damage":0,"enemies":"Gremlin Nob","floor":10,"turns":3},{"damage":2,"enemies":"3 Sentries","floor":11,"turns":4},{"damage":0,"enemies":"3 Louse","floor":12,"turns":1},{"damage":26,"enemies":"Lagavulin","floor":13,"turns":5},{"damage":0,"enemies":"Gremlin Nob","floor":14,"turns":3},{"damage":0,"enemies":"Slime Boss","floor":16,"turns":4},{"damage":17,"enemies":"Shell Parasite","floor":18,"turns":3},{"damage":0,"enemies":"2 Thieves","floor":19,"turns":3},{"damage":13,"enemies":"Chosen and Byrds","floor":20,"turns":4},{"damage":18,"enemies":"Snake Plant","floor":22,"turns":3},{"damage":6,"enemies":"Book of Stabbing","floor":23,"turns":4},{"damage":29,"enemies":"Gremlin Leader","floor":24,"turns":4},{"damage":7,"enemies":"Centurion and Healer","floor":27,"turns":3},{"damage":7,"enemies":"Chosen and Byrds","floor":28,"turns":3},{"damage":12,"enemies":"Slavers","floor":31,"turns":3},{"damage":22,"enemies":"Collector","floor":33,"turns":5},{"damage":5,"enemies":"3 Shapes","floor":35,"turns":3},{"damage":8,"enemies":"Orb Walker","floor":37,"turns":2},{"damage":16,"enemies":"Nemesis","floor":40,"turns":5},{"damage":72,"enemies":"Reptomancer","floor":41,"turns":4},{"damage":10,"enemies":"Giant Head","floor":45,"turns":6},{"damage":17,"enemies":"Reptomancer","floor":46,"turns":3},{"damage":14,"enemies":"Nemesis","floor":48,"turns":5},{"damage":65,"enemies":"Awakened One","floor":50,"turns":7}],"seed_played":"-8316496432843954814","potions_obtained":[{"floor":2,"key":"Ambrosia"},{"floor":11,"key":"BlessingOfTheForge"},{"floor":12,"key":"SneckoOil"},{"floor":14,"key":"PowerPotion"},{"floor":20,"key":"FearPotion"},{"floor":23,"key":"Ancient Potion"},{"floor":31,"key":"ColorlessPotion"}],"is_trial":true,"path_per_floor":["M","M","$","M","M","E","$","$","T","E","E","M","E","E","R","B",null,"M","M","M","$","M","E","E","R","T","M","M","R","$","E","R","B",null,"M","$","M","$","$","E","E","R","T","R","E","E","?","E","R","B",null],"character_chosen":"WATCHER","items_purchased":["SignatureMove","GoldenEye","Weave+1","Membership Card","Wireheading"],"campfire_rested":6,"item_purchase_floors":[3,21,30,38,39],"current_hp_per_floor":[72,71,71,71,65,45,45,45,45,45,50,50,26,28,28,30,85,68,68,55,70,52,48,21,47,47,42,37,63,78,70,91,71,93,88,93,85,93,93,84,16,45,45,74,68,65,65,53,83,25],"gold":35,"neow_bonus":"","is_daily":false,"chose_seed":false,"campfire_upgraded":1,"win_rate":0.0,"timestamp":1613941128,"path_taken":["M","M","$","M","M","E","$","$","T","E","E","M","E","E","R","BOSS","M","M","M","$","M","E","E","R","T","M","?","R","$","E","R","BOSS","M","$","M","$","$","E","E","R","T","R","E","E","?","E","R","BOSS"],"items_purchased_type":["Card","Relic","Card","Relic","Card"],"build_version":"2020-12-22","purchased_purges":2,"victory":true,"max_hp_per_floor":[72,72,72,72,72,72,72,72,72,72,79,79,81,83,83,85,85,85,85,85,85,85,87,89,89,89,89,89,89,89,91,91,93,93,93,93,93,93,93,95,97,97,97,97,99,101,101,101,101,101],"card_choices":[{"not_picked":["Brilliance","Judgement","Omniscience"],"picked":"SKIP","floor":6},{"not_picked":["Devotion","DeusExMachina"],"picked":"Alpha","floor":10},{"not_picked":["LessonLearned","Vault","Scrawl"],"picked":"SKIP","floor":11},{"not_picked":["DevaForm","Judgement","DeusExMachina"],"picked":"Singing Bowl","floor":13},{"not_picked":["Devotion","Blasphemy","Brilliance"],"picked":"Singing Bowl","floor":14},{"not_picked":["Scrawl","Judgement","LessonLearned"],"picked":"Singing Bowl","floor":16},{"not_picked":["DeusExMachina","Judgement","Vault"],"picked":"Singing Bowl","floor":23},{"not_picked":["MasterReality","SpiritShield","Omniscience"],"picked":"Singing Bowl","floor":24},{"not_picked":["MasterReality","ConjureBlade","Judgement"],"picked":"Singing Bowl","floor":31},{"not_picked":["Wish","Vault","Omniscience"],"picked":"Singing Bowl","floor":33},{"not_picked":["Establishment","Blasphemy","Scrawl"],"picked":"Singing Bowl","floor":40},{"not_picked":["Wish","Scrawl","Ragnarok+1"],"picked":"Singing Bowl","floor":41},{"not_picked":["Devotion","Brilliance+1","SpiritShield"],"picked":"Singing Bowl","floor":45},{"not_picked":["DeusExMachina","Omniscience","Wish"],"picked":"Singing Bowl","floor":46},{"not_picked":["Devotion+1","Establishment+1"],"picked":"Alpha","floor":48}],"player_experience":149423,"relics_obtained":[{"floor":1,"key":"Shuriken"},{"floor":2,"key":"TeardropLocket"},{"floor":4,"key":"CeramicFish"},{"floor":5,"key":"Whetstone"},{"floor":6,"key":"Incense Burner"},{"floor":9,"key":"Ornamental Fan"},{"floor":10,"key":"Bronze Scales"},{"floor":11,"key":"Strawberry"},{"floor":12,"key":"Singing Bowl"},{"floor":13,"key":"Nunchaku"},{"floor":14,"key":"MealTicket"},{"floor":18,"key":"Bottled Tornado"},{"floor":19,"key":"Damaru"},{"floor":20,"key":"Darkstone Periapt"},{"floor":22,"key":"Bottled Lightning"},{"floor":23,"key":"Centennial Puzzle"},{"floor":24,"key":"Molten Egg 2"},{"floor":26,"key":"Blood Vial"},{"floor":27,"key":"The Courier"},{"floor":28,"key":"Potion Belt"},{"floor":31,"key":"Toy Ornithopter"},{"floor":35,"key":"Tiny Chest"},{"floor":37,"key":"Happy Flower"},{"floor":40,"key":"CaptainsWheel"},{"floor":41,"key":"Vajra"},{"floor":43,"key":"StrikeDummy"},{"floor":45,"key":"Ginger"},{"floor":46,"key":"Mercury Hourglass"},{"floor":48,"key":"Frozen Egg 2"}],"event_choices":[{"damage_healed":0,"gold_gain":0,"player_choice":"Paid","damage_taken":0,"relics_obtained":["Red Mask"],"max_hp_gain":0,"max_hp_loss":0,"event_name":"Tomb of Lord Red Mask","floor":47,"gold_loss":217}],"is_beta":false,"boss_relics":[{"not_picked":["Empty Cage","VioletLotus"],"picked":"Fusion Hammer"},{"not_picked":["Velvet Choker","HolyWater"],"picked":"Sozu"}],"items_purged_floors":[30,36],"is_endless":false,"potions_floor_spawned":[2,11,12,13,14,20,23,31,35,45],"ascension_level":0}}