{"host":"7hgb9mjb8q1kiawz","time":1613933909,"event":{"mods":["BaseMod","Better Third Choice","Colored Map","Downfall","Marisa????????","Minty Spire (QoL Compilation)","Replay The Spire","StSLib","The Cursed","The Disciple","The Servant 0.9.4"],"gold_per_floor":[115,190,204,214,214,242,252,252,252,285,285,285,285,304,304,382,382,393,403,403,420,420,420],"floor_reached":22,"language":"ENG","playtime":1239,"items_purged":[],"score":372,"play_id":"a2f71525-2717-47b8-af7a-007a56407f55","local_time":"20210221195829","is_ascension_mode":true,"campfire_choices":[{"data":"Armaments","floor":8,"key":"SMITH"},{"data":"Metallicize","floor":11,"key":"SMITH"},{"data":"Juggernaut","floor":13,"key":"SMITH"},{"floor":15,"key":"RECALL"}],"circlet_count":0,"master_deck":["AscendersBane","Strike_R","Strike_R","Strike_R","Strike_R","Defend_R","Defend_R","Defend_R","Defend_R","Bash","Swift Strike","Armaments+1","ReplayReversal","Cleave","Juggernaut+1","Spot Weakness","Metallicize+1","ReplayTheSpireMod:LeadingStrike","Limit Break","Iron Wave","Entrench"],"relics":["Burning Blood","Gremlin Horn","StrikeDummy","Replay:Accelerometer","Runic Pyramid"],"acts_visited":["Exordium","TheCity"],"potions_floor_usage":[6,6,18,19,22],"damage_taken":[{"damage":1,"enemies":"2 Louse","floor":1,"turns":3},{"damage":2,"enemies":"Jaw Worm","floor":3,"turns":4},{"damage":1,"enemies":"Cultist","floor":4,"turns":4},{"damage":9,"enemies":"Replay:BlueRogue","floor":6,"turns":6},{"damage":14,"enemies":"Blue Slaver","floor":7,"turns":4},{"damage":30,"enemies":"3 Sentries","floor":10,"turns":7},{"damage":1,"enemies":"Large Slime","floor":14,"turns":5},{"damage":29,"enemies":"Slime Boss","floor":16,"turns":8},{"damage":31,"enemies":"Shell Parasite","floor":18,"turns":5},{"damage":0,"enemies":"Chosen","floor":19,"turns":5},{"damage":34,"enemies":"Shelled Parasite and Fungi","floor":21,"turns":6},{"damage":29,"enemies":"Masked Bandits","floor":22,"turns":3}],"seed_played":"-4039928289819423420","potions_obtained":[{"floor":1,"key":"sneckomod:MuddlingPotion"},{"floor":4,"key":"Weak Potion"},{"floor":10,"key":"Fire Potion"},{"floor":14,"key":"Fire Potion"},{"floor":16,"key":"Regen Potion"},{"floor":19,"key":"SmokeBomb"},{"floor":21,"key":"Adrenaline Potion"}],"is_trial":false,"path_per_floor":["M","?","M","M","?","E","M","R","T","E","R","T","R","M","R","B",null,"M","M","?","M","?"],"character_chosen":"IRONCLAD","items_purchased":[],"campfire_rested":0,"item_purchase_floors":[],"current_hp_per_floor":[73,62,66,71,71,68,60,60,60,36,36,36,36,41,41,18,61,36,56,56,28,0,0],"gold":420,"neow_bonus":"RANDOM_COLORLESS","is_daily":false,"chose_seed":false,"campfire_upgraded":3,"win_rate":0.0,"timestamp":1613933909,"path_taken":["M","?","M","M","?","E","M","R","T","E","R","?","R","?","R","BOSS","M","M","?","M","?"],"items_purchased_type":[],"build_version":"2020-12-22","purchased_purges":0,"victory":false,"max_hp_per_floor":[75,75,75,75,75,75,75,75,75,75,75,75,75,75,75,75,75,75,75,75,75,75,75],"card_choices":[{"not_picked":["Trip","ReplayTheSpireMod:Uncanny Aura"],"picked":"Swift Strike","floor":0},{"not_picked":["Twin Strike","Wild Strike"],"picked":"Armaments","floor":1},{"not_picked":["Shrug It Off","Havoc"],"picked":"ReplayReversal","floor":3},{"not_picked":["Iron Wave","Havoc"],"picked":"Cleave","floor":4},{"not_picked":["Burning Pact","Reckless Charge"],"picked":"Juggernaut","floor":6},{"not_picked":["Burning Pact","Replay:Undeath\u0027s Touch"],"picked":"Spot Weakness","floor":7},{"not_picked":["Shrug It Off","ReplayTheSpireMod:Strike From Hell"],"picked":"Metallicize","floor":10},{"not_picked":["Run Through","Sentinel"],"picked":"ReplayTheSpireMod:LeadingStrike","floor":14},{"not_picked":["Fiend Fire","Immolate"],"picked":"Limit Break","floor":16},{"not_picked":["ReplayTheSpireMod:Limb From Limb","Havoc"],"picked":"Iron Wave","floor":18},{"not_picked":["Combust","Sword Boomerang","Heavy Blade"],"picked":"SKIP","floor":19},{"not_picked":["ReplayTheSpireMod:Limb From Limb","Pommel Strike"],"picked":"Entrench","floor":21}],"player_experience":897054,"relics_obtained":[{"floor":6,"key":"Gremlin Horn"},{"floor":9,"key":"StrikeDummy"},{"floor":10,"key":"Replay:Accelerometer"}],"event_choices":[{"damage_healed":0,"gold_gain":75,"player_choice":"Gold","damage_taken":11,"max_hp_gain":0,"max_hp_loss":0,"event_name":"betterThird:BetterGoop","floor":2,"gold_loss":0},{"damage_healed":0,"gold_gain":0,"player_choice":"Ignored","damage_taken":0,"max_hp_gain":0,"max_hp_loss":0,"event_name":"Ghosts","floor":20,"gold_loss":0},{"damage_healed":0,"gold_gain":0,"player_choice":"Fought Bandits","damage_taken":0,"max_hp_gain":0,"max_hp_loss":0,"event_name":"Masked Bandits","floor":22,"gold_loss":0}],"is_beta":false,"boss_relics":[{"not_picked":["Astrolabe","ReplayTheSpireMod:DimensionalGlitch"],"picked":"Runic Pyramid"}],"items_purged_floors":[],"is_endless":false,"potions_floor_spawned":[1,4,10,14,16,19,21],"killed_by":"Masked Bandits","ascension_level":18}}