{"host":"1lxw72ckkilnkgp7","time":1613902753,"event":{"mods":["ATMod(阿瑾Mod)","BaseMod","BetterRewards","Custom Start","Marisa（F雨　魔理沙）","Minty Spire (QoL Compilation)","Quick Restart","Replay The Spire","Shop Mod","StSLib","The Servant 0.9.4","[功能]功能增强和修复MOD","【功能Mod】聪明的最终Boss"],"gold_per_floor":[117,41,59,59,134,134,167,179,226,270,328,370,441,530,530,950,950,1013,1103,1103,712,712,712,772,772,796,715,778,869,869,927,927,1351,1351,1490,1577,1618,1238,1409,1510,1622,1672,1697,1772,1863,1900,1900,1518,1518,1568,1568,1568,1234,1311,1336],"floor_reached":56,"language":"ZHS","playtime":3006,"items_purged":["Strike_P","Defend_P","Defend_P","Strike_P","Looming Evil","FlurryOfBlows","Strike_P","Defend_P","Strike_P","Defend_P+1","Replay:Battleflow+1","SignatureMove+1","Replay:ManipulateFuture+1","FlurryOfBlows+1","Eruption+1","Ragnarok+1","Adaptation+1","AT_ChampionStep+1"],"score":2814,"play_id":"3ce00a70-3a73-4293-a8c4-eba29cd25fcf","local_time":"20210221181913","is_ascension_mode":true,"campfire_choices":[{"data":"Eruption","floor":6.0,"key":"SMITH"},{"floor":15.0,"key":"RECALL"},{"data":"TalkToTheHand","floor":23.0,"key":"SMITH"},{"floor":25.0,"key":"REST"},{"floor":30.0,"key":"REST"},{"floor":32.0,"key":"REST"},{"data":"Tantrum","floor":47,"key":"SMITH"},{"floor":49,"key":"REST"},{"floor":52,"key":"REST"}],"circlet_count":0,"master_deck":["Vigilance+1","AT_FamilyPortrait+1","FlurryOfBlows+1","Adaptation+1","Wallop+1","Indignation+1","AT_ChampionStep+1","Madness+1","LessonLearned+1","Collect+1","MentalFortress+1","Halt+1","Evaluate+1","ClearTheMind+1","MasterReality+1","Vault+1","Vault+1","Crescendo+1","TalkToTheHand+1","TalkToTheHand+1","Finesse+1","MentalFortress+1","DevaForm+1","SpiritShield+1","AT_DivineConfetti+1","FearNoEvil+1","Tantrum+1","AT_FamilyPortrait+1"],"relics":["HolyWater","AT_ATBox","Onion Ring","Lee\u0027s Waffle","Ornamental Fan","Frozen Egg 2","Gambling Chip","DollysMirror","Replay:Baseball","ReplayTheSpireMod:CursedCoin","Bag of Marbles","Toxic Egg 2","Replay:Mystery Machine","AT_MibuBalloonWealth","Replay:Accelerometer","AT_DeathDance","Nunchaku","Calipers","AT_EbonyIvory","Guide Book","Smiling Mask","Potion Belt","AT_BladeRuinedKing","Iron Hammer","ReplayTheSpireMod:Lightbulb","ReplayTheSpireMod:DimensionalGlitch","OrangePellets","AT_TimeSand","Replay:Arrowhead","CatCart","Pen Nib","Art of War","CloakClasp","BargainBundle","FossilizedHelix","Replay:Bottled Steam","AT_LudenTempest","Whetstone","ReplayTheSpireMod:ShopPack","ReplayTheSpireMod:Ninjato"],"acts_visited":["Exordium","TheCity","TheBeyond","TheEnding"],"potions_floor_usage":[50,50,50,50,50,55,55,55],"damage_taken":[{"damage":0.0,"enemies":"Cultist","floor":1.0,"turns":1.0},{"damage":2.0,"enemies":"Jaw Worm","floor":3.0,"turns":4.0},{"damage":0.0,"enemies":"Gremlin Nob","floor":7.0,"turns":1.0},{"damage":0.0,"enemies":"2 Louse","floor":8.0,"turns":2.0},{"damage":7.0,"enemies":"Blue Slaver","floor":10.0,"turns":2.0},{"damage":6.0,"enemies":"Replay:BlueRogue","floor":11.0,"turns":4.0},{"damage":20.0,"enemies":"Red Slaver","floor":12.0,"turns":4.0},{"damage":0.0,"enemies":"3 Louse","floor":14.0,"turns":2.0},{"damage":0.0,"enemies":"Fading Forest","floor":16.0,"turns":6.0},{"damage":0.0,"enemies":"2 Thieves","floor":18.0,"turns":3.0},{"damage":0.0,"enemies":"3 Byrds","floor":19.0,"turns":4.0},{"damage":2.0,"enemies":"Replay:Snechameleon","floor":24.0,"turns":4.0},{"damage":0.0,"enemies":"Centurion and Healer","floor":28.0,"turns":3.0},{"damage":0.0,"enemies":"3 Cultists","floor":29.0,"turns":3.0},{"damage":0.0,"enemies":"Book of Stabbing","floor":31.0,"turns":2.0},{"damage":28.0,"enemies":"Pondfish","floor":33.0,"turns":4.0},{"damage":0.0,"enemies":"3 Darklings","floor":35.0,"turns":3.0},{"damage":3.0,"enemies":"3 Shapes","floor":36.0,"turns":5.0},{"damage":0.0,"enemies":"Spire Growth","floor":37.0,"turns":3.0},{"damage":0.0,"enemies":"Orin","floor":39.0,"turns":4.0},{"damage":0.0,"enemies":"Reptomancer","floor":40.0,"turns":2.0},{"damage":0.0,"enemies":"4 Shapes","floor":41.0,"turns":1.0},{"damage":0.0,"enemies":"Nemesis","floor":42.0,"turns":2.0},{"damage":0.0,"enemies":"Mind Bloom Boss Battle","floor":44.0,"turns":2.0},{"damage":5.0,"enemies":"Jaw Worm Horde","floor":45.0,"turns":3.0},{"damage":2,"enemies":"Spire Growth","floor":46,"turns":3},{"damage":0,"enemies":"Donu and Deca","floor":50,"turns":7},{"damage":0,"enemies":"Shield and Spear","floor":54,"turns":4},{"damage":0,"enemies":"The Heart","floor":55,"turns":5}],"seed_played":"7414575229606276568","potions_obtained":[{"floor":3.0,"key":"Dexterity Potion"},{"floor":7.0,"key":"Swift Potion"},{"floor":7.0,"key":"GamblersBrew"},{"floor":11.0,"key":"Swift Potion"},{"floor":24.0,"key":"Swift Potion"},{"floor":28.0,"key":"FairyPotion"},{"floor":28.0,"key":"Ancient Potion"},{"floor":40.0,"key":"GamblersBrew"},{"floor":44.0,"key":"EntropicBrew"}],"is_trial":false,"path_per_floor":["M","$","M","?","?","R","E","M","T","M","E","M","T","M","R","B",null,"M","M","?","$","?","R","E","R","T","$","M","M","R","E","R","B",null,"M","M","M","$","?","E","M","E","T","?","M","M","R","$","R","B",null,"R","$","E","B",null],"character_chosen":"WATCHER","items_purchased":["Onion Ring","Lee\u0027s Waffle","Ornamental Fan","FlurryOfBlows","Frozen Egg 2","Gambling Chip","Ragnarok","Adaptation+1","Wallop+1","Indignation","DollysMirror","Replay:Baseball","ReplayTheSpireMod:CursedCoin","FlurryOfBlows","Bag of Marbles","AT_ChampionStep+1","Toxic Egg 2","Madness+1","LessonLearned","Calipers","AT_EbonyIvory","TalkToTheHand","Guide Book","Finesse+1","AT_BladeRuinedKing","OrangePellets","AT_TimeSand","Replay:Arrowhead","Swift Potion","BargainBundle","FossilizedHelix","Replay:Bottled Steam","AT_LudenTempest","SkillPotion","ColorlessPotion","Whetstone","ReplayTheSpireMod:ShopPack"],"campfire_rested":5,"item_purchase_floors":[0,0,0,0,0,0,0,0,0,0,0,0,0,0,0,0,0,0,2,21,21,21,21,21,27,38,38,38,38,48,48,48,53,53,53,53,53],"current_hp_per_floor":[79,79,77,77,66,66,66,66,66,59,53,33,33,33,33,41,70,70,70,70,70,70,70,68,79,79,79,79,79,79,79,79,51,72,72,69,69,69,69,69,69,69,69,69,64,62,62,62,79,79,79,79,79,79,79],"gold":1336,"neow_bonus":"","is_daily":false,"chose_seed":false,"campfire_upgraded":3,"win_rate":0.0,"timestamp":1613902753,"path_taken":["M","$","M","?","?","R","E","M","T","M","E","M","?","M","R","BOSS","M","?","?","$","?","R","E","R","T","$","M","?","R","E","R","BOSS","M","M","M","$","?","E","M","E","T","?","M","M","R","$","R","BOSS","R","$","E","BOSS"],"items_purchased_type":["Relic","Relic","Relic","Card","Relic","Relic","Card","Card","Card","Card","Relic","Relic","Relic","Card","Relic","Card","Relic","Card","Card","Relic","Relic","Card","Relic","Card","Relic","Relic","Relic","Relic","Potion","Relic","Relic","Relic","Relic","Potion","Potion","Relic","Relic"],"build_version":"2020-12-22","purchased_purges":18,"victory":true,"max_hp_per_floor":[79,79,79,79,79,79,79,79,79,79,79,79,79,79,79,79,79,79,79,79,79,79,79,79,79,79,79,79,79,79,79,79,79,79,79,79,79,79,79,79,79,79,79,79,79,79,79,79,79,79,79,79,79,79,79],"card_choices":[{"not_picked":["PathToVictory+1","Replay:AtTheReady+1","Replay:ManipulateFuture+1"],"picked":"SKIP","floor":1.0},{"not_picked":["WreathOfFlame+1","FlurryOfBlows","Replay:ManipulateFuture+1"],"picked":"SKIP","floor":1.0},{"not_picked":["DeceiveReality+1","JustLucky"],"picked":"Meditate+1","floor":3.0},{"not_picked":["CrushJoints","EmptyFist","CutThroughFate"],"picked":"SKIP","floor":3.0},{"not_picked":["Weave","SandsOfTime"],"picked":"Collect+1","floor":7.0},{"not_picked":["Pray+1","Sanctity+1"],"picked":"MentalFortress+1","floor":8.0},{"not_picked":["WheelKick","FlyingSleeves","ThirdEye+1"],"picked":"SKIP","floor":8.0},{"not_picked":["AT_ChampionStep+1","CrushJoints"],"picked":"Halt+1","floor":10.0},{"not_picked":["CutThroughFate","AT_RealFormLess+1","BowlingBash"],"picked":"SKIP","floor":10.0},{"not_picked":["Replay:LoomingThreat+1","ClearTheMind+1"],"picked":"Replay:Battleflow+1","floor":11.0},{"not_picked":["Prostrate+1","FlyingSleeves"],"picked":"Evaluate+1","floor":12.0},{"not_picked":["FlyingSleeves","PathToVictory+1","Consecrate"],"picked":"SKIP","floor":12.0},{"not_picked":["Replay:ManipulateFuture+1","WreathOfFlame+1"],"picked":"ClearTheMind+1","floor":14.0},{"not_picked":["PathToVictory+1","Replay:BluntJabs","Worship+1"],"picked":"SKIP","floor":14.0},{"not_picked":["AT_IrregularMenstruation+1","Establishment+1"],"picked":"MasterReality+1","floor":16.0},{"not_picked":["Replay:LoomingThreat+1","ConjureBlade+1"],"picked":"Vault+1","floor":16.0},{"not_picked":["Brilliance","Wish+1"],"picked":"Vault+1","floor":16.0},{"not_picked":["SignatureMove","FlurryOfBlows","EmptyBody+1"],"picked":"SKIP","floor":18.0},{"not_picked":["CutThroughFate","Replay:BluntJabs+1","EmptyBody+1"],"picked":"SKIP","floor":18.0},{"not_picked":["Halt+1","FollowUp"],"picked":"Crescendo+1","floor":19.0},{"not_picked":["Evaluate+1","SashWhip"],"picked":"TalkToTheHand","floor":19.0},{"not_picked":["Crescendo+1","Ragnarok"],"picked":"MentalFortress+1","floor":24.0},{"not_picked":["Indignation+1","FlurryOfBlows"],"picked":"Replay:ManipulateFuture+1","floor":28.0},{"not_picked":["EmptyMind+1","FlyingSleeves","Replay:BluntJabs+1"],"picked":"SKIP","floor":28.0},{"not_picked":["Replay:Hum+1","BowlingBash","Evaluate+1"],"picked":"SKIP","floor":29.0},{"not_picked":["ThirdEye+1","DeceiveReality+1","Evaluate+1"],"picked":"SKIP","floor":29.0},{"not_picked":["Prostrate+1","AT_SoftenMuscles+1","Consecrate"],"picked":"SKIP","floor":31.0},{"not_picked":["AT_ChampionKick","SpiritShield+1"],"picked":"DevaForm+1","floor":33.0},{"not_picked":["Establishment+1","ConjureBlade+1"],"picked":"SpiritShield+1","floor":33.0},{"not_picked":["Weave+1","CrushJoints"],"picked":"AT_DivineConfetti+1","floor":35.0},{"not_picked":["MentalFortress+1","FlyingSleeves","Consecrate+1"],"picked":"SKIP","floor":35.0},{"not_picked":["Replay:DivineShield+1","CrushJoints"],"picked":"FearNoEvil+1","floor":36.0},{"not_picked":["ThirdEye+1","AT_DivineConfetti+1","CutThroughFate+1"],"picked":"SKIP","floor":36.0},{"not_picked":["FearNoEvil","Prostrate+1","JustLucky+1"],"picked":"SKIP","floor":37.0},{"not_picked":["Replay:ManipulateFuture+1","Weave+1","ThirdEye+1"],"picked":"SKIP","floor":37.0},{"not_picked":["BattleHymn+1","EmptyFist","WindmillStrike"],"picked":"SKIP","floor":40.0},{"not_picked":["Sanctity+1","Replay:ManipulateFuture+1","Adaptation+1"],"picked":"SKIP","floor":41.0},{"not_picked":["ClearTheMind+1","Vengeance+1","BowlingBash+1"],"picked":"SKIP","floor":41.0},{"not_picked":["ThirdEye+1","Replay:AtTheReady+1","Weave+1"],"picked":"SKIP","floor":42.0},{"not_picked":["Crescendo+1","Weave","Protect+1"],"picked":"SKIP","floor":45.0},{"not_picked":["Evaluate+1","TalkToTheHand","ClearTheMind+1"],"picked":"SKIP","floor":45.0},{"not_picked":["Replay:BluntJabs+1","TalkToTheHand"],"picked":"Tantrum","floor":46},{"not_picked":["EmptyBody+1","Replay:Cycle+1","JustLucky+1"],"picked":"SKIP","floor":46},{"not_picked":["Master of Strategy","Chrysalis"],"picked":"AT_FamilyPortrait","floor":53},{"not_picked":["LikeWater+1","Perseverance+1","EmptyFist+1"],"picked":"SKIP","floor":54}],"player_experience":142412,"relics_obtained":[{"floor":7.0,"key":"Replay:Mystery Machine"},{"floor":9.0,"key":"AT_MibuBalloonWealth"},{"floor":11.0,"key":"Replay:Accelerometer"},{"floor":13.0,"key":"AT_DeathDance"},{"floor":16.0,"key":"Nunchaku"},{"floor":24.0,"key":"Smiling Mask"},{"floor":26.0,"key":"Potion Belt"},{"floor":31.0,"key":"Iron Hammer"},{"floor":33.0,"key":"ReplayTheSpireMod:Lightbulb"},{"floor":39.0,"key":"CatCart"},{"floor":40.0,"key":"Pen Nib"},{"floor":42.0,"key":"Art of War"},{"floor":44.0,"key":"CloakClasp"},{"floor":54,"key":"ReplayTheSpireMod:Ninjato"}],"event_choices":[{"damage_healed":0.0,"max_hp_gain":0.0,"max_hp_loss":0.0,"gold_gain":0.0,"event_name":"Liars Game","player_choice":"Ignored","floor":4.0,"gold_loss":0.0,"damage_taken":0.0},{"damage_healed":0.0,"max_hp_gain":0.0,"max_hp_loss":0.0,"gold_gain":75.0,"event_name":"World of Goop","player_choice":"Gather Gold","floor":5.0,"gold_loss":0.0,"damage_taken":11.0},{"damage_healed":0.0,"max_hp_gain":0.0,"max_hp_loss":0.0,"gold_gain":0.0,"event_name":"Ghosts","player_choice":"Ignored","floor":20.0,"gold_loss":0.0,"damage_taken":0.0},{"damage_healed":0.0,"max_hp_gain":0.0,"max_hp_loss":0.0,"gold_gain":0.0,"cards_transformed":["Meditate"],"event_name":"Transmorgrifier","player_choice":"Transformed","floor":22.0,"gold_loss":0.0,"damage_taken":0.0,"cards_obtained":["SignatureMove"]},{"damage_healed":0.0,"max_hp_gain":0.0,"max_hp_loss":0.0,"gold_gain":0.0,"event_name":"OrinTheCat","player_choice":"Fight","floor":39.0,"gold_loss":0.0,"damage_taken":0.0},{"damage_healed":0.0,"max_hp_gain":0.0,"max_hp_loss":0.0,"gold_gain":0.0,"event_name":"MindBloom","player_choice":"Fight","floor":44.0,"gold_loss":0.0,"damage_taken":0.0}],"is_beta":false,"boss_relics":[{"not_picked":["Replay:Drink Me","Astrolabe"],"picked":"HolyWater"},{"not_picked":["AT_MortalBlade","Replay:Wanted Poster"],"picked":"ReplayTheSpireMod:DimensionalGlitch"}],"items_purged_floors":[0,0,0,0,0,0,0,0,2,21,21,27,38,38,48,48,48,48],"is_endless":false,"potions_floor_spawned":[3,7,7,8,10,10,10,11,11,14,14,16,24,28,28,28,31,31,33,36,37,40,40,41,41,41,44,46,46],"ascension_level":6}}