{"host":"0xnlke9dn7m72v1t","time":1613917601,"event":{"mods":["AchievementEnabler","BaseMod","BetterRewards","Colored Map","Colored Powertips","Minty Spire (QoL Compilation)","Quick Restart","StSLib","Together in Spire"],"gold_per_floor":[111,111,86,18,30,30,41,6,51,51,115,128,128,25,25,128,128,138,138,156,169,188,188,188,204,204,47,47,47,13,24,24,128,128,147,147,165,165,183,213,213,240,240,240,253,253,22,35,35,35],"floor_reached":51,"language":"DEU","playtime":3507,"items_purged":[],"score":690,"play_id":"a48d3c47-c664-4040-9dd9-c733a5c11812","local_time":"20210221152641","is_ascension_mode":false,"campfire_choices":[{"floor":6,"key":"REST"},{"floor":10,"key":"REST"},{"floor":15,"key":"REST"},{"floor":24,"key":"REST"},{"floor":29,"key":"REST"},{"floor":32,"key":"REST"},{"floor":41,"key":"REST"},{"floor":46,"key":"REST"},{"floor":49,"key":"REST"}],"circlet_count":0,"master_deck":["Strike_B+1","Strike_B+1","Strike_B+1","Defend_B+1","Defend_B+1","Defend_B+1","Defend_B+1","Zap+1","Dualcast","Panache","Melter","Gash","Gash","Genetic Algorithm","Gash","Chill","Go for the Eyes","Go for the Eyes","Beam Cell","Genetic Algorithm","Streamline","Buffer","Gash","Capacitor","BootSequence","Go for the Eyes","Gash+1","All For One","Hologram","Coolheaded","Genetic Algorithm+1","Capacitor","Storm","Glacier+1","Auto Shields+1","Lockon+1","Barrage+1","Defragment","Sweeping Beam","Go for the Eyes+1","Compile Driver","Seek","Scrape","Heatsinks","Beam Cell+1","Parasite","Zap","Conserve Battery+1","Darkness+1","Coolheaded+1","Streamline+1","Blind+1","Discovery+1","Mind Blast","Darkness+1","Aggregate+1","Seek+1","Gash","Doom and Gloom+1","White Noise+1"],"relics":["Cracked Core","Prayer Wheel","Thread and Needle","Dream Catcher","PreservedInsect","Bag of Preparation","Fusion Hammer","Letter Opener","Frozen Eye","Sozu","Toxic Egg 2","Ancient Tea Set","Bottled Tornado"],"acts_visited":["Exordium","TheCity","TheBeyond"],"potions_floor_usage":[22,23,33,33,45],"damage_taken":[{"damage":0,"enemies":"Jaw Worm","floor":1,"turns":4},{"damage":4,"enemies":"Small Slimes","floor":5,"turns":3},{"damage":0,"enemies":"2 Louse","floor":7,"turns":2},{"damage":4,"enemies":"3 Sentries","floor":11,"turns":4},{"damage":16,"enemies":"Gremlin Gang","floor":12,"turns":5},{"damage":43,"enemies":"The Guardian","floor":16,"turns":8},{"damage":0,"enemies":"Spheric Guardian","floor":18,"turns":2},{"damage":6,"enemies":"2 Thieves","floor":20,"turns":3},{"damage":21,"enemies":"Shelled Parasite and Fungi","floor":21,"turns":3},{"damage":62,"enemies":"3 Cultists","floor":22,"turns":7},{"damage":0,"enemies":"Gremlin Leader","floor":23,"turns":1},{"damage":0,"enemies":"Chosen and Byrds","floor":25,"turns":4},{"damage":11,"enemies":"Snake Plant","floor":31,"turns":5},{"damage":12,"enemies":"Champ","floor":33,"turns":8},{"damage":0,"enemies":"Orb Walker","floor":35,"turns":3},{"damage":19,"enemies":"3 Darklings","floor":37,"turns":3},{"damage":0,"enemies":"Sphere and 2 Shapes","floor":39,"turns":3},{"damage":0,"enemies":"Reptomancer","floor":40,"turns":5},{"damage":24,"enemies":"Nemesis","floor":42,"turns":5},{"damage":0,"enemies":"Maw","floor":45,"turns":6},{"damage":27,"enemies":"Writhing Mass","floor":48,"turns":5},{"damage":41,"enemies":"Awakened One","floor":50,"turns":6}],"seed_played":"-3910882415297054507","potions_obtained":[{"floor":7,"key":"SmokeBomb"},{"floor":11,"key":"Swift Potion"},{"floor":20,"key":"SkillPotion"},{"floor":25,"key":"FocusPotion"},{"floor":33,"key":"Energy Potion"}],"is_trial":false,"path_per_floor":["M","?","?","$","M","R","M","$","T","R","?","M","?","$","R","B",null,"M","?","M","M","M","E","R","M","T","$","?","R","$","M","R","B",null,"M","?","M","?","M","E","R","E","T","?","M","R","$","M","R","B",null],"character_chosen":"DEFECT","items_purchased":["Prayer Wheel","Panache","Melter","Dream Catcher","Genetic Algorithm","Genetic Algorithm","Capacitor","BootSequence","Frozen Eye","Defragment","Aggregate+1","Seek+1","Gash"],"campfire_rested":9,"item_purchase_floors":[0,0,0,0,4,8,14,14,27,30,47,47,47],"current_hp_per_floor":[40,40,40,40,36,58,58,58,58,75,71,55,60,60,80,37,80,80,90,84,63,1,1,28,28,28,28,28,55,55,44,71,59,90,90,90,71,71,71,71,90,66,66,56,56,83,83,56,83,42],"gold":35,"neow_bonus":"","is_daily":false,"chose_seed":false,"campfire_upgraded":0,"win_rate":0.0,"timestamp":1613917601,"path_taken":["M","?","?","$","M","R","M","$","T","R","?","M","?","$","R","BOSS","M","?","M","M","?","E","R","M","T","$","?","R","$","M","R","BOSS","M","?","M","?","?","E","R","E","T","?","M","R","$","M","R","BOSS"],"items_purchased_type":["Relic","Card","Card","Relic","Card","Card","Card","Card","Relic","Card","Card","Card","Card"],"build_version":"2020-12-22","purchased_purges":0,"victory":true,"max_hp_per_floor":[75,75,75,75,75,75,75,75,75,75,75,75,80,80,80,80,80,80,90,90,90,90,90,90,90,90,90,90,90,90,90,90,90,90,90,90,90,90,90,90,90,90,90,90,90,90,90,90,90,90],"card_choices":[{"not_picked":["Sweeping Beam","Cold Snap"],"picked":"Gash","floor":1},{"not_picked":["Redo","Cold Snap"],"picked":"Gash","floor":1},{"not_picked":["Chill","Hologram"],"picked":"Gash","floor":5},{"not_picked":["Sweeping Beam","Double Energy"],"picked":"Chill","floor":5},{"not_picked":["Redo","Reboot"],"picked":"Go for the Eyes","floor":6},{"not_picked":["Storm","Rip and Tear"],"picked":"Go for the Eyes","floor":7},{"not_picked":["Darkness","Go for the Eyes"],"picked":"Beam Cell","floor":7},{"not_picked":["Steam","Redo"],"picked":"Streamline","floor":10},{"not_picked":["Hologram","Skim"],"picked":"Buffer","floor":11},{"not_picked":["Consume","Go for the Eyes"],"picked":"Gash","floor":12},{"not_picked":["Hologram","Steam","Barrage"],"picked":"SKIP","floor":12},{"not_picked":["Leap","Reprogram"],"picked":"Go for the Eyes","floor":15},{"not_picked":["Multi-Cast","Fission"],"picked":"Reboot","floor":16},{"not_picked":["Steam","Consume+1"],"picked":"Gash+1","floor":18},{"not_picked":["Ball Lightning","Consume"],"picked":"All For One","floor":18},{"not_picked":["Fusion","Go for the Eyes"],"picked":"Hologram","floor":20},{"not_picked":["Hologram","Go for the Eyes"],"picked":"Coolheaded","floor":20},{"not_picked":["Skim","Reinforced Body+1"],"picked":"Genetic Algorithm+1","floor":21},{"not_picked":["Leap+1","Barrage+1"],"picked":"Capacitor","floor":21},{"not_picked":["Sweeping Beam","Stack+1"],"picked":"Storm","floor":22},{"not_picked":["Stack+1","Leap"],"picked":"Glacier+1","floor":22},{"not_picked":["Steam","Multi-Cast"],"picked":"Auto Shields+1","floor":25},{"not_picked":["Beam Cell","Tempest"],"picked":"Lockon+1","floor":25},{"not_picked":["Streamline","Leap"],"picked":"Barrage+1","floor":29},{"not_picked":["Redo","Cold Snap"],"picked":"Sweeping Beam","floor":31},{"not_picked":["Sweeping Beam","Steam"],"picked":"Go for the Eyes+1","floor":31},{"not_picked":["Ball Lightning","Steam"],"picked":"Compile Driver","floor":32},{"not_picked":["Fission","Biased Cognition"],"picked":"Seek","floor":33},{"not_picked":["Reprogram","Double Energy+1"],"picked":"Scrape","floor":35},{"not_picked":["Genetic Algorithm","Ball Lightning+1"],"picked":"Heatsinks","floor":35},{"not_picked":["Glacier","Melter+1"],"picked":"Beam Cell+1","floor":37},{"not_picked":["Glacier+1","Steam+1","Cold Snap"],"picked":"SKIP","floor":37},{"not_picked":["Steam","Leap"],"picked":"Conserve Battery+1","floor":39},{"not_picked":["Consume+1","Steam Power"],"picked":"Darkness+1","floor":39},{"not_picked":["Leap+1","Cold Snap+1","Fission+1"],"picked":"SKIP","floor":40},{"not_picked":["Darkness+1","Scrape"],"picked":"Coolheaded+1","floor":41},{"not_picked":["Auto Shields+1","Compile Driver"],"picked":"Streamline+1","floor":42},{"not_picked":["Dark Shackles+1","Panacea+1"],"picked":"Blind+1","floor":44},{"not_picked":["Master of Strategy+1","Deep Breath+1"],"picked":"Discovery+1","floor":44},{"not_picked":["Purity+1","Flash of Steel"],"picked":"Mind Blast","floor":44},{"not_picked":["Streamline","Conserve Battery+1"],"picked":"Darkness+1","floor":45},{"not_picked":["Go for the Eyes","Stack+1","Steam+1"],"picked":"SKIP","floor":45},{"not_picked":["Barrage+1","Cold Snap"],"picked":"Doom and Gloom+1","floor":48},{"not_picked":["Sweeping Beam+1","Melter"],"picked":"White Noise+1","floor":48}],"player_experience":41505,"relics_obtained":[{"floor":9,"key":"PreservedInsect"},{"floor":26,"key":"Letter Opener"},{"floor":40,"key":"Toxic Egg 2"},{"floor":42,"key":"Ancient Tea Set"},{"floor":43,"key":"Bottled Tornado"}],"event_choices":[{"damage_healed":0,"gold_gain":0,"player_choice":"Grow","damage_taken":0,"max_hp_gain":0,"max_hp_loss":0,"event_name":"Living Wall","floor":2,"gold_loss":0,"cards_upgraded":["Zap"]},{"damage_healed":0,"gold_gain":0,"player_choice":"Left Gold","damage_taken":0,"max_hp_gain":0,"max_hp_loss":0,"event_name":"World of Goop","floor":3,"gold_loss":25},{"damage_healed":0,"gold_gain":0,"player_choice":"Searched \u00272\u0027 times","damage_taken":0,"relics_obtained":["Bag of Preparation"],"max_hp_gain":0,"max_hp_loss":0,"event_name":"Dead Adventurer","floor":11,"gold_loss":0},{"damage_healed":0,"gold_gain":0,"player_choice":"Donut","damage_taken":0,"max_hp_gain":5,"max_hp_loss":0,"event_name":"Big Fish","floor":13,"gold_loss":0},{"cards_removed":["Reboot"],"damage_healed":0,"gold_gain":0,"player_choice":"Offered Rare","damage_taken":0,"max_hp_gain":10,"max_hp_loss":0,"event_name":"Bonfire Elementals","floor":19,"gold_loss":0},{"damage_healed":0,"gold_gain":0,"player_choice":"Simplicity","damage_taken":0,"max_hp_gain":0,"max_hp_loss":0,"event_name":"Back to Basics","floor":28,"gold_loss":0,"cards_upgraded":["Strike_B","Strike_B","Strike_B","Strike_B","Defend_B","Defend_B","Defend_B","Defend_B"]},{"cards_removed":["Strike_B"],"damage_healed":0,"gold_gain":0,"player_choice":"Removed Attack","damage_taken":0,"max_hp_gain":0,"max_hp_loss":0,"event_name":"Falling","floor":36,"gold_loss":0},{"damage_healed":0,"gold_gain":0,"player_choice":"2 cards matched","damage_taken":0,"max_hp_gain":0,"max_hp_loss":0,"event_name":"Match and Keep!","floor":38,"gold_loss":0,"cards_obtained":["Parasite","Zap"]},{"damage_healed":0,"gold_gain":0,"player_choice":"Memory 3","damage_taken":10,"max_hp_gain":0,"max_hp_loss":0,"event_name":"SensoryStone","floor":44,"gold_loss":0}],"is_beta":false,"boss_relics":[{"not_picked":["FrozenCore","Runic Dome"],"picked":"Fusion Hammer"},{"not_picked":["Astrolabe","Black Star"],"picked":"Sozu"}],"items_purged_floors":[],"is_endless":false,"potions_floor_spawned":[7,11,20,23,25,33,39,42,48],"ascension_level":0}}