{"host":"hfxp6ue4pvwo3fit","time":1613886730,"event":{"mods":["AchievementEnabler","BaseMod","Colored Map","Colored Powertips","Highlight Path","Minty Spire (QoL Compilation)","Relic Stats","StSLib","SuperFastMode"],"gold_per_floor":[112,130,130,130,130,160,177,206,206,235,235,561,579,597,597,668,668,682,530,530,530,547,547,8,8,8,43,43,60,5,38,38,115,115,131,178,188,188,200,200,230,230,255,255,44,44,64,0,0,0,0],"floor_reached":52,"language":"ENG","playtime":1938,"items_purged":["Strike_R","Strike_R","Anger"],"score":2163,"play_id":"c6d690c2-a35e-4f88-95a5-d337327a2d1b","local_time":"20210220235210","is_ascension_mode":true,"campfire_choices":[{"data":"Immolate","floor":11,"key":"SMITH"},{"data":"Dual Wield","floor":15,"key":"SMITH"},{"data":"True Grit","floor":23,"key":"SMITH"},{"data":"True Grit","floor":32,"key":"SMITH"},{"data":"Dark Embrace","floor":40,"key":"SMITH"},{"data":"Corruption","floor":42,"key":"SMITH"},{"data":"Feel No Pain","floor":44,"key":"SMITH"},{"floor":46,"key":"REST"},{"data":"True Grit","floor":49,"key":"SMITH"}],"circlet_count":0,"master_deck":["AscendersBane","Strike_R+1","Defend_R","Defend_R","Defend_R","Defend_R","Bash+1","Twin Strike","Dropkick","True Grit+1","Shockwave","Immolate+1","Shrug It Off","Dual Wield+1","Corruption+1","Feel No Pain+1","Dropkick","True Grit+1","Feed","Dropkick","RitualDagger","True Grit+1","True Grit+1","Battle Trance","Offering","Dark Embrace+1","Disarm+1","Offering"],"relics":["Burning Blood","NeowsBlessing","Strawberry","Incense Burner","Pear","Self Forming Clay","Old Coin","Philosopher\u0027s Stone","MutagenicStrength","Shuriken","Anchor","Vajra","Bag of Marbles","Mercury Hourglass","Busted Crown","Ginger","Bottled Tornado","Akabeko","Red Mask"],"acts_visited":["Exordium","TheCity","TheBeyond"],"potions_floor_usage":[8,10,12,27,29,37,41],"damage_taken":[{"damage":0,"enemies":"Jaw Worm","floor":1,"turns":1},{"damage":0,"enemies":"2 Louse","floor":2,"turns":1},{"damage":0,"enemies":"3 Sentries","floor":6,"turns":2},{"damage":7,"enemies":"Small Slimes","floor":7,"turns":3},{"damage":20,"enemies":"Lagavulin","floor":8,"turns":5},{"damage":29,"enemies":"3 Sentries","floor":10,"turns":8},{"damage":12,"enemies":"Lagavulin","floor":12,"turns":4},{"damage":10,"enemies":"Exordium Wildlife","floor":13,"turns":4},{"damage":2,"enemies":"Exordium Thugs","floor":14,"turns":3},{"damage":12,"enemies":"Slime Boss","floor":16,"turns":5},{"damage":10,"enemies":"2 Thieves","floor":18,"turns":2},{"damage":4,"enemies":"3 Byrds","floor":22,"turns":6},{"damage":11,"enemies":"Book of Stabbing","floor":27,"turns":4},{"damage":0,"enemies":"Centurion and Healer","floor":29,"turns":4},{"damage":0,"enemies":"Gremlin Leader","floor":31,"turns":4},{"damage":56,"enemies":"Collector","floor":33,"turns":8},{"damage":2,"enemies":"3 Darklings","floor":35,"turns":4},{"damage":27,"enemies":"2 Orb Walkers","floor":36,"turns":3},{"damage":1,"enemies":"3 Shapes","floor":37,"turns":6},{"damage":16,"enemies":"3 Darklings","floor":39,"turns":3},{"damage":15,"enemies":"Reptomancer","floor":41,"turns":4},{"damage":6,"enemies":"Sphere and 2 Shapes","floor":47,"turns":2},{"damage":44,"enemies":"Awakened One","floor":50,"turns":9},{"damage":2,"enemies":"Donu and Deca","floor":51,"turns":2}],"seed_played":"572896318906527574","potions_obtained":[{"floor":2,"key":"LiquidMemories"},{"floor":7,"key":"LiquidMemories"},{"floor":10,"key":"SkillPotion"},{"floor":16,"key":"Energy Potion"},{"floor":18,"key":"LiquidMemories"},{"floor":27,"key":"Fruit Juice"},{"floor":29,"key":"Fire Potion"},{"floor":37,"key":"ColorlessPotion"}],"is_trial":false,"path_per_floor":["M","M","?","?","?","E","M","E","T","E","R","E","M","M","R","B",null,"M","$","?","?","M","R","$","T","T","E","?","M","$","E","R","B",null,"M","?","M","?","M","R","E","R","T","R","$","R","M","?","R","B","B",null],"character_chosen":"IRONCLAD","items_purchased":["Feel No Pain","Shuriken","Feed","True Grit","Offering"],"campfire_rested":1,"item_purchase_floors":[19,24,24,30,45],"current_hp_per_floor":[74,75,68,45,70,82,81,67,77,54,54,48,44,48,48,42,80,76,76,76,76,78,78,78,78,78,73,67,81,81,90,90,40,87,91,73,81,81,71,71,62,62,62,62,62,94,97,97,97,59,63],"gold":0,"neow_bonus":"THREE_ENEMY_KILL","is_daily":false,"chose_seed":false,"campfire_upgraded":8,"win_rate":0.0,"timestamp":1613886730,"path_taken":["M","M","?","?","?","E","?","E","T","E","R","E","M","M","R","BOSS","M","$","?","?","M","R","$","?","T","E","?","M","?","E","R","BOSS","M","?","M","?","?","R","E","R","T","R","$","R","M","?","R","BOSS","BOSS"],"items_purchased_type":["Card","Relic","Card","Card","Card"],"build_version":"2020-12-22","purchased_purges":3,"victory":true,"max_hp_per_floor":[75,75,75,75,75,82,82,82,92,92,92,92,92,92,92,92,92,92,92,92,92,92,92,92,92,92,92,92,100,100,103,103,103,103,103,106,109,109,109,109,109,109,109,109,109,109,112,112,112,112,112],"relic_stats":{"Busted Crown":12,"counters":[24,97],"Self Forming Clay":[105],"Shuriken":[42],"Ginger":[1],"obtain_stats":[{"Pear":9,"NeowsBlessing":0,"Self Forming Clay":10,"Vajra":26,"Incense Burner":8,"Ginger":36,"Bottled Tornado":41,"Burning Blood":0,"Akabeko":43,"Old Coin":12,"Mercury Hourglass":31,"Anchor":25,"Busted Crown":34,"Shuriken":24,"Strawberry":6,"MutagenicStrength":21,"Philosopher\u0027s Stone":17,"Bag of Marbles":27,"Red Mask":48},{"Pear":5,"NeowsBlessing":0,"Self Forming Clay":6,"Vajra":12,"Incense Burner":5,"Ginger":18,"Bottled Tornado":21,"Burning Blood":0,"Akabeko":21,"Old Coin":7,"Mercury Hourglass":15,"Anchor":12,"Busted Crown":16,"Shuriken":12,"Strawberry":3,"MutagenicStrength":11,"Philosopher\u0027s Stone":10,"Bag of Marbles":13,"Red Mask":22},{"Pear":12,"NeowsBlessing":0,"Self Forming Clay":20,"Vajra":44,"Incense Burner":12,"Ginger":71,"Bottled Tornado":84,"Burning Blood":0,"Akabeko":84,"Old Coin":24,"Mercury Hourglass":56,"Anchor":44,"Busted Crown":64,"Shuriken":44,"Strawberry":4,"MutagenicStrength":38,"Philosopher\u0027s Stone":36,"Bag of Marbles":48,"Red Mask":86}],"Burning Blood":138,"Mercury Hourglass":[207]},"card_choices":[{"not_picked":["Anger","Metallicize"],"picked":"Twin Strike","floor":1},{"not_picked":["Anger","Armaments"],"picked":"Dropkick","floor":2},{"not_picked":["Sword Boomerang","Havoc"],"picked":"True Grit","floor":6},{"not_picked":["Body Slam","Searing Blow"],"picked":"Anger","floor":7},{"not_picked":["Cleave","Headbutt"],"picked":"Shockwave","floor":8},{"not_picked":["Iron Wave","True Grit"],"picked":"Immolate","floor":10},{"not_picked":["Headbutt","Seeing Red"],"picked":"Shrug It Off","floor":12},{"not_picked":["Twin Strike","Clash","Armaments"],"picked":"SKIP","floor":13},{"not_picked":["Clash","Warcry"],"picked":"Dual Wield","floor":14},{"not_picked":["Offering","Juggernaut"],"picked":"Corruption","floor":16},{"not_picked":["Flex+1","Heavy Blade","Anger"],"picked":"SKIP","floor":18},{"not_picked":["Headbutt","Carnage"],"picked":"True Grit+1","floor":22},{"not_picked":["Evolve","Rampage"],"picked":"Dropkick","floor":27},{"not_picked":["Metallicize","Sever Soul"],"picked":"True Grit","floor":29},{"not_picked":["Carnage","Perfected Strike"],"picked":"Battle Trance","floor":31},{"not_picked":["Demon Form","Exhume"],"picked":"Offering","floor":33},{"not_picked":[],"picked":"Dark Embrace","floor":35},{"not_picked":["Cleave"],"picked":"SKIP","floor":37},{"not_picked":[],"picked":"Disarm+1","floor":39},{"not_picked":["Hemokinesis"],"picked":"SKIP","floor":41},{"not_picked":["Clothesline"],"picked":"SKIP","floor":47}],"player_experience":523400,"relics_obtained":[{"floor":6,"key":"Strawberry"},{"floor":8,"key":"Incense Burner"},{"floor":9,"key":"Pear"},{"floor":10,"key":"Self Forming Clay"},{"floor":12,"key":"Old Coin"},{"floor":25,"key":"Anchor"},{"floor":26,"key":"Vajra"},{"floor":27,"key":"Bag of Marbles"},{"floor":31,"key":"Mercury Hourglass"},{"floor":36,"key":"Ginger"},{"floor":41,"key":"Bottled Tornado"},{"floor":43,"key":"Akabeko"}],"event_choices":[{"cards_removed":["Strike_R"],"damage_healed":0,"gold_gain":0,"player_choice":"Card Removal","damage_taken":7,"max_hp_gain":0,"max_hp_loss":0,"event_name":"Golden Wing","floor":3,"gold_loss":0},{"damage_healed":0,"gold_gain":0,"player_choice":"Entered Light","damage_taken":23,"max_hp_gain":0,"max_hp_loss":0,"event_name":"Shining Light","floor":4,"gold_loss":0,"cards_upgraded":["Bash","Strike_R"]},{"damage_healed":25,"gold_gain":0,"player_choice":"Banana","damage_taken":0,"max_hp_gain":0,"max_hp_loss":0,"event_name":"Big Fish","floor":5,"gold_loss":0},{"damage_healed":0,"gold_gain":0,"player_choice":"Read","damage_taken":0,"max_hp_gain":0,"max_hp_loss":0,"event_name":"The Library","floor":20,"gold_loss":0,"cards_obtained":["Dropkick"]},{"damage_healed":0,"gold_gain":0,"player_choice":"Inject Mutagens","damage_taken":0,"relics_obtained":["MutagenicStrength"],"max_hp_gain":0,"max_hp_loss":0,"event_name":"Drug Dealer","floor":21,"gold_loss":0},{"damage_healed":0,"gold_gain":0,"player_choice":"Joined the Cult","damage_taken":6,"max_hp_gain":0,"max_hp_loss":0,"event_name":"Nest","floor":28,"gold_loss":0,"cards_obtained":["RitualDagger"]},{"damage_healed":0,"gold_gain":0,"player_choice":"Fight","damage_taken":0,"max_hp_gain":0,"max_hp_loss":0,"event_name":"Mysterious Sphere","floor":36,"gold_loss":0},{"cards_removed":["Strike_R"],"damage_healed":0,"gold_gain":0,"player_choice":"Offered Basic","damage_taken":0,"max_hp_gain":0,"max_hp_loss":0,"event_name":"Bonfire Elementals","floor":38,"gold_loss":0},{"damage_healed":0,"gold_gain":0,"player_choice":"Paid","damage_taken":0,"relics_obtained":["Red Mask"],"max_hp_gain":0,"max_hp_loss":0,"event_name":"Tomb of Lord Red Mask","floor":48,"gold_loss":64}],"is_beta":false,"boss_relics":[{"not_picked":["Tiny House","Velvet Choker"],"picked":"Philosopher\u0027s Stone"},{"not_picked":["Calling Bell","SlaversCollar"],"picked":"Busted Crown"}],"items_purged_floors":[19,24,45],"is_endless":false,"potions_floor_spawned":[2,7,10,16,18,27,29,36,37],"ascension_level":20}}