{"host":"lsq35p0sdkx2xifo","time":1613914982,"event":{"mods":["AchievementEnabler","BaseMod","Highlight Path","Minty Spire (QoL Compilation)","StSLib"],"gold_per_floor":[112,42,57,76,76,76,107,107,130,171,199,233,262,290,290,374,374,400,435,462,480,64,64,90,90,99,140,162,178,178,212,212,212,212],"floor_reached":33,"language":"ENG","playtime":1565,"items_purged":["Defend_G"],"score":553,"play_id":"0032d5f9-1f18-4df7-a049-6ae1ebfaf93b","local_time":"20210221054302","is_ascension_mode":true,"campfire_choices":[{"data":"Dramatic Entrance","floor":6,"key":"SMITH"},{"floor":8,"key":"REST"},{"floor":15,"key":"REST"},{"floor":23,"key":"REST"},{"data":"Storm of Steel","floor":25,"key":"SMITH"},{"floor":30,"key":"REST"},{"floor":32,"key":"REST"}],"circlet_count":0,"master_deck":["AscendersBane","Strike_G","Strike_G","Strike_G","Strike_G","Defend_G","Defend_G","Defend_G","Defend_G","Survivor","Neutralize","Dramatic Entrance+1","Poisoned Stab","Riddle With Holes","Finisher","Caltrops","A Thousand Cuts","Deflect","Prepared","Footwork","Finisher","Adrenaline","Choke","Deflect","Acrobatics","Storm of Steel+1","Well Laid Plans","Prepared","Regret","Envenom","Footwork","Accuracy"],"relics":["Ring of the Snake","Art of War","Lantern","CeramicFish","Ice Cream","Tough Bandages","Cursed Key","Red Mask","Du-Vu Doll","StrikeDummy","Meat on the Bone","Bird Faced Urn"],"acts_visited":["Exordium","TheCity"],"potions_floor_usage":[3,7,12,14,16,19,28,33,33],"damage_taken":[{"damage":0,"enemies":"Jaw Worm","floor":1,"turns":4},{"damage":1,"enemies":"Cultist","floor":3,"turns":3},{"damage":0,"enemies":"2 Louse","floor":4,"turns":2},{"damage":15,"enemies":"Gremlin Nob","floor":7,"turns":4},{"damage":10,"enemies":"3 Sentries","floor":10,"turns":5},{"damage":8,"enemies":"Exordium Thugs","floor":11,"turns":5},{"damage":29,"enemies":"Lagavulin","floor":12,"turns":6},{"damage":0,"enemies":"Exordium Wildlife","floor":13,"turns":3},{"damage":0,"enemies":"Blue Slaver","floor":14,"turns":1},{"damage":1,"enemies":"Slime Boss","floor":16,"turns":8},{"damage":7,"enemies":"Shell Parasite","floor":18,"turns":4},{"damage":3,"enemies":"Masked Bandits","floor":19,"turns":2},{"damage":14,"enemies":"2 Thieves","floor":20,"turns":3},{"damage":10,"enemies":"Shelled Parasite and Fungi","floor":24,"turns":3},{"damage":17,"enemies":"Book of Stabbing","floor":27,"turns":4},{"damage":0,"enemies":"Snecko","floor":28,"turns":1},{"damage":15,"enemies":"Snake Plant","floor":29,"turns":2},{"damage":20,"enemies":"Slavers","floor":31,"turns":4},{"damage":89,"enemies":"Champ","floor":33,"turns":7}],"seed_played":"-4834960831643319393","potions_obtained":[{"floor":3,"key":"Fruit Juice"},{"floor":4,"key":"Poison Potion"},{"floor":10,"key":"Strength Potion"},{"floor":11,"key":"Fire Potion"},{"floor":13,"key":"ColorlessPotion"},{"floor":14,"key":"Strength Potion"},{"floor":18,"key":"Explosive Potion"},{"floor":27,"key":"DuplicationPotion"},{"floor":31,"key":"DistilledChaos"}],"is_trial":false,"path_per_floor":["M","?","M","M","?","R","E","R","T","E","M","E","M","M","R","B",null,"M","?","M","?","$","R","M","R","T","E","M","M","R","E","R","B"],"character_chosen":"THE_SILENT","items_purchased":["Du-Vu Doll"],"campfire_rested":5,"item_purchase_floors":[22],"current_hp_per_floor":[59,59,63,63,63,63,48,69,69,59,51,22,22,22,43,42,64,57,54,40,40,40,61,51,51,51,34,46,43,64,44,65,0,0],"gold":212,"neow_bonus":"RANDOM_COLORLESS","is_daily":false,"chose_seed":false,"campfire_upgraded":2,"win_rate":0.0,"timestamp":1613914982,"path_taken":["M","?","M","?","?","R","E","R","T","E","M","E","?","M","R","BOSS","M","?","M","?","$","R","M","R","T","E","M","?","R","E","R","BOSS"],"items_purchased_type":["Relic"],"build_version":"2020-12-22","purchased_purges":1,"victory":false,"max_hp_per_floor":[66,66,71,71,71,71,71,71,71,71,71,71,71,71,71,71,71,71,71,71,71,71,71,71,71,71,71,71,71,71,71,71,71,71],"card_choices":[{"not_picked":["Deep Breath","Good Instincts"],"picked":"Dramatic Entrance","floor":0},{"not_picked":["Deadly Poison","Outmaneuver"],"picked":"Poisoned Stab","floor":1},{"not_picked":["Cloak And Dagger","Blade Dance"],"picked":"Riddle With Holes","floor":3},{"not_picked":["Dagger Spray","Outmaneuver"],"picked":"Finisher","floor":4},{"not_picked":["Prepared","Setup"],"picked":"Caltrops","floor":7},{"not_picked":["Deadly Poison","Escape Plan"],"picked":"A Thousand Cuts","floor":10},{"not_picked":["All Out Attack","Crippling Poison"],"picked":"Deflect","floor":11},{"not_picked":["Underhanded Strike","Poisoned Stab"],"picked":"Prepared","floor":12},{"not_picked":["Deflect","Prepared"],"picked":"Footwork","floor":13},{"not_picked":["Outmaneuver","Cloak And Dagger"],"picked":"Finisher","floor":14},{"not_picked":["Unload","Night Terror"],"picked":"Adrenaline","floor":16},{"not_picked":["Dash","Deadly Poison"],"picked":"Choke","floor":18},{"not_picked":["Dagger Spray","Eviscerate"],"picked":"Deflect","floor":19},{"not_picked":["Slice","PiercingWail"],"picked":"Acrobatics","floor":20},{"not_picked":["Endless Agony","Acrobatics"],"picked":"Prepared","floor":24},{"not_picked":["Escape Plan","Unload"],"picked":"Envenom","floor":27},{"not_picked":["Well Laid Plans","Flying Knee"],"picked":"Footwork","floor":28},{"not_picked":["Outmaneuver","Deadly Poison","Bane"],"picked":"SKIP","floor":29},{"not_picked":["PiercingWail","Blade Dance"],"picked":"Accuracy","floor":31}],"player_experience":1296906,"relics_obtained":[{"floor":7,"key":"Lantern"},{"floor":9,"key":"CeramicFish"},{"floor":10,"key":"Ice Cream"},{"floor":12,"key":"Tough Bandages"},{"floor":19,"key":"Red Mask"},{"floor":26,"key":"StrikeDummy"},{"floor":27,"key":"Meat on the Bone"},{"floor":31,"key":"Bird Faced Urn"}],"event_choices":[{"damage_healed":0,"gold_gain":0,"player_choice":"Paid Gold","damage_taken":0,"relics_obtained":["Art of War"],"max_hp_gain":0,"max_hp_loss":0,"event_name":"WeMeetAgain","floor":2,"gold_loss":70},{"cards_removed":["Strike_G"],"damage_healed":0,"gold_gain":0,"player_choice":"Purged","damage_taken":0,"max_hp_gain":0,"max_hp_loss":0,"event_name":"Purifier","floor":5,"gold_loss":0},{"damage_healed":0,"gold_gain":0,"player_choice":"Fought Bandits","damage_taken":0,"max_hp_gain":0,"max_hp_loss":0,"event_name":"Masked Bandits","floor":19,"gold_loss":0},{"damage_healed":0,"gold_gain":0,"player_choice":"2 cards matched","damage_taken":0,"max_hp_gain":0,"max_hp_loss":0,"event_name":"Match and Keep!","floor":21,"gold_loss":0,"cards_obtained":["Storm of Steel","Well Laid Plans"]}],"is_beta":false,"boss_relics":[{"not_picked":["Busted Crown","Ectoplasm"],"picked":"Cursed Key"}],"items_purged_floors":[22],"is_endless":false,"potions_floor_spawned":[3,4,10,11,13,14,18,27,31],"killed_by":"Champ","ascension_level":16}}