{"host":"prxrhpgaxnj4om9r","time":1613909050,"event":{"mods":["AchievementEnabler","BaseMod","Colored Map","DeckTracker","Minty Spire (QoL Compilation)"],"gold_per_floor":[118,118,132,5,59,88,107,139,139,151,177,206,218,243,255,363,375,404,416,445,472,484,496,496],"floor_reached":23,"language":"KOR","playtime":1031,"items_purged":[],"score":254,"play_id":"8959077f-11e3-4bd1-816d-300414045232","local_time":"20210221210410","is_ascension_mode":true,"campfire_choices":[{"floor":13,"key":"REST"},{"data":"Rampage","floor":15,"key":"SMITH"}],"circlet_count":0,"master_deck":["Clash","Combust","Wild Strike","Blood for Blood","Flex","Thunderclap","Evolve","Seeing Red","Rampage+1","Intimidate","Ghostly Armor","Barricade","Whirlwind","Entrench","Offering","Iron Wave","Anger","Double Tap","Disarm","Cleave","Shrug It Off+1","Body Slam+1"],"relics":["Burning Blood","Torii","Oddly Smooth Stone","Question Card","MawBank","Pandora\u0027s Box"],"acts_visited":["Exordium","TheCity"],"potions_floor_usage":[6,8,12,12,14,16,20,20],"damage_taken":[{"damage":16,"enemies":"2 Louse","floor":1,"turns":3},{"damage":1,"enemies":"Small Slimes","floor":3,"turns":2},{"damage":47,"enemies":"3 Sentries","floor":6,"turns":7},{"damage":0,"enemies":"Cultist","floor":7,"turns":2},{"damage":9,"enemies":"Gremlin Nob","floor":8,"turns":4},{"damage":0,"enemies":"Looter","floor":11,"turns":1},{"damage":8,"enemies":"Exordium Thugs","floor":12,"turns":4},{"damage":8,"enemies":"3 Louse","floor":14,"turns":4},{"damage":14,"enemies":"Slime Boss","floor":16,"turns":7},{"damage":26,"enemies":"Chosen","floor":18,"turns":6},{"damage":6,"enemies":"3 Byrds","floor":20,"turns":3},{"damage":24,"enemies":"Centurion and Healer","floor":21,"turns":6},{"damage":45,"enemies":"Book of Stabbing","floor":23,"turns":3}],"seed_played":"-6988697378844928365","potions_obtained":[{"floor":1,"key":"ColorlessPotion"},{"floor":7,"key":"AttackPotion"},{"floor":10,"key":"LiquidBronze"},{"floor":10,"key":"SneckoOil"},{"floor":10,"key":"EssenceOfSteel"},{"floor":12,"key":"PowerPotion"},{"floor":14,"key":"LiquidMemories"},{"floor":16,"key":"BlessingOfTheForge"}],"is_trial":false,"path_per_floor":["M","?","M","$","?","E","M","E","T","?","M","M","R","M","R","B",null,"M","?","M","M","?","E"],"character_chosen":"IRONCLAD","items_purchased":["Blood for Blood","Flex"],"campfire_rested":1,"item_purchase_floors":[4,4],"current_hp_per_floor":[46,46,51,51,51,10,16,13,13,13,19,17,41,39,39,31,68,48,48,48,30,30,0,0],"gold":496,"neow_bonus":"ONE_RARE_RELIC","is_daily":false,"chose_seed":false,"campfire_upgraded":1,"win_rate":0.0,"timestamp":1613909050,"path_taken":["M","?","M","$","?","E","M","E","T","?","?","M","R","M","R","BOSS","M","?","?","M","?","E"],"items_purchased_type":["Card","Card"],"build_version":"2020-12-22","purchased_purges":0,"victory":false,"max_hp_per_floor":[80,80,80,80,80,80,80,80,80,80,80,80,80,80,80,80,80,80,80,80,80,80,80,80],"card_choices":[{"not_picked":["Havoc","True Grit"],"picked":"Clash","floor":1},{"not_picked":["Pommel Strike","Sword Boomerang"],"picked":"Wild Strike","floor":3},{"not_picked":["Corruption","Double Tap"],"picked":"Thunderclap","floor":6},{"not_picked":["Uppercut","Havoc"],"picked":"Evolve","floor":7},{"not_picked":["Perfected Strike","Armaments"],"picked":"Seeing Red","floor":8},{"not_picked":["Anger","Infernal Blade","Blood for Blood"],"picked":"Rampage","floor":11},{"not_picked":["Headbutt","Bloodletting","Flex"],"picked":"Intimidate","floor":12},{"not_picked":["Warcry","Thunderclap","Body Slam"],"picked":"Ghostly Armor","floor":14},{"not_picked":["Exhume","Juggernaut","Bludgeon"],"picked":"Barricade","floor":16},{"not_picked":["Sword Boomerang","Dark Embrace","Dropkick"],"picked":"Cleave","floor":18},{"not_picked":["Body Slam","Heavy Blade+1","Flex"],"picked":"Shrug It Off+1","floor":20},{"not_picked":["Wild Strike+1","Armaments","Twin Strike"],"picked":"Body Slam+1","floor":21}],"player_experience":572471,"relics_obtained":[{"floor":6,"key":"Oddly Smooth Stone"},{"floor":8,"key":"Question Card"},{"floor":9,"key":"MawBank"}],"event_choices":[{"damage_healed":0,"gold_gain":0,"cards_transformed":["Defend_R"],"player_choice":"Change","damage_taken":0,"max_hp_gain":0,"max_hp_loss":0,"event_name":"Living Wall","floor":2,"gold_loss":0,"cards_obtained":["Combust"]},{"damage_healed":0,"gold_gain":54,"player_choice":"Gained Gold","damage_taken":0,"max_hp_gain":0,"max_hp_loss":0,"event_name":"Golden Wing","floor":5,"gold_loss":0},{"damage_healed":0,"gold_gain":0,"player_choice":"Got Potions","damage_taken":0,"max_hp_gain":0,"max_hp_loss":0,"event_name":"Lab","floor":10,"gold_loss":0},{"cards_removed":["Bash"],"damage_healed":0,"gold_gain":0,"player_choice":"Purged","damage_taken":0,"max_hp_gain":0,"max_hp_loss":0,"event_name":"Purifier","floor":19,"gold_loss":0},{"cards_removed":["Shockwave"],"damage_healed":0,"gold_gain":0,"player_choice":"Elegance","damage_taken":0,"max_hp_gain":0,"max_hp_loss":0,"event_name":"Back to Basics","floor":22,"gold_loss":0}],"is_beta":false,"boss_relics":[{"not_picked":["Black Star","Tiny House"],"picked":"Pandora\u0027s Box"}],"items_purged_floors":[],"is_endless":false,"potions_floor_spawned":[1,7,12,14,16],"killed_by":"Book of Stabbing","ascension_level":5}}