{"host":"x5w9zppki4gdwvc7","time":1613930811,"event":{"mods":["AchievementEnabler","BaseMod","Colored Powertips","DeckTracker","Minty Spire (QoL Compilation)"],"gold_per_floor":[113,132,51,65,75,100,100,117,140,173,173,184,31,56,56,157,157,171,96,110,127,138,138,163,163,186,218,218,232,232,245,245,349,349,361,379,54,0,14,47,47,72,72,72,107,44,56,56,56,154,154,194,230,230,246,285,285,319,319,345,363,382,382,417,437,437,561,611,628,659,710,376,387,387,418,418,446,246,276,289,317,317,317,422,422,437,417,79,91,106,166,177,197,224,281,281,291,291,291],"floor_reached":98,"language":"ENG","playtime":7259,"items_purged":["Double Tap","Evolve+1","Chrysalis","Armaments+1"],"score":2737,"play_id":"24c9df62-50fc-4f70-9269-ee1ce661e783","local_time":"20210221190651","daily_mods":["SealedDeck","Colorless Cards","Heirloom","Time Dilation","DeadlyEvents","Cursed Run"],"is_ascension_mode":true,"campfire_choices":[{"data":"Armaments","floor":7.0,"key":"SMITH"},{"data":"Evolve","floor":11.0,"key":"SMITH"},{"data":"Entrench","floor":15.0,"key":"SMITH"},{"data":"True Grit","floor":23.0,"key":"SMITH"},{"data":"Body Slam","floor":25.0,"key":"SMITH"},{"data":"Feel No Pain","floor":30.0,"key":"SMITH"},{"data":"Twin Strike","floor":32.0,"key":"SMITH"},{"floor":41.0,"key":"REST"},{"floor":44.0,"key":"REST"},{"data":"True Grit","floor":49.0,"key":"SMITH"},{"data":"Warcry","floor":57.0,"key":"SMITH"},{"data":"Panacea","floor":63.0,"key":"SMITH"},{"data":"Battle Trance","floor":66.0,"key":"SMITH"},{"data":"Barricade","floor":74.0,"key":"SMITH"},{"data":"Entrench","floor":76.0,"key":"SMITH"},{"data":"Ghostly Armor","floor":83.0,"key":"SMITH"},{"data":"ThirdEye","floor":96.0,"key":"SMITH"}],"circlet_count":0,"master_deck":["Panacea+1","Shrug It Off+1","Warcry+1","Warcry+1","Twin Strike+1","Dramatic Entrance+1","Trip+1","Ghostly Armor+1","Body Slam+1","Evolve+1","True Grit+1","True Grit+1","Writhe","Impervious+1","Entrench+1","Mind Blast+1","Flash of Steel+1","Decay","Feel No Pain+1","Parasite","True Grit+1","Shame","Blind+1","Dual Wield","Seeing Red+1","Regret","Twin Strike+1","Injury","HandOfGreed+1","Dramatic Entrance+1","Pain","Battle Trance+1","Pain","Barricade+1","Entrench+1","Mind Blast+1","Body Slam+1","Clothesline+1","Body Slam+1","Pain","Feed+1","Seeing Red+1","ThirdEye+1","Heatsinks+1","Enlightenment+1"],"relics":["Cursed Key","Darkstone Periapt","Du-Vu Doll","Champion Belt","Ancient Tea Set","Akabeko","Orichalcum","Vajra","War Paint","Astrolabe","Boot","Anchor","Potion Belt","Pantograph","Mark of Pain","Membership Card","Molten Egg 2","Red Mask","Bag of Preparation","Sundial","Blood Vial","Toy Ornithopter","Black Star","Whetstone","Tiny House","Oddly Smooth Stone","Gambling Chip","Bottled Tornado","Runic Cube","Question Card","Bottled Flame","PrismaticShard"],"acts_visited":["Exordium","TheCity","TheBeyond","Exordium","TheCity","TheBeyond"],"potions_floor_usage":[],"damage_taken":[{"damage":0.0,"enemies":"2 Louse","floor":1.0,"turns":2.0},{"damage":0.0,"enemies":"Jaw Worm","floor":2.0,"turns":2.0},{"damage":0.0,"enemies":"Cultist","floor":4.0,"turns":2.0},{"damage":9.0,"enemies":"2 Fungi Beasts","floor":5.0,"turns":2.0},{"damage":0.0,"enemies":"Gremlin Nob","floor":6.0,"turns":3.0},{"damage":0.0,"enemies":"Large Slime","floor":8.0,"turns":3.0},{"damage":2.0,"enemies":"3 Sentries","floor":10.0,"turns":4.0},{"damage":2.0,"enemies":"Blue Slaver","floor":12.0,"turns":2.0},{"damage":0.0,"enemies":"Gremlin Nob","floor":14.0,"turns":3.0},{"damage":0.0,"enemies":"Slime Boss","floor":16.0,"turns":7.0},{"damage":2.0,"enemies":"Shell Parasite","floor":18.0,"turns":4.0},{"damage":0.0,"enemies":"Chosen","floor":20.0,"turns":3.0},{"damage":0.0,"enemies":"Centurion and Healer","floor":21.0,"turns":4.0},{"damage":4.0,"enemies":"Sentry and Sphere","floor":22.0,"turns":4.0},{"damage":20.0,"enemies":"Gremlin Leader","floor":24.0,"turns":8.0},{"damage":0.0,"enemies":"Slavers","floor":27.0,"turns":4.0},{"damage":0.0,"enemies":"3 Cultists","floor":29.0,"turns":5.0},{"damage":0.0,"enemies":"Centurion and Healer","floor":31.0,"turns":2.0},{"damage":27.0,"enemies":"Automaton","floor":33.0,"turns":9.0},{"damage":38.0,"enemies":"3 Darklings","floor":35.0,"turns":9.0},{"damage":0.0,"enemies":"3 Shapes","floor":36.0,"turns":4.0},{"damage":28.0,"enemies":"Writhing Mass","floor":39.0,"turns":5.0},{"damage":32.0,"enemies":"Giant Head","floor":40.0,"turns":10.0},{"damage":14.0,"enemies":"Nemesis","floor":42.0,"turns":5.0},{"damage":5.0,"enemies":"Reptomancer","floor":45.0,"turns":7.0},{"damage":7.0,"enemies":"3 Darklings","floor":47.0,"turns":6.0},{"damage":74.0,"enemies":"Awakened One","floor":50.0,"turns":13.0},{"damage":0.0,"enemies":"Small Slimes","floor":52.0,"turns":2.0},{"damage":0.0,"enemies":"Cultist","floor":53.0,"turns":1.0},{"damage":0.0,"enemies":"Jaw Worm","floor":55.0,"turns":1.0},{"damage":0.0,"enemies":"3 Louse","floor":56.0,"turns":1.0},{"damage":3.0,"enemies":"Gremlin Nob","floor":58.0,"turns":2.0},{"damage":0.0,"enemies":"Looter","floor":61.0,"turns":1.0},{"damage":0.0,"enemies":"Exordium Thugs","floor":62.0,"turns":1.0},{"damage":3.0,"enemies":"3 Sentries","floor":64.0,"turns":4.0},{"damage":0.0,"enemies":"Exordium Wildlife","floor":65.0,"turns":1.0},{"damage":8.0,"enemies":"Slime Boss","floor":67.0,"turns":8.0},{"damage":0.0,"enemies":"Shell Parasite","floor":69.0,"turns":1.0},{"damage":22.0,"enemies":"Gremlin Leader","floor":70.0,"turns":2.0},{"damage":9.0,"enemies":"Slavers","floor":71.0,"turns":3.0},{"damage":0.0,"enemies":"Spheric Guardian","floor":73.0,"turns":1.0},{"damage":0.0,"enemies":"Gremlin Leader","floor":75.0,"turns":2.0},{"damage":0.0,"enemies":"Slavers","floor":77.0,"turns":1.0},{"damage":7.0,"enemies":"Gremlin Leader","floor":79.0,"turns":2.0},{"damage":0.0,"enemies":"Snake Plant","floor":80.0,"turns":1.0},{"damage":0.0,"enemies":"Slavers","floor":81.0,"turns":1.0},{"damage":5.0,"enemies":"Automaton","floor":84.0,"turns":4.0},{"damage":0.0,"enemies":"3 Darklings","floor":86.0,"turns":1.0},{"damage":8.0,"enemies":"3 Shapes","floor":89.0,"turns":1.0},{"damage":2.0,"enemies":"Maw","floor":90.0,"turns":4.0},{"damage":49.0,"enemies":"Reptomancer","floor":91.0,"turns":3.0},{"damage":0.0,"enemies":"3 Darklings","floor":92.0,"turns":1.0},{"damage":0.0,"enemies":"Sphere and 2 Shapes","floor":93.0,"turns":1.0},{"damage":0.0,"enemies":"Nemesis","floor":94.0,"turns":1.0},{"damage":60.0,"enemies":"Reptomancer","floor":95.0,"turns":3.0},{"damage":0.0,"enemies":"Spire Growth","floor":97.0,"turns":1.0},{"damage":91,"enemies":"Nemesis","floor":98,"turns":2}],"seed_played":"-2050297058408280764","potions_obtained":[{"floor":1.0,"key":"FearPotion"},{"floor":2.0,"key":"Weak Potion"},{"floor":5.0,"key":"SkillPotion"},{"floor":10.0,"key":"ColorlessPotion"},{"floor":22.0,"key":"DistilledChaos"},{"floor":27.0,"key":"ElixirPotion"},{"floor":29.0,"key":"BlessingOfTheForge"},{"floor":35.0,"key":"SpeedPotion"},{"floor":45.0,"key":"PowerPotion"},{"floor":52.0,"key":"DuplicationPotion"},{"floor":55.0,"key":"DuplicationPotion"},{"floor":65.0,"key":"PowerPotion"},{"floor":67.0,"key":"CultistPotion"}],"is_trial":true,"path_per_floor":["M","M","$","M","M","E","R","M","T","E","R","M","$","E","R","B",null,"M","?","M","M","M","R","E","R","T","E","T","M","R","M","R","B",null,"M","M","$","?","M","E","R","E","T","R","E","$","M","?","R","B",null,"M","M","?","M","M","R","E","?","T","M","M","R","E","M","R","B",null,"M","E","E","$","M","R","E","R","E","$","E","M","E","?","R","B",null,"M","?","$","M","M","E","M","M","E","E","R","M","E"],"character_chosen":"IRONCLAD","items_purchased":["Evolve","Vajra","Membership Card","Molten Egg 2","Twin Strike+1","Oddly Smooth Stone","Gambling Chip","Entrench","Bottled Tornado","Question Card","Bottled Flame","PrismaticShard"],"campfire_rested":2,"item_purchase_floors":[3,13,37,37,46,72,72,72,78,88,88,88],"current_hp_per_floor":[80,80,80,80,71,71,71,71,77,75,75,73,73,73,73,79,98,96,96,96,96,92,92,72,72,78,78,84,84,84,84,84,88,116,78,78,78,78,50,18,52,38,44,80,77,77,72,72,72,36,128,128,128,102,104,106,106,105,105,111,113,115,115,114,116,116,132,145,145,123,116,116,118,118,120,120,122,122,117,119,121,121,121,146,151,155,155,155,147,147,100,106,112,118,60,60,66,0,0],"gold":291,"neow_bonus":"","is_daily":false,"chose_seed":false,"campfire_upgraded":15,"win_rate":0.0,"timestamp":1613930811,"path_taken":["M","M","$","M","M","E","R","M","T","E","R","M","$","E","R","BOSS","M","?","M","M","M","R","E","R","T","E","?","?","R","M","R","BOSS","M","M","$","?","M","E","R","E","T","R","E","$","M","?","R","BOSS","M","M","?","M","M","R","E","?","T","M","M","R","E","M","R","BOSS","M","?","?","$","M","R","E","R","E","$","E","M","E","?","R","BOSS","M","?","$","M","M","E","M","M","E","?","R","M","E"],"items_purchased_type":["Card","Relic","Relic","Relic","Card","Relic","Relic","Card","Relic","Relic","Relic","Relic"],"build_version":"2020-12-22","purchased_purges":4,"victory":false,"max_hp_per_floor":[80,80,80,80,80,80,80,80,86,86,86,86,86,86,86,92,98,98,98,98,98,98,98,98,98,104,104,110,110,110,110,110,116,116,116,116,116,116,116,116,116,116,122,122,122,122,122,122,122,128,128,128,128,128,128,128,128,128,128,134,134,134,134,134,134,134,140,145,145,145,145,145,145,145,145,145,145,145,145,145,145,145,145,151,151,155,155,155,155,155,155,159,163,167,167,167,171,171,171],"card_choices":[{"not_picked":["Wild Strike","Perfected Strike"],"picked":"Ghostly Armor","floor":1.0},{"not_picked":["Flame Barrier","Warcry"],"picked":"Body Slam","floor":2.0},{"not_picked":["Panacea","Anger"],"picked":"Armaments","floor":4.0},{"not_picked":["Swift Strike","Heavy Blade"],"picked":"True Grit","floor":5.0},{"not_picked":["Inflame","Flex"],"picked":"Clash","floor":6.0},{"not_picked":["Headbutt","Clash"],"picked":"True Grit","floor":8.0},{"not_picked":["True Grit","Cleave"],"picked":"Impervious","floor":10.0},{"not_picked":["Havoc","Pommel Strike","Sword Boomerang"],"picked":"SKIP","floor":12.0},{"not_picked":["Headbutt","Clothesline"],"picked":"Entrench","floor":14.0},{"not_picked":["Metamorphosis","Chrysalis"],"picked":"Double Tap","floor":16.0},{"not_picked":["True Grit","Perfected Strike","Cleave+1"],"picked":"SKIP","floor":18.0},{"not_picked":["Anger","Perfected Strike"],"picked":"Flash of Steel","floor":20.0},{"not_picked":["Good Instincts","Flex","Anger"],"picked":"SKIP","floor":21.0},{"not_picked":["Finesse","Sever Soul"],"picked":"Iron Wave","floor":22.0},{"not_picked":["Anger+1","Wild Strike+1","Body Slam"],"picked":"SKIP","floor":24.0},{"not_picked":["Sentinel","Dark Shackles+1"],"picked":"Feel No Pain","floor":27.0},{"not_picked":["Clash","Trip+1","Flash of Steel"],"picked":"SKIP","floor":29.0},{"not_picked":["Flex","Hemokinesis"],"picked":"True Grit+1","floor":31.0},{"not_picked":["Metamorphosis","Impervious"],"picked":"Chrysalis","floor":33.0},{"not_picked":["Havoc+1","Wild Strike+1"],"picked":"Blind+1","floor":35.0},{"not_picked":["Wild Strike+1","Entrench"],"picked":"Dual Wield","floor":36.0},{"not_picked":["Dropkick+1","Good Instincts"],"picked":"Seeing Red","floor":39.0},{"not_picked":["Havoc+1","Entrench","Headbutt+1"],"picked":"SKIP","floor":40.0},{"not_picked":["Perfected Strike+1","True Grit","Infernal Blade"],"picked":"SKIP","floor":42.0},{"not_picked":["Havoc+1","Jack Of All Trades+1","Anger+1"],"picked":"SKIP","floor":45.0},{"not_picked":["Cleave+1","Wild Strike+1","Flex"],"picked":"SKIP","floor":47.0},{"not_picked":["Panache","Fiend Fire+1"],"picked":"HandOfGreed+1","floor":50.0},{"not_picked":["Sword Boomerang+1","Bloodletting","Anger+1"],"picked":"SKIP","floor":52.0},{"not_picked":["Twin Strike+1","Wild Strike+1","Havoc"],"picked":"SKIP","floor":53.0},{"not_picked":["Perfected Strike+1","Dark Shackles","Twin Strike+1"],"picked":"SKIP","floor":55.0},{"not_picked":["True Grit","Havoc","Intimidate"],"picked":"SKIP","floor":56.0},{"not_picked":["Wild Strike+1","Clothesline+1","Sword Boomerang+1"],"picked":"SKIP","floor":58.0},{"not_picked":["Headbutt+1","Armaments","Flex"],"picked":"SKIP","floor":61.0},{"not_picked":["Anger+1","Inflame","Madness"],"picked":"SKIP","floor":62.0},{"not_picked":["Searing Blow+1","Thinking Ahead","Reckless Charge+1"],"picked":"SKIP","floor":64.0},{"not_picked":["Iron Wave+1","Thunderclap+1"],"picked":"Battle Trance","floor":65.0},{"not_picked":["Chrysalis","Immolate+1"],"picked":"Barricade","floor":67.0},{"not_picked":["Rupture","Clash+1","Blind+1"],"picked":"SKIP","floor":69.0},{"not_picked":["Shockwave","Sword Boomerang+1","Heavy Blade+1"],"picked":"SKIP","floor":70.0},{"not_picked":["Panacea","Headbutt+1","Iron Wave+1"],"picked":"SKIP","floor":71.0},{"not_picked":["True Grit","Rampage+1"],"picked":"Mind Blast+1","floor":73.0},{"not_picked":["Perfected Strike+1","Warcry","Uppercut+1"],"picked":"SKIP","floor":75.0},{"not_picked":["Havoc","Sword Boomerang+1","Panacea"],"picked":"SKIP","floor":77.0},{"not_picked":["The Bomb","Apotheosis"],"picked":"Body Slam+1","floor":79.0},{"not_picked":["Twin Strike+1","Fire Breathing","Madness"],"picked":"SKIP","floor":80.0},{"not_picked":["Sword Boomerang+1","Twin Strike+1","Wild Strike+1"],"picked":"SKIP","floor":81.0},{"not_picked":["Thinking Ahead","Impervious"],"picked":"Feed+1","floor":84.0},{"not_picked":["Clothesline+1","Dark Shackles","Power Through"],"picked":"SKIP","floor":86.0},{"not_picked":["Dark Shackles","Clash+1","FearNoEvil+1","Pommel Strike+1"],"picked":"SKIP","floor":89.0},{"not_picked":["Steam","Redo+1","Steam Power+1"],"picked":"Seeing Red+1","floor":90.0},{"not_picked":["Thunder Strike+1","Choke+1","Chill+1"],"picked":"ThirdEye","floor":91.0},{"not_picked":["Cold Snap+1","Distraction","Seeing Red","Coolheaded"],"picked":"SKIP","floor":92.0},{"not_picked":["Body Slam+1","Anger+1","Undo","Leap+1"],"picked":"SKIP","floor":93.0},{"not_picked":["Dodge and Roll","Nirvana","Gash+1"],"picked":"Heatsinks+1","floor":94.0},{"not_picked":["Doppelganger","Reinforced Body+1","Burning Pact","Rupture"],"picked":"SKIP","floor":95.0},{"not_picked":["Sucker Punch+1","Finisher+1","Heatsinks+1"],"picked":"Enlightenment+1","floor":97.0}],"player_experience":702526,"relics_obtained":[{"floor":6.0,"key":"Ancient Tea Set"},{"floor":9.0,"key":"Akabeko"},{"floor":10.0,"key":"Orichalcum"},{"floor":14.0,"key":"War Paint"},{"floor":24.0,"key":"Boot"},{"floor":26.0,"key":"Anchor"},{"floor":27.0,"key":"Potion Belt"},{"floor":28.0,"key":"Pantograph"},{"floor":40.0,"key":"Bag of Preparation"},{"floor":42.0,"key":"Sundial"},{"floor":43.0,"key":"Blood Vial"},{"floor":45.0,"key":"Toy Ornithopter"},{"floor":60.0,"key":"Whetstone"}],"event_choices":[{"cards_removed":["Regret"],"damage_healed":0.0,"max_hp_gain":0.0,"max_hp_loss":0.0,"gold_gain":0.0,"event_name":"Beggar","player_choice":"Gave Gold","floor":19.0,"gold_loss":75.0,"damage_taken":0.0},{"damage_healed":0.0,"max_hp_gain":0.0,"max_hp_loss":0.0,"gold_gain":0.0,"event_name":"Tomb of Lord Red Mask","player_choice":"Paid","floor":38.0,"gold_loss":54.0,"damage_taken":0.0,"relics_obtained":["Red Mask"]},{"cards_removed":["Iron Wave"],"damage_healed":0.0,"max_hp_gain":0.0,"max_hp_loss":0.0,"gold_gain":0.0,"event_name":"Falling","player_choice":"Removed Attack","floor":48.0,"gold_loss":0.0,"damage_taken":0.0},{"damage_healed":0.0,"max_hp_gain":0.0,"max_hp_loss":0.0,"gold_gain":0.0,"event_name":"Shining Light","player_choice":"Entered Light","floor":54.0,"gold_loss":0.0,"damage_taken":26.0,"cards_upgraded":["Warcry","Seeing Red"]},{"damage_healed":0.0,"max_hp_gain":0.0,"max_hp_loss":0.0,"gold_gain":0.0,"event_name":"Match and Keep!","player_choice":"1 cards matched","floor":59.0,"gold_loss":0.0,"damage_taken":0.0,"cards_obtained":["Dramatic Entrance"]},{"damage_healed":0.0,"max_hp_gain":0.0,"max_hp_loss":0.0,"gold_gain":0.0,"cards_transformed":["Shrug It Off","Battle Trance"],"event_name":"Drug Dealer","player_choice":"Became Test Subject","floor":82.0,"gold_loss":0.0,"damage_taken":0.0,"cards_obtained":["Clothesline","Body Slam"]},{"damage_healed":0.0,"max_hp_gain":0.0,"max_hp_loss":0.0,"gold_gain":0.0,"event_name":"The Woman in Blue","player_choice":"Bought 1 Potion","floor":87.0,"gold_loss":0.0,"damage_taken":0.0}],"is_beta":false,"boss_relics":[{"not_picked":["Snecko Eye","Tiny House"],"picked":"Astrolabe"},{"not_picked":["Runic Cube","Runic Pyramid"],"picked":"Mark of Pain"},{"not_picked":["Velvet Choker","Runic Dome"],"picked":"Black Star"},{"not_picked":["Busted Crown","Runic Pyramid"],"picked":"Tiny House"},{"not_picked":["SacredBark","Coffee Dripper"],"picked":"Runic Cube"}],"items_purged_floors":[37,46,72,78],"is_endless":true,"potions_floor_spawned":[1,2,5,10,14,22,27,29,35,45,52,55,56,65,67,70,75,77,80,84,90,92,94,95,97],"killed_by":"Nemesis","ascension_level":1}}