{"host":"mc5v85iuptizxtr7","time":1613900558,"event":{"mods":["AchievementEnabler","Ascension Reborn","Aspiration","Bard","BaseMod","BetterRewards","Colored Map","Colored Powertips","Conspire","DeckTracker","Downfall","Hermit","Highlight Path","Hubris","Infinite Spire","Minty Spire (QoL Compilation)","Rare Cards Sparkle","Relic Stats","Shop Mod","StSLib","Synergy Search","The Animator","The Bladedancer","The Bug Knight","The Cursed","The Forsaken","The Necromancer","UnlockEverythingMod"],"gold_per_floor":[99,113,113,113,125,125,152,152,152,152,166,166,182,182,192,293,293,293,311,311,311,311,311,311,323,308,319,319,344,344,329,343,438,438,438,465,383,383,408,408,408,408,517,538,538,567,567,592,619,619,619,619],"floor_reached":50,"language":"DEU","playtime":4536,"items_purged":[],"score":500,"play_id":"cc65f506-4238-43b6-bfb0-cd9bb527a38a","local_time":"20210221104238","is_ascension_mode":true,"campfire_choices":[{"data":"Slimebound:Split","floor":1,"key":"SMITH"},{"data":"infinitespire:Fortify","floor":10,"key":"SMITH"},{"data":"Slimebound:AcidTongue","floor":12,"key":"SMITH"},{"data":"Slimebound:SelfFormingGoo","floor":18,"key":"SMITH"},{"data":"Slimebound:SpikyOuterGoop","floor":23,"key":"SMITH"},{"data":"Slimebound:SlimeSpikes","floor":28,"key":"SMITH"},{"data":"Slimebound:OozeBath","floor":35,"key":"SMITH"},{"data":"Slimebound:SlimeTap","floor":42,"key":"SMITH"},{"data":"Slimebound:FlameTackle","floor":45,"key":"SMITH"},{"data":"Slimebound:Schlurp","floor":47,"key":"SMITH"}],"circlet_count":0,"master_deck":["Slimebound:Strike_Slimebound+1","Slimebound:Strike_Slimebound+1","Slimebound:Strike_Slimebound+1","Slimebound:Tackle+1","Slimebound:Defend_Slimebound","Slimebound:Defend_Slimebound","Slimebound:Defend_Slimebound","Slimebound:Defend_Slimebound","Slimebound:Split+1","Slimebound:CorrosiveSpit","Slimebound:AcidTongue+1","infinitespire:Fortify+1","Slimebound:SplitLeeching","Slimebound:Schlurp+1","Slimebound:Equalize+1","Slimebound:Gluttony","Slimebound:SelfFormingGoo+1","Slimebound:SpikyOuterGoop+1","infinitespire:Collect+1","Slimebound:DisruptingSlam","Slimebound:OneTwoCombo+1","Slimebound:SlimeSpikes+1","Slimebound:Gluttony","Slimebound:LeechingTouch","Slimebound:FlameTackle+1","Slimebound:OozeBath+1","CurseOfTheBell","Slimebound:SplitLeeching+1","Slimebound:ProtectTheBoss+1","expansioncontent:Chronoboost+1","Slimebound:SlimeTap+1","Slimebound:Grow+1","Slimebound:LeechEnergy+1","Slimebound:PressTheAttack+1","Slimebound:SamplingLick+1","Slimebound:Prepare"],"relics":["Slimebound:AbsorbEndCombat","hubris:RunicObelisk","Slimebound:MaxSlimesRelic","HollowMod:StagPassRelic","CaptainsWheel","Calling Bell","CeramicFish","infinitespire:Eraser","Girya","Tiny Chest","hubris:Zylophone","Toy Ornithopter"],"acts_visited":["Exordium","TheCity","TheBeyond"],"potions_floor_usage":[15,16,33,43,46,50],"damage_taken":[{"damage":6,"enemies":"conspire:RoseBush","floor":2,"turns":3},{"damage":11,"enemies":"Jaw Worm","floor":5,"turns":4},{"damage":8,"enemies":"Small Slimes","floor":11,"turns":3},{"damage":0,"enemies":"2 Fungi Beasts","floor":13,"turns":3},{"damage":1,"enemies":"Exordium Wildlife","floor":15,"turns":4},{"damage":19,"enemies":"IC_STATUS_ARCHETYPE","floor":16,"turns":7},{"damage":14,"enemies":"downfall:LooterAlt2","floor":19,"turns":5},{"damage":6,"enemies":"Shell Parasite","floor":25,"turns":5},{"damage":0,"enemies":"downfall:FleeingMerchant","floor":26,"turns":4},{"damage":0,"enemies":"Cultist and Chosen","floor":27,"turns":5},{"damage":2,"enemies":"Book of Stabbing","floor":29,"turns":5},{"damage":0,"enemies":"downfall:FleeingMerchant","floor":31,"turns":4},{"damage":14,"enemies":"Centurion and Healer","floor":32,"turns":5},{"damage":3,"enemies":"WA_ARCHETYPE_CALM","floor":33,"turns":9},{"damage":29,"enemies":"3 Darklings","floor":36,"turns":6},{"damage":0,"enemies":"downfall:FleeingMerchant","floor":37,"turns":4},{"damage":12,"enemies":"Orb Walker","floor":39,"turns":4},{"damage":0,"enemies":"downfall:LadyInBlue","floor":43,"turns":10},{"damage":20,"enemies":"Sphere and 2 Shapes","floor":44,"turns":6},{"damage":17,"enemies":"3 Darklings","floor":46,"turns":6},{"damage":26,"enemies":"Jaw Worm Horde","floor":48,"turns":6},{"damage":4,"enemies":"Sphere and 2 Shapes","floor":49,"turns":7},{"damage":140,"enemies":"SI_POISON_ARCHETYPE","floor":50,"turns":5}],"seed_played":"6317701143226179948","potions_obtained":[{"floor":5,"key":"Energy Potion"},{"floor":15,"key":"Energy Potion"},{"floor":25,"key":"sneckomod:MuddlingPotion"},{"floor":32,"key":"Swift Potion"},{"floor":38,"key":"Slimebound:SlimedPotion"},{"floor":38,"key":"EssenceOfSteel"},{"floor":43,"key":"SteroidPotion"},{"floor":43,"key":"conspire:TimeTravelPotion"}],"is_trial":false,"path_per_floor":["R","M","?","?","M","?","T","?","?","R","M","R","M","?","M","B",null,"R","M","AVR","?","?","R","T","M","$","M","R","E","?","$","M","B",null,"R","M","$","?","M","AVR","T","R","?","M","R","M","R","M","M","B"],"character_chosen":"SLIMEBOUND","items_purchased":["expansioncontent:Chronoboost"],"campfire_rested":0,"item_purchase_floors":[37],"current_hp_per_floor":[59,55,36,36,31,31,31,31,31,31,23,23,25,25,42,43,77,77,77,77,77,77,77,77,77,77,77,77,77,77,77,72,77,77,77,54,74,74,68,68,68,68,77,67,67,77,77,59,71,0,0,0],"gold":619,"neow_bonus":"TWENTY_PERCENT_HP_BONUS","is_daily":false,"chose_seed":false,"campfire_upgraded":10,"win_rate":0.0,"timestamp":1613900558,"path_taken":["R","M","?","?","M","?","T","?","?","R","M","R","?","?","M","BOSS","R","M","AVR","?","?","R","T","M","$","M","R","E","?","?","M","BOSS","R","M","$","?","?","AVR","T","R","?","M","R","?","R","M","M","BOSS"],"items_purchased_type":["Card"],"build_version":"2020-12-22","purchased_purges":0,"victory":false,"max_hp_per_floor":[77,77,77,77,77,77,77,77,77,77,77,77,77,77,77,77,77,77,77,77,77,77,77,77,77,77,77,77,77,77,77,77,77,77,77,77,77,77,77,77,77,77,77,77,77,77,77,77,77,77,77,77],"relic_stats":{"counters":[23,117],"CeramicFish":81,"Tiny Chest":0,"obtain_stats":[{"Girya":34,"CeramicFish":34,"hubris:RunicObelisk":17,"HollowMod:StagPassRelic":24,"Calling Bell":34,"hubris:Zylophone":41,"CaptainsWheel":29,"downfall:BrokenWingStatue":4,"Slimebound:MaxSlimesRelic":20,"Tiny Chest":40,"Slimebound:AbsorbEndCombat":0,"Art of War":7,"infinitespire:Eraser":34,"Toy Ornithopter":43},{"Girya":14,"CeramicFish":14,"hubris:RunicObelisk":6,"HollowMod:StagPassRelic":7,"Calling Bell":14,"hubris:Zylophone":17,"CaptainsWheel":11,"downfall:BrokenWingStatue":1,"Slimebound:MaxSlimesRelic":7,"Tiny Chest":17,"Slimebound:AbsorbEndCombat":0,"Art of War":2,"infinitespire:Eraser":14,"Toy Ornithopter":18},{"Girya":63,"CeramicFish":63,"hubris:RunicObelisk":22,"HollowMod:StagPassRelic":26,"Calling Bell":63,"hubris:Zylophone":77,"CaptainsWheel":45,"downfall:BrokenWingStatue":2,"Slimebound:MaxSlimesRelic":26,"Tiny Chest":77,"Slimebound:AbsorbEndCombat":0,"Art of War":6,"infinitespire:Eraser":63,"Toy Ornithopter":87}],"Toy Ornithopter":10},"card_choices":[{"not_picked":["Slimebound:SpikyOuterGoop","Slimebound:LivingWall"],"picked":"Slimebound:AcidTongue","floor":2},{"not_picked":["infinitespire:Oblivion","infinitespire:SealOfDarkness+"],"picked":"infinitespire:Fortify","floor":3},{"not_picked":["Slimebound:PressTheAttack","Slimebound:RollThrough"],"picked":"Slimebound:SplitLeeching","floor":5},{"not_picked":["Slimebound:HauntingLick","Slimebound:Prepare"],"picked":"Slimebound:Schlurp","floor":11},{"not_picked":["Slimebound:SplitAcid","Slimebound:LeechEnergy"],"picked":"Slimebound:Equalize","floor":13},{"not_picked":["Slimebound:Chomp","Slimebound:RollThrough"],"picked":"Slimebound:Gluttony","floor":15},{"not_picked":["Slimebound:CheckThePlaybook","Slimebound:FirmFortitude"],"picked":"Slimebound:SelfFormingGoo","floor":16},{"not_picked":["Slimebound:RollThrough","Slimebound:HauntingLick+1"],"picked":"Slimebound:SpikyOuterGoop","floor":19},{"not_picked":["Slimebound:SplitLeeching","Slimebound:HauntingLick"],"picked":"Slimebound:DisruptingSlam","floor":25},{"not_picked":["Slimebound:ViciousTackle","Slimebound:RainOfGoop+1"],"picked":"Slimebound:OneTwoCombo","floor":26},{"not_picked":["Slimebound:SplitBruiser","Slimebound:FormOfPuddle"],"picked":"Slimebound:SlimeSpikes","floor":27},{"not_picked":["Slimebound:GoopSpray","Slimebound:DisruptingSlam+1"],"picked":"Slimebound:Gluttony","floor":29},{"not_picked":["Slimebound:Gluttony","Slimebound:SplitBruiser"],"picked":"Slimebound:LeechingTouch","floor":31},{"not_picked":["Slimebound:RainOfGoop","Slimebound:ItLooksTasty"],"picked":"Slimebound:FlameTackle","floor":32},{"not_picked":["Slimebound:OneTwoCombo","Slimebound:CheckThePlaybook"],"picked":"Slimebound:OozeBath","floor":33},{"not_picked":["Slimebound:Prepare","Slimebound:DisruptingSlam"],"picked":"Slimebound:SplitLeeching+1","floor":36},{"not_picked":["Slimebound:HauntingLick+1","Slimebound:GoopTackle"],"picked":"Slimebound:ProtectTheBoss","floor":37},{"not_picked":["Slimebound:Schlurp+1","Slimebound:SplitLeeching"],"picked":"Slimebound:SlimeTap","floor":39},{"not_picked":["Slimebound:SlimeSpikes","Slimebound:ComboTackle"],"picked":"Slimebound:Grow+1","floor":43},{"not_picked":["Slimebound:LivingWall","Slimebound:Chomp"],"picked":"Slimebound:LeechEnergy+1","floor":44},{"not_picked":["Slimebound:ItLooksTasty+1","Slimebound:HauntingLick"],"picked":"Slimebound:PressTheAttack+1","floor":46},{"not_picked":["Slimebound:PressTheAttack","Slimebound:ItLooksTasty"],"picked":"Slimebound:SamplingLick+1","floor":48},{"not_picked":["Slimebound:HauntingLick","Slimebound:WasteNot"],"picked":"Slimebound:Prepare","floor":49}],"player_experience":187000,"relics_obtained":[{"floor":7,"key":"Art of War"},{"floor":24,"key":"HollowMod:StagPassRelic"},{"floor":29,"key":"CaptainsWheel"},{"floor":34,"key":"CeramicFish"},{"floor":34,"key":"infinitespire:Eraser"},{"floor":34,"key":"Girya"},{"floor":41,"key":"hubris:Zylophone"},{"floor":43,"key":"Toy Ornithopter"}],"event_choices":[{"damage_healed":0,"gold_gain":0,"player_choice":"Grow","damage_taken":0,"max_hp_gain":0,"max_hp_loss":0,"event_name":"Living Wall","floor":14,"gold_loss":0,"cards_upgraded":["Slimebound:Equalize"]},{"damage_healed":0,"gold_gain":0,"player_choice":"Leave","damage_taken":0,"max_hp_gain":0,"max_hp_loss":0,"event_name":"conspire:Investor","floor":30,"gold_loss":0},{"damage_healed":0,"gold_gain":0,"player_choice":"Got Potions","damage_taken":0,"max_hp_gain":0,"max_hp_loss":0,"event_name":"Lab","floor":38,"gold_loss":0}],"is_beta":false,"boss_relics":[{"not_picked":["Pandora\u0027s Box","hubris:ScarierMask"],"picked":"hubris:RunicObelisk"},{"not_picked":["hubris:BlackHole","aspiration:WatcherSkillbook"],"picked":"Calling Bell"}],"items_purged_floors":[],"is_endless":false,"potions_floor_spawned":[5,15,25,32,39,43,44],"killed_by":"SI_POISON_ARCHETYPE","ascension_level":0}}