{"host":"lsq35p0sdkx2xifo","time":1613896686,"event":{"mods":["AchievementEnabler","BaseMod","Highlight Path","Minty Spire (QoL Compilation)","StSLib"],"gold_per_floor":[114,126,137,412,93,93,126,143,143,158,182,182,182,213,213,291,291,307,307,39,39,50,50,50,50,75,89,124,124,151,165,165,165,165],"floor_reached":33,"language":"ENG","playtime":1761,"items_purged":["Regret","Strike_G"],"score":572,"play_id":"77eaea97-6f61-44e8-95c5-5f2d048e39f8","local_time":"20210221003806","is_ascension_mode":true,"campfire_choices":[{"data":"A Thousand Cuts","floor":6,"key":"SMITH"},{"floor":13,"key":"REST"},{"floor":15,"key":"REST"},{"floor":23,"key":"REST"},{"floor":25,"key":"REST"},{"floor":29,"key":"REST"},{"floor":32,"key":"REST"}],"circlet_count":0,"master_deck":["AscendersBane","Strike_G","Strike_G","Strike_G","Strike_G","Defend_G","Defend_G+1","Defend_G","Defend_G","Defend_G","Survivor+1","Neutralize","Sucker Punch","Bane","Heel Hook","A Thousand Cuts+1","PiercingWail","Sucker Punch","Deflect","Deadly Poison","A Thousand Cuts+1","Cloak And Dagger","Heel Hook","Cloak And Dagger","Slice","Sucker Punch","Deadly Poison"],"relics":["Ring of the Snake","Vajra","War Paint","Bronze Scales","Juzu Bracelet","Ornamental Fan","SlaversCollar","TwistedFunnel","Blood Vial","Tiny Chest"],"acts_visited":["Exordium","TheCity"],"potions_floor_usage":[7,7,14,16,27,28,28,32,33,33],"damage_taken":[{"damage":5,"enemies":"Jaw Worm","floor":1,"turns":6},{"damage":6,"enemies":"Cultist","floor":2,"turns":5},{"damage":0,"enemies":"Small Slimes","floor":3,"turns":3},{"damage":9,"enemies":"3 Sentries","floor":7,"turns":6},{"damage":8,"enemies":"Red Slaver","floor":8,"turns":3},{"damage":0,"enemies":"Looter","floor":10,"turns":3},{"damage":27,"enemies":"Gremlin Nob","floor":14,"turns":4},{"damage":15,"enemies":"The Guardian","floor":16,"turns":8},{"damage":15,"enemies":"Spheric Guardian","floor":18,"turns":5},{"damage":14,"enemies":"Shell Parasite","floor":22,"turns":6},{"damage":7,"enemies":"Shelled Parasite and Fungi","floor":27,"turns":3},{"damage":0,"enemies":"Gremlin Leader","floor":28,"turns":5},{"damage":24,"enemies":"Slavers","floor":30,"turns":4},{"damage":4,"enemies":"Chosen and Byrds","floor":31,"turns":4},{"damage":62,"enemies":"Automaton","floor":33,"turns":8}],"seed_played":"-1290051832588474445","potions_obtained":[{"floor":0,"key":"CunningPotion"},{"floor":0,"key":"DuplicationPotion"},{"floor":7,"key":"CultistPotion"},{"floor":8,"key":"AttackPotion"},{"floor":16,"key":"Swift Potion"},{"floor":18,"key":"SteroidPotion"},{"floor":27,"key":"SkillPotion"},{"floor":31,"key":"EntropicBrew"}],"is_trial":false,"path_per_floor":["M","M","M","?","$","R","E","M","T","M","T","?","R","E","R","B",null,"M","?","$","?","M","R","?","R","T","M","E","R","E","M","R","B"],"character_chosen":"THE_SILENT","items_purchased":["A Thousand Cuts","Vajra","TwistedFunnel"],"campfire_rested":6,"item_purchase_floors":[5,5,20],"current_hp_per_floor":[54,48,48,48,48,48,39,31,31,31,31,31,50,23,42,27,56,41,41,41,41,27,46,28,49,49,42,42,63,41,39,60,0,0],"gold":165,"neow_bonus":"THREE_SMALL_POTIONS","is_daily":false,"chose_seed":false,"campfire_upgraded":1,"win_rate":0.0,"timestamp":1613896686,"path_taken":["M","M","M","?","$","R","E","M","T","?","?","?","R","E","R","BOSS","M","?","$","?","M","R","?","R","T","M","E","R","E","M","R","BOSS"],"items_purchased_type":["Card","Relic","Relic"],"build_version":"2020-12-22","purchased_purges":2,"victory":false,"max_hp_per_floor":[66,66,66,66,66,66,66,66,66,66,66,66,66,66,66,66,66,66,66,66,66,66,66,71,71,71,71,71,71,71,71,71,71,71],"card_choices":[{"not_picked":["Flechettes","Distraction"],"picked":"Sucker Punch","floor":1},{"not_picked":["Catalyst","Prepared"],"picked":"Bane","floor":2},{"not_picked":["Concentrate","Endless Agony"],"picked":"Heel Hook","floor":3},{"not_picked":["Tactician","Quick Slash"],"picked":"PiercingWail","floor":7},{"not_picked":["Calculated Gamble","Bane"],"picked":"Sucker Punch","floor":8},{"not_picked":["Well Laid Plans","Sucker Punch"],"picked":"Deflect","floor":10},{"not_picked":["Accuracy","Slice"],"picked":"Deadly Poison","floor":14},{"not_picked":["Tools of the Trade","Unload"],"picked":"A Thousand Cuts","floor":16},{"not_picked":["Quick Slash","Terror"],"picked":"Cloak And Dagger","floor":18},{"not_picked":["Deadly Poison","Choke"],"picked":"Heel Hook","floor":22},{"not_picked":["Distraction","Backstab"],"picked":"Cloak And Dagger","floor":27},{"not_picked":["Skewer","Bane+1"],"picked":"Slice","floor":28},{"not_picked":["Reflex","Blur"],"picked":"Sucker Punch","floor":30},{"not_picked":["Sucker Punch","Well Laid Plans+1"],"picked":"Deadly Poison","floor":31}],"player_experience":1295145,"relics_obtained":[{"floor":7,"key":"War Paint"},{"floor":9,"key":"Bronze Scales"},{"floor":11,"key":"Juzu Bracelet"},{"floor":14,"key":"Ornamental Fan"},{"floor":28,"key":"Blood Vial"},{"floor":30,"key":"Tiny Chest"}],"event_choices":[{"damage_healed":0,"gold_gain":275,"player_choice":"Desecrate","damage_taken":0,"max_hp_gain":0,"max_hp_loss":0,"event_name":"Golden Shrine","floor":4,"gold_loss":0,"cards_obtained":["Regret"]},{"damage_healed":0,"gold_gain":0,"player_choice":"Ignored","damage_taken":0,"max_hp_gain":0,"max_hp_loss":0,"event_name":"Liars Game","floor":12,"gold_loss":0},{"damage_healed":0,"gold_gain":0,"player_choice":"Upgraded","damage_taken":0,"max_hp_gain":0,"max_hp_loss":0,"event_name":"Upgrade Shrine","floor":19,"gold_loss":0,"cards_upgraded":["A Thousand Cuts"]},{"damage_healed":0,"gold_gain":0,"player_choice":"Ignored","damage_taken":0,"max_hp_gain":0,"max_hp_loss":0,"event_name":"Ghosts","floor":21,"gold_loss":0},{"damage_healed":0,"gold_gain":0,"player_choice":"Shed Blood","damage_taken":23,"max_hp_gain":5,"max_hp_loss":0,"event_name":"Forgotten Altar","floor":24,"gold_loss":0}],"is_beta":false,"boss_relics":[{"not_picked":["Fusion Hammer","Empty Cage"],"picked":"SlaversCollar"}],"items_purged_floors":[5,20],"is_endless":false,"potions_floor_spawned":[2,3,7,8,16,18,27,31],"killed_by":"Automaton","ascension_level":16}}