{"host":"or8fr2mp0k3eluj8","time":1613917486,"event":{"mods":["AchievementEnabler","BaseMod","Colored Map","DeckTracker","Keyboard Shortcuts","Minty Spire (QoL Compilation)","StSLib","SuperFastMode","everything is the same but u backflip on backflip"],"gold_per_floor":[116,127,143,68,80,80,91,91,91,91,118,118,129,146,146,249,249,260,260,134,134,150,181,181,194,247,247,272,272,272,272],"floor_reached":30,"language":"KOR","playtime":1231,"items_purged":["Strike_R","Strike_R"],"score":338,"play_id":"16d938f5-3144-4a83-a602-690dfe6a1cdb","local_time":"20210221232446","is_ascension_mode":true,"campfire_choices":[{"data":"Whirlwind","floor":6,"key":"SMITH"},{"data":"Intimidate","floor":10,"key":"SMITH"},{"floor":12,"key":"REST"},{"floor":15,"key":"REST"},{"data":"Strike_R","floor":24,"key":"PURGE"},{"data":"Dropkick","floor":27,"key":"SMITH"},{"data":"1","floor":29,"key":"LIFT"}],"circlet_count":0,"master_deck":["Strike_R","Defend_R","Defend_R","Defend_R","Defend_R","Bash+1","Whirlwind+1","Cleave","Pommel Strike","Headbutt","Intimidate+1","Rage","Offering","Shrug It Off","Thunderclap","Dual Wield+1","Dropkick+1"],"relics":["Burning Blood","Gremlin Horn","Kunai","Philosopher\u0027s Stone","Peace Pipe","Meat on the Bone","Blood Vial","Girya"],"acts_visited":["Exordium","TheCity"],"potions_floor_usage":[16,16,28,28,28],"damage_taken":[{"damage":6,"enemies":"Cultist","floor":1,"turns":3},{"damage":8,"enemies":"2 Louse","floor":2,"turns":3},{"damage":7,"enemies":"Jaw Worm","floor":3,"turns":3},{"damage":49,"enemies":"Exordium Thugs","floor":5,"turns":5},{"damage":9,"enemies":"Red Slaver","floor":7,"turns":3},{"damage":30,"enemies":"Lagavulin","floor":11,"turns":5},{"damage":13,"enemies":"Blue Slaver","floor":13,"turns":3},{"damage":9,"enemies":"Exordium Thugs","floor":14,"turns":2},{"damage":35,"enemies":"Slime Boss","floor":16,"turns":8},{"damage":6,"enemies":"Chosen","floor":18,"turns":3},{"damage":14,"enemies":"Spheric Guardian","floor":22,"turns":4},{"damage":22,"enemies":"Slavers","floor":23,"turns":3},{"damage":21,"enemies":"Snecko","floor":25,"turns":6},{"damage":37,"enemies":"Book of Stabbing","floor":28,"turns":6},{"damage":24,"enemies":"Shelled Parasite and Fungi","floor":30,"turns":2}],"seed_played":"-2196132248040675543","potions_obtained":[{"floor":1,"key":"SpeedPotion"},{"floor":5,"key":"GamblersBrew"},{"floor":14,"key":"CultistPotion"},{"floor":16,"key":"CultistPotion"},{"floor":18,"key":"ColorlessPotion"},{"floor":28,"key":"DistilledChaos"}],"is_trial":false,"path_per_floor":["M","M","M","$","M","R","M","$","T","R","E","R","M","M","R","B",null,"M","?","$","T","M","E","R","M","T","R","E","R","M"],"character_chosen":"IRONCLAD","items_purchased":["Shrug It Off"],"campfire_rested":2,"item_purchase_floors":[20],"current_hp_per_floor":[80,78,77,77,34,34,31,31,31,31,7,31,24,21,45,16,64,64,64,64,64,56,40,40,37,37,37,20,20,0,0],"gold":272,"neow_bonus":"UPGRADE_CARD","is_daily":false,"chose_seed":false,"campfire_upgraded":3,"win_rate":0.0,"timestamp":1613917486,"path_taken":["M","M","M","?","M","R","?","$","T","R","E","R","M","M","R","BOSS","M","?","$","?","M","E","R","M","T","R","E","R","M"],"items_purchased_type":["Card"],"build_version":"2020-12-22","purchased_purges":2,"victory":false,"max_hp_per_floor":[80,80,80,80,80,80,80,80,80,80,80,80,80,80,80,80,80,80,80,80,80,80,80,80,80,80,80,80,80,80,80],"card_choices":[{"not_picked":["Dual Wield","Body Slam"],"picked":"Whirlwind","floor":1},{"not_picked":["Body Slam","Sword Boomerang"],"picked":"Cleave","floor":2},{"not_picked":["True Grit","Seeing Red"],"picked":"Pommel Strike","floor":3},{"not_picked":["Dual Wield","Iron Wave"],"picked":"Headbutt","floor":5},{"not_picked":["Warcry","Havoc"],"picked":"Intimidate","floor":7},{"not_picked":["Exhume","Power Through","Cleave"],"picked":"SKIP","floor":11},{"not_picked":["Clash","Clothesline"],"picked":"Rage","floor":13},{"not_picked":["Sword Boomerang","Pommel Strike","Rupture"],"picked":"SKIP","floor":14},{"not_picked":["Bludgeon","Juggernaut"],"picked":"Offering","floor":16},{"not_picked":["Anger","Pommel Strike","Cleave"],"picked":"SKIP","floor":18},{"not_picked":["Combust+1","Sword Boomerang"],"picked":"Thunderclap","floor":22},{"not_picked":["Iron Wave","Battle Trance"],"picked":"Dual Wield+1","floor":23},{"not_picked":["Flex","Clothesline"],"picked":"Dropkick","floor":25},{"not_picked":["Immolate","Iron Wave+1","Sword Boomerang"],"picked":"SKIP","floor":28}],"player_experience":424819,"relics_obtained":[{"floor":9,"key":"Gremlin Horn"},{"floor":11,"key":"Kunai"},{"floor":21,"key":"Peace Pipe"},{"floor":23,"key":"Meat on the Bone"},{"floor":26,"key":"Blood Vial"},{"floor":28,"key":"Girya"}],"event_choices":[{"cards_removed":["Strike_R"],"damage_healed":0,"gold_gain":0,"player_choice":"Purged","damage_taken":0,"max_hp_gain":0,"max_hp_loss":0,"event_name":"Purifier","floor":19,"gold_loss":0}],"is_beta":false,"boss_relics":[{"not_picked":["Tiny House","Calling Bell"],"picked":"Philosopher\u0027s Stone"}],"items_purged_floors":[4,20],"is_endless":false,"potions_floor_spawned":[1,5,14,16,18,28],"killed_by":"Shelled Parasite and Fungi","ascension_level":5}}