{"host":"jt67skv49snb75sm","time":1613947986,"event":{"mods":["BaseMod","Bestiary","Minty Spire (QoL Compilation)","Relic Stats"],"gold_per_floor":[109,259,259,259,278,306,306,306,306,306,306,306],"floor_reached":11,"language":"ENG","playtime":158,"items_purged":[],"score":188,"play_id":"470a34bf-78ae-4f4e-ad43-a4240452e819","local_time":"20210221235306","is_ascension_mode":true,"campfire_choices":[{"data":"Cloak And Dagger","floor":7.0,"key":"SMITH"},{"data":"Neutralize","floor":10.0,"key":"SMITH"}],"circlet_count":0,"master_deck":["AscendersBane","Strike_G","Strike_G","Strike_G","Strike_G","Strike_G+1","Defend_G","Defend_G","Defend_G","Defend_G","Defend_G","Survivor","Neutralize+1","Choke+1","Cloak And Dagger+1"],"relics":["Ring of the Snake","NeowsBlessing","InkBottle","Frozen Egg 2"],"acts_visited":["Exordium"],"potions_floor_usage":[],"damage_taken":[{"damage":0.0,"enemies":"Jaw Worm","floor":1.0,"turns":1.0},{"damage":0.0,"enemies":"2 Louse","floor":5.0,"turns":1.0},{"damage":0.0,"enemies":"Gremlin Nob","floor":6.0,"turns":1.0},{"damage":32,"enemies":"3 Sentries","floor":11,"turns":5}],"seed_played":"-8923305549042835108","potions_obtained":[],"is_trial":false,"path_per_floor":["M","?","?","?","M","E","R","?","T","R","E"],"character_chosen":"THE_SILENT","items_purchased":[],"campfire_rested":0,"item_purchase_floors":[],"current_hp_per_floor":[59,59,52,52,52,52,52,32,32,32,0,0],"gold":306,"neow_bonus":"THREE_ENEMY_KILL","is_daily":false,"chose_seed":false,"campfire_upgraded":2,"win_rate":0.0,"timestamp":1613947986,"path_taken":["M","?","?","?","M","E","R","?","T","R","E"],"items_purchased_type":[],"build_version":"2020-12-22","purchased_purges":0,"victory":false,"max_hp_per_floor":[66,66,66,66,66,66,66,66,66,66,66,66],"relic_stats":{"counters":[4,8],"obtain_stats":[{"NeowsBlessing":0,"Frozen Egg 2":9,"InkBottle":6,"Ring of the Snake":0},{"NeowsBlessing":0,"Frozen Egg 2":3,"InkBottle":3,"Ring of the Snake":0},{"NeowsBlessing":0,"Frozen Egg 2":3,"InkBottle":3,"Ring of the Snake":0}],"InkBottle":[1],"Ring of the Snake":[8]},"card_choices":[{"not_picked":["Prepared","Flying Knee"],"picked":"Blade Dance","floor":1.0},{"not_picked":["Crippling Poison","Quick Slash"],"picked":"Choke","floor":5.0},{"not_picked":["Flying Knee","Poisoned Stab"],"picked":"Cloak And Dagger","floor":6.0}],"player_experience":868796,"relics_obtained":[{"floor":6.0,"key":"InkBottle"},{"floor":9.0,"key":"Frozen Egg 2"}],"event_choices":[{"damage_healed":0.0,"max_hp_gain":0.0,"max_hp_loss":0.0,"gold_gain":150.0,"event_name":"Liars Game","player_choice":"AGREE","floor":2.0,"gold_loss":0.0,"damage_taken":0.0,"cards_obtained":["Doubt"]},{"cards_removed":["Blade Dance"],"damage_healed":0.0,"max_hp_gain":0.0,"max_hp_loss":0.0,"gold_gain":0.0,"event_name":"Golden Wing","player_choice":"Card Removal","floor":3.0,"gold_loss":0.0,"damage_taken":7.0},{"cards_removed":["Doubt"],"damage_healed":0.0,"max_hp_gain":0.0,"max_hp_loss":0.0,"gold_gain":0.0,"event_name":"Living Wall","player_choice":"Forget","floor":4.0,"gold_loss":0.0,"damage_taken":0.0},{"damage_healed":0.0,"max_hp_gain":0.0,"max_hp_loss":0.0,"gold_gain":0.0,"event_name":"Shining Light","player_choice":"Entered Light","floor":8.0,"gold_loss":0.0,"damage_taken":20.0,"cards_upgraded":["Strike_G","Choke"]}],"is_beta":false,"boss_relics":[],"items_purged_floors":[],"is_endless":false,"potions_floor_spawned":[],"killed_by":"3 Sentries","ascension_level":20}}