{"host":"vnz4608r4gf5d2ow","time":1613925854,"event":{"mods":["BaseMod","Minty Spire (QoL Compilation)"],"gold_per_floor":[113,113,113,123,0,0,32,51,51,51,51,69,69,89,89,192,192,208,242,259,278,377,377,412,32,32,62,72,88,102,102,102,204,204,217,217,19,32,45,61,77,77,77,87,87,119,119,139,139,139,139,139,39,64,64],"floor_reached":56,"language":"ENG","playtime":5943,"items_purged":["Strike_B","Parasite"],"score":1296,"play_id":"3d719bfd-a2a9-4ad2-86bc-51f713ed05a8","local_time":"20210221114414","is_ascension_mode":false,"campfire_choices":[{"data":"Coolheaded","floor":6.0,"key":"SMITH"},{"data":"Defragment","floor":11.0,"key":"SMITH"},{"data":"Blizzard","floor":13.0,"key":"SMITH"},{"data":"Capacitor","floor":15.0,"key":"SMITH"},{"data":"Echo Form","floor":23.0,"key":"SMITH"},{"data":"Defragment","floor":32.0,"key":"SMITH"},{"data":"Reinforced Body","floor":45,"key":"SMITH"},{"data":"White Noise","floor":47,"key":"SMITH"},{"floor":49,"key":"RECALL"},{"data":"Seek","floor":52,"key":"SMITH"}],"circlet_count":0,"master_deck":["Zap","Dualcast","Turbo","Coolheaded+1","Blizzard+1","Undo","Defragment+1","Skim","Cold Snap+1","Capacitor+1","Echo Form+1","Undo","Cold Snap+1","Conserve Battery+1","Reinforced Body+1","Glacier","Defragment+1","Loop+1","Chill+1","Reboot","Conserve Battery","FTL+1","Chill","White Noise+1","Coolheaded+1","Skim+1","Seek+1","Glacier+1"],"relics":["Cracked Core","Calipers","Thread and Needle","Cursed Key","Red Mask","Ancient Tea Set","OrangePellets","Du-Vu Doll","Pandora\u0027s Box","Bronze Scales","Whetstone","Pantograph"],"acts_visited":["Exordium","TheCity","TheBeyond","TheEnding"],"potions_floor_usage":[50,55,55,55],"damage_taken":[{"damage":3.0,"enemies":"Jaw Worm","floor":1.0,"turns":4.0},{"damage":0.0,"enemies":"Small Slimes","floor":4.0,"turns":3.0},{"damage":2.0,"enemies":"Lagavulin","floor":7.0,"turns":7.0},{"damage":0.0,"enemies":"2 Louse","floor":8.0,"turns":3.0},{"damage":0.0,"enemies":"2 Fungi Beasts","floor":12.0,"turns":3.0},{"damage":0.0,"enemies":"Lots of Slimes","floor":14.0,"turns":4.0},{"damage":0.0,"enemies":"The Guardian","floor":16.0,"turns":11.0},{"damage":0.0,"enemies":"Chosen","floor":18.0,"turns":5.0},{"damage":4.0,"enemies":"Masked Bandits","floor":19.0,"turns":5.0},{"damage":0.0,"enemies":"Spheric Guardian","floor":20.0,"turns":5.0},{"damage":6.0,"enemies":"Snecko","floor":21.0,"turns":5.0},{"damage":1.0,"enemies":"Gremlin Leader","floor":24.0,"turns":10.0},{"damage":18.0,"enemies":"Slavers","floor":27.0,"turns":6.0},{"damage":0.0,"enemies":"Centurion and Healer","floor":28.0,"turns":7.0},{"damage":0.0,"enemies":"Shelled Parasite and Fungi","floor":29.0,"turns":9.0},{"damage":0.0,"enemies":"Chosen and Byrds","floor":30.0,"turns":9.0},{"damage":10.0,"enemies":"Champ","floor":33.0,"turns":15.0},{"damage":0,"enemies":"3 Darklings","floor":35,"turns":5},{"damage":0,"enemies":"Orb Walker","floor":38,"turns":6},{"damage":0,"enemies":"Spire Growth","floor":39,"turns":7},{"damage":0,"enemies":"Maw","floor":40,"turns":10},{"damage":1,"enemies":"Sphere and 2 Shapes","floor":41,"turns":5},{"damage":0,"enemies":"Spire Growth","floor":44,"turns":6},{"damage":0,"enemies":"Nemesis","floor":46,"turns":13},{"damage":0,"enemies":"Jaw Worm Horde","floor":48,"turns":3},{"damage":0,"enemies":"Awakened One","floor":50,"turns":14},{"damage":7,"enemies":"Shield and Spear","floor":54,"turns":8},{"damage":2,"enemies":"The Heart","floor":55,"turns":14}],"seed_played":"332731592701404663","potions_obtained":[{"floor":4.0,"key":"PowerPotion"},{"floor":8.0,"key":"Energy Potion"},{"floor":16.0,"key":"SpeedPotion"},{"floor":18.0,"key":"FocusPotion"},{"floor":19.0,"key":"Strength Potion"},{"floor":21.0,"key":"FocusPotion"},{"floor":28.0,"key":"Explosive Potion"},{"floor":33.0,"key":"Fire Potion"},{"floor":35,"key":"Swift Potion"},{"floor":38,"key":"DuplicationPotion"},{"floor":54,"key":"LiquidMemories"}],"is_trial":false,"path_per_floor":["M","$","?","M","$","R","E","M","T","?","R","M","R","M","R","B",null,"M","?","M","M","?","R","E","$","T","E","M","M","M","?","R","B",null,"M","?","$","M","M","M","M","?","T","M","R","E","R","M","R","B",null,"R","$","E","B",null],"character_chosen":"DEFECT","items_purchased":["Undo","Block Potion","OrangePellets","Glacier","Defragment","Bronze Scales","Dexterity Potion"],"campfire_rested":0,"item_purchase_floors":[5,5,25,25,25,37,37],"current_hp_per_floor":[72,72,72,72,72,72,70,70,70,63,63,63,63,63,63,63,75,75,71,71,65,65,65,64,64,64,46,46,46,46,71,71,61,75,75,75,75,75,75,75,74,75,75,75,75,75,75,75,75,75,75,75,72,65,70],"gold":64,"neow_bonus":"TRANSFORM_CARD","is_daily":false,"chose_seed":false,"campfire_upgraded":9,"win_rate":0.0,"timestamp":1613925854,"path_taken":["M","$","?","M","$","R","E","M","T","?","R","M","R","M","R","BOSS","M","?","M","M","?","R","E","$","T","E","M","M","M","?","R","BOSS","M","?","$","M","M","?","M","?","T","?","R","E","R","M","R","BOSS","R","$","E","BOSS"],"items_purchased_type":["Card","Potion","Relic","Card","Card","Relic","Potion"],"build_version":"2020-12-22","purchased_purges":2,"victory":true,"max_hp_per_floor":[75,75,75,75,75,75,75,75,75,75,75,75,75,75,75,75,75,75,75,75,75,75,75,75,75,75,75,75,75,75,75,75,75,75,75,75,75,75,75,75,75,75,75,75,75,75,75,75,75,75,75,75,72,72,72],"card_choices":[{"not_picked":["Steam","Leap"],"picked":"Coolheaded","floor":1.0},{"not_picked":["Go for the Eyes","Beam Cell"],"picked":"Blizzard","floor":4.0},{"not_picked":["Cold Snap","Doom and Gloom"],"picked":"Defragment","floor":7.0},{"not_picked":["Steam","Leap"],"picked":"Skim","floor":8.0},{"not_picked":["Turbo","Rip and Tear"],"picked":"Cold Snap","floor":12.0},{"not_picked":["Stack","Conserve Battery"],"picked":"Capacitor","floor":14.0},{"not_picked":["Core Surge","Rainbow"],"picked":"Echo Form","floor":16.0},{"not_picked":["Melter","Loop"],"picked":"Undo","floor":18.0},{"not_picked":["Redo","Ball Lightning+1"],"picked":"Cold Snap+1","floor":19.0},{"not_picked":["Auto Shields","Gash+1"],"picked":"Conserve Battery+1","floor":20.0},{"not_picked":["Stack+1","Gash"],"picked":"Reinforced Body","floor":21.0},{"not_picked":["Gash","Consume","Barrage+1"],"picked":"SKIP","floor":24.0},{"not_picked":["Barrage","Steam"],"picked":"Loop+1","floor":27.0},{"not_picked":["Amplify","Genetic Algorithm"],"picked":"Chill+1","floor":28.0},{"not_picked":["Tempest","Genetic Algorithm","Leap"],"picked":"SKIP","floor":29.0},{"not_picked":["Steam+1","Tempest+1","Turbo"],"picked":"SKIP","floor":30.0},{"not_picked":["Core Surge","Fission"],"picked":"Reboot","floor":33.0},{"not_picked":["Leap+1","Heatsinks"],"picked":"Coolheaded+1","floor":35},{"not_picked":["Compile Driver+1","Steam","Ball Lightning"],"picked":"SKIP","floor":38},{"not_picked":["Hologram","Ball Lightning"],"picked":"Skim+1","floor":39},{"not_picked":["Conserve Battery+1","Go for the Eyes+1","Tempest+1"],"picked":"SKIP","floor":40},{"not_picked":["Stack","FTL","Redo"],"picked":"SKIP","floor":41},{"not_picked":["Conserve Battery","Turbo","Stack"],"picked":"SKIP","floor":44},{"not_picked":["Conserve Battery","Turbo","Stack"],"picked":"SKIP","floor":44},{"not_picked":["Stack","Ball Lightning+1","Sunder+1"],"picked":"SKIP","floor":46},{"not_picked":["Hologram+1","Sweeping Beam"],"picked":"Seek","floor":48},{"not_picked":["Steam","Coolheaded"],"picked":"Glacier+1","floor":54}],"player_experience":986762,"relics_obtained":[{"floor":7.0,"key":"Calipers"},{"floor":9.0,"key":"Thread and Needle"},{"floor":19.0,"key":"Red Mask"},{"floor":24.0,"key":"Ancient Tea Set"},{"floor":27.0,"key":"Du-Vu Doll"},{"floor":46,"key":"Whetstone"},{"floor":54,"key":"Pantograph"}],"event_choices":[{"damage_healed":0.0,"max_hp_gain":0.0,"max_hp_loss":0.0,"gold_gain":0.0,"event_name":"The Cleric","player_choice":"Leave","floor":3.0,"gold_loss":0.0,"damage_taken":0.0},{"cards_removed":["Strike_B"],"damage_healed":0.0,"max_hp_gain":0.0,"max_hp_loss":0.0,"gold_gain":0.0,"event_name":"Golden Wing","player_choice":"Card Removal","floor":10.0,"gold_loss":0.0,"damage_taken":7.0},{"damage_healed":0.0,"max_hp_gain":0.0,"max_hp_loss":0.0,"gold_gain":0.0,"event_name":"Masked Bandits","player_choice":"Fought Bandits","floor":19.0,"gold_loss":0.0,"damage_taken":0.0},{"damage_healed":0.0,"max_hp_gain":0.0,"max_hp_loss":0.0,"gold_gain":99.0,"event_name":"Nest","player_choice":"Stole From Cult","floor":22.0,"gold_loss":0.0,"damage_taken":0.0},{"damage_healed":25.0,"max_hp_gain":0.0,"max_hp_loss":0.0,"gold_gain":0.0,"event_name":"The Library","player_choice":"Heal","floor":31.0,"gold_loss":0.0,"damage_taken":0.0},{"damage_healed":0,"gold_gain":0,"player_choice":"Bought 0 Potions","damage_taken":0,"max_hp_gain":0,"max_hp_loss":0,"event_name":"The Woman in Blue","floor":36,"gold_loss":0},{"cards_removed":["Stack"],"damage_healed":5,"gold_gain":0,"player_choice":"Offered Common","damage_taken":0,"max_hp_gain":0,"max_hp_loss":0,"event_name":"Bonfire Elementals","floor":42,"gold_loss":0},{"cards_removed":["Stack"],"damage_healed":5,"gold_gain":0,"player_choice":"Offered Special","damage_taken":0,"max_hp_gain":0,"max_hp_loss":0,"event_name":"Bonfire Elementals","floor":42,"gold_loss":0}],"is_beta":false,"boss_relics":[{"not_picked":["Coffee Dripper","Astrolabe"],"picked":"Cursed Key"},{"not_picked":["Runic Pyramid","Nuclear Battery"],"picked":"Pandora\u0027s Box"}],"items_purged_floors":[25,53],"is_endless":false,"potions_floor_spawned":[4,8,16,18,19,21,28,33,35,38,40,44,54],"ascension_level":0}}