{"host":"owox7x4ngjt9htcc","time":1613889154,"event":{"mods":["BaseMod","Colored Map","DeckTracker","Keyboard Shortcuts","Minty Spire (QoL Compilation)","SuperFastMode"],"gold_per_floor":[114,129,304,379,379,409,409,439,439,439,469,499,541,583,595,707,719,746,758,770,767,401,431,431,461,536,566,116,146,147,147,147,247,247,262,262,262,20,20,50,100,130,130,160,190,190,220,250,250,250],"floor_reached":51,"language":"KOR","playtime":3339,"items_purged":[],"score":1585,"play_id":"15b02250-fded-40ef-83cd-96b474edac78","local_time":"20210221153234","daily_mods":["SealedDeck","Flight","Elite Swarm"],"is_ascension_mode":false,"campfire_choices":[{"data":"Armaments","floor":7.0,"key":"SMITH"},{"data":"Body Slam","floor":10.0,"key":"SMITH"},{"data":"1","floor":15.0,"key":"LIFT"},{"data":"2","floor":24,"key":"LIFT"},{"data":"3","floor":32,"key":"LIFT"},{"floor":49,"key":"DIG"}],"circlet_count":0,"master_deck":["Thunderclap","True Grit","Wild Strike","Shrug It Off","Iron Wave","Pommel Strike","Shrug It Off","Body Slam+1","Iron Wave","Armaments+1","Rampage","Barricade","Impervious","Impervious","Exhume","Feed","Juggernaut","Impervious","CurseOfTheBell","Metallicize","Battle Trance","Impervious","Offering","Body Slam","Metallicize","Juggernaut","Shockwave+1","Madness","Madness","Metallicize","Impervious","Berserk","Berserk","Impervious","Apotheosis"],"relics":["Burning Blood","FossilizedHelix","Bronze Scales","White Beast Statue","Girya","MawBank","MealTicket","Letter Opener","Calling Bell","Orichalcum","Mercury Hourglass","Thread and Needle","Tiny Chest","Nunchaku","Juzu Bracelet","Pantograph","Bottled Lightning","HornCleat","TheAbacus","Pear","Eternal Feather","Red Mask","FaceOfCleric","Philosopher\u0027s Stone","Meat on the Bone","Membership Card","Art of War","Bag of Preparation","Shovel","Oddly Smooth Stone","Sundial","Bottled Tornado","Singing Bowl","TungstenRod","Ginger","Akabeko"],"acts_visited":["Exordium","TheCity","TheBeyond"],"potions_floor_usage":[25,44,50,50,50,50,50],"damage_taken":[{"damage":0.0,"enemies":"Small Slimes","floor":1.0,"turns":2.0},{"damage":2.0,"enemies":"2 Louse","floor":2.0,"turns":2.0},{"damage":17.0,"enemies":"Gremlin Nob","floor":6.0,"turns":4.0},{"damage":0.0,"enemies":"Lagavulin","floor":8.0,"turns":4.0},{"damage":0.0,"enemies":"Gremlin Nob","floor":11.0,"turns":4.0},{"damage":0.0,"enemies":"Lagavulin","floor":12.0,"turns":5.0},{"damage":0.0,"enemies":"Gremlin Nob","floor":13.0,"turns":5.0},{"damage":0.0,"enemies":"Lagavulin","floor":14.0,"turns":10.0},{"damage":0.0,"enemies":"The Guardian","floor":16.0,"turns":10.0},{"damage":0.0,"enemies":"Chosen","floor":18.0,"turns":3.0},{"damage":10,"enemies":"2 Thieves","floor":21,"turns":4},{"damage":1,"enemies":"Book of Stabbing","floor":23,"turns":5},{"damage":16,"enemies":"Slavers","floor":25,"turns":5},{"damage":6,"enemies":"Gremlin Leader","floor":27,"turns":6},{"damage":0,"enemies":"Slavers","floor":29,"turns":6},{"damage":0,"enemies":"Masked Bandits","floor":30,"turns":5},{"damage":0,"enemies":"Collector","floor":33,"turns":11},{"damage":0,"enemies":"3 Darklings","floor":35,"turns":3},{"damage":1,"enemies":"Reptomancer","floor":40,"turns":6},{"damage":0,"enemies":"Mind Bloom Boss Battle","floor":41,"turns":5},{"damage":0,"enemies":"Giant Head","floor":42,"turns":7},{"damage":0,"enemies":"Nemesis","floor":44,"turns":5},{"damage":6,"enemies":"Reptomancer","floor":45,"turns":9},{"damage":0,"enemies":"Nemesis","floor":47,"turns":7},{"damage":0,"enemies":"Giant Head","floor":48,"turns":3},{"damage":0,"enemies":"Donu and Deca","floor":50,"turns":6}],"seed_played":"-7397021786818157212","potions_obtained":[{"floor":8.0,"key":"Swift Potion"},{"floor":11.0,"key":"EssenceOfSteel"},{"floor":12.0,"key":"LiquidMemories"},{"floor":25,"key":"SteroidPotion"},{"floor":27,"key":"EntropicBrew"},{"floor":44,"key":"Dexterity Potion"}],"is_trial":false,"path_per_floor":["M","M","?","?","?","E","R","E","T","R","E","E","E","E","R","B",null,"M","?","?","M","$","E","R","E","T","E","$","E","?","?","R","B",null,"M","?","T","$","?","E","?","E","T","E","E","?","E","E","R","B",null],"character_chosen":"IRONCLAD","items_purchased":["Tiny Chest","Nunchaku","Battle Trance","TheAbacus","Body Slam","Pear","Membership Card","Metallicize","Art of War"],"campfire_rested":0,"item_purchase_floors":[22,22,22,28,28,28,38,38,38],"current_hp_per_floor":[80,80,80,69,62,51,51,57,57,57,63,69,75,84,84,84,84,87,87,87,83,87,87,87,77,77,77,97,97,101,101,101,106,106,107,94,94,107,107,108,112,117,117,118,122,116,125,132,132,133],"gold":250,"neow_bonus":"","is_daily":true,"chose_seed":false,"campfire_upgraded":2,"win_rate":0.0,"timestamp":1613889154,"path_taken":["M","M","?","?","?","E","R","E","T","R","E","E","E","E","R","BOSS","M","?","?","M","$","E","R","E","T","E","$","E","?","?","R","BOSS","M","?","?","$","?","E","?","E","T","E","E","?","E","E","R","BOSS"],"items_purchased_type":["Relic","Relic","Card","Relic","Card","Relic","Relic","Card","Relic"],"build_version":"2020-12-22","purchased_purges":0,"victory":true,"max_hp_per_floor":[80,80,80,80,80,80,80,80,80,80,80,80,80,84,84,84,84,87,87,87,87,87,87,87,87,87,87,97,97,101,101,101,106,106,107,107,107,107,107,108,112,117,117,118,122,126,129,132,132,133],"card_choices":[{"not_picked":["Anger","True Grit"],"picked":"Rampage","floor":1.0},{"not_picked":["Infernal Blade","Iron Wave","Cleave"],"picked":"SKIP","floor":2.0},{"not_picked":["Berserk","Bludgeon"],"picked":"Barricade","floor":6.0},{"not_picked":["Bludgeon","Offering"],"picked":"Impervious","floor":8.0},{"not_picked":["Brutality","Exhume"],"picked":"Impervious","floor":11.0},{"not_picked":["Reaper","Fiend Fire"],"picked":"Exhume","floor":12.0},{"not_picked":["Exhume","Corruption"],"picked":"Feed","floor":13.0},{"not_picked":["Reaper","Exhume"],"picked":"Juggernaut","floor":14.0},{"not_picked":["Immolate","Feed"],"picked":"Impervious","floor":16.0},{"not_picked":["Flex+1","Searing Blow+1","Reckless Charge+1"],"picked":"SKIP","floor":18.0},{"not_picked":["Flex+1","Searing Blow+1","Reckless Charge+1"],"picked":"SKIP","floor":18.0},{"not_picked":["Twin Strike","Headbutt"],"picked":"Metallicize","floor":21},{"not_picked":["Reaper","Brutality","Barricade"],"picked":"SKIP","floor":23},{"not_picked":["Reaper","Barricade"],"picked":"Impervious","floor":25},{"not_picked":["Bludgeon","Brutality"],"picked":"Offering","floor":27},{"not_picked":["Fiend Fire","Immolate","Offering"],"picked":"SKIP","floor":29},{"not_picked":["Twin Strike+1","Seeing Red"],"picked":"Metallicize","floor":30},{"not_picked":["Double Tap","Exhume"],"picked":"Juggernaut","floor":33},{"not_picked":["Twin Strike+1","Whirlwind"],"picked":"Shockwave+1","floor":35},{"not_picked":["Impervious","Corruption"],"picked":"Berserk","floor":40},{"not_picked":["Corruption","Impervious"],"picked":"Berserk","floor":42},{"not_picked":["Feed","Berserk","Demon Form"],"picked":"SKIP","floor":44},{"not_picked":["Bludgeon","Barricade"],"picked":"Impervious","floor":45},{"not_picked":["Secret Technique","Jack Of All Trades","Trip"],"picked":"Singing Bowl","floor":46},{"not_picked":["Purity","Bandage Up","Swift Strike"],"picked":"Singing Bowl","floor":46},{"not_picked":["HandOfGreed","Secret Weapon"],"picked":"Apotheosis","floor":46},{"not_picked":["Feed","Brutality","Exhume"],"picked":"Singing Bowl","floor":47},{"not_picked":["Barricade","Exhume","Offering"],"picked":"Singing Bowl","floor":48}],"player_experience":938433,"relics_obtained":[{"floor":6.0,"key":"FossilizedHelix"},{"floor":8.0,"key":"Bronze Scales"},{"floor":9.0,"key":"White Beast Statue"},{"floor":11.0,"key":"Girya"},{"floor":12.0,"key":"MawBank"},{"floor":13.0,"key":"MealTicket"},{"floor":14.0,"key":"Letter Opener"},{"floor":17.0,"key":"Orichalcum"},{"floor":17.0,"key":"Mercury Hourglass"},{"floor":17.0,"key":"Thread and Needle"},{"floor":23,"key":"Juzu Bracelet"},{"floor":25,"key":"Pantograph"},{"floor":26,"key":"Bottled Lightning"},{"floor":27,"key":"HornCleat"},{"floor":29,"key":"Eternal Feather"},{"floor":30,"key":"Red Mask"},{"floor":37,"key":"Meat on the Bone"},{"floor":40,"key":"Bag of Preparation"},{"floor":41,"key":"Shovel"},{"floor":42,"key":"Oddly Smooth Stone"},{"floor":43,"key":"Sundial"},{"floor":44,"key":"Bottled Tornado"},{"floor":45,"key":"Singing Bowl"},{"floor":47,"key":"TungstenRod"},{"floor":48,"key":"Ginger"},{"floor":49,"key":"Akabeko"}],"event_choices":[{"damage_healed":0.0,"max_hp_gain":0.0,"max_hp_loss":0.0,"gold_gain":175.0,"event_name":"Liars Game","player_choice":"AGREE","floor":3.0,"gold_loss":0.0,"damage_taken":0.0,"cards_obtained":["Doubt"]},{"damage_healed":0.0,"max_hp_gain":0.0,"max_hp_loss":0.0,"gold_gain":75.0,"event_name":"World of Goop","player_choice":"Gather Gold","floor":4.0,"gold_loss":0.0,"damage_taken":11.0},{"cards_removed":["Doubt"],"damage_healed":0.0,"max_hp_gain":0.0,"max_hp_loss":0.0,"gold_gain":0.0,"event_name":"Golden Wing","player_choice":"Card Removal","floor":5.0,"gold_loss":0.0,"damage_taken":7.0},{"damage_healed":0.0,"max_hp_gain":0.0,"max_hp_loss":0.0,"gold_gain":0.0,"event_name":"Cursed Tome","player_choice":"Ignored","floor":19.0,"gold_loss":0.0,"damage_taken":0.0},{"damage_healed":0,"gold_gain":0,"player_choice":"Ignored","damage_taken":0,"max_hp_gain":0,"max_hp_loss":0,"event_name":"Beggar","floor":20,"gold_loss":0},{"damage_healed":0,"gold_gain":0,"player_choice":"Fought Bandits","damage_taken":0,"max_hp_gain":0,"max_hp_loss":0,"event_name":"Masked Bandits","floor":30,"gold_loss":0},{"damage_healed":0,"gold_gain":0,"player_choice":"Trade","damage_taken":0,"relics_obtained":["FaceOfCleric"],"max_hp_gain":0,"max_hp_loss":0,"event_name":"FaceTrader","floor":31,"gold_loss":0},{"damage_healed":0,"gold_gain":0,"player_choice":"Embrace Madness","damage_taken":13,"max_hp_gain":0,"max_hp_loss":0,"event_name":"Winding Halls","floor":36,"gold_loss":0,"cards_obtained":["Madness","Madness"]},{"damage_healed":0,"gold_gain":0,"player_choice":"Copied","damage_taken":0,"max_hp_gain":0,"max_hp_loss":0,"event_name":"Duplicator","floor":39,"gold_loss":0,"cards_obtained":["Impervious"]},{"damage_healed":0,"gold_gain":0,"player_choice":"Fight","damage_taken":0,"max_hp_gain":0,"max_hp_loss":0,"event_name":"MindBloom","floor":41,"gold_loss":0},{"damage_healed":0,"gold_gain":0,"player_choice":"Memory 3","damage_taken":10,"max_hp_gain":0,"max_hp_loss":0,"event_name":"SensoryStone","floor":46,"gold_loss":0}],"is_beta":false,"boss_relics":[{"not_picked":["Coffee Dripper","Velvet Choker"],"picked":"Calling Bell"},{"not_picked":["SlaversCollar","Tiny House"],"picked":"Philosopher\u0027s Stone"}],"items_purged_floors":[],"is_endless":false,"potions_floor_spawned":[8,11,12,13,14,16,18,21,23,25,27,29,30,33,35,40,41,42,44,45,47,48],"ascension_level":0}}