{"host":"Vegetablebread","time":1613885993,"event":{"mods":["BaseMod","Bestiary","Downfall","Minty Spire (QoL Compilation)","Relic Stats","StSLib"],"gold_per_floor":[99,111,111,131,146,7,7,7,22,40,40,51,81,96,113,215,215,215,233,252,272,272,284,311,311,331,331,350,6,6,6,26,26,26,26],"floor_reached":33,"language":"ENG","playtime":4338,"items_purged":["Pain","sneckomod:Strike"],"score":255,"play_id":"e6288e8f-617e-41ac-81a4-05885ad34450","local_time":"20210220213953","is_ascension_mode":false,"campfire_choices":[{"data":"sneckomod:Unknown","floor":1.0,"key":"SMITH"},{"data":"1","floor":8.0,"key":"LIFT"},{"data":"2","floor":11.0,"key":"LIFT"},{"data":"3","floor":18.0,"key":"LIFT"},{"floor":27,"key":"REST"},{"floor":30,"key":"REST"}],"circlet_count":0,"master_deck":["sneckomod:Strike+1","sneckomod:Defend","sneckomod:Defend","sneckomod:Defend","sneckomod:TailWhip","sneckomod:SnekBite","sneckomod:Unknown+1","sneckomod:Unknown","sneckomod:DiceBlock","sneckomod:UnknownUncommonPower","sneckomod:UnknownBlock","sneckomod:Unknown1Cost","sneckomod:DiceBlock","sneckomod:SoulDraw","sneckomod:DiceCrush","sneckomod:DiceCrush","sneckomod:UnknownRarePower","sneckomod:UnknownClassSLIMEBOUND","sneckomod:Unknown1Cost","sneckomod:SoulExchange","sneckomod:WideSting+1","sneckomod:DiceBlock+1","sneckomod:DiceCrush","sneckomod:WideSting+1","sneckomod:QuickMove","sneckomod:DefensiveFlair","sneckomod:SerpentIdol","sneckomod:MasterEye","sneckomod:SoulDraw"],"relics":["sneckomod:SneckoSoul","WarpedTongs","Girya","Vajra","bronze:MakeshiftBattery","Medical Kit"],"acts_visited":["Exordium","TheCity"],"potions_floor_usage":[21,26,29,29,33],"damage_taken":[{"damage":6.0,"enemies":"Small Slimes","floor":2.0,"turns":3.0},{"damage":2.0,"enemies":"Cultist","floor":4.0,"turns":3.0},{"damage":7.0,"enemies":"Jaw Worm","floor":5.0,"turns":3.0},{"damage":1.0,"enemies":"downfall:FleeingMerchant","floor":6.0,"turns":4.0},{"damage":15.0,"enemies":"Red Slaver","floor":9.0,"turns":4.0},{"damage":3.0,"enemies":"Lots of Slimes","floor":10.0,"turns":7.0},{"damage":3.0,"enemies":"Large Slime","floor":12.0,"turns":5.0},{"damage":16.0,"enemies":"Gremlin Nob","floor":13.0,"turns":4.0},{"damage":2.0,"enemies":"Exordium Thugs","floor":14.0,"turns":4.0},{"damage":4.0,"enemies":"Blue Slaver","floor":15.0,"turns":3.0},{"damage":42.0,"enemies":"DF_ARCHETYPE_STREAMLINE","floor":16.0,"turns":12.0},{"damage":2.0,"enemies":"Shell Parasite","floor":19.0,"turns":4.0},{"damage":30.0,"enemies":"3 Byrds","floor":20.0,"turns":5.0},{"damage":2,"enemies":"Snake Plant","floor":21,"turns":3},{"damage":37,"enemies":"3 Cultists","floor":23,"turns":6},{"damage":15,"enemies":"Snecko","floor":26,"turns":3},{"damage":20,"enemies":"Centurion and Healer","floor":28,"turns":5},{"damage":0,"enemies":"downfall:FleeingMerchant","floor":29,"turns":4},{"damage":0,"enemies":"Cultist and Chosen","floor":32,"turns":4},{"damage":60,"enemies":"SI_MIRROR_ARCHETYPE","floor":33,"turns":6}],"seed_played":"3323766111449663665","potions_obtained":[{"floor":9.0,"key":"DuplicationPotion"},{"floor":10.0,"key":"Fruit Juice"},{"floor":12.0,"key":"GamblersBrew"},{"floor":14.0,"key":"BlessingOfTheForge"},{"floor":15.0,"key":"Dexterity Potion"},{"floor":20.0,"key":"bronze:BurnAndBuffPotion"},{"floor":21,"key":"bronze:BurnAndBuffPotion"},{"floor":26,"key":"LiquidMemories"},{"floor":28,"key":"SpeedPotion"}],"is_trial":false,"path_per_floor":["R","M","?","M","M","$","T","R","M","M","R","M","E","M","M","B",null,"R","M","M","M","?","M","T","?","M","R","M","$","R","?","M","B"],"character_chosen":"THE_SNECKO","items_purchased":["sneckomod:DiceBlock","Medical Kit","sneckomod:MasterEye"],"campfire_rested":2,"item_purchase_floors":[6,29,29],"current_hp_per_floor":[99,93,93,91,84,83,83,83,68,65,65,62,46,51,56,14,104,104,102,72,70,70,33,33,33,18,49,29,29,60,60,60,0,0,0],"gold":26,"neow_bonus":"TEN_PERCENT_HP_BONUS","is_daily":false,"chose_seed":false,"campfire_upgraded":1,"win_rate":0.0,"timestamp":1613885993,"path_taken":["R","M","?","M","M","$","T","R","?","M","R","?","E","M","M","BOSS","R","M","M","M","?","M","T","?","M","R","?","?","R","?","M","BOSS"],"items_purchased_type":["Card","Relic","Card"],"build_version":"2020-12-18","purchased_purges":2,"victory":false,"max_hp_per_floor":[99,99,99,99,99,99,99,99,99,99,99,99,99,99,104,104,104,104,104,104,104,104,104,104,104,104,104,104,104,104,104,104,104,104,104],"relic_stats":{"counters":[20,92],"Medical Kit":[1],"obtain_stats":[{"Girya":7,"Vajra":13,"sneckomod:SneckoSoul":0,"Medical Kit":29,"bronze:MakeshiftBattery":17,"WarpedTongs":3},{"Girya":4,"Vajra":8,"sneckomod:SneckoSoul":0,"Medical Kit":18,"bronze:MakeshiftBattery":11,"WarpedTongs":1},{"Girya":13,"Vajra":33,"sneckomod:SneckoSoul":0,"Medical Kit":82,"bronze:MakeshiftBattery":52,"WarpedTongs":3}],"WarpedTongs":[89]},"card_choices":[{"not_picked":["sneckomod:SoulRoll","sneckomod:SoulDraw"],"picked":"sneckomod:DiceBlock","floor":2.0},{"not_picked":["sneckomod:RainOfDice","sneckomod:SoulDraw"],"picked":"sneckomod:UnknownUncommonPower","floor":4.0},{"not_picked":["sneckomod:Unknown0Cost","sneckomod:UnknownStrike"],"picked":"sneckomod:UnknownBlock","floor":5.0},{"not_picked":["sneckomod:SnekBeam","sneckomod:UnknownVulnerable"],"picked":"sneckomod:Unknown1Cost","floor":6.0},{"not_picked":["sneckomod:RainOfDice","sneckomod:UnknownVulnerable"],"picked":"sneckomod:SoulDraw","floor":9.0},{"not_picked":["sneckomod:QuickMove","sneckomod:UnknownCommonSkill"],"picked":"sneckomod:DiceCrush","floor":10.0},{"not_picked":["sneckomod:UnknownClassPURPLE","sneckomod:QuickBite"],"picked":"sneckomod:DiceCrush","floor":12.0},{"not_picked":["sneckomod:UnknownClassPURPLE","sneckomod:SerpentIdol"],"picked":"sneckomod:UnknownRarePower","floor":13.0},{"not_picked":["sneckomod:Nope","sneckomod:SoulDraw"],"picked":"sneckomod:UnknownClassSLIMEBOUND","floor":14.0},{"not_picked":["sneckomod:CheapStock","sneckomod:RainOfDice"],"picked":"sneckomod:Unknown1Cost","floor":15.0},{"not_picked":["sneckomod:UnlimitedRolls","sneckomod:Cheat"],"picked":"sneckomod:SoulExchange","floor":16.0},{"not_picked":["sneckomod:SlitherStrike","sneckomod:RainOfDice"],"picked":"sneckomod:WideSting+1","floor":19.0},{"not_picked":["sneckomod:UnknownBlock","sneckomod:UnknownClassPURPLE+1"],"picked":"sneckomod:DiceBlock+1","floor":20.0},{"not_picked":["sneckomod:UnknownClassSLIMEBOUND","sneckomod:UnknownClassPURPLE+1"],"picked":"sneckomod:DiceCrush","floor":21},{"not_picked":["sneckomod:UnknownUncommonSkill","sneckomod:Nope"],"picked":"sneckomod:WideSting+1","floor":23},{"not_picked":["sneckomod:WideSting+1","sneckomod:CheapStock+1"],"picked":"sneckomod:QuickMove","floor":26},{"not_picked":["sneckomod:WideSting","sneckomod:SoulDraw+1"],"picked":"sneckomod:DefensiveFlair","floor":28},{"not_picked":["sneckomod:UnknownCommonAttack","sneckomod:SnekBeam"],"picked":"sneckomod:SerpentIdol","floor":29},{"not_picked":["sneckomod:UnknownExhaust","sneckomod:UnendingSupply"],"picked":"sneckomod:SoulDraw","floor":32}],"player_experience":10617225,"relics_obtained":[{"floor":7.0,"key":"Girya"},{"floor":13.0,"key":"Vajra"}],"event_choices":[{"damage_healed":0.0,"max_hp_gain":0.0,"max_hp_loss":0.0,"gold_gain":0.0,"event_name":"Accursed Blacksmith","player_choice":"Rummage","floor":3.0,"gold_loss":0.0,"damage_taken":0.0,"relics_obtained":["WarpedTongs"],"cards_obtained":["Pain"]},{"damage_healed":0,"gold_gain":0,"player_choice":"Ignored","damage_taken":0,"max_hp_gain":0,"max_hp_loss":0,"event_name":"Vampires","floor":22,"gold_loss":0}],"is_beta":true,"boss_relics":[{"not_picked":["Busted Crown","Tiny House"],"picked":"bronze:MakeshiftBattery"}],"items_purged_floors":[6,29],"is_endless":false,"potions_floor_spawned":[9,10,12,14,15,20,21,26,28],"killed_by":"SI_MIRROR_ARCHETYPE","ascension_level":0}}