{"host":"April","time":1613902108,"event":{"mods":["BaseMod","Minty Spire (QoL Compilation)"],"gold_per_floor":[119,135,95,110,42,70,86,113,113,131,79,104,118,138,138,233,233,251,266,26,46,58,58,89,89,162,180,211,224,224,224,224],"floor_reached":31,"language":"ENG","playtime":1790,"items_purged":[],"score":341,"play_id":"780b0d17-f926-4a72-9b17-7b9a8d3bffa1","local_time":"20210221020828","is_ascension_mode":true,"campfire_choices":[{"floor":15.0,"key":"REST"},{"floor":23.0,"key":"REST"},{"data":"Fission","floor":25,"key":"SMITH"}],"circlet_count":0,"master_deck":["Strike_B","Strike_B","Strike_B","Strike_B","Defend_B","Defend_B","Defend_B","Defend_B","Zap","Dualcast","Sweeping Beam","Go for the Eyes","Blizzard","Seek","Darkness","Undo","Rip and Tear","White Noise","Defragment+1","Chaos","Storm+1","Fission+1","Capacitor+1","Conserve Battery","Consume+1","Glacier+1","Ball Lightning","Injury","Self Repair+1","Loop+1","Coolheaded+1","Decay"],"relics":["Cracked Core","NeowsBlessing","Turnip","Sundial","Pear","Shuriken","Frozen Egg 2","Cursed Key","Blue Candle","Cables","Pantograph","Strawberry"],"acts_visited":["Exordium","TheCity"],"potions_floor_usage":[],"damage_taken":[{"damage":0.0,"enemies":"Jaw Worm","floor":1.0,"turns":1.0},{"damage":0.0,"enemies":"Cultist","floor":2.0,"turns":1.0},{"damage":0.0,"enemies":"Small Slimes","floor":4.0,"turns":1.0},{"damage":24.0,"enemies":"Gremlin Nob","floor":6.0,"turns":4.0},{"damage":9.0,"enemies":"Exordium Thugs","floor":7.0,"turns":4.0},{"damage":27.0,"enemies":"3 Sentries","floor":8.0,"turns":6.0},{"damage":4.0,"enemies":"Blue Slaver","floor":10.0,"turns":5.0},{"damage":2.0,"enemies":"Lagavulin","floor":12.0,"turns":6.0},{"damage":4.0,"enemies":"Looter","floor":13.0,"turns":4.0},{"damage":7.0,"enemies":"Exordium Thugs","floor":14.0,"turns":5.0},{"damage":16.0,"enemies":"The Guardian","floor":16.0,"turns":9.0},{"damage":5.0,"enemies":"Spheric Guardian","floor":18.0,"turns":3.0},{"damage":26.0,"enemies":"2 Thieves","floor":19.0,"turns":4.0},{"damage":10.0,"enemies":"3 Cultists","floor":21.0,"turns":6.0},{"damage":16.0,"enemies":"Snake Plant","floor":22.0,"turns":4.0},{"damage":16.0,"enemies":"Gremlin Leader","floor":24.0,"turns":7.0},{"damage":20,"enemies":"Shelled Parasite and Fungi","floor":27,"turns":6},{"damage":42,"enemies":"Slavers","floor":28,"turns":5},{"damage":10,"enemies":"Chosen and Byrds","floor":29,"turns":4},{"damage":28,"enemies":"Centurion and Healer","floor":31,"turns":4}],"seed_played":"-3722587502133650963","potions_obtained":[{"floor":3.0,"key":"Energy Potion"},{"floor":3.0,"key":"PowerPotion"},{"floor":3.0,"key":"Fruit Juice"},{"floor":6.0,"key":"FairyPotion"},{"floor":7.0,"key":"SteroidPotion"},{"floor":8.0,"key":"Block Potion"},{"floor":10.0,"key":"Swift Potion"},{"floor":12.0,"key":"EssenceOfSteel"},{"floor":18.0,"key":"GamblersBrew"},{"floor":21.0,"key":"PotionOfCapacity"},{"floor":22.0,"key":"Energy Potion"},{"floor":29,"key":"EssenceOfDarkness"}],"is_trial":false,"path_per_floor":["M","M","?","M","$","E","M","E","T","M","?","E","M","M","R","B",null,"M","M","$","M","M","R","E","R","T","M","E","M","?","M"],"character_chosen":"DEFECT","items_purchased":["Seek","Blue Candle"],"campfire_rested":2,"item_purchase_floors":[5,20],"current_hp_per_floor":[75,75,75,75,75,51,42,15,30,26,26,24,20,13,40,24,90,85,59,59,49,33,60,44,44,44,24,28,28,28,0,0],"gold":224,"neow_bonus":"THREE_ENEMY_KILL","is_daily":false,"chose_seed":false,"campfire_upgraded":1,"win_rate":0.0,"timestamp":1613902108,"path_taken":["M","M","?","M","$","E","M","E","T","M","?","E","M","M","R","BOSS","M","?","?","M","M","R","E","R","T","M","E","M","?","M"],"items_purchased_type":["Card","Relic"],"build_version":"2020-12-18","purchased_purges":0,"victory":false,"max_hp_per_floor":[75,75,75,75,75,75,75,75,90,90,90,90,90,90,90,90,90,90,90,90,90,90,90,90,90,90,90,97,97,97,97,97],"card_choices":[{"not_picked":["Go for the Eyes","Beam Cell"],"picked":"Sweeping Beam","floor":1.0},{"not_picked":["Turbo","Coolheaded"],"picked":"Go for the Eyes","floor":2.0},{"not_picked":["Aggregate","Lockon"],"picked":"Blizzard","floor":4.0},{"not_picked":["Hello World","Double Energy"],"picked":"Darkness","floor":6.0},{"not_picked":["Steam","Compile Driver"],"picked":"Undo","floor":7.0},{"not_picked":["Loop","All For One"],"picked":"Rip and Tear","floor":8.0},{"not_picked":["Hello World","Sweeping Beam"],"picked":"White Noise","floor":10.0},{"not_picked":["Steam Power","Lockon"],"picked":"Defragment+1","floor":12.0},{"not_picked":["Conserve Battery","Barrage"],"picked":"Chaos","floor":13.0},{"not_picked":["Steam","Beam Cell"],"picked":"Storm+1","floor":14.0},{"not_picked":["Thunder Strike","All For One"],"picked":"Fission","floor":16.0},{"not_picked":["Sunder+1","Ball Lightning"],"picked":"Capacitor+1","floor":18.0},{"not_picked":["Reprogram","Steam"],"picked":"Conserve Battery","floor":19.0},{"not_picked":["Streamline","Thunder Strike"],"picked":"Consume+1","floor":21.0},{"not_picked":["Hologram","Beam Cell"],"picked":"Glacier+1","floor":22.0},{"not_picked":["Reprogram","Steam Power"],"picked":"Ball Lightning","floor":24.0},{"not_picked":["Beam Cell","Hologram"],"picked":"Self Repair+1","floor":27},{"not_picked":["Gash","Double Energy"],"picked":"Loop+1","floor":28},{"not_picked":["Sweeping Beam","Leap"],"picked":"Coolheaded+1","floor":29}],"player_experience":2692676,"relics_obtained":[{"floor":6.0,"key":"Turnip"},{"floor":8.0,"key":"Sundial"},{"floor":9.0,"key":"Pear"},{"floor":12.0,"key":"Frozen Egg 2"},{"floor":24.0,"key":"Cables"},{"floor":26,"key":"Pantograph"},{"floor":28,"key":"Strawberry"}],"event_choices":[{"damage_healed":0.0,"max_hp_gain":0.0,"max_hp_loss":0.0,"gold_gain":0.0,"event_name":"The Woman in Blue","player_choice":"Bought 3 Potions","floor":3.0,"gold_loss":0.0,"damage_taken":0.0},{"damage_healed":0.0,"max_hp_gain":0.0,"max_hp_loss":0.0,"gold_gain":0.0,"event_name":"WeMeetAgain","player_choice":"Paid Gold","floor":11.0,"gold_loss":52.0,"damage_taken":0.0,"relics_obtained":["Shuriken"]},{"damage_healed":0,"gold_gain":0,"player_choice":"Cursed","damage_taken":0,"max_hp_gain":0,"max_hp_loss":0,"event_name":"Wheel of Change","floor":30,"gold_loss":0,"cards_obtained":["Decay"]}],"is_beta":true,"boss_relics":[{"not_picked":["Busted Crown","Philosopher\u0027s Stone"],"picked":"Cursed Key"}],"items_purged_floors":[],"is_endless":false,"potions_floor_spawned":[6,7,8,10,12,18,21,22,29],"killed_by":"Centurion and Healer","ascension_level":1}}