{"host":"5wilga4482d891pp","time":1613881980,"event":{"mods":["100% Spire Juice","2.2 Compatiblity","AchievementEnabler","Act Like it!","Arknights","BaseMod","Better Note","Better Third Choice","CapriCore","Chen","Conspire","Downfall","Elementarium","Energized Spire","Gensokyo","GungeonMod","Hallownest","Hermit","Hubris","Jorbs\u0027s Wanderer Trilogy","KinomotoSakuraMod(木之本?)","Koishi","Lobotomy","LobotomyExtend","Luminous","Marisa（霧雨　魔理沙）","Marked Mod","Minty Spire (QoL Compilation)","Pale of the Ancients","Railgun Mod","Reimu（博??梦）","Reliquary","Ruina","RumiaBox-露米?的神秘盒子","Shade Mod","Shapeshifter Mod","StSLib","The Administrix","The Alterego","The Animator","The Construct","The Cursed","The Gatherer","The Immortal","The Wild Card","TheBandit","TheFirefly","TheSwordswoman","TheVacant","Uncapped","UnlockEverythingMod","WarShipGirlsR/??少女R mod","Yakumo Yukari mod","Yuyuko"],"gold_per_floor":[110,129,129,29,29,67,67,89,89,89,107,107,126,126,126,241,241,270,270,24,49,49,49,73,95,95,111,130,130,130,147,147,180,180,27,27,27,27,27],"floor_reached":38,"language":"ENG","playtime":5205,"items_purged":[],"score":351,"play_id":"0786326c-e47d-4285-a3fe-921ad8de1b3b","local_time":"20210220223300","is_ascension_mode":false,"campfire_choices":[{"data":"animator:Saber","floor":7,"key":"SMITH"},{"data":"animator:ChlammyZell","floor":10,"key":"SMITH"},{"data":"animator:FielNirvalen","floor":15,"key":"SMITH"},{"data":"ruina:CrimsonScar","floor":23,"key":"SMITH"},{"data":"animator:Megumin+1","floor":30,"key":"SMITH"},{"data":"animator:Megumin+4","floor":32,"key":"SMITH"}],"circlet_count":0,"master_deck":["Funeral","animator:Strike_NoGameNoLife","animator:DolaSchwi","animator:DolaCouronne+1","WallGazer","animator:LizardPriest","DreamingCurrent","animator:Saber+1","animator:Strike_Kancolle","animator:Strike_Fate","animator:Strike_FullmetalAlchemist","animator:Defend_MadokaMagica","animator:Defend_Elsword","animator:Defend_Katanagatari","animator:DolaSchwi","animator:FielNirvalen+1","animator:Benimaru","Rudolta","animator:Fredrika","CherryBlossoms","animator:ChlammyZell+1","animator:Shion","OSAHOGD","animator:Lu","BigBadWolf","animator:Ainz","animator:RinTohsaka+1","ruina:CrimsonScar+1","animator:IzunaHatsuse+1","Porccubus","animator:Evileye+1","LittleHelper","animator:Togame+1","Murderer","animator:Megumin+6","VoidDream","animator:IzunaHatsuse+1","Freischutz","animator:HomuraAkemi+1","Alriune","animator:CowGirl+1"],"relics":["animator:LivingPicture","animator:TheMissingPiece","animator:PurgingStone","CogitoBucket","LetterFromLob","White Beast Statue","Singing Bowl","reliquary:QuartzCube","LuminousBracelet","reliquary:ThirdArm","Toxic Egg 2","Frozen Eye","AspirationHeart","reliquary:Sod","energizedSpire:EnergizedDie","SolemnVow_r","HellTrain","AtMidnight"],"acts_visited":["Exordium","ruina:Briah","TheBeyond"],"potions_floor_usage":[13,16,16,21,21,24,28,28],"damage_taken":[{"damage":1,"enemies":"Jaw Worm","floor":1,"turns":5},{"damage":2,"enemies":"Small Slimes","floor":2,"turns":4},{"damage":67,"enemies":"Lagavulin","floor":6,"turns":7},{"damage":0,"enemies":"2 Louse","floor":8,"turns":2},{"damage":11,"enemies":"Looter","floor":11,"turns":3},{"damage":30,"enemies":"Blue Slaver","floor":13,"turns":4},{"damage":45,"enemies":"Hexaghost","floor":16,"turns":10},{"damage":79,"enemies":"ruina:2_Scarecrows","floor":18,"turns":6},{"damage":8,"enemies":"ruina:Nosferatu","floor":21,"turns":5},{"damage":64,"enemies":"ruina:Woodsman","floor":24,"turns":7},{"damage":56,"enemies":"ruina:3_Scarecrows","floor":25,"turns":7},{"damage":61,"enemies":"ruina:KingOfGreed","floor":27,"turns":5},{"damage":22,"enemies":"ruina:QueenOfHate","floor":28,"turns":4},{"damage":86,"enemies":"ruina:Woodsman","floor":31,"turns":8},{"damage":84,"enemies":"ruina:Ozma","floor":33,"turns":8},{"damage":73,"enemies":"3 Shapes","floor":35,"turns":6},{"damage":64,"enemies":"Orb Walker","floor":38,"turns":5}],"seed_played":"1346776","potions_obtained":[{"floor":1,"key":"SkillPotion"},{"floor":6,"key":"Energy Potion"},{"floor":8,"key":"Block Potion"},{"floor":11,"key":"hexamod:SoulburnPotion"},{"floor":13,"key":"Weak Potion"},{"floor":16,"key":"hexamod:SoulburnPotion"},{"floor":18,"key":"DemoMod:LeadSkinPotion"},{"floor":21,"key":"conspire:TimeTravelPotion"},{"floor":24,"key":"Block Potion"},{"floor":25,"key":"animator:GrowthPotion"},{"floor":28,"key":"BlessingOfTheForge"},{"floor":31,"key":"FearPotion"}],"is_trial":false,"path_per_floor":["M","M","?","?","?","E","R","M","T","R","M","T","M","?","R","B",null,"M","?","$","M","$","R","M","M","T","M","M","?","R","M","R","B",null,"M","?","?","M"],"character_chosen":"THE_ANIMATOR","items_purchased":["Toxic Egg 2"],"campfire_rested":0,"item_purchase_floors":[20],"current_hp_per_floor":[65,63,63,63,63,19,19,25,25,25,32,32,29,29,29,38,81,41,41,41,59,59,59,67,83,83,72,87,61,61,68,68,69,87,43,43,43,0,0],"gold":27,"neow_bonus":"","is_daily":false,"chose_seed":true,"campfire_upgraded":6,"win_rate":0.0,"timestamp":1613881980,"path_taken":["M","M","?","?","?","E","R","M","T","R","M","?","?","?","R","BOSS","M","?","$","M","$","R","M","M","T","M","M","?","R","M","R","BOSS","M","?","?","?"],"items_purchased_type":["Relic"],"build_version":"2020-12-22","purchased_purges":0,"victory":false,"max_hp_per_floor":[66,66,66,66,66,66,66,66,66,66,66,66,81,81,81,81,81,81,75,75,76,76,76,77,87,87,87,87,87,87,87,87,87,87,87,87,87,87,87],"card_choices":[{"not_picked":["LittlePrince","Murderer"],"picked":"WallGazer","floor":1},{"not_picked":["animator:Hakurou","animator:Viivi"],"picked":"animator:LizardPriest","floor":1},{"not_picked":["MHz","MeatLantern"],"picked":"DreamingCurrent","floor":2},{"not_picked":["animator:Arpeggio","animator:Sonic"],"picked":"animator:Kuribayashi","floor":2},{"not_picked":["OldLady","BigBird"],"picked":"Rudolta","floor":6},{"not_picked":["animator:YunYun","animator:Elsword"],"picked":"animator:Fredrika","floor":6},{"not_picked":["UniverseFragment","LaLuna"],"picked":"CherryBlossoms","floor":8},{"not_picked":["animator:DolaCouronne","animator:DolaSchwi"],"picked":"animator:ChlammyZell","floor":8},{"not_picked":["SpiderBud","BeautyBeast"],"picked":"NakedNest","floor":11},{"not_picked":["animator:FielNirvalen","animator:TukaLunaMarceau"],"picked":"animator:Shion","floor":11},{"not_picked":["MHz","UniverseFragment"],"picked":"OSAHOGD","floor":13},{"not_picked":["animator:Emonzaemon","animator:Azekura"],"picked":"animator:Lu","floor":13},{"not_picked":["LaLuna","MeatLantern"],"picked":"BigBadWolf","floor":16},{"not_picked":["animator:Shizu","animator:Rimuru"],"picked":"animator:Ainz","floor":16},{"not_picked":["SpiderBud","MeatLantern"],"picked":"QueenBee","floor":18},{"not_picked":["animator:CrowleyEusford+1","animator:DolaSchwi"],"picked":"animator:RinTohsaka+1","floor":18},{"not_picked":["ruina:Thirst","ruina:SwordSharpened"],"picked":"ruina:CrimsonScar","floor":19},{"not_picked":["OldLady","Murderer"],"picked":"CENSORED","floor":21},{"not_picked":["animator:FielNirvalen","animator:Jibril"],"picked":"animator:IzunaHatsuse+1","floor":21},{"not_picked":["HeroicMonk","Wellcheers"],"picked":"Porccubus","floor":24},{"not_picked":["animator:Bozes","animator:LeleiLaLalena+1"],"picked":"animator:Evileye+1","floor":24},{"not_picked":["LongBird","Variant"],"picked":"LittleHelper","floor":25},{"not_picked":["animator:Cocytus","animator:Saber"],"picked":"animator:Togame+1","floor":25},{"not_picked":["Variant","MeatLantern"],"picked":"Murderer","floor":27},{"not_picked":["animator:Aisha","animator:NarberalGamma+1"],"picked":"animator:Megumin","floor":27},{"not_picked":["FieryBird","BodiesMountain"],"picked":"VoidDream","floor":28},{"not_picked":["animator:DolaRiku+1","animator:DolaSchwi"],"picked":"animator:IzunaHatsuse+1","floor":28},{"not_picked":["FairyFestival","DespairKnight"],"picked":"Freischutz","floor":31},{"not_picked":["animator:Add+1","animator:OrikoMikuni+1"],"picked":"animator:Megumin","floor":31},{"not_picked":["FairyFestival","Mercenary"],"picked":"Funeral","floor":33},{"not_picked":["animator:PinaCoLada","animator:Hans"],"picked":"animator:HomuraAkemi+1","floor":33},{"not_picked":["GreedKing","NothingThere"],"picked":"Alriune","floor":35},{"not_picked":["animator:Shion+1","animator:LeleiLaLalena+1"],"picked":"animator:CowGirl+1","floor":35}],"player_experience":38422,"relics_obtained":[{"floor":1,"key":"LetterFromLob"},{"floor":6,"key":"White Beast Statue"},{"floor":9,"key":"Singing Bowl"},{"floor":12,"key":"reliquary:QuartzCube"},{"floor":26,"key":"reliquary:Sod"},{"floor":35,"key":"AtMidnight"}],"event_choices":[{"damage_healed":29,"gold_gain":0,"player_choice":"Embrace Burn","damage_taken":0,"max_hp_gain":0,"max_hp_loss":81,"event_name":"betterThird:BetterShining","floor":14,"gold_loss":0},{"cards_removed":["animator:Emonzaemon"],"damage_healed":0,"gold_gain":0,"player_choice":"Card Removal","damage_taken":0,"max_hp_gain":0,"max_hp_loss":0,"event_name":"Wheel of Change","floor":37,"gold_loss":0}],"is_beta":false,"boss_relics":[{"not_picked":["conspire:RunicOctahedron","Ectoplasm"],"picked":"reliquary:ThirdArm"},{"not_picked":["hubris:BlackHole","Busted Crown"],"picked":"energizedSpire:EnergizedDie"}],"items_purged_floors":[],"is_endless":false,"potions_floor_spawned":[1,6,8,11,13,16,18,21,24,25,27,28,31,33,35],"killed_by":"Orb Walker","ascension_level":0}}