{"host":"2ccem01eblg14btk","time":1613900479,"event":{"mods":["BaseMod","Colored Map","Minty Spire (QoL Compilation)","Quick Restart","Replay The Spire","StSLib"],"gold_per_floor":[14,32,50,94,120,120,147,167,167,193,212,222,222,238,238,334,334,345,345,84,9,9,36,36,63,63,79,109,123,154,184,184,285,285,297,297,297,308,308,335,557,557,607,675,524,566,74,74,74,106],"floor_reached":51,"language":"ENG","playtime":1874,"items_purged":[],"score":991,"play_id":"b496d717-a8b3-4de2-9dd9-a1eb5c639b79","local_time":"20210221104119","is_ascension_mode":true,"campfire_choices":[{"data":"Zap","floor":6.0,"key":"SMITH"},{"floor":15.0,"key":"REST"},{"data":"Dualcast","floor":24,"key":"SMITH"},{"data":"Echo Form","floor":32,"key":"SMITH"},{"data":"Replay:BasicMightCard","floor":42,"key":"SMITH"},{"data":"Machine Learning","floor":49,"key":"SMITH"}],"circlet_count":0,"master_deck":["Strike_B","Strike_B","Defend_B","Defend_B","Defend_B","Zap+1","Dualcast+1","Poisoned Strike+1","BootSequence","Gash","Gash","Ball Lightning","Pot Of Greed+1","Pot Of Greed+1","Mirror Shield+1","Steam","Gash","Beam Cell","Conserve Battery","Echo Form+1","Panic Button","All For One","ReplaySort+1","FTL","Steam","Self Repair+1","Self Repair+1","Gash","Machine Learning+1","Beam Cell+1","ReplayGash","Replay:BasicMightCard+1","Secret Weapon+1"],"relics":["FrozenCore","ReplayTheSpireMod:Ninjato","Dream Catcher","Grinning Jar","Tiny Chest","Centennial Puzzle","ReplayTheSpireMod:Ring of Challenge","Replay:Drink Me","Replay:Bottled Eggs","Mirror","Replay:Bottled Steam","Lantern","TungstenRod","Happy Flower","Replay:Mystery Machine","Red Mask","Garlic","Prayer Wheel","Lizard Tail","Replay:Bandana","Toxic Egg 2","Guide Book","Mummified Hand","Gremlin Horn"],"acts_visited":["Exordium","TheCity","TheBeyond"],"potions_floor_usage":[28,31,46,50,50],"damage_taken":[{"damage":1.0,"enemies":"Cultist","floor":1.0,"turns":3.0},{"damage":0.0,"enemies":"2 Louse","floor":2.0,"turns":2.0},{"damage":0.0,"enemies":"Jaw Worm","floor":3.0,"turns":2.0},{"damage":34.0,"enemies":"Lagavulin","floor":7.0,"turns":6.0},{"damage":0.0,"enemies":"3 Louse","floor":8.0,"turns":2.0},{"damage":3.0,"enemies":"3 Sentries","floor":10.0,"turns":7.0},{"damage":0.0,"enemies":"Looter","floor":11.0,"turns":2.0},{"damage":0.0,"enemies":"2 Fungi Beasts","floor":12.0,"turns":3.0},{"damage":0.0,"enemies":"Large Slime","floor":14.0,"turns":4.0},{"damage":12.0,"enemies":"Hexaghost","floor":16.0,"turns":7.0},{"damage":0.0,"enemies":"Shell Parasite","floor":18.0,"turns":4.0},{"damage":18.0,"enemies":"Replay:Snechameleon","floor":23.0,"turns":3.0},{"damage":5,"enemies":"Gremlin Leader","floor":25,"turns":3},{"damage":0,"enemies":"Chosen","floor":27,"turns":4},{"damage":0,"enemies":"Slavers","floor":28,"turns":4},{"damage":0,"enemies":"Centurion and Healer","floor":29,"turns":4},{"damage":0,"enemies":"Replay:Snechameleon","floor":30,"turns":4},{"damage":11,"enemies":"Masked Bandits","floor":31,"turns":4},{"damage":2,"enemies":"Champ","floor":33,"turns":4},{"damage":0,"enemies":"Orb Walker","floor":35,"turns":3},{"damage":0,"enemies":"3 Shapes","floor":38,"turns":3},{"damage":4,"enemies":"R_Hoarder","floor":40,"turns":6},{"damage":13,"enemies":"Reptomancer","floor":44,"turns":3},{"damage":0,"enemies":"Jaw Worm Horde","floor":46,"turns":3},{"damage":8,"enemies":"Replay:Hell Engine","floor":50,"turns":5}],"seed_played":"-7123698063800258868","potions_obtained":[{"floor":2.0,"key":"Swift Potion"},{"floor":3.0,"key":"Energy Potion"},{"floor":4.0,"key":"Toxic Potion"},{"floor":10.0,"key":"Venom Potion"},{"floor":18.0,"key":"Dexterity Potion"},{"floor":28,"key":"AttackPotion"},{"floor":29,"key":"BlessingOfTheForge"},{"floor":31,"key":"Dexterity Potion"},{"floor":33,"key":"Death Potion"},{"floor":46,"key":"Explosive Potion"}],"is_trial":false,"path_per_floor":["M","M","M","?","T","R","E","M","T","E","M","M","?","M","R_BF","B",null,"M","?","$","?","T","E","R","E","T","M","E","M","E","?","R","B",null,"M","?","T","M","?","E","?","R","T","E","$","M","$","T","R","B",null],"character_chosen":"DEFECT","items_purchased":["Replay:Bottled Eggs","Guide Book","Mummified Hand","Secret Weapon+1","DuplicationPotion"],"campfire_rested":1,"item_purchase_floors":[20,45,47,47,47],"current_hp_per_floor":[67,67,67,67,67,67,33,33,33,30,30,30,30,30,52,40,53,53,53,53,53,53,35,35,30,30,40,50,57,57,57,57,57,57,57,54,54,54,54,54,54,54,54,54,54,54,54,54,54,54],"gold":106,"neow_bonus":"RANDOM_COLORLESS_2","is_daily":false,"chose_seed":false,"campfire_upgraded":5,"win_rate":0.0,"timestamp":1613900479,"path_taken":["M","?","M","?","?","R","E","M","T","E","M","M","?","M","R_BF","BOSS","M","?","$","?","?","E","R","E","T","?","E","M","E","?","R","BOSS","M","?","?","?","?","E","?","R","T","E","$","M","$","?","R","BOSS"],"items_purchased_type":["Relic","Relic","Relic","Card","Potion"],"build_version":"2020-12-22","purchased_purges":0,"victory":true,"max_hp_per_floor":[75,75,75,75,75,75,75,75,75,75,75,75,75,75,75,75,57,57,57,57,57,57,57,57,57,57,57,57,57,57,57,57,57,57,57,54,54,54,54,54,54,54,54,54,54,54,54,54,54,54],"card_choices":[{"not_picked":["Magnetism","Transmutation"],"picked":"Poisoned Strike","floor":0.0},{"not_picked":["Sunder","Capacitor"],"picked":"BootSequence","floor":1.0},{"not_picked":["Compile Driver","Sweeping Beam"],"picked":"Gash","floor":2.0},{"not_picked":["Hologram","Conserve Battery"],"picked":"Gash","floor":3.0},{"not_picked":["ReplayTheSpireMod:GoodbyeWorld","Rebound"],"picked":"Ball Lightning","floor":4.0},{"not_picked":["Force Field","Thunder Strike"],"picked":"Mirror Shield","floor":7.0},{"not_picked":["Hologram","Steam Power"],"picked":"Steam","floor":8.0},{"not_picked":["ReplayTheSpireMod:Reroute Power","Hologram"],"picked":"Gash","floor":10.0},{"not_picked":["Electrodynamics","Cold Snap"],"picked":"Beam Cell","floor":11.0},{"not_picked":["Recycle","Tempest"],"picked":"Conserve Battery","floor":12.0},{"not_picked":["Gash","Panic Button"],"picked":"Echo Form","floor":14.0},{"not_picked":["Capacitor","Hologram"],"picked":"Panic Button","floor":15.0},{"not_picked":["Seek","Reboot"],"picked":"All For One","floor":16.0},{"not_picked":["Turbo+1","Capacitor+1"],"picked":"ReplaySort+1","floor":18.0},{"not_picked":["Recycle","Loop"],"picked":"Steam","floor":23},{"not_picked":["Rebound+1","White Noise"],"picked":"Self Repair+1","floor":25},{"not_picked":["Beam Cell","Conserve Battery"],"picked":"Self Repair+1","floor":27},{"not_picked":["Leap+1","Panic Button","Redo"],"picked":"SKIP","floor":28},{"not_picked":["Chaos","Sunder","Streamline"],"picked":"SKIP","floor":29},{"not_picked":["ReplayTheSpireMod:GoodbyeWorld","Coolheaded","Beam Cell"],"picked":"SKIP","floor":30},{"not_picked":["Panic Button+1","Loop+1"],"picked":"Gash","floor":31},{"not_picked":["Seek","Multi-Cast"],"picked":"Machine Learning","floor":33},{"not_picked":["Coolheaded+1","Compile Driver+1"],"picked":"Beam Cell+1","floor":35},{"not_picked":["Hello World+1","Redo+1"],"picked":"ReplayGash","floor":38},{"not_picked":["Discovery","Dark Shackles"],"picked":"Replay:BasicMightCard","floor":39},{"not_picked":["Redo+1","Turbo+1","Panic Button+1"],"picked":"SKIP","floor":40},{"not_picked":["Hologram+1","BasicCrystalCard+1","Beam Cell+1"],"picked":"SKIP","floor":44},{"not_picked":["Hologram+1","Compile Driver","Sunder"],"picked":"SKIP","floor":46},{"not_picked":["Meteor Strike","Hello World","Barrage"],"picked":"SKIP","floor":46}],"player_experience":135027,"relics_obtained":[{"floor":4.0,"key":"ReplayTheSpireMod:Ninjato"},{"floor":5.0,"key":"Dream Catcher"},{"floor":7.0,"key":"Grinning Jar"},{"floor":9.0,"key":"Tiny Chest"},{"floor":10.0,"key":"Centennial Puzzle"},{"floor":13.0,"key":"ReplayTheSpireMod:Ring of Challenge"},{"floor":22.0,"key":"Mirror"},{"floor":23,"key":"Replay:Bottled Steam"},{"floor":25,"key":"Lantern"},{"floor":26,"key":"TungstenRod"},{"floor":28,"key":"Happy Flower"},{"floor":30,"key":"Replay:Mystery Machine"},{"floor":31,"key":"Red Mask"},{"floor":37,"key":"Garlic"},{"floor":40,"key":"Lizard Tail"},{"floor":43,"key":"Replay:Bandana"},{"floor":44,"key":"Toxic Egg 2"},{"floor":48,"key":"Gremlin Horn"}],"event_choices":[{"damage_healed":0.0,"max_hp_gain":0.0,"max_hp_loss":0.0,"gold_gain":0.0,"event_name":"The Library","player_choice":"Read","floor":19.0,"gold_loss":0.0,"damage_taken":0.0,"cards_obtained":["FTL"]},{"cards_removed":["Strike_B"],"damage_healed":0.0,"max_hp_gain":0.0,"max_hp_loss":0.0,"gold_gain":0.0,"event_name":"Beggar","player_choice":"Gave Gold","floor":21.0,"gold_loss":75.0,"damage_taken":0.0},{"damage_healed":0,"gold_gain":0,"player_choice":"Fought Bandits","damage_taken":0,"max_hp_gain":0,"max_hp_loss":0,"event_name":"Masked Bandits","floor":31,"gold_loss":0},{"damage_healed":0,"gold_gain":0,"player_choice":"Max HP","damage_taken":0,"max_hp_gain":0,"max_hp_loss":3,"event_name":"Winding Halls","floor":36,"gold_loss":0},{"damage_healed":0,"gold_gain":0,"player_choice":"Memory 1","damage_taken":0,"max_hp_gain":0,"max_hp_loss":0,"event_name":"SensoryStone","floor":39,"gold_loss":0},{"damage_healed":0,"gold_gain":222,"player_choice":"Wore Mask","damage_taken":0,"max_hp_gain":0,"max_hp_loss":0,"event_name":"Tomb of Lord Red Mask","floor":41,"gold_loss":0}],"is_beta":false,"boss_relics":[{"not_picked":["Runic Pyramid","Replay:Grab Bag"],"picked":"Replay:Drink Me"},{"not_picked":["Coffee Dripper","Replay:Bronze Core"],"picked":"FrozenCore"}],"items_purged_floors":[],"is_endless":false,"potions_floor_spawned":[2,3,10,18,28,29,31,33,35,38,40,46],"ascension_level":6}}