{"host":"hszimsrtxxc2k25w","time":1613947112,"event":{"mods":["AchievementEnabler","BaseMod","Colored Map","DeckTracker","Minty Spire (QoL Compilation)","Rare Cards Sparkle","SuperFastMode"],"gold_per_floor":[116,132,132,57,72,72,72,85,85,85,105,138,151,162,162,162,162],"floor_reached":16,"language":"KOR","playtime":347,"items_purged":["Strike_R"],"score":208,"play_id":"e27f5745-a51b-4be5-85cc-b96265d9d375","local_time":"20210222073832","is_ascension_mode":true,"campfire_choices":[{"data":"Uppercut","floor":6.0,"key":"SMITH"},{"data":"Bash","floor":10.0,"key":"SMITH"},{"floor":15,"key":"REST"}],"circlet_count":0,"master_deck":["AscendersBane","Strike_R+1","Strike_R","Strike_R","Defend_R","Defend_R","Defend_R","Defend_R","Bash+1","Armaments+1","Uppercut+1","Burning Pact","Reaper","Pommel Strike","Feel No Pain"],"relics":["Burning Blood","NeowsBlessing","Ornamental Fan","Peace Pipe"],"acts_visited":["Exordium"],"potions_floor_usage":[16],"damage_taken":[{"damage":0.0,"enemies":"Cultist","floor":1.0,"turns":1.0},{"damage":0.0,"enemies":"Small Slimes","floor":2.0,"turns":1.0},{"damage":0.0,"enemies":"Jaw Worm","floor":5.0,"turns":1.0},{"damage":18.0,"enemies":"3 Louse","floor":8.0,"turns":4.0},{"damage":3.0,"enemies":"Looter","floor":11.0,"turns":4.0},{"damage":54.0,"enemies":"3 Sentries","floor":12.0,"turns":11.0},{"damage":16.0,"enemies":"2 Fungi Beasts","floor":13.0,"turns":3.0},{"damage":13.0,"enemies":"Blue Slaver","floor":14.0,"turns":3.0},{"damage":2,"enemies":"Hexaghost","floor":16,"turns":7}],"seed_played":"7942054198904702246","potions_obtained":[{"floor":5.0,"key":"Fire Potion"},{"floor":8.0,"key":"ColorlessPotion"},{"floor":13.0,"key":"HeartOfIron"}],"is_trial":false,"path_per_floor":["M","M","?","$","M","R","?","M","T","R","M","E","M","M","R","B"],"character_chosen":"IRONCLAD","items_purchased":[],"campfire_rested":1,"item_purchase_floors":[],"current_hp_per_floor":[74,75,52,52,58,58,58,56,56,56,59,25,19,12,34,32,32],"gold":162,"neow_bonus":"THREE_ENEMY_KILL","is_daily":false,"chose_seed":false,"campfire_upgraded":2,"win_rate":0.0,"timestamp":1613947112,"path_taken":["M","M","?","$","M","R","?","M","T","R","M","E","M","M","R","BOSS"],"items_purchased_type":[],"build_version":"2020-12-22","purchased_purges":1,"victory":false,"max_hp_per_floor":[75,75,75,75,75,75,75,75,75,75,75,75,75,75,75,75,75],"card_choices":[{"not_picked":["Shrug It Off","Bloodletting"],"picked":"Armaments","floor":1.0},{"not_picked":["Sword Boomerang","Headbutt"],"picked":"Uppercut","floor":2.0},{"not_picked":["Cleave","Armaments"],"picked":"Burning Pact","floor":5.0},{"not_picked":["Headbutt","Iron Wave","Clash"],"picked":"SKIP","floor":8.0},{"not_picked":["Burning Pact","Thunderclap"],"picked":"Pommel Strike","floor":11.0},{"not_picked":["Metallicize","Bloodletting","Ghostly Armor"],"picked":"SKIP","floor":12.0},{"not_picked":["Clothesline","Iron Wave"],"picked":"Feel No Pain","floor":13.0},{"not_picked":["Perfected Strike","Ghostly Armor","Headbutt"],"picked":"SKIP","floor":14}],"player_experience":689047,"relics_obtained":[{"floor":9.0,"key":"Ornamental Fan"},{"floor":12.0,"key":"Peace Pipe"}],"event_choices":[{"damage_healed":0.0,"max_hp_gain":0.0,"max_hp_loss":0.0,"gold_gain":0.0,"event_name":"Shining Light","player_choice":"Entered Light","floor":3.0,"gold_loss":0.0,"damage_taken":23.0,"cards_upgraded":["Armaments","Strike_R"]},{"damage_healed":0.0,"max_hp_gain":0.0,"max_hp_loss":0.0,"gold_gain":0.0,"cards_transformed":["Strike_R"],"event_name":"Living Wall","player_choice":"Change","floor":7.0,"gold_loss":0.0,"damage_taken":0.0,"cards_obtained":["Reaper"]}],"is_beta":false,"boss_relics":[],"items_purged_floors":[4],"is_endless":false,"potions_floor_spawned":[5,8,13],"killed_by":"Hexaghost","ascension_level":20}}