{"host":"7j96kgp47d19w6vo","time":1613919376,"event":{"mods":["BaseMod","BetterRewards","Custom Start","Friendly Minions","Gold Saver","Minty Spire (QoL Compilation)","Remove Card Discount Mod","StSLib","UnlockEverythingMod"],"gold_per_floor":[495,770,789,799,367,399,409,409,436,474,497,522,541,582,582,694,721,748,770,796,820,820,820,859,871,883,895,907,955,967,1008,1020,1142,1154,1193,1264,1285,1325,1355,1367,609,609,609,635,635,635,635,664,664,664,664],"floor_reached":50,"language":"JPN","playtime":5258,"items_purged":["Regret"],"score":582,"play_id":"d8166f1e-f8a4-4b14-9d68-109cf81059c0","local_time":"20210221235616","is_ascension_mode":false,"campfire_choices":[{"data":"SashWhip","floor":8.0,"key":"SMITH"},{"floor":15.0,"key":"REST"},{"data":"MentalFortress","floor":23.0,"key":"SMITH"},{"floor":25.0,"key":"REST"},{"data":"SandsOfTime","floor":27.0,"key":"SMITH"},{"floor":32.0,"key":"REST"},{"data":"Enlightenment","floor":40.0,"key":"SMITH"},{"data":"DevaForm","floor":42.0,"key":"SMITH"},{"floor":46.0,"key":"REST"},{"floor":47.0,"key":"REST"},{"floor":49.0,"key":"RECALL"}],"circlet_count":0,"master_deck":["Strike_P+1","Defend_P+1","Defend_P+1","Defend_P+1","Defend_P+1","Eruption","Vigilance","EmptyBody","JustLucky","FearNoEvil","MentalFortress+1","SashWhip+1","SandsOfTime+1","Conclude","Swivel","Establishment","CrushJoints","PathToVictory","SashWhip","DeceiveReality","MasterReality","Worship+1","Brilliance+1","Tantrum+1","FlurryOfBlows+1","Nirvana","FollowUp","Prostrate","CutThroughFate+1","Swivel","Study+1","Devotion","FlurryOfBlows+1","Protect","Enlightenment+1","PathToVictory+1","Madness","Madness","DevaForm+1","FlurryOfBlows","Mayhem","Enlightenment+1","LikeWater+1","Parasite","Halt"],"relics":["PureWater","Damaru","Blood Vial","CeramicFish","Potion Belt","Juzu Bracelet","Astrolabe","MawBank","GoldenEye","Red Mask","VioletLotus","WingedGreaves","Kunai","DollysMirror"],"acts_visited":["Exordium","TheCity","TheBeyond"],"potions_floor_usage":[50],"damage_taken":[{"damage":0.0,"enemies":"Jaw Worm","floor":1.0,"turns":6.0},{"damage":4.0,"enemies":"Cultist","floor":3.0,"turns":4.0},{"damage":3.0,"enemies":"2 Louse","floor":4.0,"turns":3.0},{"damage":0.0,"enemies":"Lagavulin","floor":6.0,"turns":5.0},{"damage":11.0,"enemies":"Large Slime","floor":7.0,"turns":4.0},{"damage":21.0,"enemies":"3 Sentries","floor":10.0,"turns":10.0},{"damage":0.0,"enemies":"Looter","floor":11.0,"turns":3.0},{"damage":8.0,"enemies":"3 Louse","floor":12.0,"turns":3.0},{"damage":0.0,"enemies":"Exordium Wildlife","floor":13.0,"turns":3.0},{"damage":29.0,"enemies":"Gremlin Nob","floor":14.0,"turns":6.0},{"damage":12.0,"enemies":"Hexaghost","floor":16.0,"turns":11.0},{"damage":14.0,"enemies":"2 Thieves","floor":18.0,"turns":4.0},{"damage":7.0,"enemies":"3 Byrds","floor":19.0,"turns":4.0},{"damage":13.0,"enemies":"Snecko","floor":20.0,"turns":6.0},{"damage":22.0,"enemies":"Cultist and Chosen","floor":21.0,"turns":7.0},{"damage":20.0,"enemies":"Gremlin Leader","floor":24.0,"turns":6.0},{"damage":56.0,"enemies":"Masked Bandits","floor":29.0,"turns":6.0},{"damage":14.0,"enemies":"Chosen and Byrds","floor":31.0,"turns":6.0},{"damage":20.0,"enemies":"Champ","floor":33.0,"turns":9.0},{"damage":10.0,"enemies":"Orb Walker","floor":35.0,"turns":5.0},{"damage":22.0,"enemies":"Mind Bloom Boss Battle","floor":36.0,"turns":5.0},{"damage":0.0,"enemies":"3 Shapes","floor":38.0,"turns":6.0},{"damage":47.0,"enemies":"Jaw Worm Horde","floor":44.0,"turns":6.0},{"damage":28.0,"enemies":"Writhing Mass","floor":48.0,"turns":9.0},{"damage":51,"enemies":"Donu and Deca","floor":50,"turns":6}],"seed_played":"5775206146910066188","potions_obtained":[{"floor":1.0,"key":"BottledMiracle"},{"floor":4.0,"key":"Weak Potion"},{"floor":12.0,"key":"Explosive Potion"},{"floor":13.0,"key":"Ambrosia"},{"floor":14.0,"key":"FairyPotion"},{"floor":18.0,"key":"PowerPotion"},{"floor":31.0,"key":"Block Potion"},{"floor":35.0,"key":"Regen Potion"},{"floor":44.0,"key":"Energy Potion"},{"floor":48.0,"key":"Dexterity Potion"}],"is_trial":false,"path_per_floor":["M","?","M","M","$","E","M","R","T","E","M","M","M","E","R","B",null,"M","M","M","M","?","R","E","R","T","R","?","?","?","M","R","B",null,"M","?","?","M","?","R","$","R","T","M","?","R","R","M","R","B"],"character_chosen":"WATCHER","items_purchased":["MentalFortress","Damaru","Fruit Juice","SashWhip","SandsOfTime","Kunai","DevaForm","FlurryOfBlows","Mayhem","DollysMirror","Regen Potion"],"campfire_rested":5,"item_purchase_floors":[5,5,5,5,5,41,41,41,41,41,41],"current_hp_per_floor":[79,79,75,72,77,77,68,68,68,49,51,45,47,20,45,35,84,70,65,54,34,34,34,16,41,41,41,41,15,15,3,28,10,84,74,66,66,68,57,57,57,57,57,17,17,42,67,41,41,0,0],"gold":664,"neow_bonus":"TEN_PERCENT_HP_BONUS","is_daily":false,"chose_seed":false,"campfire_upgraded":5,"win_rate":0.0,"timestamp":1613919376,"path_taken":["M","?","?","M","$","E","?","R","T","E","M","M","M","E","R","BOSS","M","M","M","M","?","R","E","R","T","R","?","?","?","M","R","BOSS","M","?","?","M","?","R","?","R","T","M","?","R","R","M","R","BOSS"],"items_purchased_type":["Card","Relic","Potion","Card","Card","Relic","Card","Card","Card","Relic","Potion"],"build_version":"2020-12-22","purchased_purges":1,"victory":false,"max_hp_per_floor":[79,79,79,79,84,84,84,84,84,84,84,84,84,84,84,84,84,84,84,84,84,84,84,84,84,84,84,84,84,84,84,84,84,84,84,84,84,84,84,84,84,84,84,84,84,84,84,84,84,84,84],"card_choices":[{"not_picked":["WaveOfTheHand","Collect"],"picked":"EmptyBody","floor":1.0},{"not_picked":["Pray","Meditate"],"picked":"JustLucky","floor":3.0},{"not_picked":["Protect","InnerPeace"],"picked":"FearNoEvil","floor":4.0},{"not_picked":["Pray","Indignation"],"picked":"Conclude","floor":6.0},{"not_picked":["CutThroughFate","ForeignInfluence"],"picked":"Swivel","floor":7.0},{"not_picked":["Indignation","Omniscience"],"picked":"Establishment","floor":10.0},{"not_picked":["Evaluate","SashWhip"],"picked":"CrushJoints","floor":11.0},{"not_picked":["Weave","ClearTheMind"],"picked":"PathToVictory","floor":12.0},{"not_picked":["Crescendo","InnerPeace"],"picked":"SashWhip","floor":13.0},{"not_picked":["FlurryOfBlows","Tantrum"],"picked":"DeceiveReality","floor":14.0},{"not_picked":["Scrawl","Establishment"],"picked":"MasterReality","floor":16.0},{"not_picked":["EmptyBody+1","FlyingSleeves"],"picked":"FlurryOfBlows+1","floor":18.0},{"not_picked":["Halt+1","FollowUp"],"picked":"Nirvana","floor":19.0},{"not_picked":["ThirdEye","BowlingBash+1"],"picked":"FollowUp","floor":20.0},{"not_picked":["Meditate+1","Vault"],"picked":"Prostrate","floor":21.0},{"not_picked":["JustLucky","CrushJoints+1"],"picked":"CutThroughFate+1","floor":24.0},{"not_picked":["FlyingSleeves","Collect"],"picked":"Swivel","floor":29.0},{"not_picked":["FlurryOfBlows","FollowUp"],"picked":"Study+1","floor":31.0},{"not_picked":["Vault","Brilliance"],"picked":"Devotion","floor":33.0},{"not_picked":["FollowUp","Prostrate+1"],"picked":"FlurryOfBlows+1","floor":35.0},{"not_picked":["CrushJoints+1","FlurryOfBlows"],"picked":"Protect","floor":36.0},{"not_picked":["Sadistic Nature","Flash of Steel"],"picked":"Enlightenment","floor":37.0},{"not_picked":["FlyingSleeves","EmptyBody"],"picked":"PathToVictory+1","floor":38.0},{"not_picked":["WheelKick+1","Prostrate"],"picked":"LikeWater+1","floor":44.0},{"not_picked":["SashWhip+1","Protect"],"picked":"Halt","floor":48.0}],"player_experience":871547,"relics_obtained":[{"floor":6.0,"key":"Blood Vial"},{"floor":9.0,"key":"CeramicFish"},{"floor":10.0,"key":"Potion Belt"},{"floor":14.0,"key":"Juzu Bracelet"},{"floor":24.0,"key":"MawBank"},{"floor":26.0,"key":"GoldenEye"},{"floor":29.0,"key":"Red Mask"},{"floor":36.0,"key":"WingedGreaves"}],"event_choices":[{"damage_healed":0.0,"max_hp_gain":0.0,"max_hp_loss":0.0,"gold_gain":275.0,"event_name":"Golden Shrine","player_choice":"Desecrate","floor":2.0,"gold_loss":0.0,"damage_taken":0.0,"cards_obtained":["Regret"]},{"damage_healed":0.0,"max_hp_gain":0.0,"max_hp_loss":0.0,"gold_gain":0.0,"event_name":"Back to Basics","player_choice":"Simplicity","floor":22.0,"gold_loss":0.0,"damage_taken":0.0,"cards_upgraded":["Strike_P","Defend_P","Defend_P","Defend_P","Defend_P"]},{"damage_healed":0.0,"max_hp_gain":0.0,"max_hp_loss":0.0,"gold_gain":0.0,"event_name":"Beggar","player_choice":"Ignored","floor":28.0,"gold_loss":0.0,"damage_taken":0.0},{"damage_healed":0.0,"max_hp_gain":0.0,"max_hp_loss":0.0,"gold_gain":0.0,"event_name":"Masked Bandits","player_choice":"Fought Bandits","floor":29.0,"gold_loss":0.0,"damage_taken":0.0},{"damage_healed":0.0,"max_hp_gain":0.0,"max_hp_loss":0.0,"gold_gain":0.0,"event_name":"Ghosts","player_choice":"Ignored","floor":30.0,"gold_loss":0.0,"damage_taken":0.0},{"damage_healed":0.0,"max_hp_gain":0.0,"max_hp_loss":0.0,"gold_gain":0.0,"event_name":"MindBloom","player_choice":"Fight","floor":36.0,"gold_loss":0.0,"damage_taken":0.0},{"damage_healed":0.0,"max_hp_gain":0.0,"max_hp_loss":0.0,"gold_gain":0.0,"event_name":"SensoryStone","player_choice":"Memory 1","floor":37.0,"gold_loss":0.0,"damage_taken":0.0},{"damage_healed":0.0,"max_hp_gain":0.0,"max_hp_loss":0.0,"gold_gain":0.0,"event_name":"Winding Halls","player_choice":"Embrace Madness","floor":39.0,"gold_loss":0.0,"damage_taken":11.0,"cards_obtained":["Madness","Madness"]},{"damage_healed":0.0,"max_hp_gain":0.0,"max_hp_loss":0.0,"gold_gain":0.0,"event_name":"Mysterious Sphere","player_choice":"Ignored","floor":45.0,"gold_loss":0.0,"damage_taken":0.0}],"is_beta":false,"boss_relics":[{"not_picked":["Cursed Key","Empty Cage"],"picked":"Astrolabe"},{"not_picked":["Fusion Hammer","Coffee Dripper"],"picked":"VioletLotus"}],"items_purged_floors":[5],"is_endless":false,"potions_floor_spawned":[1,4,12,13,14,18,21,31,35,44,48],"killed_by":"Donu and Deca","ascension_level":0}}