{"host":"pfy6u49v5s5r680p","time":1613888194,"event":{"mods":["BaseMod","Colored Map","DeckTracker","Highlight Path","Keyboard Shortcuts","Minty Spire (QoL Compilation)","Permanent Neow","Quick Restart","StSLib","SuperFastMode","everything is the same but u backflip on backflip"],"gold_per_floor":[116,66,85,10,27,27,41,41,93,106,121,121,21,52,52,155,155,166,186,24,42,42,42,59,84,131,160,172,103,114,64,64,159,159,175,175,28,78,95,95,95],"floor_reached":40,"language":"KOR","playtime":998,"items_purged":["Darkness","Doom and Gloom"],"score":526,"play_id":"f6dc8d10-1882-4cce-b892-313ddbce1bf4","local_time":"20210221151634","is_ascension_mode":true,"campfire_choices":[{"data":"Darkness","floor":6.0,"key":"SMITH"},{"data":"Darkness","floor":12.0,"key":"SMITH"},{"data":"Loop","floor":15.0,"key":"SMITH"},{"data":"Redo","floor":23.0,"key":"SMITH"},{"data":"Double Energy","floor":28.0,"key":"SMITH"},{"data":"Redo","floor":32.0,"key":"SMITH"}],"circlet_count":0,"master_deck":["Zap","Dualcast","Double Energy+1","Darkness+1","Go for the Eyes","Darkness+1","Steam","Loop+1","Lockon","Amplify","Redo+1","All For One","Self Repair","Skim","Redo+1","Echo Form","Loop+1"],"relics":["Pandora\u0027s Box","Anchor","Pen Nib","Lantern","SacredBark","Shuriken","Vajra","Akabeko","MawBank","Coffee Dripper","DollysMirror","Peace Pipe"],"acts_visited":["Exordium","TheCity","TheBeyond"],"potions_floor_usage":[33,33,40],"damage_taken":[{"damage":2.0,"enemies":"Jaw Worm","floor":1.0,"turns":3.0},{"damage":9.0,"enemies":"2 Louse","floor":3.0,"turns":2.0},{"damage":0.0,"enemies":"Cultist","floor":5.0,"turns":3.0},{"damage":11.0,"enemies":"Exordium Thugs","floor":7.0,"turns":3.0},{"damage":2.0,"enemies":"Blue Slaver","floor":10.0,"turns":3.0},{"damage":12.0,"enemies":"Large Slime","floor":11.0,"turns":4.0},{"damage":0.0,"enemies":"Lagavulin","floor":14.0,"turns":3.0},{"damage":12.0,"enemies":"The Guardian","floor":16.0,"turns":4.0},{"damage":2.0,"enemies":"Chosen","floor":18.0,"turns":4.0},{"damage":9.0,"enemies":"Shell Parasite","floor":19.0,"turns":3.0},{"damage":20.0,"enemies":"Snake Plant","floor":21.0,"turns":4.0},{"damage":0.0,"enemies":"Cultist and Chosen","floor":24.0,"turns":2.0},{"damage":0.0,"enemies":"Gremlin Leader","floor":25.0,"turns":6.0},{"damage":21.0,"enemies":"Book of Stabbing","floor":27.0,"turns":3.0},{"damage":11.0,"enemies":"Centurion and Healer","floor":30.0,"turns":3.0},{"damage":23,"enemies":"Automaton","floor":33,"turns":5},{"damage":13,"enemies":"Orb Walker","floor":35,"turns":3},{"damage":24,"enemies":"Mind Bloom Boss Battle","floor":38,"turns":3},{"damage":7,"enemies":"3 Shapes","floor":39,"turns":4},{"damage":69,"enemies":"Nemesis","floor":40,"turns":4}],"seed_played":"4589750317887819947","potions_obtained":[{"floor":3.0,"key":"Ancient Potion"},{"floor":11.0,"key":"Explosive Potion"},{"floor":14.0,"key":"Strength Potion"},{"floor":21.0,"key":"EntropicBrew"},{"floor":25.0,"key":"EssenceOfDarkness"},{"floor":30.0,"key":"DuplicationPotion"},{"floor":35,"key":"PotionOfCapacity"}],"is_trial":false,"path_per_floor":["M","?","M","$","M","R","M","?","T","M","M","R","$","E","R","B",null,"M","M","$","M","T","R","M","E","T","E","R","$","M","$","R","B",null,"M","?","$","?","M","E"],"character_chosen":"DEFECT","items_purchased":["All For One","Skim","Redo","DollysMirror"],"campfire_rested":0,"item_purchase_floors":[20,29,31,37],"current_hp_per_floor":[73,73,64,64,64,64,53,50,50,48,36,36,36,36,36,24,75,73,64,64,44,44,44,44,44,44,23,23,23,26,26,26,10,75,62,62,62,38,31,0,0],"gold":95,"neow_bonus":"BOSS_RELIC","is_daily":false,"chose_seed":false,"campfire_upgraded":6,"win_rate":0.0,"timestamp":1613888194,"path_taken":["M","?","M","$","M","R","M","?","T","M","?","R","$","E","R","BOSS","M","M","$","M","?","R","M","E","T","E","R","?","M","$","R","BOSS","M","?","$","?","M","E"],"items_purchased_type":["Card","Card","Card","Relic"],"build_version":"2020-12-22","purchased_purges":2,"victory":false,"max_hp_per_floor":[75,75,75,75,75,75,75,75,75,75,75,75,75,75,75,75,75,75,75,75,75,75,75,75,75,75,75,75,75,75,75,75,75,75,75,75,75,75,75,75,75],"card_choices":[{"not_picked":["Coolheaded","Go for the Eyes","Stack"],"picked":"SKIP","floor":1.0},{"not_picked":["Self Repair","Chaos","Streamline"],"picked":"SKIP","floor":3.0},{"not_picked":["Rebound","Aggregate"],"picked":"Loop","floor":5.0},{"not_picked":["Static Discharge","Turbo","Go for the Eyes"],"picked":"SKIP","floor":7.0},{"not_picked":["Gash","Coolheaded"],"picked":"Lockon","floor":10.0},{"not_picked":["Heatsinks","Aggregate","Leap"],"picked":"SKIP","floor":11.0},{"not_picked":["Compile Driver","FTL","Coolheaded"],"picked":"SKIP","floor":14.0},{"not_picked":["Machine Learning","Hyperbeam"],"picked":"Amplify","floor":16.0},{"not_picked":["Conserve Battery","Go for the Eyes","Force Field+1"],"picked":"SKIP","floor":18.0},{"not_picked":["Coolheaded","Double Energy"],"picked":"Redo","floor":19.0},{"not_picked":["Gash","Coolheaded","Blizzard"],"picked":"SKIP","floor":21.0},{"not_picked":["Barrage+1","Storm","Auto Shields"],"picked":"SKIP","floor":24.0},{"not_picked":["Melter+1","Meteor Strike","Sweeping Beam"],"picked":"SKIP","floor":25.0},{"not_picked":["Go for the Eyes","Rip and Tear+1"],"picked":"Self Repair","floor":27.0},{"not_picked":["Streamline","Barrage","Lockon"],"picked":"SKIP","floor":30.0},{"not_picked":["Buffer","Multi-Cast"],"picked":"Echo Form","floor":33},{"not_picked":["Hologram","Barrage+1","Melter+1"],"picked":"SKIP","floor":35},{"not_picked":["Go for the Eyes","Steam+1","Darkness+1"],"picked":"SKIP","floor":39}],"player_experience":177236,"relics_obtained":[{"floor":9.0,"key":"Pen Nib"},{"floor":14.0,"key":"Lantern"},{"floor":22.0,"key":"Shuriken"},{"floor":25.0,"key":"Vajra"},{"floor":26.0,"key":"Akabeko"},{"floor":27.0,"key":"MawBank"},{"floor":38,"key":"Peace Pipe"}],"event_choices":[{"cards_removed":["Leap"],"damage_healed":0.0,"max_hp_gain":0.0,"max_hp_loss":0.0,"gold_gain":0.0,"event_name":"The Cleric","player_choice":"Card Removal","floor":2.0,"gold_loss":50.0,"damage_taken":0.0},{"damage_healed":0.0,"max_hp_gain":0.0,"max_hp_loss":0.0,"gold_gain":0.0,"event_name":"Scrap Ooze","player_choice":"Success","floor":8.0,"gold_loss":0.0,"damage_taken":3.0,"relics_obtained":["Anchor"]},{"damage_healed":0,"gold_gain":0,"player_choice":"Ignored","damage_taken":0,"max_hp_gain":0,"max_hp_loss":0,"event_name":"Tomb of Lord Red Mask","floor":36,"gold_loss":0},{"damage_healed":0,"gold_gain":0,"player_choice":"Fight","damage_taken":0,"max_hp_gain":0,"max_hp_loss":0,"event_name":"MindBloom","floor":38,"gold_loss":0}],"is_beta":false,"boss_relics":[{"not_picked":["Ectoplasm","Inserter"],"picked":"SacredBark"},{"not_picked":["Calling Bell","Runic Pyramid"],"picked":"Coffee Dripper"}],"items_purged_floors":[4,13],"is_endless":false,"potions_floor_spawned":[3,11,14,21,25,27,30,35],"killed_by":"Nemesis","ascension_level":1}}