{"host":"pdq28s6637cpsst2","time":1613947375,"event":{"mods":["BaseMod","Colored Map","Colored Powertips","Highlight Path","Minty Spire (QoL Compilation)","Permanent Neow","Quick Restart","StSLib"],"gold_per_floor":[112,124,134,134,150,150,176,176,225,243,269,284,35,51,51,147,147,160,180,198,198,198],"floor_reached":21,"language":"ENG","playtime":2427,"items_purged":["Strike_G"],"score":293,"play_id":"d0503d90-d428-485b-80e7-29abab14c93c","local_time":"20210221174255","is_ascension_mode":true,"campfire_choices":[{"floor":6.0,"key":"REST"},{"floor":8.0,"key":"REST"},{"floor":15.0,"key":"REST"}],"circlet_count":0,"master_deck":["AscendersBane","Strike_G","Strike_G","Strike_G","Defend_G","Defend_G","Defend_G","Defend_G","Defend_G","Survivor","Neutralize","Adrenaline","Blade Dance","Terror","Escape Plan","Dodge and Roll","Envenom","Cloak And Dagger","Poisoned Stab","Bandage Up","Footwork","PiercingWail","Malaise","Dagger Spray+1","Cloak And Dagger"],"relics":["Ring of the Snake","White Beast Statue","Regal Pillow","Vajra","HoveringKite"],"acts_visited":["Exordium","TheCity"],"potions_floor_usage":[19,20,21],"damage_taken":[{"damage":1.0,"enemies":"Small Slimes","floor":1.0,"turns":6.0},{"damage":2.0,"enemies":"Jaw Worm","floor":2.0,"turns":4.0},{"damage":0.0,"enemies":"2 Louse","floor":3.0,"turns":3.0},{"damage":0.0,"enemies":"2 Fungi Beasts","floor":5.0,"turns":4.0},{"damage":19.0,"enemies":"Lagavulin","floor":7.0,"turns":7.0},{"damage":5.0,"enemies":"Blue Slaver","floor":10.0,"turns":4.0},{"damage":45.0,"enemies":"Gremlin Nob","floor":11.0,"turns":5.0},{"damage":3.0,"enemies":"Exordium Thugs","floor":12.0,"turns":5.0},{"damage":0.0,"enemies":"Large Slime","floor":14.0,"turns":3.0},{"damage":7.0,"enemies":"Hexaghost","floor":16.0,"turns":8.0},{"damage":10.0,"enemies":"Shell Parasite","floor":18.0,"turns":8.0},{"damage":30,"enemies":"Spheric Guardian","floor":19,"turns":6},{"damage":17,"enemies":"Snake Plant","floor":20,"turns":6},{"damage":24,"enemies":"Sentry and Sphere","floor":21,"turns":7}],"seed_played":"-2779312515464529244","potions_obtained":[{"floor":2.0,"key":"EssenceOfSteel"},{"floor":5.0,"key":"EssenceOfSteel"},{"floor":10.0,"key":"LiquidBronze"},{"floor":11.0,"key":"SkillPotion"},{"floor":12.0,"key":"Poison Potion"},{"floor":14.0,"key":"SteroidPotion"},{"floor":16.0,"key":"SneckoOil"},{"floor":18.0,"key":"Dexterity Potion"},{"floor":19,"key":"Weak Potion"},{"floor":20,"key":"Explosive Potion"}],"is_trial":false,"path_per_floor":["M","M","M","?","M","R","E","R","T","M","E","M","$","M","R","B",null,"M","M","M","M"],"character_chosen":"THE_SILENT","items_purchased":["Bandage Up","Footwork"],"campfire_rested":3,"item_purchase_floors":[13,13],"current_hp_per_floor":[44,42,42,35,35,56,37,58,58,53,8,5,5,9,45,42,63,57,31,18,0,0],"gold":198,"neow_bonus":"THREE_RARE_CARDS","is_daily":false,"chose_seed":false,"campfire_upgraded":0,"win_rate":0.0,"timestamp":1613947375,"path_taken":["M","M","M","?","M","R","E","R","T","M","E","M","$","M","R","BOSS","M","M","M","M"],"items_purchased_type":["Card","Card"],"build_version":"2020-12-22","purchased_purges":1,"victory":false,"max_hp_per_floor":[70,70,70,70,70,70,70,70,70,70,70,70,70,70,70,70,70,70,70,70,70,70],"card_choices":[{"not_picked":["Storm of Steel","Doppelganger"],"picked":"Adrenaline","floor":0.0},{"not_picked":["Slice","Poisoned Stab"],"picked":"Blade Dance","floor":1.0},{"not_picked":["Tactician","Infinite Blades"],"picked":"Terror","floor":2.0},{"not_picked":["Outmaneuver","Prepared"],"picked":"Escape Plan","floor":3.0},{"not_picked":["Bane","Acrobatics"],"picked":"Dodge and Roll","floor":5.0},{"not_picked":["Bane","Predator","Accuracy"],"picked":"SKIP","floor":7.0},{"not_picked":["Flechettes","Expertise"],"picked":"Envenom","floor":10.0},{"not_picked":["Deadly Poison","Caltrops"],"picked":"Cloak And Dagger","floor":11.0},{"not_picked":["Tactician","Deadly Poison"],"picked":"Poisoned Stab","floor":12.0},{"not_picked":["Underhanded Strike","Deflect"],"picked":"PiercingWail","floor":14.0},{"not_picked":["Phantasmal Killer","Glass Knife"],"picked":"Malaise","floor":16.0},{"not_picked":["Distraction","Footwork+1"],"picked":"Dagger Spray+1","floor":18.0},{"not_picked":["Sucker Punch+1","Dagger Spray"],"picked":"Cloak And Dagger","floor":19},{"not_picked":["Concentrate","Deflect","Underhanded Strike"],"picked":"SKIP","floor":20}],"player_experience":276331,"relics_obtained":[{"floor":7.0,"key":"White Beast Statue"},{"floor":9.0,"key":"Regal Pillow"},{"floor":11.0,"key":"Vajra"}],"event_choices":[{"cards_removed":["Strike_G"],"damage_healed":0.0,"max_hp_gain":0.0,"max_hp_loss":0.0,"gold_gain":0.0,"event_name":"Golden Wing","player_choice":"Card Removal","floor":4.0,"gold_loss":0.0,"damage_taken":7.0}],"is_beta":false,"boss_relics":[{"not_picked":["Fusion Hammer","SlaversCollar"],"picked":"HoveringKite"}],"items_purged_floors":[13],"is_endless":false,"potions_floor_spawned":[2,5,10,11,12,14,16,18,19,20],"killed_by":"Sentry and Sphere","ascension_level":10}}