{"host":"gnzlh62i2jn8yl8d","time":1613894315,"event":{"mods":["AchievementEnabler","BaseMod","Keyboard Shortcuts","Minty Spire (QoL Compilation)","SuperFastMode","everything is the same but u backflip on backflip"],"gold_per_floor":[116,116,128,128,142,182,182,197,224,224,243,268,284,298,298,422,422,442,43,43,66,82,126,126,126,126,152,164,200,227,259,271,411,423,459,471,90,114,114,114,0,63,138,48,68,93,93,114,114,114],"floor_reached":51,"language":"KOR","playtime":2706,"items_purged":["Strike_R","Strike_R"],"score":738,"play_id":"df7e0517-0b0a-411f-8664-816335ca549a","local_time":"20210221165835","is_ascension_mode":true,"campfire_choices":[{"floor":7.0,"key":"REST"},{"data":"Bludgeon","floor":15.0,"key":"SMITH"},{"data":"Brutality","floor":24.0,"key":"SMITH"},{"data":"Demon Form","floor":28.0,"key":"SMITH"},{"floor":32.0,"key":"REST"},{"data":"Impervious","floor":40.0,"key":"SMITH"},{"floor":47,"key":"REST"},{"data":"Carnage","floor":49,"key":"SMITH"}],"circlet_count":0,"master_deck":["Strike_R","Strike_R","Strike_R","Defend_R","Defend_R","Defend_R","Defend_R+1","Bash","Heavy Blade","Uppercut","Flex","Bludgeon+1","Bloodletting+1","Cleave","Carnage+1","Headbutt","Seeing Red","True Grit","Demon Form+1","Armaments","Combust","Whirlwind+1","Wild Strike+1","Brutality+1","Necronomicurse","Power Through","Shrug It Off","Carnage+1","Impervious+1","Havoc+1","Mind Blast+1","Inflame+1"],"relics":["Burning Blood","Regal Pillow","Golden Idol","Dream Catcher","War Paint","Mummified Hand","Philosopher\u0027s Stone","Molten Egg 2","Kunai","Necronomicon","MawBank","Velvet Choker","Vajra","Lizard Tail","Red Mask","CaptainsWheel","Eternal Feather"],"acts_visited":["Exordium","TheCity","TheBeyond"],"potions_floor_usage":[46,50,50],"damage_taken":[{"damage":5.0,"enemies":"Small Slimes","floor":1.0,"turns":4.0},{"damage":2.0,"enemies":"2 Louse","floor":3.0,"turns":3.0},{"damage":4.0,"enemies":"Jaw Worm","floor":5.0,"turns":5.0},{"damage":32.0,"enemies":"Lagavulin","floor":6.0,"turns":9.0},{"damage":3.0,"enemies":"Looter","floor":8.0,"turns":2.0},{"damage":21.0,"enemies":"Exordium Wildlife","floor":11.0,"turns":4.0},{"damage":0.0,"enemies":"2 Fungi Beasts","floor":12.0,"turns":2.0},{"damage":1.0,"enemies":"Lots of Slimes","floor":13.0,"turns":2.0},{"damage":3.0,"enemies":"Blue Slaver","floor":14.0,"turns":3.0},{"damage":70.0,"enemies":"Hexaghost","floor":16.0,"turns":8.0},{"damage":7.0,"enemies":"Spheric Guardian","floor":18.0,"turns":3.0},{"damage":11.0,"enemies":"Chosen","floor":21.0,"turns":4.0},{"damage":15.0,"enemies":"Centurion and Healer","floor":22.0,"turns":4.0},{"damage":26.0,"enemies":"Gremlin Leader","floor":23.0,"turns":5.0},{"damage":1.0,"enemies":"Cultist and Chosen","floor":27.0,"turns":2.0},{"damage":11.0,"enemies":"Snecko","floor":29.0,"turns":4.0},{"damage":26.0,"enemies":"Snake Plant","floor":30.0,"turns":2.0},{"damage":1.0,"enemies":"Shelled Parasite and Fungi","floor":31.0,"turns":2.0},{"damage":21.0,"enemies":"Collector","floor":33.0,"turns":3.0},{"damage":0.0,"enemies":"3 Darklings","floor":35.0,"turns":1.0},{"damage":20.0,"enemies":"3 Shapes","floor":38.0,"turns":1.0},{"damage":3.0,"enemies":"Mind Bloom Boss Battle","floor":42.0,"turns":4.0},{"damage":21.0,"enemies":"Spire Growth","floor":45.0,"turns":4.0},{"damage":38,"enemies":"Jaw Worm Horde","floor":46,"turns":4},{"damage":20,"enemies":"4 Shapes","floor":48,"turns":1},{"damage":57,"enemies":"Donu and Deca","floor":50,"turns":3}],"seed_played":"485032259313970262","potions_obtained":[{"floor":5.0,"key":"HeartOfIron"},{"floor":6.0,"key":"PowerPotion"},{"floor":11.0,"key":"Explosive Potion"},{"floor":12.0,"key":"DuplicationPotion"},{"floor":13.0,"key":"Ancient Potion"},{"floor":14.0,"key":"FearPotion"},{"floor":21.0,"key":"Dexterity Potion"},{"floor":23.0,"key":"Fruit Juice"},{"floor":33.0,"key":"Fire Potion"},{"floor":38.0,"key":"DistilledChaos"},{"floor":42.0,"key":"DistilledChaos"},{"floor":45.0,"key":"Energy Potion"}],"is_trial":false,"path_per_floor":["M","?","M","?","M","E","R","M","T","?","M","M","M","M","R","B",null,"M","$","?","M","M","E","R","?","T","M","R","M","M","M","R","B",null,"M","?","$","M","$","R","?","?","T","$","M","M","R","M","R","B",null],"character_chosen":"IRONCLAD","items_purchased":["Molten Egg 2","Combust","Lizard Tail","Mind Blast+1"],"campfire_rested":3,"item_purchase_floors":[19,19,37,44],"current_hp_per_floor":[88,70,74,52,54,28,69,72,72,72,57,63,68,71,71,7,88,87,87,87,82,73,58,58,42,42,47,47,42,22,27,69,54,93,93,93,93,79,79,79,79,82,82,82,67,35,93,79,93,42],"gold":114,"neow_bonus":"TEN_PERCENT_HP_BONUS","is_daily":false,"chose_seed":false,"campfire_upgraded":5,"win_rate":0.0,"timestamp":1613894315,"path_taken":["M","?","M","?","M","E","R","M","T","?","M","M","M","?","R","BOSS","M","$","?","M","M","E","R","?","T","M","R","?","M","M","R","BOSS","M","?","$","?","$","R","?","?","T","?","M","M","R","M","R","BOSS"],"items_purchased_type":["Relic","Card","Relic","Card"],"build_version":"2020-12-22","purchased_purges":2,"victory":true,"max_hp_per_floor":[88,88,88,88,88,88,88,88,88,88,88,88,88,88,88,88,88,88,88,88,88,88,93,93,93,93,93,93,93,93,93,93,93,93,93,93,93,93,93,93,93,93,93,93,93,93,93,93,93,93],"card_choices":[{"not_picked":["Pommel Strike","Havoc"],"picked":"Heavy Blade","floor":1.0},{"not_picked":["Iron Wave","Dark Embrace"],"picked":"Uppercut","floor":3.0},{"not_picked":["Clash","Metallicize"],"picked":"Flex","floor":5.0},{"not_picked":["Sentinel","Combust"],"picked":"Bludgeon","floor":6.0},{"not_picked":["Twin Strike","Perfected Strike"],"picked":"Bloodletting","floor":7.0},{"not_picked":["Bloodletting","Disarm"],"picked":"Cleave","floor":8.0},{"not_picked":["Rupture","Headbutt"],"picked":"Carnage","floor":11.0},{"not_picked":["Body Slam","Clothesline"],"picked":"Headbutt","floor":12.0},{"not_picked":["True Grit","Clothesline"],"picked":"Seeing Red","floor":13.0},{"not_picked":["Body Slam","Havoc"],"picked":"True Grit","floor":14.0},{"not_picked":["Barricade","Double Tap"],"picked":"Demon Form","floor":16.0},{"not_picked":["Clothesline","Warcry"],"picked":"Armaments","floor":18.0},{"not_picked":["Flex","True Grit"],"picked":"Whirlwind+1","floor":21.0},{"not_picked":["Body Slam+1","Evolve"],"picked":"Wild Strike+1","floor":22.0},{"not_picked":["Sentinel+1","Demon Form"],"picked":"Brutality","floor":23.0},{"not_picked":["True Grit+1","Shockwave"],"picked":"Power Through","floor":27.0},{"not_picked":["Armaments","Combust","Cleave+1"],"picked":"SKIP","floor":29.0},{"not_picked":["Flex","Sword Boomerang+1","Clash+1"],"picked":"SKIP","floor":30.0},{"not_picked":["Twin Strike+1","Armaments"],"picked":"Shrug It Off","floor":31.0},{"not_picked":["Pommel Strike+1","Battle Trance+1"],"picked":"Carnage+1","floor":32.0},{"not_picked":["Corruption","Double Tap"],"picked":"Impervious","floor":33.0},{"not_picked":["Pommel Strike+1","Twin Strike+1","Anger+1"],"picked":"SKIP","floor":35.0},{"not_picked":["Infernal Blade","Thunderclap+1"],"picked":"Havoc+1","floor":38.0},{"not_picked":["Infernal Blade+1","Pommel Strike+1"],"picked":"Inflame+1","floor":45.0},{"not_picked":["Seeing Red","Bloodletting","Reckless Charge+1"],"picked":"SKIP","floor":46},{"not_picked":["Havoc","Power Through","Rage"],"picked":"SKIP","floor":48}],"player_experience":154491,"relics_obtained":[{"floor":6.0,"key":"Dream Catcher"},{"floor":9.0,"key":"War Paint"},{"floor":23.0,"key":"Kunai"},{"floor":25.0,"key":"Necronomicon"},{"floor":26.0,"key":"MawBank"},{"floor":42.0,"key":"CaptainsWheel"},{"floor":43.0,"key":"Eternal Feather"}],"event_choices":[{"damage_healed":0.0,"max_hp_gain":0.0,"max_hp_loss":0.0,"gold_gain":0.0,"event_name":"Scrap Ooze","player_choice":"Success","floor":2.0,"gold_loss":0.0,"damage_taken":18.0,"relics_obtained":["Regal Pillow"]},{"damage_healed":0.0,"max_hp_gain":0.0,"max_hp_loss":0.0,"gold_gain":0.0,"event_name":"Golden Idol","player_choice":"Take Damage","floor":4.0,"gold_loss":0.0,"damage_taken":22.0,"relics_obtained":["Golden Idol"]},{"damage_healed":0.0,"max_hp_gain":0.0,"max_hp_loss":0.0,"gold_gain":0.0,"event_name":"Dead Adventurer","player_choice":"Searched \u00271\u0027 times","floor":10.0,"gold_loss":0.0,"damage_taken":0.0,"relics_obtained":["Mummified Hand"]},{"damage_healed":0.0,"max_hp_gain":0.0,"max_hp_loss":0.0,"gold_gain":0.0,"event_name":"Vampires","player_choice":"Ignored","floor":20.0,"gold_loss":0.0,"damage_taken":0.0},{"damage_healed":0.0,"max_hp_gain":0.0,"max_hp_loss":0.0,"gold_gain":0.0,"event_name":"Cursed Tome","player_choice":"Obtained Book","floor":25.0,"gold_loss":0.0,"damage_taken":16.0},{"damage_healed":0.0,"max_hp_gain":0.0,"max_hp_loss":0.0,"gold_gain":0.0,"event_name":"WeMeetAgain","player_choice":"Gave Potion","floor":36.0,"gold_loss":0.0,"damage_taken":0.0,"relics_obtained":["Vajra"]},{"damage_healed":0.0,"max_hp_gain":0.0,"max_hp_loss":0.0,"gold_gain":0.0,"event_name":"Tomb of Lord Red Mask","player_choice":"Paid","floor":41.0,"gold_loss":114.0,"damage_taken":0.0,"relics_obtained":["Red Mask"]},{"damage_healed":0.0,"max_hp_gain":0.0,"max_hp_loss":0.0,"gold_gain":0.0,"event_name":"MindBloom","player_choice":"Fight","floor":42.0,"gold_loss":0.0,"damage_taken":0.0}],"is_beta":false,"boss_relics":[{"not_picked":["Fusion Hammer","Mark of Pain"],"picked":"Philosopher\u0027s Stone"},{"not_picked":["Empty Cage","Tiny House"],"picked":"Velvet Choker"}],"items_purged_floors":[19,37],"is_endless":false,"potions_floor_spawned":[5,6,11,12,13,14,21,23,33,38,42,45],"ascension_level":2}}