{"host":"qnk15saze0ayia2v","time":1613910384,"event":{"mods":["BaseMod","GifTheSpireLib","Koishi","Marisa????????","Minty Spire (QoL Compilation)","Replay The Spire","StSLib","The Necromancer","The Servant 0.9.4"],"gold_per_floor":[214,100,118,135,35,35,66,66,66,92,92,111,111,128,128,225,225,241,38,53,64,64,64,64,164,191,201,276,131,231,266,266,296,296],"floor_reached":33,"language":"ITA","playtime":2935,"items_purged":["Strike_G","Strike_G","Strike_G"],"score":298,"play_id":"d10924e2-012a-4835-986e-e8ee00b6f5c3","local_time":"20210221132624","is_ascension_mode":false,"campfire_choices":[{"data":"Blade Dance","floor":6,"key":"SMITH"},{"floor":8,"key":"REST"},{"data":"Cloak And Dagger","floor":11,"key":"SMITH"},{"floor":15,"key":"REST"},{"data":"After Image","floor":23,"key":"SMITH"},{"floor":32,"key":"REST"}],"circlet_count":0,"master_deck":["Strike_G","Strike_G","Defend_G","Defend_G","Defend_G","Defend_G","Defend_G","Survivor","Neutralize","Blade Dance+1","Slice","Slice","All Out Attack","Backflip","Cloak And Dagger+1","Cloak And Dagger","Dagger Spray","After Image+1","Infinite Blades","Hidden Blade","After Image+1","Dagger Spray+1","Cloak And Dagger"],"relics":["Ring of the Serpent","HornCleat","PreservedInsect","Vajra","Ancient Tea Set","ReplayFunnel","DollysMirror","WingedGreaves","Molten Egg 2","Replay:Bandana"],"acts_visited":["Exordium","TheCity"],"potions_floor_usage":[16,16,33],"damage_taken":[{"damage":0,"enemies":"Jaw Worm","floor":1,"turns":5},{"damage":0,"enemies":"Small Slimes","floor":3,"turns":2},{"damage":0,"enemies":"2 Louse","floor":4,"turns":2},{"damage":37,"enemies":"Lagavulin","floor":7,"turns":7},{"damage":2,"enemies":"Replay:BlueRogue","floor":10,"turns":4},{"damage":0,"enemies":"Exordium Thugs","floor":12,"turns":4},{"damage":0,"enemies":"Blue Slaver","floor":14,"turns":2},{"damage":24,"enemies":"Hexaghost","floor":16,"turns":11},{"damage":6,"enemies":"Spheric Guardian","floor":18,"turns":4},{"damage":9,"enemies":"2 Thieves","floor":20,"turns":4},{"damage":0,"enemies":"Cultist and Chosen","floor":21,"turns":5},{"damage":0,"enemies":"Shelled Parasite and Fungi","floor":27,"turns":3},{"damage":20,"enemies":"Colosseum Slavers","floor":30,"turns":6},{"damage":0,"enemies":"Colosseum Nobs","floor":30,"turns":4},{"damage":0,"enemies":"Replay:Snechameleon","floor":31,"turns":5},{"damage":62,"enemies":"Champ","floor":33,"turns":19}],"seed_played":"-4597104627690881845","potions_obtained":[{"floor":7,"key":"Milkshake"},{"floor":10,"key":"Fire Potion"},{"floor":20,"key":"SmokeBomb"},{"floor":31,"key":"ColorlessPotion"}],"is_trial":false,"path_per_floor":["M","$","M","M","$","R","E","R","T","E","R","M","?","M","R","B",null,"M","$","M","M","$","R","?","?","T","M","?","$","?","E","R","B"],"character_chosen":"THE_SILENT","items_purchased":["Slice","Infinite Blades","DollysMirror"],"campfire_rested":3,"item_purchase_floors":[2,19,29],"current_hp_per_floor":[70,70,70,70,70,70,33,54,54,52,52,52,40,40,61,37,70,64,64,55,55,55,55,55,55,55,55,48,48,28,28,49,0,0],"gold":296,"neow_bonus":"HUNDRED_GOLD","is_daily":false,"chose_seed":false,"campfire_upgraded":3,"win_rate":0.0,"timestamp":1613910384,"path_taken":["M","$","M","M","$","R","E","R","T","E","R","M","?","M","R","BOSS","M","$","M","M","$","R","?","?","T","?","?","?","?","E","R","BOSS"],"items_purchased_type":["Card","Card","Relic"],"build_version":"2020-12-22","purchased_purges":3,"victory":false,"max_hp_per_floor":[70,70,70,70,70,70,70,70,70,70,70,70,70,70,70,70,70,70,70,70,70,70,70,70,70,70,70,70,70,70,70,70,70,70],"card_choices":[{"not_picked":["Prepared","ReplayTheSpireMod:Tripwire"],"picked":"Blade Dance","floor":1},{"not_picked":["Slice","Dagger Throw"],"picked":"All Out Attack","floor":3},{"not_picked":["Prepared","Dodge and Roll"],"picked":"Backflip","floor":4},{"not_picked":["Dash","Reflex","Unload"],"picked":"SKIP","floor":7},{"not_picked":["Flying Knee","Blur"],"picked":"Cloak And Dagger","floor":10},{"not_picked":["Noxious Fumes","Flying Knee"],"picked":"Cloak And Dagger","floor":12},{"not_picked":["ReplayTheSpireMod:Exploit Weakness","Deflect"],"picked":"Dagger Spray","floor":14},{"not_picked":["Replay:Bag of Tricks","Malaise"],"picked":"After Image","floor":16},{"not_picked":["Outmaneuver","Deadly Poison+1","Backflip"],"picked":"SKIP","floor":18},{"not_picked":["ReplayTheSpireMod:Exploit Weakness","Crippling Poison"],"picked":"Hidden Blade","floor":20},{"not_picked":["Acrobatics","Bane","Dagger Throw+1"],"picked":"SKIP","floor":21},{"not_picked":["Flying Knee","Slice","Outmaneuver"],"picked":"SKIP","floor":27},{"not_picked":["Slice+1","Dagger Throw+1"],"picked":"Dagger Spray+1","floor":30},{"not_picked":["Prepared","Wraith Form v2"],"picked":"Cloak And Dagger","floor":31}],"player_experience":407718,"relics_obtained":[{"floor":7,"key":"HornCleat"},{"floor":9,"key":"PreservedInsect"},{"floor":10,"key":"Vajra"},{"floor":26,"key":"ReplayFunnel"},{"floor":30,"key":"WingedGreaves"},{"floor":30,"key":"Molten Egg 2"},{"floor":31,"key":"Replay:Bandana"}],"event_choices":[{"damage_healed":0,"gold_gain":0,"player_choice":"Success","damage_taken":12,"relics_obtained":["Ancient Tea Set"],"max_hp_gain":0,"max_hp_loss":0,"event_name":"Scrap Ooze","floor":13,"gold_loss":0},{"damage_healed":0,"gold_gain":100,"player_choice":"Pray","damage_taken":0,"max_hp_gain":0,"max_hp_loss":0,"event_name":"Golden Shrine","floor":25,"gold_loss":0},{"damage_healed":0,"gold_gain":75,"player_choice":"Touch","damage_taken":7,"max_hp_gain":0,"max_hp_loss":0,"event_name":"FaceTrader","floor":28,"gold_loss":0},{"damage_healed":0,"gold_gain":0,"player_choice":"Fight","damage_taken":0,"max_hp_gain":0,"max_hp_loss":0,"event_name":"Colosseum","floor":30,"gold_loss":0},{"damage_healed":0,"gold_gain":0,"player_choice":"Fought Nobs","damage_taken":0,"max_hp_gain":0,"max_hp_loss":0,"event_name":"Colosseum","floor":30,"gold_loss":0}],"is_beta":false,"boss_relics":[{"not_picked":["Runic Dome","SlaversCollar"],"picked":"Ring of the Serpent"}],"items_purged_floors":[2,5,19],"is_endless":false,"potions_floor_spawned":[7,10,14,20,30,31],"killed_by":"Champ","ascension_level":0}}