{"host":"f9xhx7hoqq8tf21i","time":1613922648,"event":{"mods":["AchievementEnabler","BaseMod","Block Reminder","Colored Map","Colored Powertips","GifTheSpireLib","Key Reminder","Minty Spire (QoL Compilation)","Quick Restart","StSLib","Steal the Spire","Synergy Search","The Wild Card"],"gold_per_floor":[112,132,149,160,160,160,172,198,244,274,309,319,336,353,353,452,452,468,484,484,495,495,524,524,119,200,219,219,246,265,282,282,387,387,400,419,472,382,401,401,419,429,429,442,342,342,355,6,6,6],"floor_reached":51,"language":"ENG","playtime":2343,"items_purged":["theWildCard:Arsene","theWildCard:ShieldOfMany"],"score":807,"play_id":"9a6ad072-00b8-41bf-9e2d-314ca5960b8f","local_time":"20210221155048","is_ascension_mode":false,"campfire_choices":[{"data":"theWildCard:Lucifer","floor":6,"key":"SMITH"},{"floor":15,"key":"REST"},{"floor":28,"key":"REST"},{"data":"theWildCard:FinalHour","floor":32,"key":"SMITH"},{"data":"theWildCard:TheArcanaUnleashed","floor":40,"key":"SMITH"},{"data":"theWildCard:Metatron","floor":49,"key":"SMITH"}],"circlet_count":0,"master_deck":["theWildCard:BasicStrike+1","theWildCard:BasicStrike+1","theWildCard:BasicStrike+1","theWildCard:BasicStrike+1","theWildCard:BasicDefend+1","theWildCard:BasicDefend+1","theWildCard:BasicDefend+1","theWildCard:BasicDefend+1","theWildCard:CallToAdventure","theWildCard:Lucifer+1","theWildCard:SeveringSlash","theWildCard:SeveringSlash","theWildCard:ArcanaArtistry","theWildCard:FinalHour+1","theWildCard:StingingStrike","theWildCard:MagicMettle+1","theWildCard:Metatron+1","theWildCard:PowerOfTheArcana","theWildCard:Impatience","Violence","theWildCard:ArchaicAssault","theWildCard:Amaterasu","theWildCard:TheArcanaUnleashed+1","theWildCard:Proficiency+1","Flash of Steel+1"],"relics":["theWildCard:VelvetContract","TungstenRod","Toy Ornithopter","HornCleat","Philosopher\u0027s Stone","Bag of Preparation","Meat on the Bone","Orichalcum","theWildCard:MemoriesOfPhantasm","Prayer Wheel","theWildCard:FigureOfDeath","Bird Faced Urn","Molten Egg 2","Kunai"],"acts_visited":["Exordium","TheCity","TheBeyond"],"potions_floor_usage":[12,12,16,18,18,21,23,37,44,50,50],"damage_taken":[{"damage":0,"enemies":"Small Slimes","floor":1,"turns":3},{"damage":3,"enemies":"2 Louse","floor":2,"turns":3},{"damage":3,"enemies":"Jaw Worm","floor":3,"turns":4},{"damage":9,"enemies":"Exordium Wildlife","floor":4,"turns":4},{"damage":1,"enemies":"Large Slime","floor":7,"turns":6},{"damage":11,"enemies":"3 Sentries","floor":8,"turns":4},{"damage":9,"enemies":"Lagavulin","floor":11,"turns":4},{"damage":1,"enemies":"Red Slaver","floor":12,"turns":1},{"damage":14,"enemies":"Blue Slaver","floor":13,"turns":4},{"damage":3,"enemies":"Gremlin Gang","floor":14,"turns":2},{"damage":8,"enemies":"Slime Boss","floor":16,"turns":3},{"damage":9,"enemies":"3 Byrds","floor":18,"turns":3},{"damage":24,"enemies":"Spheric Guardian","floor":19,"turns":4},{"damage":15,"enemies":"Chosen and Byrds","floor":21,"turns":6},{"damage":15,"enemies":"Slavers","floor":23,"turns":3},{"damage":13,"enemies":"Centurion and Healer","floor":27,"turns":2},{"damage":8,"enemies":"Gremlin Leader","floor":29,"turns":3},{"damage":2,"enemies":"Snake Plant","floor":30,"turns":3},{"damage":7,"enemies":"Chosen and Byrds","floor":31,"turns":2},{"damage":12,"enemies":"Champ","floor":33,"turns":6},{"damage":0,"enemies":"3 Darklings","floor":35,"turns":1},{"damage":1,"enemies":"3 Shapes","floor":36,"turns":1},{"damage":38,"enemies":"2 Orb Walkers","floor":37,"turns":4},{"damage":0,"enemies":"Jaw Worm Horde","floor":39,"turns":1},{"damage":13,"enemies":"Maw","floor":41,"turns":3},{"damage":1,"enemies":"3 Darklings","floor":42,"turns":2},{"damage":5,"enemies":"Transient","floor":44,"turns":5},{"damage":3,"enemies":"Sphere and 2 Shapes","floor":47,"turns":2},{"damage":54,"enemies":"Awakened One","floor":50,"turns":5}],"seed_played":"-3406875176012416804","potions_obtained":[{"floor":1,"key":"Explosive Potion"},{"floor":4,"key":"CultistPotion"},{"floor":8,"key":"Swift Potion"},{"floor":12,"key":"Swift Potion"},{"floor":14,"key":"Block Potion"},{"floor":19,"key":"SkillPotion"},{"floor":21,"key":"SneckoOil"},{"floor":30,"key":"FairyPotion"},{"floor":31,"key":"Explosive Potion"},{"floor":36,"key":"LiquidBronze"},{"floor":37,"key":"EssenceOfSteel"},{"floor":42,"key":"DuplicationPotion"},{"floor":44,"key":"DuplicationPotion"}],"is_trial":false,"path_per_floor":["M","M","M","M","?","R","M","E","T","?","E","M","M","M","R","B",null,"M","M","?","M","?","E","T","$","T","M","R","E","M","M","R","B",null,"M","M","?","?","M","R","M","M","T","M","$","?","M","$","R","B",null],"character_chosen":"THE_WILD_CARD","items_purchased":["Orichalcum","Violence","Kunai","Flash of Steel+1"],"campfire_rested":2,"item_purchase_floors":[25,25,48,48],"current_hp_per_floor":[60,57,54,45,50,50,49,38,38,38,29,38,24,21,40,37,65,58,34,34,24,24,14,14,14,14,13,32,36,34,39,39,39,65,65,64,43,43,43,43,44,43,43,47,47,47,46,46,46,18],"gold":6,"neow_bonus":"ONE_RANDOM_RARE_CARD","is_daily":false,"chose_seed":false,"campfire_upgraded":4,"win_rate":0.0,"timestamp":1613922648,"path_taken":["M","M","M","M","?","R","M","E","T","?","E","M","M","M","R","BOSS","M","M","?","M","?","E","?","$","T","?","R","E","M","M","R","BOSS","M","M","?","?","M","R","M","?","T","M","$","?","M","$","R","BOSS"],"items_purchased_type":["Relic","Card","Relic","Card"],"build_version":"2020-12-22","purchased_purges":2,"victory":true,"max_hp_per_floor":[60,60,60,60,65,65,65,65,65,65,65,65,65,65,65,65,65,65,65,65,65,65,65,65,65,65,65,65,65,65,65,65,65,65,65,65,65,65,65,65,65,65,65,65,65,65,65,65,65,65],"card_choices":[{"not_picked":["theWildCard:ArcaneArts","theWildCard:BladeOfGenerations"],"picked":"theWildCard:SeveringSlash","floor":1},{"not_picked":["theWildCard:Patience","theWildCard:Polydeuces"],"picked":"theWildCard:SeveringSlash","floor":2},{"not_picked":["theWildCard:UnderLockAndKey","theWildCard:MasterPlan","theWildCard:Proficiency"],"picked":"SKIP","floor":3},{"not_picked":["theWildCard:ShieldOfMany","theWildCard:SeveringSlash"],"picked":"theWildCard:Attunement","floor":4},{"not_picked":["theWildCard:SeveringSlash","theWildCard:UnendingRitual"],"picked":"theWildCard:ArcanaArtistry","floor":7},{"not_picked":["theWildCard:ManOfManyFaces","theWildCard:Safeguard"],"picked":"theWildCard:FinalHour","floor":8},{"not_picked":["theWildCard:ManOfManyFaces","theWildCard:EnergizedStroke"],"picked":"theWildCard:StingingStrike","floor":11},{"not_picked":["theWildCard:UnendingRitual","theWildCard:SeveringSlash","theWildCard:StingingStrike"],"picked":"SKIP","floor":12},{"not_picked":["theWildCard:StalwartBlade","theWildCard:Unburden"],"picked":"theWildCard:MagicMettle","floor":13},{"not_picked":["theWildCard:Proficiency","theWildCard:MagicalMight"],"picked":"theWildCard:Metatron","floor":14},{"not_picked":["theWildCard:StingingStrike","theWildCard:Scathach+1","theWildCard:StalwartBlade"],"picked":"SKIP","floor":18},{"not_picked":["theWildCard:BladeOfGenerations","theWildCard:ArcaneArts"],"picked":"theWildCard:PowerOfTheArcana","floor":19},{"not_picked":["theWildCard:MagicalMight","theWildCard:StalwartBlade"],"picked":"theWildCard:Impatience","floor":21},{"not_picked":["theWildCard:IdentityTheft","theWildCard:Michael","theWildCard:Proficiency"],"picked":"SKIP","floor":23},{"not_picked":["theWildCard:Metatron","theWildCard:EnergizedStroke","theWildCard:PaleRider"],"picked":"SKIP","floor":27},{"not_picked":["theWildCard:Sakuya","theWildCard:ManOfManyFaces"],"picked":"theWildCard:ArchaicAssault","floor":29},{"not_picked":["theWildCard:ArcaneArts","theWildCard:StingingStrike+1"],"picked":"theWildCard:Amaterasu","floor":30},{"not_picked":["theWildCard:BladeOfGenerations","theWildCard:MasterPlan+1","theWildCard:MaskChange"],"picked":"SKIP","floor":30},{"not_picked":["theWildCard:TheGreatSeal","theWildCard:SeveringSlash","theWildCard:StingingStrike"],"picked":"SKIP","floor":31},{"not_picked":["theWildCard:ArchaicAssault+1","theWildCard:UnderLockAndKey","theWildCard:Loki"],"picked":"SKIP","floor":31},{"not_picked":["theWildCard:FuelForTheFire","theWildCard:Overwhelm"],"picked":"theWildCard:TheArcanaUnleashed","floor":33},{"not_picked":["theWildCard:SacrificialStroke+1","theWildCard:MagicMettle","theWildCard:SeveringSlash"],"picked":"SKIP","floor":35},{"not_picked":["theWildCard:StingingStrike+1","theWildCard:SeveringSlash","theWildCard:PaleRider+1"],"picked":"SKIP","floor":35},{"not_picked":["theWildCard:Abstinence+1","theWildCard:StalwartBlade+1","theWildCard:SeveringSlash"],"picked":"SKIP","floor":36},{"not_picked":["theWildCard:Unburden","theWildCard:ArcaneArts","theWildCard:ArcanaArtistry"],"picked":"SKIP","floor":36},{"not_picked":["theWildCard:EnergizedStroke","theWildCard:CryOfAgony+1"],"picked":"theWildCard:Proficiency+1","floor":39},{"not_picked":["theWildCard:SeveringSlash+1","theWildCard:ArchaicAssault+1","theWildCard:ArcaneArts"],"picked":"SKIP","floor":39},{"not_picked":["theWildCard:Amaterasu","theWildCard:EnergizedStroke+1","theWildCard:StingingStrike"],"picked":"SKIP","floor":41},{"not_picked":["theWildCard:MagicalMight+1","theWildCard:SeveringSlash","theWildCard:Attunement"],"picked":"SKIP","floor":41},{"not_picked":["theWildCard:SacrificialStroke","theWildCard:Safeguard","theWildCard:ManOfManyFaces+1"],"picked":"SKIP","floor":42},{"not_picked":["theWildCard:ArchaicAssault","theWildCard:Proficiency+1","theWildCard:EnergizedStroke+1"],"picked":"SKIP","floor":42},{"not_picked":["theWildCard:SeveringSlash+1","theWildCard:Providence+1","theWildCard:Metatron"],"picked":"SKIP","floor":44},{"not_picked":["theWildCard:Patience+1","theWildCard:StalwartBlade+1","theWildCard:IdentityTheft+1"],"picked":"SKIP","floor":44},{"not_picked":["theWildCard:SeveringSlash+1","theWildCard:Polydeuces+1","theWildCard:ArcaneArts+1"],"picked":"SKIP","floor":47},{"not_picked":["theWildCard:Michael+1","theWildCard:SacrificialStroke+1","theWildCard:PowerOfTheArcana+1"],"picked":"SKIP","floor":47}],"player_experience":123273,"relics_obtained":[{"floor":8,"key":"TungstenRod"},{"floor":9,"key":"Toy Ornithopter"},{"floor":11,"key":"HornCleat"},{"floor":23,"key":"Bag of Preparation"},{"floor":24,"key":"Meat on the Bone"},{"floor":26,"key":"theWildCard:MemoriesOfPhantasm"},{"floor":29,"key":"Prayer Wheel"},{"floor":37,"key":"Bird Faced Urn"},{"floor":43,"key":"Molten Egg 2"}],"event_choices":[{"damage_healed":0,"gold_gain":0,"player_choice":"Donut","damage_taken":0,"max_hp_gain":5,"max_hp_loss":0,"event_name":"Big Fish","floor":5,"gold_loss":0},{"damage_healed":0,"gold_gain":30,"player_choice":"Searched \u00272\u0027 times","damage_taken":0,"max_hp_gain":0,"max_hp_loss":0,"event_name":"Dead Adventurer","floor":10,"gold_loss":0},{"damage_healed":0,"gold_gain":0,"player_choice":"Read","damage_taken":0,"max_hp_gain":0,"max_hp_loss":0,"event_name":"The Library","floor":20,"gold_loss":0,"cards_obtained":["theWildCard:ShieldOfMany"]},{"damage_healed":0,"gold_gain":0,"player_choice":"Simplicity","damage_taken":0,"max_hp_gain":0,"max_hp_loss":0,"event_name":"Back to Basics","floor":22,"gold_loss":0,"cards_upgraded":["theWildCard:BasicStrike","theWildCard:BasicStrike","theWildCard:BasicStrike","theWildCard:BasicStrike","theWildCard:BasicDefend","theWildCard:BasicDefend","theWildCard:BasicDefend","theWildCard:BasicDefend"]},{"damage_healed":0,"gold_gain":0,"player_choice":"Fight","damage_taken":0,"max_hp_gain":0,"max_hp_loss":0,"event_name":"Mysterious Sphere","floor":37,"gold_loss":0},{"cards_removed":["theWildCard:Attunement"],"damage_healed":0,"gold_gain":0,"player_choice":"Upgrade and Remove","damage_taken":0,"max_hp_gain":0,"max_hp_loss":0,"event_name":"Designer","floor":38,"gold_loss":90,"cards_upgraded":["theWildCard:MagicMettle"]},{"damage_healed":0,"gold_gain":0,"player_choice":"Bought 0 Potions","damage_taken":0,"max_hp_gain":0,"max_hp_loss":0,"event_name":"The Woman in Blue","floor":46,"gold_loss":0}],"is_beta":false,"boss_relics":[{"not_picked":["Tiny House","Sozu"],"picked":"Philosopher\u0027s Stone"},{"not_picked":["Runic Pyramid","Empty Cage"],"picked":"theWildCard:FigureOfDeath"}],"items_purged_floors":[25,45],"is_endless":false,"potions_floor_spawned":[1,4,8,12,14,19,21,30,31,36,37,42,44],"ascension_level":0}}