{"host":"766wsm9lakadcpgc","time":1613902908,"event":{"mods":["Alarm Clock","BaseMod","Bestiary","Block Reminder","Colored Map","Colored Powertips","Curses Come First","Dark Map","Minty Spire (QoL Compilation)","Quick Restart","RNG Fix","Relic Stats","Smile Girya","StSLib","everything is the same but u backflip on backflip","ojb\u0027s Better Paths Mod","ojb\u0027s Info Mod","slay the spire mod where everything is the same but ironclad has a cowboy hat"],"gold_per_floor":[16,36,54,54,64,98,23,51,51,83,83,83,94,110,110,213,213,232,247,263,281,297,332,348,374,401,430,133,133,163,178,178,276,326,336,354,64,64,25,51,51,84,161,173,198,248,44,61,61,61],"floor_reached":51,"language":"ENG","playtime":1777,"items_purged":["Regret","Strike_R"],"score":1398,"play_id":"88f6b661-916a-4de9-9f2d-2bf0dd8eb4f9","local_time":"20210221052148","is_ascension_mode":true,"campfire_choices":[{"data":"Shrug It Off","floor":11,"key":"SMITH"},{"data":"Body Slam","floor":15,"key":"SMITH"},{"floor":32,"key":"REST"},{"floor":49,"key":"REST"}],"circlet_count":0,"master_deck":["Strike_R","Strike_R+1","Strike_R","Strike_R","Defend_R","Defend_R","Defend_R","Defend_R","Bash","Cleave","Dramatic Entrance","Dramatic Entrance","Dramatic Entrance","Dramatic Entrance","Dramatic Entrance","Dramatic Entrance","Dramatic Entrance","Dramatic Entrance+1","Dramatic Entrance","Fiend Fire","Dark Embrace+1","Body Slam+1","Shrug It Off+1","Rage+1","Power Through+1","Second Wind+1","Feed+1","True Grit+1","Shrug It Off+1","Armaments+1","Dual Wield+1","Flame Barrier+1","Flame Barrier+1","Entrench+1","Shrug It Off+1","Impervious+1","Metallicize+1","Corruption+1","Power Through+1","Dark Embrace+1","Dark Embrace+1","Entrench+1","Offering+1","Shockwave+1","Seeing Red+1","Inflame+1","Burning Pact+1","Impervious+1","Demon Form+1"],"relics":["Burning Blood","FossilizedHelix","Ornamental Fan","Whetstone","Anchor","Toxic Egg 2","Oddly Smooth Stone","Fusion Hammer","Matryoshka","Sundial","Bag of Marbles","Blood Vial","Smiling Mask","Frozen Egg 2","Potion Belt","Question Card","Tiny House","Calipers","Red Skull","Pantograph","Eternal Feather","Bottled Tornado","Self Forming Clay","Gambling Chip"],"acts_visited":["Exordium","TheCity","TheBeyond"],"potions_floor_usage":[13,33,33,42,42,50,50,50,50],"damage_taken":[{"damage":0.0,"enemies":"2 Louse","floor":1.0,"turns":2.0},{"damage":0.0,"enemies":"Cultist","floor":2.0,"turns":1.0},{"damage":0.0,"enemies":"Jaw Worm","floor":3.0,"turns":1.0},{"damage":0.0,"enemies":"Exordium Wildlife","floor":5.0,"turns":1.0},{"damage":0.0,"enemies":"3 Sentries","floor":6.0,"turns":1.0},{"damage":0,"enemies":"Gremlin Nob","floor":8,"turns":1},{"damage":0,"enemies":"3 Sentries","floor":10,"turns":1},{"damage":0,"enemies":"Looter","floor":13,"turns":1},{"damage":0,"enemies":"Exordium Thugs","floor":14,"turns":1},{"damage":46,"enemies":"The Guardian","floor":16,"turns":10},{"damage":0,"enemies":"Shell Parasite","floor":18,"turns":1},{"damage":0,"enemies":"Spheric Guardian","floor":19,"turns":1},{"damage":0,"enemies":"Cultist and Chosen","floor":20,"turns":2},{"damage":0,"enemies":"Shelled Parasite and Fungi","floor":21,"turns":2},{"damage":0,"enemies":"Sentry and Sphere","floor":22,"turns":1},{"damage":0,"enemies":"Slavers","floor":23,"turns":1},{"damage":0,"enemies":"Centurion and Healer","floor":24,"turns":1},{"damage":0,"enemies":"Gremlin Leader","floor":25,"turns":2},{"damage":0,"enemies":"Book of Stabbing","floor":27,"turns":3},{"damage":0,"enemies":"Slavers","floor":30,"turns":1},{"damage":0,"enemies":"Snake Plant","floor":31,"turns":4},{"damage":0,"enemies":"Collector","floor":33,"turns":3},{"damage":0,"enemies":"3 Shapes","floor":35,"turns":4},{"damage":0,"enemies":"Orb Walker","floor":36,"turns":1},{"damage":0,"enemies":"Nemesis","floor":40,"turns":5},{"damage":0,"enemies":"Giant Head","floor":42,"turns":6},{"damage":0,"enemies":"Jaw Worm Horde","floor":44,"turns":1},{"damage":0,"enemies":"Reptomancer","floor":45,"turns":2},{"damage":0,"enemies":"Mind Bloom Boss Battle","floor":46,"turns":1},{"damage":0,"enemies":"Transient","floor":48,"turns":2},{"damage":0,"enemies":"Donu and Deca","floor":50,"turns":5}],"seed_played":"5477905674660052133","potions_obtained":[{"floor":2.0,"key":"Strength Potion"},{"floor":5.0,"key":"Swift Potion"},{"floor":10,"key":"Fruit Juice"},{"floor":13,"key":"ColorlessPotion"},{"floor":27,"key":"LiquidMemories"},{"floor":31,"key":"SteroidPotion"},{"floor":34,"key":"ElixirPotion"},{"floor":35,"key":"AttackPotion"},{"floor":40,"key":"Regen Potion"},{"floor":46,"key":"ColorlessPotion"},{"floor":48,"key":"ColorlessPotion"}],"is_trial":false,"path_per_floor":["M","M","M","?","M","E","$","E","T","E","R","?","M","M","R","B",null,"M","M","M","M","M","E","M","E","T","E","$","?","E","M","R","B",null,"M","M","$","?","$","E","?","E","T","M","E","?","$","M","R","B",null],"character_chosen":"IRONCLAD","items_purchased":["Frozen Egg 2","Calipers","Entrench+1","Impervious+1","SkillPotion"],"campfire_rested":2,"item_purchase_floors":[28,37,39,47,47],"current_hp_per_floor":[80,80,80,80,80,80,80,80,80,80,80,80,85,85,85,45,85,85,85,85,85,85,85,85,85,85,88,88,88,88,91,91,91,96,100,100,100,100,100,104,104,108,108,108,112,116,116,120,120,120],"gold":61,"neow_bonus":"ONE_RARE_RELIC","is_daily":false,"chose_seed":false,"campfire_upgraded":2,"win_rate":0.0,"timestamp":1613902908,"path_taken":["M","M","M","?","M","E","$","E","T","E","R","?","M","M","R","BOSS","M","M","M","M","M","E","M","E","T","E","$","?","E","M","R","BOSS","M","M","$","?","$","E","?","E","T","M","E","?","?","M","R","BOSS"],"items_purchased_type":["Relic","Relic","Card","Card","Potion"],"build_version":"2020-12-22","purchased_purges":2,"victory":true,"max_hp_per_floor":[80,80,80,80,80,80,80,80,80,80,80,80,85,85,85,85,85,85,85,85,85,85,85,85,85,85,88,88,88,88,91,91,91,96,100,100,100,100,100,104,104,108,108,108,112,116,116,120,120,120],"relic_stats":{"counters":[31,69],"Self Forming Clay":[0],"Eternal Feather":0,"Whetstone":["Strike_R","Dramatic Entrance"],"Smiling Mask":50,"Question Card":11,"Burning Blood":6,"Blood Vial":0,"Ornamental Fan":[308],"Sundial":[4],"Pantograph":0,"Gambling Chip":[0],"obtain_stats":[{"Potion Belt":29,"Tiny House":34,"Calipers":37,"Self Forming Clay":45,"Oddly Smooth Stone":10,"Eternal Feather":43,"Whetstone":6,"Frozen Egg 2":28,"Bottled Tornado":43,"Smiling Mask":27,"Question Card":30,"Burning Blood":0,"Blood Vial":26,"Anchor":8,"Matryoshka":23,"Ornamental Fan":4,"Sundial":25,"Pantograph":42,"Gambling Chip":46,"Fusion Hammer":17,"Bag of Marbles":26,"Toxic Egg 2":9,"FossilizedHelix":0,"Red Skull":40},{"Potion Belt":19,"Tiny House":22,"Calipers":24,"Self Forming Clay":28,"Oddly Smooth Stone":7,"Eternal Feather":26,"Whetstone":5,"Frozen Egg 2":19,"Bottled Tornado":26,"Smiling Mask":19,"Question Card":20,"Burning Blood":0,"Blood Vial":18,"Anchor":6,"Matryoshka":16,"Ornamental Fan":3,"Sundial":18,"Pantograph":26,"Gambling Chip":29,"Fusion Hammer":10,"Bag of Marbles":18,"Toxic Egg 2":6,"FossilizedHelix":0,"Red Skull":25},{"Potion Belt":34,"Tiny House":42,"Calipers":47,"Self Forming Clay":61,"Oddly Smooth Stone":8,"Eternal Feather":58,"Whetstone":6,"Frozen Egg 2":34,"Bottled Tornado":58,"Smiling Mask":34,"Question Card":35,"Burning Blood":0,"Blood Vial":31,"Anchor":7,"Matryoshka":28,"Ornamental Fan":4,"Sundial":31,"Pantograph":58,"Gambling Chip":62,"Fusion Hammer":20,"Bag of Marbles":31,"Toxic Egg 2":7,"FossilizedHelix":0,"Red Skull":52}]},"card_choices":[{"not_picked":["True Grit","Perfected Strike"],"picked":"Cleave","floor":1.0},{"not_picked":["Burning Pact","Sword Boomerang"],"picked":"Fiend Fire","floor":2.0},{"not_picked":["Headbutt","Body Slam"],"picked":"Dark Embrace","floor":3.0},{"not_picked":["Cleave","Warcry","Pommel Strike"],"picked":"SKIP","floor":5.0},{"not_picked":["Seeing Red","Blood for Blood"],"picked":"Body Slam","floor":6},{"not_picked":["Anger","Pummel"],"picked":"Shrug It Off","floor":8},{"not_picked":["Pummel","Heavy Blade"],"picked":"Rage+1","floor":10},{"not_picked":["Spot Weakness+1","Thunderclap"],"picked":"Power Through+1","floor":13},{"not_picked":["Clash","Combust"],"picked":"Second Wind+1","floor":14},{"not_picked":["Bludgeon","Juggernaut"],"picked":"Feed","floor":16},{"not_picked":["Shrug It Off+1","Flex+1"],"picked":"True Grit+1","floor":18},{"not_picked":["Heavy Blade","Thunderclap"],"picked":"Shrug It Off+1","floor":19},{"not_picked":["Searing Blow+1","Iron Wave"],"picked":"Armaments+1","floor":20},{"not_picked":["Cleave","Perfected Strike"],"picked":"Dual Wield+1","floor":21},{"not_picked":["Sword Boomerang","Feed"],"picked":"Flame Barrier+1","floor":22},{"not_picked":["Combust","Clash","Armaments+1"],"picked":"SKIP","floor":23},{"not_picked":["Anger+1","Body Slam"],"picked":"Flame Barrier+1","floor":24},{"not_picked":["Spot Weakness+1","Feed"],"picked":"Entrench+1","floor":25},{"not_picked":["Uppercut","Clothesline"],"picked":"Shrug It Off+1","floor":27},{"not_picked":["Shockwave+1","Blood for Blood"],"picked":"Impervious+1","floor":30},{"not_picked":["Headbutt","Twin Strike","Shrug It Off+1"],"picked":"Metallicize+1","floor":31},{"not_picked":["Brutality+1","Reaper","Fiend Fire"],"picked":"Corruption+1","floor":33},{"not_picked":["Dropkick","Headbutt","Cleave"],"picked":"Power Through+1","floor":34},{"not_picked":["Sword Boomerang+1","Body Slam","Headbutt+1"],"picked":"Dark Embrace+1","floor":35},{"not_picked":["Pommel Strike","Blood for Blood+1","Twin Strike"],"picked":"Dark Embrace+1","floor":36},{"not_picked":["Rupture+1","Heavy Blade","Dual Wield+1"],"picked":"Offering+1","floor":40},{"not_picked":["Disarm+1","Dropkick","True Grit+1"],"picked":"Shockwave+1","floor":42},{"not_picked":["Headbutt","Cleave+1","Clash+1"],"picked":"Seeing Red+1","floor":44},{"not_picked":["Armaments+1","Sword Boomerang+1","Flex+1"],"picked":"Inflame+1","floor":45},{"not_picked":["Thunderclap","Heavy Blade","Sever Soul"],"picked":"Burning Pact+1","floor":46},{"not_picked":["Shockwave+1","Headbutt+1","Disarm+1"],"picked":"Demon Form+1","floor":48}],"player_experience":417063,"relics_obtained":[{"floor":6,"key":"Whetstone"},{"floor":8,"key":"Anchor"},{"floor":9,"key":"Toxic Egg 2"},{"floor":10,"key":"Oddly Smooth Stone"},{"floor":23,"key":"Matryoshka"},{"floor":25,"key":"Sundial"},{"floor":26,"key":"Bag of Marbles"},{"floor":26,"key":"Blood Vial"},{"floor":27,"key":"Smiling Mask"},{"floor":30,"key":"Question Card"},{"floor":40,"key":"Red Skull"},{"floor":42,"key":"Pantograph"},{"floor":43,"key":"Eternal Feather"},{"floor":43,"key":"Bottled Tornado"},{"floor":45,"key":"Self Forming Clay"},{"floor":46,"key":"Gambling Chip"}],"event_choices":[{"damage_healed":0.0,"max_hp_gain":0.0,"max_hp_loss":0.0,"gold_gain":0.0,"event_name":"Big Fish","player_choice":"Box","floor":4.0,"gold_loss":0.0,"damage_taken":0.0,"relics_obtained":["Ornamental Fan"],"cards_obtained":["Regret"]},{"damage_healed":0,"gold_gain":0,"player_choice":"Leave","damage_taken":0,"max_hp_gain":0,"max_hp_loss":0,"event_name":"The Cleric","floor":12,"gold_loss":0},{"damage_healed":0,"gold_gain":0,"player_choice":"Opened","damage_taken":0,"relics_obtained":["Potion Belt"],"max_hp_gain":0,"max_hp_loss":0,"event_name":"The Mausoleum","floor":29,"gold_loss":0},{"damage_healed":0,"gold_gain":0,"player_choice":"Upgraded","damage_taken":0,"max_hp_gain":0,"max_hp_loss":0,"event_name":"Upgrade Shrine","floor":38,"gold_loss":0,"cards_upgraded":["Dark Embrace"]},{"cards_removed":["Dramatic Entrance"],"damage_healed":0,"gold_gain":0,"player_choice":"Removed Attack","damage_taken":0,"max_hp_gain":0,"max_hp_loss":0,"event_name":"Falling","floor":41,"gold_loss":0},{"damage_healed":0,"gold_gain":0,"player_choice":"Fight","damage_taken":0,"max_hp_gain":0,"max_hp_loss":0,"event_name":"MindBloom","floor":46,"gold_loss":0}],"is_beta":false,"boss_relics":[{"not_picked":["Mark of Pain","Busted Crown"],"picked":"Fusion Hammer"},{"not_picked":["Black Blood","Velvet Choker"],"picked":"Tiny House"}],"items_purged_floors":[7,28],"is_endless":false,"potions_floor_spawned":[2,5,10,13,14,19,20,22,24,27,31,35,40,46,48],"ascension_level":1}}