{"host":"u2qrfxkm3wve0vp3","time":1613919670,"event":{"mods":["AchievementEnabler","BaseMod","Better Match","Better Note","Better Third Choice","Better Vampires","Downfall","Minty Spire (QoL Compilation)","Quick Restart","Shop Mod","StSLib","The Cursed","The Marked","The Servant 0.9.4"],"gold_per_floor":[114,114,125,50,63,63,90,90,114,131,147,157,221,241,241,241,241],"floor_reached":16,"language":"ZHS","playtime":573,"items_purged":[],"score":107,"play_id":"8106dbb2-81d5-4156-963c-d01f5bcfea86","local_time":"20210221230110","is_ascension_mode":true,"campfire_choices":[{"data":"KidneyShot","floor":6,"key":"SMITH"},{"data":"SilverBlades","floor":15,"key":"SMITH"}],"circlet_count":0,"master_deck":["Strike_S","Strike_S","Strike_S","Strike_S","Defend_S","Defend_S","Defend_S","KidneyShot+1","Exchange","InstantArmor","Solidify","SilverBlades+1","WasteNot","Luminosity","SurpressingFire"],"relics":["Uniform","Anchor","Akabeko","Oddly Smooth Stone","Ornamental Fan","Odd Mushroom"],"acts_visited":["Exordium"],"potions_floor_usage":[14,16],"damage_taken":[{"damage":0,"enemies":"Jaw Worm","floor":1,"turns":3},{"damage":0,"enemies":"Cultist","floor":3,"turns":4},{"damage":1,"enemies":"2 Louse","floor":5,"turns":1},{"damage":19,"enemies":"3 Sentries","floor":7,"turns":7},{"damage":0,"enemies":"Looter","floor":10,"turns":1},{"damage":1,"enemies":"Large Slime","floor":11,"turns":4},{"damage":0,"enemies":"Exordium Wildlife","floor":12,"turns":3},{"damage":0,"enemies":"3 Sentries","floor":13,"turns":7},{"damage":2,"enemies":"The Mushroom Lair","floor":14,"turns":2},{"damage":57,"enemies":"Slime Boss","floor":16,"turns":9}],"seed_played":"3864676101713550994","potions_obtained":[{"floor":5,"key":"Fire Potion"},{"floor":10,"key":"DuplicationPotion"},{"floor":12,"key":"EssenceOfSteel"},{"floor":14,"key":"Regen Potion"}],"is_trial":false,"path_per_floor":["M","?","M","$","M","R","E","?","T","M","M","M","?","?","R","B"],"character_chosen":"THE_SERVANT","items_purchased":["SilverBlades"],"campfire_rested":0,"item_purchase_floors":[4],"current_hp_per_floor":[65,70,70,70,69,69,50,50,50,50,49,49,49,47,47,0,0],"gold":241,"neow_bonus":"TRANSFORM_CARD","is_daily":false,"chose_seed":false,"campfire_upgraded":2,"win_rate":0.0,"timestamp":1613919670,"path_taken":["M","?","M","$","M","R","E","?","T","M","M","?","?","?","R","BOSS"],"items_purchased_type":["Card"],"build_version":"2020-12-22","purchased_purges":0,"victory":false,"max_hp_per_floor":[65,70,70,70,70,70,70,70,70,70,70,70,70,70,70,70,70],"card_choices":[{"not_picked":["Rearm","Potential","Collapse"],"picked":"SKIP","floor":1},{"not_picked":["ShatteredReality","BottledTime"],"picked":"Solidify","floor":3},{"not_picked":["Misdirection","Snipe","Alleviate"],"picked":"SKIP","floor":5},{"not_picked":["StarChef","TimeWarp"],"picked":"WasteNot","floor":7},{"not_picked":["Potential","Ricochet"],"picked":"Luminosity","floor":10},{"not_picked":["Gouge","BottledTime"],"picked":"SurpressingFire","floor":11},{"not_picked":["FastForward","Defy","RealityMarble"],"picked":"SKIP","floor":12}],"player_experience":348826,"relics_obtained":[{"floor":7,"key":"Anchor"},{"floor":8,"key":"Akabeko"},{"floor":9,"key":"Oddly Smooth Stone"},{"floor":14,"key":"Odd Mushroom"}],"event_choices":[{"damage_healed":0,"gold_gain":0,"player_choice":"Donut","damage_taken":0,"max_hp_gain":5,"max_hp_loss":0,"event_name":"Big Fish","floor":2,"gold_loss":0},{"damage_healed":0,"gold_gain":0,"player_choice":"Relic","damage_taken":0,"max_hp_gain":0,"max_hp_loss":0,"event_name":"Wheel of Change","floor":8,"gold_loss":0},{"damage_healed":0,"gold_gain":30,"player_choice":"Searched \u00273\u0027 times","damage_taken":0,"relics_obtained":["Ornamental Fan"],"max_hp_gain":0,"max_hp_loss":0,"event_name":"Dead Adventurer","floor":13,"gold_loss":0},{"damage_healed":0,"gold_gain":0,"player_choice":"Fought Mushrooms","damage_taken":0,"max_hp_gain":0,"max_hp_loss":0,"event_name":"Mushrooms","floor":14,"gold_loss":0}],"is_beta":false,"boss_relics":[],"items_purged_floors":[],"is_endless":false,"potions_floor_spawned":[5,10,12,13,14],"killed_by":"Slime Boss","ascension_level":1}}