{"host":"g5ocrzbvbwpvypv7","time":1613882215,"event":{"mods":["AchievementEnabler","BaseMod","Colored Map","Custom Start","DeckTracker","KOR Keyword Fix","Minty Spire (QoL Compilation)","Rare Cards Sparkle","StSLib","SuperFastMode","everything is the same but u backflip on backflip"],"gold_per_floor":[117,128,142,162,179,179,206,226,226,226,226],"floor_reached":10,"language":"KOR","playtime":327,"items_purged":[],"score":101,"play_id":"8a5495af-11cb-432d-8114-e527c0ea82f7","local_time":"20210221133655","is_ascension_mode":true,"campfire_choices":[{"data":"Loop","floor":6.0,"key":"SMITH"}],"circlet_count":0,"master_deck":["Strike_B","Strike_B","Strike_B","Strike_B","Defend_B","Defend_B","Defend_B","Defend_B","Zap","Dualcast","Seek","Cold Snap","Loop+1","Turbo","Hologram","Coolheaded"],"relics":["Cracked Core","Bottled Flame","Matryoshka"],"acts_visited":["Exordium"],"potions_floor_usage":[7,7],"damage_taken":[{"damage":4.0,"enemies":"Jaw Worm","floor":1.0,"turns":3.0},{"damage":1.0,"enemies":"2 Louse","floor":2.0,"turns":3.0},{"damage":4.0,"enemies":"Cultist","floor":3.0,"turns":3.0},{"damage":3.0,"enemies":"2 Fungi Beasts","floor":4.0,"turns":4.0},{"damage":8.0,"enemies":"Looter","floor":5.0,"turns":3.0},{"damage":29,"enemies":"Gremlin Nob","floor":7,"turns":6},{"damage":3,"enemies":"Large Slime","floor":8,"turns":7},{"damage":3,"enemies":"3 Sentries","floor":10,"turns":2}],"seed_played":"3875078095686484412","potions_obtained":[{"floor":2.0,"key":"Weak Potion"},{"floor":5.0,"key":"SkillPotion"},{"floor":8,"key":"LiquidBronze"}],"is_trial":false,"path_per_floor":["M","M","M","M","M","R","E","M","T","E"],"character_chosen":"DEFECT","items_purchased":[],"campfire_rested":0,"item_purchase_floors":[],"current_hp_per_floor":[64,63,59,56,48,48,19,16,16,13,13],"gold":226,"neow_bonus":"ONE_RANDOM_RARE_CARD","is_daily":false,"chose_seed":false,"campfire_upgraded":1,"win_rate":0.0,"timestamp":1613882215,"path_taken":["M","M","M","M","M","R","E","M","T","E"],"items_purchased_type":[],"build_version":"2020-12-22","purchased_purges":0,"victory":false,"max_hp_per_floor":[75,75,75,75,75,75,75,75,75,75,75],"card_choices":[{"not_picked":["Conserve Battery","Go for the Eyes"],"picked":"Cold Snap","floor":1.0},{"not_picked":["Go for the Eyes","Gash","Redo"],"picked":"SKIP","floor":2.0},{"not_picked":["Sweeping Beam","Cold Snap"],"picked":"Loop","floor":3.0},{"not_picked":["Sunder","Sweeping Beam"],"picked":"Turbo","floor":4.0},{"not_picked":["Turbo","Rip and Tear","Scrape"],"picked":"SKIP","floor":5.0},{"not_picked":["Darkness","Melter"],"picked":"Hologram","floor":7},{"not_picked":["Chaos","Meteor Strike"],"picked":"Coolheaded","floor":8}],"player_experience":356691,"relics_obtained":[{"floor":7,"key":"Bottled Flame"},{"floor":9,"key":"Matryoshka"}],"event_choices":[],"is_beta":false,"boss_relics":[],"items_purged_floors":[],"is_endless":false,"potions_floor_spawned":[2,5,8],"killed_by":"3 Sentries","ascension_level":8}}