{"host":"iodn1af76021fjto","time":1613948679,"event":{"mods":["AchievementEnabler","BaseMod","BetterRewards","Colored Map","Downfall","Hermit","Infinite Spire","Jorbs\u0027s Wanderer Trilogy","Minty Spire (QoL Compilation)","Quick Restart","StSLib","SuperFastMode","The Cursed","The Hierophant","The Jungle","The Runesmith","The Servant 0.9.4"],"gold_per_floor":[113,46,63,78,94,120,77,97,174,200,218,255,255,37,37,142,142,161,135,144,144,168,168,213,229,256,279,320,329,371,390,390,504,504,531,531,560,560,570,597,597,628,628,652,668,715,715,715,715,721,721,721,24,68,84],"floor_reached":56,"language":"ENG","playtime":3069,"items_purged":["Strike_G","Strike_G","Strike_G"],"score":1608,"play_id":"4456174d-006f-4d45-a085-44861b5deace","local_time":"20210221180439","is_ascension_mode":true,"campfire_choices":[{"data":"Leg Sweep","floor":13,"key":"SMITH"},{"data":"Footwork","floor":15,"key":"SMITH"},{"data":"Adrenaline","floor":23,"key":"SMITH"},{"data":"Terror","floor":32,"key":"SMITH"},{"floor":41,"key":"RECALL"},{"data":"Burst","floor":47,"key":"SMITH"},{"data":"infinitespire:Gouge","floor":49,"key":"SMITH"},{"data":"Deflect","floor":52,"key":"SMITH"}],"circlet_count":0,"master_deck":["Strike_G","Strike_G","Defend_G","Defend_G","Defend_G","Defend_G","Defend_G","Survivor","Neutralize","Cloak And Dagger","Infinite Blades","Predator","Sucker Punch","Backstab","Underhanded Strike","Leg Sweep+1","Cloak And Dagger","Underhanded Strike","Footwork+1","Adrenaline+1","Well Laid Plans","Infinite Blades+1","Necronomicurse","Accuracy+1","Ghostly","Ghostly","Ghostly","Ghostly+1","Ghostly+1","Terror+1","Deflect+1","infinitespire:Gouge+1","Outmaneuver","Blade Dance","Burst+1","Blur+1","Prepared+1","PiercingWail+1","Tools of the Trade"],"relics":["Ring of the Snake","Akabeko","Slimebound:PreparedRelic","Tingsha","CeramicFish","Blood Vial","SlaversCollar","Necronomicon","Omamori","infinitespire:Midas Blood","FossilizedHelix","infinitespire:Satchel","Coffee Dripper","Lantern","Ring of the Serpent","Ancient Tea Set","infinitespire:ShieldingShard","Shovel","Ice Cream","War Paint","Frozen Eye","Anchor"],"acts_visited":["Exordium","TheCity","TheBeyond","TheEnding"],"potions_floor_usage":[16,16,22,50,55,55],"damage_taken":[{"damage":0,"enemies":"Small Slimes","floor":1,"turns":5},{"damage":4,"enemies":"Jaw Worm","floor":3,"turns":4},{"damage":0,"enemies":"Cultist","floor":4,"turns":3},{"damage":1,"enemies":"Looter","floor":5,"turns":4},{"damage":18,"enemies":"3 Sentries","floor":6,"turns":9},{"damage":0,"enemies":"2 Fungi Beasts","floor":8,"turns":2},{"damage":15,"enemies":"Lagavulin","floor":10,"turns":8},{"damage":0,"enemies":"3 Louse","floor":11,"turns":3},{"damage":10,"enemies":"3 Sentries","floor":12,"turns":9},{"damage":4,"enemies":"The Guardian","floor":16,"turns":18},{"damage":24,"enemies":"Spheric Guardian","floor":18,"turns":10},{"damage":6,"enemies":"2 Thieves","floor":19,"turns":5},{"damage":10,"enemies":"Shelled Parasite and Fungi","floor":22,"turns":4},{"damage":0,"enemies":"Snake Plant","floor":25,"turns":4},{"damage":25,"enemies":"Cultist and Chosen","floor":27,"turns":12},{"damage":0,"enemies":"Slavers","floor":28,"turns":7},{"damage":1,"enemies":"Book of Stabbing","floor":30,"turns":5},{"damage":0,"enemies":"Shelled Parasite and Fungi","floor":31,"turns":5},{"damage":0,"enemies":"Collector","floor":33,"turns":6},{"damage":0,"enemies":"Orb Walker","floor":35,"turns":2},{"damage":0,"enemies":"3 Shapes","floor":37,"turns":4},{"damage":0,"enemies":"3 Darklings","floor":39,"turns":5},{"damage":0,"enemies":"Nemesis","floor":40,"turns":7},{"damage":0,"enemies":"Giant Head","floor":42,"turns":7},{"damage":0,"enemies":"Spire Growth","floor":44,"turns":4},{"damage":0,"enemies":"4 Shapes","floor":45,"turns":5},{"damage":0,"enemies":"2 Orb Walkers","floor":46,"turns":4},{"damage":34,"enemies":"Time Eater","floor":50,"turns":11},{"damage":0,"enemies":"Shield and Spear","floor":54,"turns":7},{"damage":26,"enemies":"The Heart","floor":55,"turns":11}],"seed_played":"-4317970692005555077","potions_obtained":[{"floor":1,"key":"SkillPotion"},{"floor":3,"key":"bronze:BurnAndBuffPotion"},{"floor":10,"key":"Block Potion"},{"floor":18,"key":"Energy Potion"},{"floor":30,"key":"SkillPotion"},{"floor":31,"key":"LiquidBronze"},{"floor":37,"key":"Fire Potion"},{"floor":40,"key":"champ:CounterPotion"},{"floor":45,"key":"Weak Potion"},{"floor":54,"key":"PowerPotion"}],"is_trial":false,"path_per_floor":["M","$","M","M","M","E","?","M","T","E","M","E","R","$","R","B",null,"M","M","?","$","M","R","?","M","T","M","E","AVR","E","M","R","B",null,"M","AVR","M","?","M","E","R","E","T","M","M","?","R","?","R","B",null,"R","$","E","B",null],"character_chosen":"THE_SILENT","items_purchased":["Infinite Blades","Blood Vial","Ice Cream","War Paint","Frozen Eye"],"campfire_rested":0,"item_purchase_floors":[2,14,53,53,53],"current_hp_per_floor":[77,77,73,73,72,54,54,54,54,39,39,29,29,29,29,27,77,53,49,33,33,25,25,25,27,27,4,6,6,7,9,9,11,38,38,38,38,38,38,38,38,38,38,38,38,38,38,38,38,4,38,38,38,38,12],"gold":84,"neow_bonus":"TEN_PERCENT_HP_BONUS","is_daily":false,"chose_seed":false,"campfire_upgraded":7,"win_rate":0.0,"timestamp":1613948679,"path_taken":["M","$","M","M","M","E","?","M","T","E","M","E","R","$","R","BOSS","M","M","?","$","M","R","?","M","T","M","E","AVR","E","M","R","BOSS","M","AVR","M","?","M","E","R","E","T","M","?","?","R","?","R","BOSS","R","$","E","BOSS"],"items_purchased_type":["Card","Relic","Relic","Relic","Relic"],"build_version":"2020-12-22","purchased_purges":3,"victory":true,"max_hp_per_floor":[77,77,77,77,77,77,77,77,77,77,77,77,77,77,77,77,77,77,77,77,77,77,77,38,38,38,38,38,38,38,38,38,38,38,38,38,38,38,38,38,38,38,38,38,38,38,38,38,38,38,38,38,38,38,38],"card_choices":[{"not_picked":["Bouncing Flask","Quick Slash"],"picked":"Cloak And Dagger","floor":1},{"not_picked":["Deadly Poison","Quick Slash"],"picked":"Predator","floor":3},{"not_picked":["Acrobatics","Blur"],"picked":"Sucker Punch","floor":4},{"not_picked":["Prepared","Phantasmal Killer"],"picked":"Backstab","floor":5},{"not_picked":["Corpse Explosion","Noxious Fumes"],"picked":"Underhanded Strike","floor":6},{"not_picked":["Sucker Punch","Setup"],"picked":"Leg Sweep","floor":8},{"not_picked":["Acrobatics","Glass Knife"],"picked":"Cloak And Dagger","floor":10},{"not_picked":["Blade Dance","Backflip"],"picked":"Underhanded Strike","floor":11},{"not_picked":["Skewer","Prepared"],"picked":"Footwork","floor":12},{"not_picked":["infinitespire:Neurotoxin","Doppelganger"],"picked":"Adrenaline","floor":16},{"not_picked":["Caltrops+1","PiercingWail"],"picked":"Well Laid Plans","floor":18},{"not_picked":["Dash","Slice"],"picked":"Infinite Blades+1","floor":19},{"not_picked":["Backflip","Prepared"],"picked":"Accuracy+1","floor":22},{"not_picked":["Dodge and Roll","Predator+1","Flechettes"],"picked":"SKIP","floor":25},{"not_picked":["Slice","Masterful Stab"],"picked":"Terror","floor":27},{"not_picked":["Dagger Throw","Slice"],"picked":"Deflect","floor":28},{"not_picked":["Quick Slash+1","Dodge and Roll"],"picked":"Outmaneuver","floor":30},{"not_picked":["Deadly Poison","Poisoned Stab"],"picked":"Blade Dance","floor":31},{"not_picked":["Corpse Explosion","Unload"],"picked":"Burst","floor":33},{"not_picked":["Blade Dance","Backflip"],"picked":"Blur+1","floor":35},{"not_picked":["Backflip","Cloak And Dagger"],"picked":"Prepared+1","floor":37},{"not_picked":["Deadly Poison","Deflect","Heel Hook+1"],"picked":"SKIP","floor":39},{"not_picked":["Eviscerate","Infinite Blades+1","Tactician+1"],"picked":"SKIP","floor":40},{"not_picked":["Dagger Spray","Poisoned Stab+1","Night Terror"],"picked":"SKIP","floor":42},{"not_picked":["Reflex+1","Dagger Throw"],"picked":"PiercingWail+1","floor":44},{"not_picked":["Blade Dance","Noxious Fumes+1","Slice+1"],"picked":"SKIP","floor":45},{"not_picked":["Malaise","PiercingWail+1"],"picked":"Tools of the Trade","floor":54}],"player_experience":287974,"relics_obtained":[{"floor":6,"key":"Akabeko"},{"floor":9,"key":"Slimebound:PreparedRelic"},{"floor":10,"key":"Tingsha"},{"floor":12,"key":"CeramicFish"},{"floor":20,"key":"Necronomicon"},{"floor":26,"key":"Omamori"},{"floor":28,"key":"infinitespire:Midas Blood"},{"floor":30,"key":"infinitespire:Satchel"},{"floor":40,"key":"Ancient Tea Set"},{"floor":42,"key":"infinitespire:ShieldingShard"},{"floor":46,"key":"Shovel"},{"floor":54,"key":"Anchor"}],"event_choices":[{"damage_healed":0,"gold_gain":0,"player_choice":"Left Gold","damage_taken":0,"max_hp_gain":0,"max_hp_loss":0,"event_name":"World of Goop","floor":7,"gold_loss":43},{"damage_healed":0,"gold_gain":0,"player_choice":"Obtained Book","damage_taken":16,"max_hp_gain":0,"max_hp_loss":0,"event_name":"Cursed Tome","floor":20,"gold_loss":0},{"damage_healed":0,"gold_gain":0,"player_choice":"Became a Ghost","damage_taken":0,"max_hp_gain":0,"max_hp_loss":39,"event_name":"Ghosts","floor":24,"gold_loss":0,"cards_obtained":["Ghostly","Ghostly","Ghostly","Ghostly","Ghostly"]},{"damage_healed":0,"gold_gain":0,"player_choice":"Bought 0 Potions","damage_taken":0,"max_hp_gain":0,"max_hp_loss":0,"event_name":"The Woman in Blue","floor":38,"gold_loss":0},{"damage_healed":0,"gold_gain":0,"player_choice":"Fight","damage_taken":0,"max_hp_gain":0,"max_hp_loss":0,"event_name":"Mysterious Sphere","floor":46,"gold_loss":0},{"damage_healed":0,"gold_gain":0,"player_choice":"Ignored","damage_taken":0,"max_hp_gain":0,"max_hp_loss":0,"event_name":"Tomb of Lord Red Mask","floor":48,"gold_loss":0}],"is_beta":false,"boss_relics":[{"not_picked":["Runesmith:UraniumAnvil","Snecko Eye"],"picked":"SlaversCollar"},{"not_picked":["Runic Dome","Velvet Choker"],"picked":"Coffee Dripper"}],"items_purged_floors":[14,36,53],"is_endless":false,"potions_floor_spawned":[1,3,10,12,18,30,31,37,40,42,45,54],"ascension_level":3}}