{"host":"kw4o7b3ro2ktmmbe","time":1613897677,"event":{"mods":["100% Spire Juice","BaseMod","Bossed Relics","Energized Spire","Evolution","Minty Spire (QoL Compilation)","StSLib"],"gold_per_floor":[118,118,118,16,30,30,30,30,99,99,112,133,13,31,31,130,0,15,31,31,31],"floor_reached":20,"language":"ENG","playtime":1196,"items_purged":[],"score":274,"play_id":"5931827c-ed21-4fb0-abc0-f555805a806f","local_time":"20210221215437","is_ascension_mode":true,"campfire_choices":[{"data":"Moonworks:StiffCrystal","floor":6,"key":"SMITH"},{"data":"Moonworks:EvilSpyWorkPreparation","floor":8,"key":"SMITH"},{"floor":10,"key":"REST"},{"floor":13,"key":"REST"},{"data":"Moonworks:MetallicMonocoque","floor":15,"key":"SMITH"}],"circlet_count":0,"master_deck":["AscendersBane","Moonworks:Strike","Moonworks:Strike","Moonworks:Strike","Moonworks:Defend","Moonworks:Defend","Moonworks:Defend","Moonworks:Defend","Moonworks:Ambush","Moonworks:LongDistanceShot","Moonworks:StiffCrystal+1","Moonworks:EvilSpyWorkPreparation+1","Moonworks:NicePresent","Moonworks:MetallicMonocoque+1","Moonworks:WeAreWaruda","Moonworks:Strike","Moonworks:FinalBattle","Moonworks:CloudOfSeagulls","Moonworks:EvilSpyWorkPreparation+1"],"relics":["Moonworks:Homemark","EVO:Axolotl","SlaversCollar","Golden Idol","Shuriken","energizedSpire:HugeHouse"],"acts_visited":["Exordium","TheCity"],"potions_floor_usage":[14,16],"damage_taken":[{"damage":3.0,"enemies":"2 Louse","floor":1.0,"turns":4.0},{"damage":4,"enemies":"Small Slimes","floor":4,"turns":4},{"damage":10,"enemies":"Cultist","floor":5,"turns":5},{"damage":4,"enemies":"Blue Slaver","floor":11,"turns":4},{"damage":12,"enemies":"Large Slime","floor":12,"turns":5},{"damage":10,"enemies":"Lots of Slimes","floor":14,"turns":3},{"damage":6,"enemies":"The Guardian","floor":16,"turns":7},{"damage":26,"enemies":"2 Thieves","floor":18,"turns":4},{"damage":11,"enemies":"Spheric Guardian","floor":19,"turns":4},{"damage":9,"enemies":"Snake Plant","floor":20,"turns":1}],"seed_played":"3692046134490293965","potions_obtained":[{"floor":1.0,"key":"Dexterity Potion"},{"floor":5,"key":"Strength Potion"},{"floor":16,"key":"DistilledChaos"}],"is_trial":false,"path_per_floor":["M","?","?","M","M","R","?","R","T","R","M","M","R","M","R","B",null,"M","M","M"],"character_chosen":"THE_STARBREAKER","items_purchased":[],"campfire_rested":2,"item_purchase_floors":[],"current_hp_per_floor":[51,44,44,40,30,30,15,15,15,33,29,17,35,25,25,19,46,20,9,0,0],"gold":31,"neow_bonus":"BOSS_RELIC","is_daily":false,"chose_seed":false,"campfire_upgraded":3,"win_rate":0.0,"timestamp":1613897677,"path_taken":["M","?","?","M","?","R","?","R","T","R","M","M","R","M","R","BOSS","M","M","M"],"items_purchased_type":[],"build_version":"2020-12-22","purchased_purges":0,"victory":false,"max_hp_per_floor":[60,60,60,60,60,60,60,60,60,60,60,60,60,60,60,60,55,55,55,55,55],"card_choices":[{"not_picked":["Moonworks:ImmovableObject","Moonworks:AwakeningOfTalent"],"picked":"Moonworks:StiffCrystal","floor":1.0},{"not_picked":["Moonworks:Assault","Moonworks:MixPhenomenon"],"picked":"Moonworks:EvilSpyWorkPreparation","floor":4},{"not_picked":["Moonworks:JonathanRush","Moonworks:ImOnFire"],"picked":"Moonworks:NicePresent","floor":5},{"not_picked":["Moonworks:JonathanRush","Moonworks:ImOnFire"],"picked":"Moonworks:UnpaidWork","floor":11},{"not_picked":["Moonworks:UnpaidWork","Moonworks:AngelHand","Moonworks:Assault"],"picked":"SKIP","floor":12},{"not_picked":["Moonworks:EvilSpyWorkPreparation","Moonworks:Assault"],"picked":"Moonworks:MetallicMonocoque","floor":14},{"not_picked":["Moonworks:RocketCannon","Moonworks:Gamble"],"picked":"Moonworks:WeAreWaruda","floor":16},{"not_picked":["Moonworks:ImOnFire","Moonworks:BigMagnum"],"picked":"Moonworks:CloudOfSeagulls","floor":18},{"not_picked":["Moonworks:BigMagnum","Moonworks:NicePresent"],"picked":"Moonworks:EvilSpyWorkPreparation+1","floor":19}],"player_experience":1955657,"relics_obtained":[{"floor":9,"key":"Shuriken"}],"event_choices":[{"cards_removed":["Moonworks:Strike"],"damage_healed":0.0,"max_hp_gain":0.0,"max_hp_loss":0.0,"gold_gain":0.0,"event_name":"Golden Wing","player_choice":"Card Removal","floor":2.0,"gold_loss":0.0,"damage_taken":7.0},{"damage_healed":0,"gold_gain":0,"player_choice":"Ignored","damage_taken":0,"max_hp_gain":0,"max_hp_loss":0,"event_name":"Transmorgrifier","floor":3,"gold_loss":0},{"damage_healed":0,"gold_gain":0,"player_choice":"Take Damage","damage_taken":15,"relics_obtained":["Golden Idol"],"max_hp_gain":0,"max_hp_loss":0,"event_name":"Golden Idol","floor":7,"gold_loss":0}],"is_beta":false,"boss_relics":[{"not_picked":["energizedSpire:StickyHand","Sozu"],"picked":"energizedSpire:HugeHouse"}],"items_purged_floors":[],"is_endless":false,"potions_floor_spawned":[1,5,12,16],"killed_by":"Snake Plant","ascension_level":13}}