{"host":"y9sq25med6ebkxz5","time":1613911085,"event":{"mods":["2.2 Compatiblity","AchievementEnabler","BaseMod","Card Forge","Colored Map","Colored Powertips","DeckTracker","Friendly Minions","Minty Spire (QoL Compilation)","Permanent Neow","Remove Card Discount Mod","Shop Mod","StSLib","SuperFastMode","Thrall Mod","WarShipGirlsR/??á´Ò³R mod"],"gold_per_floor":[116,116,132,147,147,147,174,174,174,194,209,244,264,291,291,368,368,380,392,392,408,408,443,443,775,826,826,826,842,53,83,83,155,155,165,184,14,14,24,59,59,92,92,117,134,145,179,191,191,191,191,191,15,42,42],"floor_reached":56,"language":"KOR","playtime":2609,"items_purged":[],"score":2707,"play_id":"f50f3ddf-8bcc-4790-bca2-6fc2d5f62d8a","local_time":"20210221213805","is_ascension_mode":true,"campfire_choices":[{"floor":6,"key":"RECALL"},{"floor":8,"key":"REST"},{"floor":15,"key":"REST"},{"data":"1","floor":32,"key":"LIFT"},{"data":"2","floor":41,"key":"LIFT"},{"floor":49,"key":"REST"},{"data":"3","floor":52,"key":"LIFT"}],"circlet_count":0,"master_deck":["AscendersBane","Survivor+1","Neutralize+1","Venomology+1","Venomology+1","rmod:chargemoney+1","Backstab+1","Cloak And Dagger+1","Cloak And Dagger+1","Blade Dance+1","Backstab+1","Blade Dance+1","Cloak And Dagger+1","Accuracy+1","Adrenaline+1","Envenom+1","CurseOfTheBell","Accuracy+1","Accuracy+1","Cloak And Dagger+1"],"relics":["Ring of the Snake","Hammer of Thor","Seething Fire","Anvil of the Gods","Dream Catcher","Tough Bandages","Gremlin Horn","Regal Pillow","The Courier","Nunchaku","MerchantsRug","Ginger","Mummified Hand","Pen Nib","Bag of Marbles","Torii","TwistedFunnel","Akabeko","Blue Candle","Shuriken","Toolbox","Bag of Preparation","Pear","Kunai"],"acts_visited":["Exordium","TheCity","TheBeyond","TheEnding"],"potions_floor_usage":[3,3,4,4,7,7,7,11,12,13,13,14,14,14,16,16,18,18,19,19,21,21,21,23,23,25,29,29,31,31,33,33,33,35,36,40,42,42,44,45,45,46,46,46,47,48,48,54,55,55,55],"damage_taken":[{"damage":3,"enemies":"2 Louse","floor":1,"turns":3},{"damage":0,"enemies":"Cultist","floor":3,"turns":4},{"damage":0,"enemies":"Jaw Worm","floor":4,"turns":2},{"damage":3,"enemies":"Lagavulin","floor":7,"turns":6},{"damage":0,"enemies":"Looter","floor":10,"turns":2},{"damage":0,"enemies":"2 Fungi Beasts","floor":11,"turns":1},{"damage":0,"enemies":"3 Sentries","floor":12,"turns":3},{"damage":0,"enemies":"Large Slime","floor":13,"turns":2},{"damage":5,"enemies":"Gremlin Nob","floor":14,"turns":3},{"damage":0,"enemies":"Slime Boss","floor":16,"turns":4},{"damage":0,"enemies":"Spheric Guardian","floor":18,"turns":3},{"damage":5,"enemies":"Shell Parasite","floor":19,"turns":2},{"damage":9,"enemies":"Shelled Parasite and Fungi","floor":21,"turns":2},{"damage":3,"enemies":"Book of Stabbing","floor":23,"turns":3},{"damage":0,"enemies":"Slavers","floor":25,"turns":1},{"damage":0,"enemies":"Cultist and Chosen","floor":29,"turns":2},{"damage":14,"enemies":"Book of Stabbing","floor":31,"turns":2},{"damage":7,"enemies":"Champ","floor":33,"turns":4},{"damage":17,"enemies":"3 Shapes","floor":35,"turns":1},{"damage":0,"enemies":"Orb Walker","floor":36,"turns":2},{"damage":0,"enemies":"Spire Growth","floor":39,"turns":1},{"damage":0,"enemies":"Giant Head","floor":40,"turns":3},{"damage":4,"enemies":"Nemesis","floor":42,"turns":3},{"damage":0,"enemies":"Reptomancer","floor":44,"turns":2},{"damage":0,"enemies":"Sphere and 2 Shapes","floor":45,"turns":2},{"damage":22,"enemies":"4 Shapes","floor":46,"turns":2},{"damage":0,"enemies":"Nemesis","floor":47,"turns":1},{"damage":0,"enemies":"Spire Growth","floor":48,"turns":2},{"damage":41,"enemies":"Awakened One","floor":50,"turns":5},{"damage":0,"enemies":"Shield and Spear","floor":54,"turns":2},{"damage":113,"enemies":"The Heart","floor":55,"turns":6}],"seed_played":"1209943172885188923","potions_obtained":[{"floor":4,"key":"FairyPotion"},{"floor":12,"key":"Regen Potion"},{"floor":16,"key":"LiquidMemories"},{"floor":19,"key":"Energy Potion"},{"floor":21,"key":"GamblersBrew"},{"floor":31,"key":"FearPotion"},{"floor":35,"key":"Fruit Juice"},{"floor":36,"key":"Swift Potion"},{"floor":54,"key":"Strength Potion"}],"is_trial":false,"path_per_floor":["M","$","M","M","?","R","E","R","T","M","M","E","M","E","R","B",null,"M","M","?","M","?","E","R","E","T","R","?","M","$","E","R","B",null,"M","M","$","?","M","E","R","E","T","E","M","M","E","M","R","B",null,"R","$","E","B",null],"character_chosen":"THE_SILENT","items_purchased":["MerchantsRug","Ginger","Mummified Hand","Pen Nib","Girya","TwistedFunnel","Akabeko","Toolbox","Bag of Preparation","Pear"],"campfire_rested":3,"item_purchase_floors":[30,30,30,30,30,37,37,53,53,53],"current_hp_per_floor":[56,56,56,56,56,56,53,66,66,66,66,66,66,61,66,66,66,66,61,75,75,75,72,72,72,72,72,49,49,49,35,35,28,71,54,61,61,61,63,65,65,63,63,65,67,45,45,47,95,54,93,93,103,103,34],"gold":42,"neow_bonus":"RANDOM_COMMON_RELIC","is_daily":false,"chose_seed":false,"campfire_upgraded":0,"win_rate":0.0,"timestamp":1613911085,"path_taken":["M","$","M","M","?","R","E","R","T","?","M","E","M","E","R","BOSS","M","M","?","M","?","E","R","E","T","R","?","M","$","E","R","BOSS","M","M","$","?","M","E","R","E","T","E","M","M","E","M","R","BOSS","R","$","E","BOSS"],"items_purchased_type":["Relic","Relic","Relic","Relic","Relic","Relic","Relic","Relic","Relic","Relic"],"build_version":"2020-12-22","purchased_purges":0,"victory":true,"max_hp_per_floor":[66,66,66,66,66,66,66,66,66,66,66,66,66,66,66,66,66,66,66,80,80,80,80,80,80,80,80,85,85,85,85,85,85,85,85,92,92,92,94,96,96,98,98,100,102,102,102,104,106,106,106,106,116,116,116],"card_choices":[{"not_picked":["Infinite Blades","Acrobatics"],"picked":"Backstab","floor":1},{"not_picked":["Deflect","Heel Hook"],"picked":"Cloak And Dagger","floor":3},{"not_picked":["Dagger Throw","Flying Knee","Underhanded Strike"],"picked":"SKIP","floor":4},{"not_picked":["Choke","Bane"],"picked":"Cloak And Dagger","floor":7},{"not_picked":["Dodge and Roll","Prepared","PiercingWail"],"picked":"SKIP","floor":10},{"not_picked":["Leg Sweep","Dodge and Roll"],"picked":"Blade Dance","floor":11},{"not_picked":["Infinite Blades","Deadly Poison","Tactician"],"picked":"SKIP","floor":12},{"not_picked":["Unload","Backflip","Deadly Poison"],"picked":"SKIP","floor":13},{"not_picked":["Underhanded Strike","Quick Slash","Accuracy"],"picked":"SKIP","floor":14},{"not_picked":["Deadly Poison","Distraction"],"picked":"Backstab","floor":15},{"not_picked":["Die Die Die","Storm of Steel"],"picked":"Corpse Explosion","floor":16},{"not_picked":["Flying Knee+1","Slice","Flechettes"],"picked":"SKIP","floor":18},{"not_picked":["Heel Hook","Bane"],"picked":"Blade Dance","floor":19},{"not_picked":["Outmaneuver","Finisher"],"picked":"Cloak And Dagger","floor":21},{"not_picked":["Backflip","Concentrate"],"picked":"Adrenaline","floor":23},{"not_picked":["Outmaneuver","Flying Knee"],"picked":"Deflect","floor":25},{"not_picked":["Prepared","Deadly Poison","Burst"],"picked":"SKIP","floor":29},{"not_picked":["Endless Agony","Sucker Punch","Backflip"],"picked":"SKIP","floor":31},{"not_picked":["Malaise","Venomology"],"picked":"Envenom","floor":33},{"not_picked":["PiercingWail+1","Bane+1"],"picked":"Accuracy","floor":35},{"not_picked":["Poisoned Stab+1","Dagger Spray","Backflip"],"picked":"Singing Bowl","floor":36},{"not_picked":["Flying Knee","Footwork+1","Outmaneuver"],"picked":"Singing Bowl","floor":39},{"not_picked":["Burst","Masterful Stab","Quick Slash"],"picked":"Singing Bowl","floor":40},{"not_picked":["Dagger Spray","Bane+1","Flying Knee+1"],"picked":"Singing Bowl","floor":42},{"not_picked":["Flying Knee","Leg Sweep+1","Masterful Stab+1"],"picked":"Singing Bowl","floor":44},{"not_picked":["Sucker Punch","Calculated Gamble","Slice"],"picked":"Singing Bowl","floor":45},{"not_picked":["Blur","Sucker Punch"],"picked":"Accuracy+1","floor":46},{"not_picked":["Choke+1","Setup"],"picked":"Cloak And Dagger","floor":47},{"not_picked":["Dodge and Roll+1","Underhanded Strike","Flying Knee"],"picked":"Singing Bowl","floor":48},{"not_picked":["Deflect+1","Underhanded Strike","Bullet Time"],"picked":"Singing Bowl","floor":49},{"not_picked":["Concentrate","Acrobatics","Leg Sweep"],"picked":"SKIP","floor":54}],"player_experience":485117,"relics_obtained":[{"floor":7,"key":"Tough Bandages"},{"floor":9,"key":"Gremlin Horn"},{"floor":12,"key":"Regal Pillow"},{"floor":14,"key":"The Courier"},{"floor":23,"key":"Nunchaku"},{"floor":25,"key":"Old Coin"},{"floor":31,"key":"Centennial Puzzle"},{"floor":34,"key":"Bag of Marbles"},{"floor":34,"key":"Singing Bowl"},{"floor":34,"key":"Torii"},{"floor":40,"key":"Blue Candle"},{"floor":42,"key":"Whetstone"},{"floor":43,"key":"Frozen Egg 2"},{"floor":44,"key":"Gambling Chip"},{"floor":47,"key":"Shuriken"},{"floor":54,"key":"Kunai"}],"event_choices":[{"damage_healed":0,"gold_gain":0,"player_choice":"0 cards matched","damage_taken":0,"max_hp_gain":0,"max_hp_loss":0,"event_name":"Match and Keep!","floor":5,"gold_loss":0,"cards_obtained":[]},{"damage_healed":0,"gold_gain":0,"player_choice":"Opened","damage_taken":0,"relics_obtained":["Mango"],"max_hp_gain":0,"max_hp_loss":0,"event_name":"The Mausoleum","floor":20,"gold_loss":0,"cards_obtained":["Writhe"]},{"damage_healed":0,"gold_gain":0,"player_choice":"Read","damage_taken":0,"max_hp_gain":0,"max_hp_loss":0,"event_name":"The Library","floor":22,"gold_loss":0,"cards_obtained":["Accuracy"]},{"damage_healed":0,"gold_gain":0,"player_choice":"Shed Blood","damage_taken":28,"max_hp_gain":5,"max_hp_loss":0,"event_name":"Forgotten Altar","floor":28,"gold_loss":0},{"cards_removed":["Corpse Explosion"],"damage_healed":0,"gold_gain":0,"player_choice":"Removed Skill","damage_taken":0,"max_hp_gain":0,"max_hp_loss":0,"event_name":"Falling","floor":38,"gold_loss":0}],"is_beta":false,"boss_relics":[{"not_picked":["Ectoplasm","Sozu"],"picked":"Coffee Dripper"},{"not_picked":["Cursed Key","Pandora\u0027s Box"],"picked":"Calling Bell"}],"items_purged_floors":[],"is_endless":false,"potions_floor_spawned":[4,12,16,19,21,29,31,35,36,40,42,44,54],"ascension_level":17}}