{"host":"pqs17sqrgflf4eqa","time":1613938006,"event":{"mods":["AchievementEnabler","BaseMod","Bestiary","Better Altar","Better Match","Better Sensory Stone","Better Skull","Better Third Choice","Block Reminder","Bossed Relics","Colored Map","Colored Powertips","Curses Come First","Dark Map","DeckTracker","Defective Defect","Displayed Cursed Tome","Emptier Cage","Googly Eyes","Highlight Path","Minty Spire (QoL Compilation)","Permanent Neow","Poor People Problems","Quick Restart","Slay-I","StSLib","SuperFastMode","Synergy Search","Thieving Mod","Transform Curses","everything is the same but u backflip on backflip","slay the spire mod where everything is the same but ironclad has a cowboy hat"],"gold_per_floor":[109,109,109,6,29,29,71,94,94,94,122,122,157,7,7,145,145,163,163,192,214,214,252,6,47,115,134,134,268,1,31,31,165,165,189,189,43,81,5,45,45,45,45],"floor_reached":42,"language":"ENG","playtime":948,"items_purged":[],"score":627,"play_id":"9dddfd26-970c-4b33-acc1-c80365048253","local_time":"20210221150646","is_ascension_mode":true,"campfire_choices":[{"data":"Eruption","floor":6.0,"key":"SMITH"},{"data":"Scrawl","floor":10.0,"key":"SMITH"},{"data":"Vault","floor":12.0,"key":"SMITH"},{"data":"Vigilance","floor":15.0,"key":"SMITH"},{"data":"ForeignInfluence","floor":28,"key":"SMITH"},{"data":"Tantrum","floor":32,"key":"SMITH"}],"circlet_count":0,"master_deck":["Strike_P","Strike_P","Strike_P","Strike_P","Defend_P+1","Defend_P","Defend_P","Defend_P","Eruption+1","Vigilance+1","Scrawl+1","EmptyFist","BowlingBash","FollowUp","Wallop","Vault+1","Judgement+1","ThirdEye","ForeignInfluence+1","FollowUp","Tantrum+1","Protect","Vault","ForeignInfluence+1"],"relics":["PureWater","Golden Idol","CeramicFish","Tiny Chest","Meat on the Bone","Oddly Smooth Stone","Lantern","Astrolabe","Enchiridion","Singing Bowl","Calipers","Potion Belt","Turnip","HornCleat","Lizard Tail","White Beast Statue","War Paint","Pandora\u0027s Box","Nunchaku","Regal Pillow"],"acts_visited":["Exordium","TheCity","TheBeyond"],"potions_floor_usage":[23,27,29,29,33,33,33,33,33,40,40,42,42,42],"damage_taken":[{"damage":11.0,"enemies":"2 Louse","floor":1.0,"turns":2.0},{"damage":0.0,"enemies":"Small Slimes","floor":5.0,"turns":2.0},{"damage":8.0,"enemies":"Lagavulin","floor":7.0,"turns":5.0},{"damage":4.0,"enemies":"Jaw Worm","floor":11.0,"turns":2.0},{"damage":0.0,"enemies":"Gremlin Nob","floor":13.0,"turns":3.0},{"damage":0.0,"enemies":"Slime Boss","floor":16.0,"turns":5.0},{"damage":0,"enemies":"Spheric Guardian","floor":18,"turns":2},{"damage":0,"enemies":"Chosen","floor":20,"turns":3},{"damage":0,"enemies":"Snecko","floor":21,"turns":4},{"damage":16,"enemies":"Book of Stabbing","floor":23,"turns":6},{"damage":15,"enemies":"Slavers","floor":25,"turns":4},{"damage":5,"enemies":"Snake Plant","floor":27,"turns":2},{"damage":0,"enemies":"Colosseum Slavers","floor":29,"turns":1},{"damage":0,"enemies":"Colosseum Nobs","floor":29,"turns":3},{"damage":0,"enemies":"Shelled Parasite and Fungi","floor":31,"turns":3},{"damage":22,"enemies":"Collector","floor":33,"turns":5},{"damage":8,"enemies":"3 Shapes","floor":35,"turns":4},{"damage":0,"enemies":"Orb Walker","floor":38,"turns":1},{"damage":37,"enemies":"Nemesis","floor":40,"turns":7},{"damage":124,"enemies":"Giant Head","floor":42,"turns":9}],"seed_played":"1521723274221066952","potions_obtained":[{"floor":5.0,"key":"Block Potion"},{"floor":11.0,"key":"EntropicBrew"},{"floor":13.0,"key":"Fire Potion"},{"floor":23,"key":"Strength Potion"},{"floor":25,"key":"Fire Potion"},{"floor":27,"key":"FearPotion"},{"floor":29,"key":"DuplicationPotion"},{"floor":31,"key":"DistilledChaos"},{"floor":33,"key":"DistilledChaos"},{"floor":35,"key":"FearPotion"},{"floor":38,"key":"Strength Potion"},{"floor":40,"key":"Ancient Potion"}],"is_trial":false,"path_per_floor":["M","?","?","$","M","R","E","T","T","R","M","R","E","$","R","B",null,"M","?","M","M","T","E","$","E","T","M","R","?","$","M","R","B",null,"M","T","$","M","$","E","$","E"],"character_chosen":"WATCHER","items_purchased":["BowlingBash","SkillPotion","Lantern","Potion Belt","Explosive Potion","BlessingOfTheForge","Tantrum","War Paint","Block Potion","Nunchaku","StancePotion"],"campfire_rested":0,"item_purchase_floors":[4,4,14,24,24,24,30,30,30,37,39],"current_hp_per_floor":[61,61,61,61,61,61,53,53,53,53,49,49,49,49,49,49,67,67,51,51,51,51,37,37,36,36,45,45,45,45,45,45,35,73,65,65,65,67,67,44,44,0,0],"gold":45,"neow_bonus":"ONE_RANDOM_RARE_CARD","is_daily":false,"chose_seed":false,"campfire_upgraded":6,"win_rate":0.0,"timestamp":1613938006,"path_taken":["M","?","?","?","?","R","E","?","T","R","?","R","E","?","R","BOSS","M","?","M","M","?","E","$","E","T","?","R","?","?","M","R","BOSS","M","?","$","M","?","E","$","E"],"items_purchased_type":["Card","Potion","Relic","Relic","Potion","Potion","Card","Relic","Potion","Relic","Potion"],"build_version":"2020-12-22","purchased_purges":0,"victory":false,"max_hp_per_floor":[72,72,67,67,67,67,67,67,67,67,67,67,67,67,67,67,67,67,67,67,67,67,69,69,71,71,73,73,73,73,73,73,73,73,73,73,73,75,75,77,77,77,77],"card_choices":[{"not_picked":["Protect","EmptyMind"],"picked":"EmptyFist","floor":1.0},{"not_picked":["ThirdEye","Pray"],"picked":"FollowUp","floor":5.0},{"not_picked":["Halt","PathToVictory"],"picked":"Wallop","floor":7.0},{"not_picked":["Consecrate","SashWhip"],"picked":"Vault","floor":11.0},{"not_picked":["EmptyBody","Weave","CrushJoints"],"picked":"SKIP","floor":13.0},{"not_picked":["MasterReality","ConjureBlade"],"picked":"Judgement","floor":16.0},{"not_picked":["Evaluate+1","Crescendo","PathToVictory+1"],"picked":"SKIP","floor":18},{"not_picked":["LikeWater","PathToVictory+1"],"picked":"ThirdEye","floor":20},{"not_picked":["Perseverance+1","Consecrate"],"picked":"ForeignInfluence","floor":21},{"not_picked":["EmptyBody","CrushJoints","Alpha"],"picked":"Singing Bowl","floor":23},{"not_picked":["CrushJoints","ThirdEye","BowlingBash"],"picked":"Singing Bowl","floor":25},{"not_picked":["InnerPeace","Protect","Fasting2"],"picked":"Singing Bowl","floor":27},{"not_picked":["FlurryOfBlows","BowlingBash"],"picked":"FollowUp","floor":29},{"not_picked":["JustLucky","Wireheading"],"picked":"Protect","floor":31},{"not_picked":["MasterReality","Alpha"],"picked":"Vault","floor":33},{"not_picked":["FlyingSleeves","JustLucky"],"picked":"ForeignInfluence+1","floor":35},{"not_picked":["CrushJoints+1","Fasting2+1","Pray+1"],"picked":"Singing Bowl","floor":38},{"not_picked":["SashWhip","FollowUp+1","ThirdEye+1"],"picked":"Singing Bowl","floor":40}],"player_experience":154158,"relics_obtained":[{"floor":7.0,"key":"CeramicFish"},{"floor":8.0,"key":"Tiny Chest"},{"floor":9.0,"key":"Meat on the Bone"},{"floor":13.0,"key":"Oddly Smooth Stone"},{"floor":22,"key":"Singing Bowl"},{"floor":23,"key":"Calipers"},{"floor":25,"key":"Turnip"},{"floor":26,"key":"HornCleat"},{"floor":29,"key":"Lizard Tail"},{"floor":29,"key":"White Beast Statue"},{"floor":40,"key":"Regal Pillow"}],"event_choices":[{"damage_healed":0.0,"max_hp_gain":0.0,"max_hp_loss":0.0,"gold_gain":0.0,"event_name":"The Cleric","player_choice":"Leave","floor":2.0,"gold_loss":0.0,"damage_taken":0.0},{"damage_healed":0.0,"max_hp_gain":0.0,"max_hp_loss":5.0,"gold_gain":0.0,"event_name":"Golden Idol","player_choice":"Lose Max HP","floor":3.0,"gold_loss":0.0,"damage_taken":0.0,"relics_obtained":["Golden Idol"]},{"damage_healed":0,"gold_gain":0,"player_choice":"Obtained Book","damage_taken":16,"max_hp_gain":0,"max_hp_loss":0,"event_name":"Cursed Tome","floor":19,"gold_loss":0},{"damage_healed":0,"gold_gain":0,"player_choice":"Fight","damage_taken":0,"max_hp_gain":0,"max_hp_loss":0,"event_name":"Colosseum","floor":29,"gold_loss":0},{"damage_healed":0,"gold_gain":0,"player_choice":"Fought Nobs","damage_taken":0,"max_hp_gain":0,"max_hp_loss":0,"event_name":"Colosseum","floor":29,"gold_loss":0}],"is_beta":false,"boss_relics":[{"not_picked":["Runic Dome","SacredBark"],"picked":"Astrolabe"},{"not_picked":["HolyWater","Coffee Dripper"],"picked":"Pandora\u0027s Box"}],"items_purged_floors":[],"is_endless":false,"potions_floor_spawned":[5,11,13,23,25,27,29,29,31,33,35,38,40],"killed_by":"Giant Head","ascension_level":3}}