{"host":"4jj9j1v1tx707ann","time":1613904024,"event":{"mods":["AchievementEnabler","BaseMod","Colored Map","Keyboard Shortcuts","Minty Spire (QoL Compilation)","Permanent Neow","Quick Restart","Rare Cards Sparkle","StSLib","SuperFastMode","everything is the same but u backflip on backflip"],"gold_per_floor":[109,128,138,154,154,181,199,199,199,234,251,251,64,64,64,168,168,187,187,187,200,214,247,257,257,280,296,56,69,69,96,96,199,199,217,232,242,242,252,252,270,318,318,318,318,318,318,336,336,336],"floor_reached":51,"language":"KOR","playtime":1553,"items_purged":[],"score":861,"play_id":"09281ee5-1871-481b-8676-6aa816adac93","local_time":"20210221194024","is_ascension_mode":true,"campfire_choices":[{"data":"Noxious Fumes","floor":8.0,"key":"SMITH"},{"data":"Cloak And Dagger","floor":12.0,"key":"SMITH"},{"data":"Apotheosis","floor":15.0,"key":"SMITH"},{"floor":25.0,"key":"REST"},{"floor":32.0,"key":"REST"},{"floor":40.0,"key":"REST"},{"floor":45.0,"key":"REST"},{"data":"Writhe","floor":47.0,"key":"PURGE"},{"floor":49.0,"key":"REST"}],"circlet_count":0,"master_deck":["Strike_G","Strike_G","Defend_G","Defend_G+1","Defend_G+1","Defend_G","Defend_G","Survivor","Neutralize","Tactician","Dagger Throw","Noxious Fumes+1","Deadly Poison","Cloak And Dagger+1","Catalyst","Dodge and Roll","Apotheosis+1","Poisoned Stab","Burst","Bane+1","Footwork","Acrobatics","Corpse Explosion","Prepared","Venomology","Catalyst+1","Tools of the Trade","Footwork","Deflect+1","Underhanded Strike+1"],"relics":["Ring of the Serpent","Spirit Poop","War Paint","Ninja Scroll","Shovel","Fusion Hammer","Bottled Tornado","Question Card","Lantern","Bottled Lightning","MutagenicStrength","Peace Pipe","Centennial Puzzle"],"acts_visited":["Exordium","TheCity","TheBeyond"],"potions_floor_usage":[50,50],"damage_taken":[{"damage":2.0,"enemies":"Cultist","floor":1.0,"turns":5.0},{"damage":0.0,"enemies":"Jaw Worm","floor":2.0,"turns":6.0},{"damage":0.0,"enemies":"Small Slimes","floor":3.0,"turns":4.0},{"damage":4.0,"enemies":"Red Slaver","floor":4.0,"turns":5.0},{"damage":21.0,"enemies":"Lagavulin","floor":6.0,"turns":8.0},{"damage":0.0,"enemies":"Large Slime","floor":7.0,"turns":6.0},{"damage":12.0,"enemies":"Gremlin Nob","floor":10.0,"turns":4.0},{"damage":0.0,"enemies":"Lots of Slimes","floor":11.0,"turns":4.0},{"damage":22.0,"enemies":"Slime Boss","floor":16.0,"turns":8.0},{"damage":15.0,"enemies":"Spheric Guardian","floor":18.0,"turns":4.0},{"damage":6.0,"enemies":"Shell Parasite","floor":21.0,"turns":5.0},{"damage":11.0,"enemies":"Snake Plant","floor":22.0,"turns":5.0},{"damage":44.0,"enemies":"Book of Stabbing","floor":23.0,"turns":6.0},{"damage":4.0,"enemies":"Centurion and Healer","floor":24.0,"turns":5.0},{"damage":0.0,"enemies":"Chosen and Byrds","floor":27.0,"turns":4.0},{"damage":8.0,"enemies":"Sentry and Sphere","floor":29.0,"turns":5.0},{"damage":12.0,"enemies":"Champ","floor":33.0,"turns":4.0},{"damage":9.0,"enemies":"3 Shapes","floor":35.0,"turns":4.0},{"damage":24.0,"enemies":"3 Darklings","floor":36.0,"turns":2.0},{"damage":20.0,"enemies":"Spire Growth","floor":37.0,"turns":3.0},{"damage":12.0,"enemies":"4 Shapes","floor":39.0,"turns":3.0},{"damage":16.0,"enemies":"Jaw Worm Horde","floor":41.0,"turns":2.0},{"damage":33.0,"enemies":"2 Orb Walkers","floor":42.0,"turns":6.0},{"damage":10.0,"enemies":"3 Darklings","floor":48.0,"turns":4.0},{"damage":42,"enemies":"Time Eater","floor":50,"turns":4}],"seed_played":"8032313366714383122","potions_obtained":[{"floor":1.0,"key":"FearPotion"},{"floor":4.0,"key":"FairyPotion"},{"floor":7.0,"key":"Block Potion"},{"floor":11.0,"key":"Poison Potion"},{"floor":14.0,"key":"Dexterity Potion"},{"floor":21.0,"key":"Dexterity Potion"},{"floor":22.0,"key":"FearPotion"},{"floor":29.0,"key":"PowerPotion"},{"floor":35.0,"key":"Regen Potion"},{"floor":42.0,"key":"Explosive Potion"}],"is_trial":false,"path_per_floor":["M","M","M","M","?","E","M","R","T","E","M","R","$","?","R","B",null,"M","T","?","M","M","E","M","R","T","M","$","M","?","T","R","B",null,"M","M","M","?","M","R","M","?","T","?","R","?","R","M","R","B",null],"character_chosen":"THE_SILENT","items_purchased":["Apotheosis","Poisoned Stab","Bottled Lightning"],"campfire_rested":5,"item_purchase_floors":[13,13,28],"current_hp_per_floor":[68,68,68,64,64,43,43,43,43,31,31,31,31,31,31,9,70,55,55,70,64,53,9,5,26,26,26,26,18,18,18,39,27,70,61,42,22,22,10,31,15,13,13,13,34,52,52,42,63,21],"gold":336,"neow_bonus":"TRANSFORM_TWO_CARDS","is_daily":false,"chose_seed":false,"campfire_upgraded":3,"win_rate":0.0,"timestamp":1613904024,"path_taken":["M","?","M","M","?","E","M","R","T","E","?","R","$","?","R","BOSS","M","?","?","M","?","E","M","R","T","M","$","M","?","?","R","BOSS","M","M","?","?","M","R","?","?","T","?","R","?","R","M","R","BOSS"],"items_purchased_type":["Card","Card","Relic"],"build_version":"2020-12-22","purchased_purges":0,"victory":true,"max_hp_per_floor":[70,70,70,70,70,70,70,70,70,70,70,70,70,70,70,70,70,70,70,70,70,70,70,70,70,70,70,70,70,70,70,70,70,70,70,70,70,70,70,70,70,70,70,70,70,70,70,70,70,70],"card_choices":[{"not_picked":["Slice","Sucker Punch"],"picked":"Noxious Fumes","floor":1.0},{"not_picked":["Backflip","Acrobatics"],"picked":"Deadly Poison","floor":2.0},{"not_picked":["Quick Slash","Envenom"],"picked":"Cloak And Dagger","floor":3.0},{"not_picked":["Crippling Poison","Deadly Poison","Dagger Throw"],"picked":"SKIP","floor":4.0},{"not_picked":["Eviscerate","Deflect","Distraction"],"picked":"SKIP","floor":6.0},{"not_picked":["Poisoned Stab","Distraction"],"picked":"Catalyst","floor":7.0},{"not_picked":["Dagger Throw","Sucker Punch"],"picked":"Dodge and Roll","floor":10.0},{"not_picked":["Flying Knee","Dagger Spray","Cloak And Dagger"],"picked":"SKIP","floor":11.0},{"not_picked":["Wraith Form v2","Phantasmal Killer"],"picked":"Burst","floor":16.0},{"not_picked":["Underhanded Strike+1","Dagger Spray"],"picked":"Bane+1","floor":18.0},{"not_picked":["Sucker Punch","Deflect","Infinite Blades"],"picked":"SKIP","floor":21.0},{"not_picked":["Sucker Punch","Underhanded Strike+1"],"picked":"Footwork","floor":22.0},{"not_picked":["Crippling Poison","Backstab+1"],"picked":"Acrobatics","floor":23.0},{"not_picked":["Dagger Spray","Poisoned Stab+1","Deflect"],"picked":"Corpse Explosion","floor":24.0},{"not_picked":["Crippling Poison","Choke","Dagger Throw"],"picked":"Prepared","floor":27.0},{"not_picked":["Quick Slash","Flying Knee","Heel Hook","Bane+1"],"picked":"SKIP","floor":29.0},{"not_picked":["Bullet Time","Die Die Die","Wraith Form v2"],"picked":"Venomology","floor":33.0},{"not_picked":["Slice","Dagger Spray","Flying Knee"],"picked":"Catalyst+1","floor":35.0},{"not_picked":["Distraction+1","Acrobatics","Eviscerate","Predator"],"picked":"SKIP","floor":36.0},{"not_picked":["Outmaneuver","Acrobatics+1","Dodge and Roll"],"picked":"Tools of the Trade","floor":37.0},{"not_picked":["Sucker Punch+1","All Out Attack","Predator","Acrobatics+1"],"picked":"SKIP","floor":39.0},{"not_picked":["Deadly Poison+1","Cloak And Dagger","Quick Slash"],"picked":"Deflect+1","floor":41.0},{"not_picked":["Flechettes+1","Dodge and Roll","Underhanded Strike+1","Deadly Poison"],"picked":"SKIP","floor":48.0},{"not_picked":["Flechettes+1","Dodge and Roll","Deadly Poison"],"picked":"Underhanded Strike+1","floor":48.0}],"player_experience":186552,"relics_obtained":[{"floor":6.0,"key":"War Paint"},{"floor":9.0,"key":"Ninja Scroll"},{"floor":10.0,"key":"Shovel"},{"floor":19.0,"key":"Bottled Tornado"},{"floor":23.0,"key":"Question Card"},{"floor":26.0,"key":"Lantern"},{"floor":42.0,"key":"Peace Pipe"},{"floor":43.0,"key":"Centennial Puzzle"}],"event_choices":[{"cards_removed":["Injury"],"damage_healed":0.0,"max_hp_gain":0.0,"max_hp_loss":0.0,"gold_gain":0.0,"event_name":"Bonfire Elementals","player_choice":"Offered Curse","floor":5.0,"gold_loss":0.0,"damage_taken":0.0,"relics_obtained":["Spirit Poop"]},{"damage_healed":0.0,"max_hp_gain":0.0,"max_hp_loss":0.0,"gold_gain":0.0,"event_name":"Lab","player_choice":"Got Potions","floor":14.0,"gold_loss":0.0,"damage_taken":0.0},{"damage_healed":15.0,"max_hp_gain":0.0,"max_hp_loss":0.0,"gold_gain":0.0,"event_name":"Wheel of Change","player_choice":"Full Heal","floor":20.0,"gold_loss":0.0,"damage_taken":0.0},{"damage_healed":0.0,"max_hp_gain":0.0,"max_hp_loss":0.0,"gold_gain":0.0,"event_name":"Drug Dealer","player_choice":"Inject Mutagens","floor":30.0,"gold_loss":0.0,"damage_taken":0.0,"relics_obtained":["MutagenicStrength"]},{"damage_healed":0.0,"max_hp_gain":0.0,"max_hp_loss":0.0,"gold_gain":0.0,"event_name":"Duplicator","player_choice":"Copied","floor":38.0,"gold_loss":0.0,"damage_taken":0.0,"cards_obtained":["Footwork"]},{"damage_healed":0.0,"max_hp_gain":0.0,"max_hp_loss":0.0,"gold_gain":0.0,"event_name":"Mysterious Sphere","player_choice":"Fight","floor":42.0,"gold_loss":0.0,"damage_taken":0.0},{"cards_removed":["Strike_G"],"damage_healed":0.0,"max_hp_gain":0.0,"max_hp_loss":0.0,"gold_gain":0.0,"event_name":"Falling","player_choice":"Removed Attack","floor":44.0,"gold_loss":0.0,"damage_taken":0.0},{"damage_healed":18.0,"max_hp_gain":0.0,"max_hp_loss":0.0,"gold_gain":0.0,"event_name":"Winding Halls","player_choice":"Writhe","floor":46.0,"gold_loss":0.0,"damage_taken":0.0,"cards_obtained":["Writhe"]}],"is_beta":false,"boss_relics":[{"not_picked":["Velvet Choker","Black Star"],"picked":"Fusion Hammer"},{"not_picked":["Runic Pyramid","Sozu"],"picked":"Ring of the Serpent"}],"items_purged_floors":[],"is_endless":false,"potions_floor_spawned":[1,4,7,11,21,22,29,35,42,48],"ascension_level":4}}