{"host":"kpyf5rnb72uwap8k","time":1613940164,"event":{"mods":["AchievementEnabler","BaseMod","Colored Map","Colored Powertips","DeckTracker","Minty Spire (QoL Compilation)","Permanent Neow","Quick Restart","StSLib","SuperFastMode"],"gold_per_floor":[115,133,133,133,11,11,41,41,41,76,76,89,89,103,103,202,202,214,214,17,32,45,45,77,77,125,85,118,118,40,54,54,159,159,177,196,25,42,8,8,42,56,56,67,81,95,95,108,108,108],"floor_reached":51,"language":"KOR","playtime":2118,"items_purged":["Strike_B","Defend_B"],"score":829,"play_id":"13207826-e675-4d00-9aca-083cdf1d859d","local_time":"20210222054244","is_ascension_mode":true,"campfire_choices":[{"data":"Sunder","floor":6.0,"key":"SMITH"},{"data":"Beam Cell","floor":8.0,"key":"SMITH"},{"data":"Conserve Battery","floor":15.0,"key":"SMITH"},{"floor":23.0,"key":"REST"},{"data":"Static Discharge","floor":25.0,"key":"SMITH"},{"data":"Meteor Strike","floor":29.0,"key":"SMITH"},{"data":"Glacier","floor":32.0,"key":"SMITH"},{"data":"Defend_B","floor":40.0,"key":"PURGE"},{"data":"Coolheaded","floor":49,"key":"SMITH"}],"circlet_count":0,"master_deck":["Defend_B","Zap","Dualcast","Skim","Coolheaded+1","Conserve Battery+1","Sunder+1","Beam Cell+1","Double Energy+1","Machine Learning","Meteor Strike+1","Turbo","Static Discharge+1","Hologram+1","Glacier+1","Creative AI","Reinforced Body+1","BootSequence+1","Melter+1","Turbo","Skim","Sunder"],"relics":["Cracked Core","Eternal Feather","Mercury Hourglass","Peace Pipe","Pantograph","Snecko Eye","Enchiridion","Gambling Chip","Bag of Marbles","Ginger","Astrolabe","Orichalcum","PreservedInsect"],"acts_visited":["Exordium","TheCity","TheBeyond"],"potions_floor_usage":[44,45],"damage_taken":[{"damage":7.0,"enemies":"2 Louse","floor":1.0,"turns":3.0},{"damage":5.0,"enemies":"Small Slimes","floor":2.0,"turns":3.0},{"damage":13.0,"enemies":"3 Sentries","floor":7.0,"turns":5.0},{"damage":10.0,"enemies":"Lagavulin","floor":10.0,"turns":3.0},{"damage":0.0,"enemies":"Cultist","floor":12.0,"turns":2.0},{"damage":0.0,"enemies":"Looter","floor":14.0,"turns":1.0},{"damage":41.0,"enemies":"Hexaghost","floor":16.0,"turns":9.0},{"damage":29.0,"enemies":"2 Thieves","floor":18.0,"turns":4.0},{"damage":13.0,"enemies":"3 Byrds","floor":21.0,"turns":2.0},{"damage":0.0,"enemies":"3 Cultists","floor":22.0,"turns":4.0},{"damage":6.0,"enemies":"Book of Stabbing","floor":24.0,"turns":3.0},{"damage":12.0,"enemies":"Gremlin Leader","floor":28.0,"turns":5.0},{"damage":2.0,"enemies":"Chosen and Byrds","floor":31.0,"turns":4.0},{"damage":6.0,"enemies":"Champ","floor":33.0,"turns":6.0},{"damage":0.0,"enemies":"Orb Walker","floor":35.0,"turns":3.0},{"damage":0.0,"enemies":"3 Darklings","floor":36.0,"turns":5.0},{"damage":0.0,"enemies":"Transient","floor":38.0,"turns":5.0},{"damage":16,"enemies":"Nemesis","floor":41,"turns":7},{"damage":0,"enemies":"Sphere and 2 Shapes","floor":42,"turns":2},{"damage":0,"enemies":"Writhing Mass","floor":44,"turns":3},{"damage":17,"enemies":"Spire Growth","floor":45,"turns":3},{"damage":0,"enemies":"Sphere and 2 Shapes","floor":46,"turns":2},{"damage":0,"enemies":"Maw","floor":48,"turns":3},{"damage":26,"enemies":"Time Eater","floor":50,"turns":9}],"seed_played":"-5303052927301891943","potions_obtained":[{"floor":7.0,"key":"ColorlessPotion"},{"floor":12.0,"key":"Strength Potion"},{"floor":16.0,"key":"Dexterity Potion"},{"floor":21.0,"key":"Ancient Potion"},{"floor":27.0,"key":"FairyPotion"},{"floor":31.0,"key":"FocusPotion"},{"floor":33.0,"key":"Block Potion"},{"floor":35.0,"key":"Fruit Juice"},{"floor":44,"key":"EssenceOfSteel"},{"floor":45,"key":"Fruit Juice"}],"is_trial":false,"path_per_floor":["M","M","?","?","$","R","E","R","T","E","?","M","?","M","R","B",null,"M","?","$","M","M","R","E","R","T","?","E","R","$","M","R","B",null,"M","M","$","M","$","R","E","M","T","M","M","M","?","M","R","B",null],"character_chosen":"DEFECT","items_purchased":["Conserve Battery","Sunder","Meteor Strike","Turbo","Glacier","PotionOfCapacity","Sunder"],"campfire_rested":1,"item_purchase_floors":[5,5,20,20,30,37,39],"current_hp_per_floor":[68,63,51,44,44,50,37,46,46,36,36,36,36,36,45,29,75,46,30,30,17,17,48,42,51,51,51,39,48,48,46,58,69,75,80,80,80,80,80,80,64,64,64,64,52,52,52,52,64,59],"gold":108,"neow_bonus":"THREE_CARDS","is_daily":false,"chose_seed":false,"campfire_upgraded":7,"win_rate":0.0,"timestamp":1613940164,"path_taken":["M","M","?","?","$","R","E","R","T","E","?","?","?","M","R","BOSS","M","?","$","M","M","R","E","R","T","?","E","R","$","?","R","BOSS","M","M","$","M","$","R","E","?","T","?","M","M","?","M","R","BOSS"],"items_purchased_type":["Card","Card","Card","Card","Card","Potion","Card"],"build_version":"2020-12-22","purchased_purges":2,"victory":true,"max_hp_per_floor":[75,75,75,75,75,75,75,75,75,75,75,75,75,75,75,75,75,75,75,75,75,75,75,75,75,75,75,75,75,75,75,75,75,75,80,80,80,80,80,80,80,80,80,80,85,85,85,85,85,85],"card_choices":[{"not_picked":["Blizzard","Force Field"],"picked":"Skim","floor":0.0},{"not_picked":["Stack","Compile Driver"],"picked":"Coolheaded","floor":1.0},{"not_picked":["Hologram","Genetic Algorithm"],"picked":"Ball Lightning","floor":2.0},{"not_picked":["Streamline","Reprogram"],"picked":"Beam Cell","floor":7.0},{"not_picked":["Hologram","Steam"],"picked":"Double Energy","floor":10.0},{"not_picked":["Redo","Conserve Battery","Stack"],"picked":"SKIP","floor":12.0},{"not_picked":["Conserve Battery","Leap","Darkness"],"picked":"SKIP","floor":14.0},{"not_picked":["Biased Cognition","Thunder Strike"],"picked":"Machine Learning","floor":16.0},{"not_picked":["Lockon+1","Genetic Algorithm","Blizzard"],"picked":"SKIP","floor":18.0},{"not_picked":["Gash+1","Rebound"],"picked":"Static Discharge","floor":21.0},{"not_picked":["Fusion","Hologram+1","Stack+1"],"picked":"SKIP","floor":22.0},{"not_picked":["Cold Snap+1","Stack+1"],"picked":"Hologram+1","floor":24.0},{"not_picked":["Reprogram+1","Fusion+1","Sweeping Beam"],"picked":"SKIP","floor":28.0},{"not_picked":["Go for the Eyes","Steam","Redo"],"picked":"SKIP","floor":31.0},{"not_picked":["Amplify","Echo Form"],"picked":"Creative AI","floor":33.0},{"not_picked":["Sweeping Beam+1","Stack"],"picked":"Turbo","floor":35.0},{"not_picked":["Turbo","Compile Driver+1"],"picked":"Skim","floor":36.0},{"not_picked":["Leap+1","Compile Driver+1","Loop+1"],"picked":"SKIP","floor":38.0},{"not_picked":["Leap","Hello World","Ball Lightning+1"],"picked":"SKIP","floor":41},{"not_picked":["Melter+1","Go for the Eyes+1","Leap"],"picked":"SKIP","floor":42},{"not_picked":["Glacier+1","Seek","Coolheaded"],"picked":"SKIP","floor":44},{"not_picked":["Cold Snap","Consume","Go for the Eyes+1"],"picked":"SKIP","floor":45},{"not_picked":["Steam+1","FTL","Doom and Gloom+1"],"picked":"SKIP","floor":46},{"not_picked":["Redo+1","Hologram","Force Field"],"picked":"SKIP","floor":48}],"player_experience":280728,"relics_obtained":[{"floor":7.0,"key":"Mercury Hourglass"},{"floor":9.0,"key":"Peace Pipe"},{"floor":10.0,"key":"Pantograph"},{"floor":19.0,"key":"Enchiridion"},{"floor":24.0,"key":"Gambling Chip"},{"floor":26.0,"key":"Bag of Marbles"},{"floor":28.0,"key":"Ginger"},{"floor":41,"key":"Orichalcum"},{"floor":43,"key":"PreservedInsect"}],"event_choices":[{"damage_healed":0.0,"max_hp_gain":0.0,"max_hp_loss":0.0,"gold_gain":0.0,"event_name":"Scrap Ooze","player_choice":"Success","floor":3.0,"gold_loss":0.0,"damage_taken":12.0,"relics_obtained":["Eternal Feather"]},{"cards_removed":["Strike_B"],"damage_healed":0.0,"max_hp_gain":0.0,"max_hp_loss":0.0,"gold_gain":0.0,"event_name":"Golden Wing","player_choice":"Card Removal","floor":4.0,"gold_loss":0.0,"damage_taken":7.0},{"damage_healed":0.0,"max_hp_gain":0.0,"max_hp_loss":0.0,"gold_gain":0.0,"event_name":"Upgrade Shrine","player_choice":"Upgraded","floor":11.0,"gold_loss":0.0,"damage_taken":0.0,"cards_upgraded":["Double Energy"]},{"cards_removed":["Strike_B"],"damage_healed":0.0,"max_hp_gain":0.0,"max_hp_loss":0.0,"gold_gain":0.0,"event_name":"Purifier","player_choice":"Purged","floor":13.0,"gold_loss":0.0,"damage_taken":0.0},{"damage_healed":0.0,"max_hp_gain":0.0,"max_hp_loss":0.0,"gold_gain":0.0,"event_name":"Cursed Tome","player_choice":"Obtained Book","floor":19.0,"gold_loss":0.0,"damage_taken":16.0},{"damage_healed":0.0,"max_hp_gain":0.0,"max_hp_loss":0.0,"gold_gain":0.0,"event_name":"The Woman in Blue","player_choice":"Bought 3 Potions","floor":27.0,"gold_loss":0.0,"damage_taken":0.0},{"damage_healed":0,"gold_gain":0,"player_choice":"0 cards matched","damage_taken":0,"max_hp_gain":0,"max_hp_loss":0,"event_name":"Match and Keep!","floor":47,"gold_loss":0,"cards_obtained":[]}],"is_beta":false,"boss_relics":[{"not_picked":["Coffee Dripper","Calling Bell"],"picked":"Snecko Eye"},{"not_picked":["Fusion Hammer","Runic Pyramid"],"picked":"Astrolabe"}],"items_purged_floors":[20,37],"is_endless":false,"potions_floor_spawned":[7,12,16,21,31,33,35,42,44,45],"ascension_level":3}}