{"host":"syfsfjmzue8y1a6l","time":1613897077,"event":{"mods":["AchievementEnabler","BaseMod","Colored Map","DeckTracker","Minty Spire (QoL Compilation)","Permanent Neow","SuperFastMode"],"gold_per_floor":[364,103,120,133,133,133,158,158,181,191,219,229,243,255,255,359,359,370,382,397,347,347,363,396,37,37,65,65,77,92,92,109,109,212,212,222,232,103,119,69,69,99,99,145,159,159,159,109,143,143,143,143,143,73,99,99],"floor_reached":57,"language":"KOR","playtime":7241,"items_purged":["Strike_R","Strike_R","Defend_R","Strike_R","Defend_R","Normality"],"score":1291,"play_id":"3b08c12b-f01e-4074-831f-5cfa216a7000","local_time":"20210221174437","is_ascension_mode":false,"campfire_choices":[{"data":"Uppercut","floor":6.0,"key":"SMITH"},{"data":"Metallicize","floor":8.0,"key":"SMITH"},{"data":"Feed","floor":15.0,"key":"SMITH"},{"data":"Uppercut","floor":28.0,"key":"SMITH"},{"data":"Impervious","floor":33,"key":"SMITH"},{"data":"True Grit","floor":41,"key":"SMITH"},{"floor":47,"key":"RECALL"},{"data":"Bash","floor":50,"key":"SMITH"},{"data":"Fire Breathing","floor":53,"key":"SMITH"}],"circlet_count":0,"master_deck":["Defend_R+1","Bash+1","Flame Barrier+1","Fire Breathing+1","Metallicize+1","Uppercut+1","Seeing Red","Feed+1","Barricade","Uppercut+1","Entrench","Whirlwind","Dark Embrace","True Grit+1","Body Slam","Pommel Strike+1","Impervious+1","Bludgeon","Flame Barrier+1","Entrench","Shrug It Off","Exhume","Flame Barrier"],"relics":["Burning Blood","Bronze Scales","War Paint","Akabeko","Smiling Mask","Snecko Eye","Lizard Tail","Boot","ClockworkSouvenir","Happy Flower","Cursed Key","Bag of Marbles","Regal Pillow","Vajra","Turnip"],"acts_visited":["Exordium","TheCity","TheBeyond","TheEnding"],"potions_floor_usage":[36,42,56],"damage_taken":[{"damage":11.0,"enemies":"Jaw Worm","floor":1.0,"turns":3.0},{"damage":0.0,"enemies":"Cultist","floor":3.0,"turns":4.0},{"damage":0.0,"enemies":"Small Slimes","floor":4.0,"turns":4.0},{"damage":22.0,"enemies":"Lagavulin","floor":7.0,"turns":9.0},{"damage":2.0,"enemies":"Looter","floor":10.0,"turns":3.0},{"damage":9.0,"enemies":"Gremlin Nob","floor":11.0,"turns":5.0},{"damage":2.0,"enemies":"3 Louse","floor":12.0,"turns":3.0},{"damage":8.0,"enemies":"2 Fungi Beasts","floor":13.0,"turns":2.0},{"damage":3.0,"enemies":"Gremlin Gang","floor":14.0,"turns":3.0},{"damage":19.0,"enemies":"Hexaghost","floor":16.0,"turns":9.0},{"damage":0.0,"enemies":"3 Byrds","floor":18.0,"turns":2.0},{"damage":8.0,"enemies":"Shell Parasite","floor":19.0,"turns":3.0},{"damage":17.0,"enemies":"Cultist and Chosen","floor":20.0,"turns":7.0},{"damage":5.0,"enemies":"Snecko","floor":23.0,"turns":5.0},{"damage":15.0,"enemies":"Book of Stabbing","floor":24.0,"turns":6.0},{"damage":16.0,"enemies":"Slavers","floor":27.0,"turns":5.0},{"damage":0.0,"enemies":"Centurion and Healer","floor":29.0,"turns":5.0},{"damage":5.0,"enemies":"Snake Plant","floor":30.0,"turns":4.0},{"damage":0,"enemies":"Snecko","floor":32,"turns":6},{"damage":8,"enemies":"Champ","floor":34,"turns":7},{"damage":10,"enemies":"3 Darklings","floor":36,"turns":5},{"damage":0,"enemies":"3 Shapes","floor":37,"turns":4},{"damage":0,"enemies":"Transient","floor":39,"turns":5},{"damage":17,"enemies":"Reptomancer","floor":42,"turns":6},{"damage":0,"enemies":"Maw","floor":45,"turns":8},{"damage":0,"enemies":"Giant Head","floor":49,"turns":5},{"damage":32,"enemies":"Awakened One","floor":51,"turns":15},{"damage":26,"enemies":"Shield and Spear","floor":55,"turns":7},{"damage":1,"enemies":"The Heart","floor":56,"turns":7}],"seed_played":"-331592132417324554","potions_obtained":[{"floor":4.0,"key":"Dexterity Potion"},{"floor":10.0,"key":"Explosive Potion"},{"floor":11.0,"key":"CultistPotion"},{"floor":14.0,"key":"AttackPotion"},{"floor":18.0,"key":"ColorlessPotion"},{"floor":29.0,"key":"Fire Potion"},{"floor":39,"key":"FearPotion"},{"floor":45,"key":"BlessingOfTheForge"}],"is_trial":false,"path_per_floor":["M","$","M","M","?","R","E","R","T","M","E","M","M","M","R","B",null,"M","M","M","$","?","M","E","$","T","E","R","M","M","M","M","R","B",null,"M","M","$","M","$","R","E","?","T","M","?","R","$","E","R","B",null,"R","$","E","B",null],"character_chosen":"IRONCLAD","items_purchased":["Bronze Scales","Fire Breathing","Boot","ClockworkSouvenir","Entrench","Flame Barrier"],"campfire_rested":0,"item_purchase_floors":[2,2,25,25,38,54],"current_hp_per_floor":[51,51,57,63,63,63,47,47,47,51,48,52,50,56,56,47,87,87,89,82,82,82,87,82,82,82,76,76,86,91,91,101,101,99,119,115,123,123,123,123,123,112,112,112,122,121,121,121,125,125,107,133,133,133,113,118],"gold":99,"neow_bonus":"TWO_FIFTY_GOLD","is_daily":false,"chose_seed":false,"campfire_upgraded":8,"win_rate":0.0,"timestamp":1613897077,"path_taken":["M","$","M","M","?","R","E","R","T","M","E","M","M","M","R","BOSS","M","?","M","$","?","M","E","?","T","E","R","M","M","M","M","R","BOSS","M","M","$","M","?","R","E","?","T","?","?","R","$","E","R","BOSS","R","$","E","BOSS"],"items_purchased_type":["Relic","Card","Relic","Relic","Card","Card"],"build_version":"2020-12-22","purchased_purges":6,"victory":true,"max_hp_per_floor":[80,80,80,80,80,80,80,80,80,80,80,80,80,83,83,87,87,87,91,95,95,95,99,103,103,103,107,107,111,115,115,119,119,119,119,119,123,123,123,123,123,123,123,123,127,121,121,121,125,125,133,133,133,133,133,133],"card_choices":[{"not_picked":["Pommel Strike","Clothesline"],"picked":"Flame Barrier","floor":1.0},{"not_picked":["Iron Wave","Evolve"],"picked":"Metallicize","floor":3.0},{"not_picked":["Sword Boomerang","Searing Blow"],"picked":"Uppercut","floor":4.0},{"not_picked":["Hemokinesis","Clothesline","Spot Weakness"],"picked":"SKIP","floor":7.0},{"not_picked":["True Grit","Headbutt"],"picked":"Seeing Red","floor":10.0},{"not_picked":["Whirlwind","Pummel","Sword Boomerang"],"picked":"SKIP","floor":11.0},{"not_picked":["Rupture","Combust","Spot Weakness"],"picked":"SKIP","floor":12.0},{"not_picked":["Body Slam","Iron Wave"],"picked":"Feed","floor":13.0},{"not_picked":["Havoc","Infernal Blade","Inflame"],"picked":"SKIP","floor":14.0},{"not_picked":["Impervious","Immolate"],"picked":"Barricade","floor":16.0},{"not_picked":["Pummel","Cleave+1"],"picked":"Uppercut","floor":18.0},{"not_picked":["Seeing Red+1","Twin Strike+1","Warcry"],"picked":"SKIP","floor":19.0},{"not_picked":["Burning Pact","Flame Barrier"],"picked":"Entrench","floor":20.0},{"not_picked":["Armaments","Rampage"],"picked":"Dark Embrace","floor":23.0},{"not_picked":["Clothesline","Perfected Strike"],"picked":"True Grit","floor":24.0},{"not_picked":["Rage+1","Headbutt"],"picked":"Body Slam","floor":27.0},{"not_picked":["Inflame+1","Wild Strike"],"picked":"Pommel Strike+1","floor":29.0},{"not_picked":["Spot Weakness","Sword Boomerang","Rampage"],"picked":"SKIP","floor":30.0},{"not_picked":["Cleave","Sword Boomerang"],"picked":"Impervious","floor":32},{"not_picked":["Corruption","Fiend Fire"],"picked":"Bludgeon","floor":34},{"not_picked":["Iron Wave","Rage+1","Clash+1"],"picked":"SKIP","floor":36},{"not_picked":["Rage","Seeing Red"],"picked":"Flame Barrier+1","floor":37},{"not_picked":["Headbutt","Combust","Thunderclap+1"],"picked":"SKIP","floor":39},{"not_picked":["Intimidate+1","Armaments"],"picked":"Shrug It Off","floor":42},{"not_picked":["Perfected Strike+1","Entrench+1"],"picked":"Exhume","floor":45},{"not_picked":["Reckless Charge","Rupture+1","Armaments+1"],"picked":"SKIP","floor":49},{"not_picked":["Havoc","Iron Wave","Double Tap"],"picked":"SKIP","floor":55}],"player_experience":177760,"relics_obtained":[{"floor":7.0,"key":"War Paint"},{"floor":9.0,"key":"Akabeko"},{"floor":11.0,"key":"Smiling Mask"},{"floor":24.0,"key":"Lizard Tail"},{"floor":27.0,"key":"Happy Flower"},{"floor":42,"key":"Bag of Marbles"},{"floor":44,"key":"Regal Pillow"},{"floor":49,"key":"Vajra"},{"floor":55,"key":"Turnip"}],"event_choices":[{"cards_removed":["Defend_R"],"damage_healed":0.0,"max_hp_gain":0.0,"max_hp_loss":0.0,"gold_gain":0.0,"event_name":"Purifier","player_choice":"Purged","floor":5.0,"gold_loss":0.0,"damage_taken":0.0},{"damage_healed":0.0,"max_hp_gain":0.0,"max_hp_loss":0.0,"gold_gain":0.0,"cards_transformed":["Strike_R","Strike_R"],"event_name":"Drug Dealer","player_choice":"Became Test Subject","floor":22.0,"gold_loss":0.0,"damage_taken":0.0,"cards_obtained":["Reckless Charge","Whirlwind"]},{"cards_removed":["Reckless Charge"],"damage_healed":0,"gold_gain":0,"player_choice":"Purged","damage_taken":0,"max_hp_gain":0,"max_hp_loss":0,"event_name":"Purifier","floor":43,"gold_loss":0},{"damage_healed":0,"gold_gain":0,"player_choice":"Max HP","damage_taken":0,"max_hp_gain":0,"max_hp_loss":6,"event_name":"Winding Halls","floor":46,"gold_loss":0}],"is_beta":false,"boss_relics":[{"not_picked":["Empty Cage","Coffee Dripper"],"picked":"Snecko Eye"},{"not_picked":["Black Star","Pandora\u0027s Box"],"picked":"Cursed Key"}],"items_purged_floors":[2,21,25,38,40,48],"is_endless":false,"potions_floor_spawned":[4,10,11,13,14,18,19,23,29,32,39,45],"ascension_level":0}}