{"host":"121m0oxswv9tg9hk","time":1613924240,"event":{"mods":["BaseMod","Better Altar","Better Third Choice","Hubris","Ironclad Rager","MarisaÅiñ∂âJÅ@ñÇóùçπÅj","Minty Spire (QoL Compilation)","Replay The Spire","StSLib","The Cursed","The Gatherer","The Hierophant"],"gold_per_floor":[109,51,51,67,92,92,125,125,125,169,169,51,51,89,89,188,188,201,21,41,0,19,19,19,19,42,73,73,114,114,128,128,223,223,242,59,74,0,0,41,41,76,76,95,108,128,128,128],"floor_reached":47,"language":"ENG","playtime":4092,"items_purged":["Strike_B","ReplayTheSpireMod:Doomed","Strike_B"],"score":1178,"play_id":"910ebc77-b939-4986-b254-cf3af8ab6fce","local_time":"20210221171720","is_ascension_mode":true,"campfire_choices":[{"floor":6,"key":"REST"},{"floor":8,"key":"REST"},{"data":"Consume","floor":23,"key":"SMITH"},{"floor":25,"key":"REST"},{"data":"Defragment","floor":28,"key":"SMITH"},{"data":"Defragment","floor":30,"key":"SMITH"},{"floor":32,"key":"DIG"},{"floor":41,"key":"REST"}],"circlet_count":0,"master_deck":["AscendersBane","Defend_B","Defend_B","Defend_B","Defend_B","Zap","Dualcast","Consume+1","Rebound+1","Go for the Eyes","Ball Lightning+1","Beam Cell+1","Ball Lightning","Electrodynamics","ReplayTheSpireMod:Faulty Equipment","Chill","Cold Snap","Defragment+1","Defragment+1","Cold Snap","Creative AI","Capacitor","Barrage","BootSequence+1","ReplayTheSpireMod:Calculation Training+1","Force Field"],"relics":["Cracked Core","NeowsBlessing","betterThird:SlimedRelic","Golden Idol","Matryoshka","Akabeko","Nunchaku","Singing Bowl","hubris:CrystalStatue","Replay:Ancient Bell","hubris:BallOfYels","Blue Candle","TungstenRod","Boot","Orichalcum","Replay:Mystery Machine","Bottled Tornado","ReplayTheSpireMod:TigerMarble","Replay:Bronze Core","Red Mask","Bag of Marbles","ReplayTheSpireMod:Ninjato","Replay:Kaleidoscope"],"acts_visited":["Exordium","TheCity","TheBeyond"],"potions_floor_usage":[16,16,22,29,46],"damage_taken":[{"damage":0,"enemies":"Small Slimes","floor":1,"turns":1},{"damage":0,"enemies":"2 Louse","floor":4,"turns":1},{"damage":0,"enemies":"Cultist","floor":5,"turns":1},{"damage":37,"enemies":"Lagavulin","floor":7,"turns":8},{"damage":8,"enemies":"Gremlin Nob","floor":10,"turns":3},{"damage":9,"enemies":"Lagavulin","floor":14,"turns":4},{"damage":1,"enemies":"Hexaghost","floor":16,"turns":8},{"damage":0,"enemies":"3 Byrds","floor":18,"turns":2},{"damage":25,"enemies":"Shell Parasite","floor":20,"turns":4},{"damage":0,"enemies":"Centurion and Healer","floor":22,"turns":4},{"damage":0,"enemies":"Replay:Snechameleon","floor":27,"turns":8},{"damage":19,"enemies":"Slavers","floor":29,"turns":2},{"damage":0,"enemies":"Sentry and Sphere","floor":31,"turns":4},{"damage":42,"enemies":"Automaton","floor":33,"turns":7},{"damage":19,"enemies":"3 Darklings","floor":35,"turns":3},{"damage":0,"enemies":"3 Shapes","floor":37,"turns":2},{"damage":0,"enemies":"R_Hoarder","floor":40,"turns":10},{"damage":56,"enemies":"Giant Head","floor":42,"turns":19},{"damage":3,"enemies":"Jaw Worm Horde","floor":44,"turns":3},{"damage":0,"enemies":"4 Shapes","floor":45,"turns":3},{"damage":0,"enemies":"Sphere and 2 Shapes","floor":46,"turns":2},{"damage":19,"enemies":"Writhing Mass","floor":47,"turns":2}],"seed_played":"5497243696390209354","potions_obtained":[{"floor":4,"key":"Elixir"},{"floor":5,"key":"EssenceOfSteel"},{"floor":20,"key":"AttackPotion"},{"floor":22,"key":"Dexterity Potion"},{"floor":27,"key":"PotionOfCapacity"},{"floor":33,"key":"Elixir"},{"floor":45,"key":"DistilledChaos"}],"is_trial":false,"path_per_floor":["M","?","?","M","M","R","E","R","T","E","?","$","?","E","R","B",null,"M","$","M","?","M","R","?","R","T","E","R","E","R","M","R","B",null,"M","$","M","?","?","E","R","E","T","M","M","M","M"],"character_chosen":"DEFECT","items_purchased":["Beam Cell+1","Ancient Potion","Barrage"],"campfire_rested":4,"item_purchase_floors":[12,19,36],"current_hp_per_floor":[64,53,29,29,29,50,13,34,34,28,28,28,21,12,33,32,69,71,71,46,46,46,46,46,70,70,70,70,51,51,51,51,9,63,44,44,46,46,46,48,73,17,17,14,14,16,0,0],"gold":128,"neow_bonus":"THREE_ENEMY_KILL","is_daily":false,"chose_seed":false,"campfire_upgraded":3,"win_rate":0.0,"timestamp":1613924240,"path_taken":["M","?","?","M","M","R","E","R","T","E","?","$","?","E","R","BOSS","M","$","M","?","M","R","?","R","T","E","R","E","R","?","R","BOSS","M","$","M","?","?","E","R","E","T","M","M","M","M"],"items_purchased_type":["Card","Potion","Card"],"build_version":"2020-12-22","purchased_purges":3,"victory":false,"max_hp_per_floor":[71,71,71,71,71,71,71,71,71,73,73,73,73,73,73,73,79,81,81,81,81,81,81,81,81,81,81,81,81,81,81,81,81,81,81,81,83,83,83,85,85,85,85,85,85,87,87,87],"card_choices":[{"not_picked":["Panic Button","BasicCrystalCard"],"picked":"Consume","floor":1},{"not_picked":["Aggregate","Beam Cell"],"picked":"Rebound","floor":4},{"not_picked":["Hologram","Conserve Battery"],"picked":"Go for the Eyes","floor":5},{"not_picked":["Rainbow","Lockon"],"picked":"Ball Lightning","floor":7},{"not_picked":["Scrape","Go for the Eyes","Undo"],"picked":"Singing Bowl","floor":10},{"not_picked":["Rip and Tear","Turbo"],"picked":"Ball Lightning","floor":14},{"not_picked":["Echo Form","ReplayTheSpireMod:Fabricate Wheel"],"picked":"Electrodynamics","floor":16},{"not_picked":["Regret","ReplayTheSpireMod:Doomed","hubris:Lust"],"picked":"Singing Bowl","floor":17},{"not_picked":["Amnesia","ReplayTheSpireMod:Faulty Equipment","hubris:Envy"],"picked":"Singing Bowl","floor":17},{"not_picked":["Normality","ReplayTheSpireMod:Faulty Equipment","hubris:Compulsion"],"picked":"Singing Bowl","floor":17},{"not_picked":["Rebound","Gash+1","Barrage"],"picked":"Singing Bowl","floor":18},{"not_picked":["Blizzard","Stack"],"picked":"Chill","floor":20},{"not_picked":["Force Field","ReplaySort"],"picked":"Cold Snap","floor":22},{"not_picked":["Hologram","Stack"],"picked":"Defragment","floor":27},{"not_picked":["hubris:Prefetch","Gash+1"],"picked":"Defragment","floor":29},{"not_picked":["Ball Lightning","Coolheaded"],"picked":"Cold Snap","floor":31},{"not_picked":["ReplayTheSpireMod:Omega Cannon","hubris:SpecializedCircuitry"],"picked":"Creative AI","floor":33},{"not_picked":["Coolheaded","FTL"],"picked":"Capacitor","floor":35},{"not_picked":["ReplaySort","Coolheaded","Time Bomb"],"picked":"Singing Bowl","floor":37},{"not_picked":["ReplayTheSpireMod:GoodbyeWorld","BasicCrystalCard","Sunder"],"picked":"Singing Bowl","floor":40},{"not_picked":["Gash","hubris:Prefetch"],"picked":"BootSequence+1","floor":42},{"not_picked":["Barrage","Rebound"],"picked":"ReplayTheSpireMod:Calculation Training+1","floor":44},{"not_picked":["Ball Lightning+1","Cold Snap"],"picked":"Force Field","floor":45},{"not_picked":["Turbo","Barrage+1","BootSequence"],"picked":"Singing Bowl","floor":46}],"player_experience":2457132,"relics_obtained":[{"floor":7,"key":"Matryoshka"},{"floor":9,"key":"Akabeko"},{"floor":9,"key":"Nunchaku"},{"floor":10,"key":"Singing Bowl"},{"floor":14,"key":"hubris:CrystalStatue"},{"floor":26,"key":"Boot"},{"floor":26,"key":"Orichalcum"},{"floor":27,"key":"Replay:Mystery Machine"},{"floor":29,"key":"Bottled Tornado"},{"floor":32,"key":"ReplayTheSpireMod:TigerMarble"},{"floor":40,"key":"Bag of Marbles"},{"floor":42,"key":"ReplayTheSpireMod:Ninjato"},{"floor":43,"key":"Replay:Kaleidoscope"}],"event_choices":[{"damage_healed":0,"gold_gain":0,"player_choice":"Slimed","damage_taken":11,"max_hp_gain":0,"max_hp_loss":0,"event_name":"betterThird:BetterGoop","floor":2,"gold_loss":58},{"damage_healed":0,"gold_gain":0,"player_choice":"Take Damage","damage_taken":24,"relics_obtained":["Golden Idol"],"max_hp_gain":0,"max_hp_loss":0,"event_name":"Golden Idol","floor":3,"gold_loss":0},{"cards_removed":["Strike_B"],"damage_healed":0,"gold_gain":0,"player_choice":"Forget","damage_taken":0,"max_hp_gain":0,"max_hp_loss":0,"event_name":"Living Wall","floor":11,"gold_loss":0},{"cards_removed":["Strike_B"],"damage_healed":0,"gold_gain":0,"player_choice":"Card Removal","damage_taken":7,"max_hp_gain":0,"max_hp_loss":0,"event_name":"Golden Wing","floor":13,"gold_loss":0},{"damage_healed":0,"gold_gain":0,"player_choice":"Paid Fearfully","damage_taken":0,"max_hp_gain":0,"max_hp_loss":0,"event_name":"Masked Bandits","floor":21,"gold_loss":41},{"damage_healed":0,"gold_gain":0,"player_choice":"Upgraded","damage_taken":0,"max_hp_gain":0,"max_hp_loss":0,"event_name":"Upgrade Shrine","floor":24,"gold_loss":0,"cards_upgraded":["Ball Lightning"]},{"damage_healed":0,"gold_gain":0,"player_choice":"Paid","damage_taken":0,"relics_obtained":["Red Mask"],"max_hp_gain":0,"max_hp_loss":0,"event_name":"Tomb of Lord Red Mask","floor":38,"gold_loss":74},{"cards_removed":["hubris:Compulsion"],"damage_healed":0,"gold_gain":0,"player_choice":"Purged","damage_taken":0,"max_hp_gain":0,"max_hp_loss":0,"event_name":"Purifier","floor":39,"gold_loss":0}],"is_beta":false,"boss_relics":[{"not_picked":["hubris:Stopwatch","ReplayTheSpireMod:DimensionalGlitch"],"picked":"Replay:Ancient Bell"},{"not_picked":["MealTicket","Simple Rune"],"picked":"hubris:BallOfYels"},{"not_picked":["Pantograph","Quantum Egg"],"picked":"Blue Candle"},{"not_picked":["CaptainsWheel","Ginger"],"picked":"TungstenRod"},{"not_picked":["Abe\u0027s Treasure","hubris:Backtick"],"picked":"Replay:Bronze Core"}],"items_purged_floors":[12,19,36],"is_endless":false,"potions_floor_spawned":[4,5,20,22,27,33,37,40,45],"killed_by":"Writhing Mass","ascension_level":20}}