{"host":"sp1f3sybb350mzsh","time":1613894766,"event":{"mods":["AchievementEnabler","BaseMod","Bestiary","Colored Map","Colored Powertips","Filter the Spire","Minty Spire (QoL Compilation)","Permanent Neow","Relic Stats","StSLib","everything is the same but u backflip on backflip","ojb\u0027s Better Paths Mod"],"gold_per_floor":[119,137,12,12,28,28,103,103,103,54,82,82,95,105,105,201,201,218,218,218,235,235,235,295,340,366,291,291,206,2,2,2],"floor_reached":31,"language":"ENG","playtime":1343,"items_purged":[],"score":301,"play_id":"fbf7459b-87ac-41a7-917f-9d31852a1f67","local_time":"20210221020606","is_ascension_mode":false,"campfire_choices":[{"data":"Halt","floor":6,"key":"SMITH"},{"data":"Ragnarok","floor":12,"key":"SMITH"},{"data":"TalkToTheHand","floor":15,"key":"SMITH"},{"data":"Wish","floor":23,"key":"SMITH"}],"circlet_count":0,"master_deck":["Strike_P","Strike_P","Defend_P","Defend_P","Defend_P","Eruption+1","Vigilance","WindmillStrike","Worship","Ragnarok+1","Halt+1","CrushJoints","Protect","Consecrate","EmptyBody","TalkToTheHand+1","Wish+1","CutThroughFate","Vengeance+1","MentalFortress","CrushJoints+1","LessonLearned","TalkToTheHand"],"relics":["PureWater","Meat on the Bone","Juzu Bracelet","VioletLotus","StoneCalendar","Torii","Pear","MealTicket","Blue Candle"],"acts_visited":["Exordium","TheCity"],"potions_floor_usage":[11,24],"damage_taken":[{"damage":1.0,"enemies":"Jaw Worm","floor":1.0,"turns":3.0},{"damage":7.0,"enemies":"Small Slimes","floor":2.0,"turns":5.0},{"damage":0,"enemies":"2 Louse","floor":5,"turns":1},{"damage":11,"enemies":"3 Sentries","floor":11,"turns":4},{"damage":0,"enemies":"Gremlin Gang","floor":13,"turns":2},{"damage":5,"enemies":"Looter","floor":14,"turns":2},{"damage":1,"enemies":"Hexaghost","floor":16,"turns":8},{"damage":14,"enemies":"Spheric Guardian","floor":18,"turns":5},{"damage":0,"enemies":"Chosen","floor":21,"turns":3},{"damage":37,"enemies":"Gremlin Leader","floor":24,"turns":7},{"damage":10,"enemies":"Snecko","floor":25,"turns":4},{"damage":50,"enemies":"Book of Stabbing","floor":31,"turns":6}],"seed_played":"-6200262771264646368","potions_obtained":[{"floor":1.0,"key":"Explosive Potion"},{"floor":11,"key":"Explosive Potion"},{"floor":24,"key":"DistilledChaos"}],"is_trial":false,"path_per_floor":["M","M","$","?","M","R","?","?","T","$","E","R","M","M","R","B",null,"M","?","?","M","?","R","E","M","T","?","?","?","$","E"],"character_chosen":"WATCHER","items_purchased":["Halt","LiquidMemories","Protect","LessonLearned","TalkToTheHand"],"campfire_rested":0,"item_purchase_floors":[3,3,10,30,30],"current_hp_per_floor":[71,64,64,64,64,64,53,46,46,46,47,47,47,42,42,41,72,58,58,58,58,58,58,43,45,45,45,29,29,44,0,0],"gold":2,"neow_bonus":"TRANSFORM_CARD","is_daily":false,"chose_seed":false,"campfire_upgraded":4,"win_rate":0.0,"timestamp":1613894766,"path_taken":["M","M","$","?","M","R","?","?","T","?","E","R","M","M","R","BOSS","M","?","?","M","?","R","E","M","T","?","?","?","$","E"],"items_purchased_type":["Card","Potion","Card","Card","Card"],"build_version":"2020-12-22","purchased_purges":0,"victory":false,"max_hp_per_floor":[72,72,72,72,72,72,72,72,72,72,72,72,72,72,72,72,72,72,72,72,72,72,72,82,82,82,82,87,87,87,87,87],"relic_stats":{"Torii":5,"counters":[12,50],"Blue Candle":[0],"StoneCalendar":[0],"MealTicket":15,"VioletLotus":[3],"Juzu Bracelet":2,"obtain_stats":[{"Pear":24,"Torii":20,"Blue Candle":29,"StoneCalendar":19,"MealTicket":26,"VioletLotus":17,"Juzu Bracelet":11,"PureWater":0,"Meat on the Bone":9},{"Pear":10,"Torii":8,"Blue Candle":11,"StoneCalendar":8,"MealTicket":11,"VioletLotus":7,"Juzu Bracelet":4,"PureWater":0,"Meat on the Bone":3},{"Pear":40,"Torii":30,"Blue Candle":44,"StoneCalendar":30,"MealTicket":44,"VioletLotus":25,"Juzu Bracelet":13,"PureWater":0,"Meat on the Bone":9}],"Meat on the Bone":36},"card_choices":[{"not_picked":["SashWhip","PathToVictory"],"picked":"Worship","floor":1.0},{"not_picked":["Crescendo","Pray"],"picked":"Ragnarok","floor":2.0},{"not_picked":["Weave","LikeWater"],"picked":"CrushJoints","floor":5},{"not_picked":["SashWhip","SpiritShield"],"picked":"Consecrate","floor":11},{"not_picked":["Crescendo","Swivel"],"picked":"EmptyBody","floor":13},{"not_picked":["DeceiveReality","InnerPeace"],"picked":"TalkToTheHand","floor":14},{"not_picked":["DevaForm","Alpha"],"picked":"Wish","floor":16},{"not_picked":["EmptyBody+1","FollowUp"],"picked":"CutThroughFate","floor":18},{"not_picked":["DeceiveReality","SignatureMove"],"picked":"Vengeance+1","floor":21},{"not_picked":["Evaluate+1","CrushJoints"],"picked":"MentalFortress","floor":24},{"not_picked":["LikeWater+1","Indignation"],"picked":"CrushJoints+1","floor":25}],"player_experience":184713,"relics_obtained":[{"floor":9,"key":"Meat on the Bone"},{"floor":11,"key":"Juzu Bracelet"},{"floor":24,"key":"Pear"},{"floor":26,"key":"MealTicket"}],"event_choices":[{"damage_healed":0.0,"max_hp_gain":0.0,"max_hp_loss":0.0,"gold_gain":0.0,"event_name":"Living Wall","player_choice":"Grow","floor":4.0,"gold_loss":0.0,"damage_taken":0.0,"cards_upgraded":["Eruption"]},{"damage_healed":0,"gold_gain":75,"player_choice":"Gather Gold","damage_taken":11,"max_hp_gain":0,"max_hp_loss":0,"event_name":"World of Goop","floor":7,"gold_loss":0},{"cards_removed":["Defend_P"],"damage_healed":0,"gold_gain":0,"player_choice":"Card Removal","damage_taken":7,"max_hp_gain":0,"max_hp_loss":0,"event_name":"Golden Wing","floor":8,"gold_loss":0},{"damage_healed":0,"gold_gain":0,"player_choice":"Gave Potion","damage_taken":0,"relics_obtained":["StoneCalendar"],"max_hp_gain":0,"max_hp_loss":0,"event_name":"WeMeetAgain","floor":19,"gold_loss":0},{"damage_healed":0,"gold_gain":0,"player_choice":"Opened","damage_taken":0,"relics_obtained":["Torii"],"max_hp_gain":0,"max_hp_loss":0,"event_name":"The Mausoleum","floor":20,"gold_loss":0},{"damage_healed":0,"gold_gain":0,"player_choice":"Ignored","damage_taken":0,"max_hp_gain":0,"max_hp_loss":0,"event_name":"NoteForYourself","floor":22,"gold_loss":0},{"cards_removed":["Strike_P"],"damage_healed":0,"gold_gain":0,"player_choice":"Gave Gold","damage_taken":0,"max_hp_gain":0,"max_hp_loss":0,"event_name":"Beggar","floor":27,"gold_loss":75},{"damage_healed":0,"gold_gain":0,"player_choice":"Shed Blood","damage_taken":21,"max_hp_gain":5,"max_hp_loss":0,"event_name":"Forgotten Altar","floor":28,"gold_loss":0},{"damage_healed":0,"gold_gain":0,"player_choice":"Obtained Relic","damage_taken":0,"relics_obtained":["Blue Candle"],"max_hp_gain":0,"max_hp_loss":0,"event_name":"Addict","floor":29,"gold_loss":85}],"is_beta":false,"boss_relics":[{"not_picked":["Coffee Dripper","Busted Crown"],"picked":"VioletLotus"}],"items_purged_floors":[],"is_endless":false,"potions_floor_spawned":[1,11,24],"killed_by":"Book of Stabbing","ascension_level":0}}