{"host":"1a8lb11wemezctea","time":1613947441,"event":{"mods":["BaseMod","Colored Powertips","Highlight Path","Minty Spire (QoL Compilation)"],"gold_per_floor":[113,138,138,158,170,170,203,74,99,125,125,145,175,175,175,246,246,258,46,0,0,19,19,29,29,29],"floor_reached":25,"language":"ENG","playtime":1449,"items_purged":["Strike_G"],"score":391,"play_id":"4fad804b-76fc-43b3-8c15-4efcde79a763","local_time":"20210221174401","is_ascension_mode":true,"campfire_choices":[{"data":"Venomology","floor":6,"key":"SMITH"},{"data":"Blade Dance","floor":11,"key":"SMITH"},{"data":"Neutralize","floor":15,"key":"SMITH"},{"data":"Night Terror","floor":23,"key":"SMITH"}],"circlet_count":0,"master_deck":["AscendersBane","Defend_G","Defend_G","Defend_G","Defend_G","Defend_G","Survivor","Neutralize+1","Dagger Throw","Deflect","Dagger Spray","Venomology+1","Masterful Stab","Poisoned Stab","Blade Dance+1","Cloak And Dagger","Night Terror+1","Escape Plan","Slice","Calculated Gamble","Dark Shackles","Bite","Bite","Bite","Bite","Bite","Crippling Poison"],"relics":["Ring of the Snake","Tiny Chest","Anchor","Art of War","Boot","Runic Pyramid"],"acts_visited":["Exordium","TheCity"],"potions_floor_usage":[7,10,12,16,16,16,24,24,24,25],"damage_taken":[{"damage":0,"enemies":"Cultist","floor":1,"turns":3},{"damage":0,"enemies":"Small Slimes","floor":4,"turns":3},{"damage":0,"enemies":"2 Louse","floor":5,"turns":3},{"damage":25,"enemies":"Lagavulin","floor":7,"turns":9},{"damage":10,"enemies":"Gremlin Nob","floor":10,"turns":3},{"damage":0,"enemies":"Exordium Wildlife","floor":12,"turns":2},{"damage":23,"enemies":"Hexaghost","floor":16,"turns":14},{"damage":43,"enemies":"Spheric Guardian","floor":18,"turns":8},{"damage":0,"enemies":"3 Byrds","floor":22,"turns":5},{"damage":27,"enemies":"Shelled Parasite and Fungi","floor":24,"turns":7},{"damage":10,"enemies":"Gremlin Leader","floor":25,"turns":6}],"seed_played":"-1864256411042233800","potions_obtained":[{"floor":4,"key":"Fire Potion"},{"floor":7,"key":"AttackPotion"},{"floor":12,"key":"Dexterity Potion"}],"is_trial":false,"path_per_floor":["M","T","?","M","M","R","E","$","T","E","R","M","?","T","R","B",null,"M","$","?","?","M","R","M","E"],"character_chosen":"THE_SILENT","items_purchased":["Poisoned Stab","Slice","Calculated Gamble","Dark Shackles"],"campfire_rested":0,"item_purchase_floors":[8,19,19,19],"current_hp_per_floor":[59,59,59,59,59,59,34,34,34,24,24,24,24,24,24,1,50,7,7,7,7,19,19,10,10,10],"gold":29,"neow_bonus":"THREE_CARDS","is_daily":false,"chose_seed":false,"campfire_upgraded":4,"win_rate":0.0,"timestamp":1613947441,"path_taken":["M","?","?","M","M","R","E","$","T","E","R","?","?","?","R","BOSS","M","$","?","?","M","R","M","E"],"items_purchased_type":["Card","Card","Card","Card"],"build_version":"2020-12-22","purchased_purges":1,"victory":false,"max_hp_per_floor":[66,66,66,66,66,66,66,66,66,66,66,66,66,66,66,66,66,66,66,66,46,46,46,46,46,46],"card_choices":[{"not_picked":["Sucker Punch","Backflip"],"picked":"Dagger Throw","floor":0},{"not_picked":["Prepared","Blur"],"picked":"Deflect","floor":1},{"not_picked":["Calculated Gamble","Choke"],"picked":"Dagger Spray","floor":4},{"not_picked":["Slice","Deadly Poison"],"picked":"Venomology","floor":5},{"not_picked":["Bouncing Flask","Well Laid Plans"],"picked":"Masterful Stab","floor":7},{"not_picked":["PiercingWail","Caltrops"],"picked":"Blade Dance","floor":10},{"not_picked":["Outmaneuver","Deadly Poison"],"picked":"Cloak And Dagger","floor":12},{"not_picked":["Bullet Time","Tools of the Trade"],"picked":"Night Terror","floor":16},{"not_picked":["Predator","Cloak And Dagger"],"picked":"Escape Plan","floor":18},{"not_picked":["Dagger Throw","Catalyst"],"picked":"Crippling Poison","floor":22},{"not_picked":["Prepared","Skewer","Quick Slash"],"picked":"SKIP","floor":24}],"player_experience":296232,"relics_obtained":[{"floor":2,"key":"Tiny Chest"},{"floor":7,"key":"Anchor"},{"floor":10,"key":"Art of War"},{"floor":14,"key":"Boot"}],"event_choices":[{"cards_removed":["Strike_G"],"damage_healed":0,"gold_gain":0,"player_choice":"Offered Basic","damage_taken":0,"max_hp_gain":0,"max_hp_loss":0,"event_name":"Bonfire Elementals","floor":3,"gold_loss":0},{"damage_healed":0,"gold_gain":30,"player_choice":"Searched \u00271\u0027 times","damage_taken":0,"max_hp_gain":0,"max_hp_loss":0,"event_name":"Dead Adventurer","floor":13,"gold_loss":0},{"damage_healed":0,"gold_gain":0,"player_choice":"Paid Fearfully","damage_taken":0,"max_hp_gain":0,"max_hp_loss":0,"event_name":"Masked Bandits","floor":20,"gold_loss":46},{"damage_healed":0,"gold_gain":0,"player_choice":"Became a vampire","damage_taken":0,"max_hp_gain":0,"max_hp_loss":20,"event_name":"Vampires","floor":21,"gold_loss":0,"cards_obtained":["Bite","Bite","Bite","Bite","Bite"]}],"is_beta":false,"boss_relics":[{"not_picked":["Pandora\u0027s Box","Calling Bell"],"picked":"Runic Pyramid"}],"items_purged_floors":[8],"is_endless":false,"potions_floor_spawned":[4,7,12],"killed_by":"Gremlin Leader","ascension_level":15}}