{"host":"mo4d2vii2wc3uyp7","time":1613896723,"event":{"mods":["AchievementEnabler","BaseMod","Colored Map","Highlight Path","Keyboard Shortcuts","Minty Spire (QoL Compilation)","Permanent Neow","Quick Restart","Shop Mod","StSLib","SuperFastMode","everything is the same but u backflip on backflip"],"gold_per_floor":[111,122,136,147,158,158,193,193,193,251,251,251,276,289,289,392,392,407,407,332,29,29,29,58,100,100,25,35,35,68,89,89,199,249,268,327,327,341,361,361,387,387,387],"floor_reached":42,"language":"KOR","playtime":1281,"items_purged":["Strike_G"],"score":525,"play_id":"7982cd76-ba14-4ac2-95ae-3c8fcbca3af0","local_time":"20210221173843","is_ascension_mode":true,"campfire_choices":[{"data":"Dagger Spray","floor":6.0,"key":"SMITH"},{"data":"Neutralize","floor":8.0,"key":"SMITH"},{"data":"Noxious Fumes","floor":12.0,"key":"SMITH"},{"data":"Reflex","floor":15.0,"key":"SMITH"},{"data":"Bullet Time","floor":23.0,"key":"SMITH"},{"floor":32.0,"key":"REST"},{"data":"Venomology","floor":40.0,"key":"SMITH"}],"circlet_count":0,"master_deck":["Strike_G","Strike_G","Strike_G","Defend_G","Defend_G+1","Defend_G","Defend_G","Survivor","Neutralize+1","Unload","Dagger Spray+1","Dagger Throw","Noxious Fumes+1","Reflex+1","Finisher","Bullet Time+1","Prepared","Bane+1","Backflip","Backstab+1","A Thousand Cuts+1","Venomology+1"],"relics":["Ring of the Snake","Eternal Feather","Singing Bowl","Mummified Hand","SlaversCollar","TwistedFunnel","CeramicFish","Kunai","Frozen Egg 2","Orichalcum","Tiny House","Incense Burner","Mercury Hourglass"],"acts_visited":["Exordium","TheCity","TheBeyond"],"potions_floor_usage":[],"damage_taken":[{"damage":0.0,"enemies":"Jaw Worm","floor":1.0,"turns":3.0},{"damage":0.0,"enemies":"Small Slimes","floor":2.0,"turns":3.0},{"damage":0.0,"enemies":"Cultist","floor":3.0,"turns":3.0},{"damage":10.0,"enemies":"Looter","floor":4.0,"turns":3.0},{"damage":11.0,"enemies":"Blue Slaver","floor":5.0,"turns":4.0},{"damage":18.0,"enemies":"Lagavulin","floor":7.0,"turns":4.0},{"damage":2.0,"enemies":"3 Sentries","floor":13.0,"turns":4.0},{"damage":0.0,"enemies":"2 Fungi Beasts","floor":14.0,"turns":2.0},{"damage":44.0,"enemies":"The Guardian","floor":16.0,"turns":10.0},{"damage":17.0,"enemies":"Shell Parasite","floor":18.0,"turns":8.0},{"damage":2.0,"enemies":"Chosen","floor":24.0,"turns":5.0},{"damage":7.0,"enemies":"Book of Stabbing","floor":25.0,"turns":3.0},{"damage":19.0,"enemies":"Centurion and Healer","floor":28.0,"turns":3.0},{"damage":2.0,"enemies":"Slavers","floor":30.0,"turns":3.0},{"damage":0.0,"enemies":"Snecko","floor":31.0,"turns":4.0},{"damage":36.0,"enemies":"Collector","floor":33.0,"turns":9.0},{"damage":0.0,"enemies":"3 Darklings","floor":35.0,"turns":2.0},{"damage":24.0,"enemies":"Mind Bloom Boss Battle","floor":36.0,"turns":6.0},{"damage":22.0,"enemies":"3 Shapes","floor":38.0,"turns":4.0},{"damage":14.0,"enemies":"Sphere and 2 Shapes","floor":39.0,"turns":4.0},{"damage":29.0,"enemies":"Nemesis","floor":41.0,"turns":7.0},{"damage":24,"enemies":"Writhing Mass","floor":42,"turns":2}],"seed_played":"6957414307096610742","potions_obtained":[{"floor":2.0,"key":"AttackPotion"},{"floor":3.0,"key":"Weak Potion"},{"floor":4.0,"key":"Strength Potion"},{"floor":7.0,"key":"ColorlessPotion"},{"floor":13.0,"key":"SteroidPotion"},{"floor":18.0,"key":"LiquidMemories"},{"floor":24.0,"key":"Fire Potion"},{"floor":28.0,"key":"AttackPotion"},{"floor":34.0,"key":"Fire Potion"},{"floor":36.0,"key":"Dexterity Potion"},{"floor":38.0,"key":"CultistPotion"}],"is_trial":false,"path_per_floor":["M","M","M","M","M","R","E","R","T","?","?","R","E","M","R","B",null,"M","?","?","$","?","R","M","E","T","$","M","?","E","M","R","B",null,"M","?","?","M","M","R","E","M"],"character_chosen":"THE_SILENT","items_purchased":["TwistedFunnel","CeramicFish"],"campfire_rested":1,"item_purchase_floors":[21,21],"current_hp_per_floor":[70,70,70,60,49,49,31,40,40,40,40,49,49,51,60,16,74,57,57,57,57,57,66,64,57,57,57,40,26,26,26,62,26,90,92,68,68,48,36,48,21,0,0],"gold":387,"neow_bonus":"ONE_RANDOM_RARE_CARD","is_daily":false,"chose_seed":false,"campfire_upgraded":6,"win_rate":0.0,"timestamp":1613896723,"path_taken":["M","M","M","M","M","R","E","R","T","?","?","R","E","?","R","BOSS","M","?","?","$","?","R","M","E","T","$","M","?","E","M","R","BOSS","M","?","?","M","M","R","E","M"],"items_purchased_type":["Relic","Relic"],"build_version":"2020-12-22","purchased_purges":1,"victory":false,"max_hp_per_floor":[70,70,70,70,70,70,70,70,70,70,70,70,72,74,74,74,74,74,74,74,74,74,74,74,74,74,74,76,81,83,83,83,83,90,92,92,92,94,96,96,98,98,98],"card_choices":[{"not_picked":["Calculated Gamble","Predator"],"picked":"Quick Slash","floor":1.0},{"not_picked":["Backflip","Footwork"],"picked":"Dagger Spray","floor":2.0},{"not_picked":["Well Laid Plans","Bane"],"picked":"Dagger Throw","floor":3.0},{"not_picked":["Sucker Punch","Outmaneuver"],"picked":"Noxious Fumes","floor":4.0},{"not_picked":["Outmaneuver","Accuracy","Underhanded Strike"],"picked":"SKIP","floor":5.0},{"not_picked":["Deflect","Outmaneuver"],"picked":"Reflex","floor":7.0},{"not_picked":["Night Terror","Flying Knee","Dagger Spray"],"picked":"Singing Bowl","floor":13.0},{"not_picked":["Deadly Poison","Expertise","Bouncing Flask"],"picked":"Singing Bowl","floor":14.0},{"not_picked":["Unload","Storm of Steel"],"picked":"Bullet Time","floor":16.0},{"not_picked":["Reflex","Riddle With Holes"],"picked":"Prepared","floor":18.0},{"not_picked":["Blade Dance+1","Bouncing Flask"],"picked":"Bane+1","floor":24.0},{"not_picked":["Backstab+1","Terror"],"picked":"Backflip","floor":25.0},{"not_picked":["Underhanded Strike","Acrobatics","Quick Slash"],"picked":"Singing Bowl","floor":28.0},{"not_picked":["Doppelganger","Concentrate","Dagger Throw"],"picked":"Singing Bowl","floor":30.0},{"not_picked":["All Out Attack","Blur"],"picked":"Backstab+1","floor":31.0},{"not_picked":["Tools of the Trade+1","Malaise"],"picked":"A Thousand Cuts+1","floor":33.0},{"not_picked":["Backflip","Bane","Acrobatics+1"],"picked":"Singing Bowl","floor":34.0},{"not_picked":["Dodge and Roll","Deadly Poison+1","Cloak And Dagger"],"picked":"Singing Bowl","floor":35.0},{"not_picked":["Caltrops+1","Concentrate+1"],"picked":"Venomology","floor":36.0},{"not_picked":["Deflect+1","Outmaneuver","Deadly Poison+1"],"picked":"Singing Bowl","floor":38.0},{"not_picked":["Bouncing Flask","Poisoned Stab","Cloak And Dagger+1"],"picked":"Singing Bowl","floor":39.0},{"not_picked":["Slice","Noxious Fumes+1","Bouncing Flask+1"],"picked":"Singing Bowl","floor":41.0}],"player_experience":639014,"relics_obtained":[{"floor":7.0,"key":"Eternal Feather"},{"floor":9.0,"key":"Singing Bowl"},{"floor":13.0,"key":"Mummified Hand"},{"floor":25.0,"key":"Kunai"},{"floor":26.0,"key":"Frozen Egg 2"},{"floor":30.0,"key":"Orichalcum"},{"floor":36.0,"key":"Incense Burner"},{"floor":41.0,"key":"Mercury Hourglass"}],"event_choices":[{"damage_healed":0.0,"max_hp_gain":0.0,"max_hp_loss":0.0,"gold_gain":58.0,"event_name":"Golden Wing","player_choice":"Gained Gold","floor":10.0,"gold_loss":0.0,"damage_taken":0.0},{"damage_healed":0.0,"max_hp_gain":0.0,"max_hp_loss":0.0,"gold_gain":0.0,"cards_transformed":["Strike_G"],"event_name":"Transmorgrifier","player_choice":"Transformed","floor":11.0,"gold_loss":0.0,"damage_taken":0.0,"cards_obtained":["Finisher"]},{"damage_healed":0.0,"max_hp_gain":0.0,"max_hp_loss":0.0,"gold_gain":0.0,"event_name":"Vampires","player_choice":"Ignored","floor":19.0,"gold_loss":0.0,"damage_taken":0.0},{"cards_removed":["Defend_G"],"damage_healed":0.0,"max_hp_gain":0.0,"max_hp_loss":0.0,"gold_gain":0.0,"event_name":"Beggar","player_choice":"Gave Gold","floor":20.0,"gold_loss":75.0,"damage_taken":0.0},{"damage_healed":0.0,"max_hp_gain":0.0,"max_hp_loss":0.0,"gold_gain":0.0,"event_name":"Ghosts","player_choice":"Ignored","floor":22.0,"gold_loss":0.0,"damage_taken":0.0},{"damage_healed":0.0,"max_hp_gain":5.0,"max_hp_loss":0.0,"gold_gain":0.0,"event_name":"Forgotten Altar","player_choice":"Shed Blood","floor":29.0,"gold_loss":0.0,"damage_taken":19.0},{"damage_healed":0.0,"max_hp_gain":0.0,"max_hp_loss":0.0,"gold_gain":0.0,"event_name":"MindBloom","player_choice":"Fight","floor":36.0,"gold_loss":0.0,"damage_taken":0.0},{"cards_removed":["Quick Slash"],"damage_healed":0.0,"max_hp_gain":0.0,"max_hp_loss":0.0,"gold_gain":0.0,"event_name":"Falling","player_choice":"Removed Attack","floor":37.0,"gold_loss":0.0,"damage_taken":0.0}],"is_beta":false,"boss_relics":[{"not_picked":["Velvet Choker","Busted Crown"],"picked":"SlaversCollar"},{"not_picked":["Cursed Key","Calling Bell"],"picked":"Tiny House"}],"items_purged_floors":[27],"is_endless":false,"potions_floor_spawned":[2,3,4,7,13,18,24,28,36,38],"killed_by":"Writhing Mass","ascension_level":1}}