{"host":"ij84le5dz5iaw1mq","time":1613920730,"event":{"mods":["AchievementEnabler","BaseMod","Better Altar","Better Match","Better Note","Better Sensory Stone","Better Skull","Better Third Choice","BetterRewards","Colored Map","Colored Powertips","DeckTracker","Hermit","Hubris","Infinite Spire","Minty Spire (QoL Compilation)","Permanent Neow","Quick Restart","Rare Cards Sparkle","Replay The Spire","Shop Mod","Somnambulant","StSLib","The Cursed","The Disciple","The Elementalist","The Runesmith","The Spell Scribe"],"gold_per_floor":[115,128,6,6,6,34,34,50,50,5,23,23,23,23],"floor_reached":13,"language":"ENG","playtime":744,"items_purged":[],"score":83,"play_id":"60e8baee-7d42-431c-87dd-7e54e23592d5","local_time":"20210221101850","is_ascension_mode":false,"campfire_choices":[{"data":"Runesmith:Prism","floor":7,"key":"SMITH"},{"data":"Runesmith:CraftFirestone","floor":12,"key":"SMITH"}],"circlet_count":0,"master_deck":["Runesmith:Strike_RS","Runesmith:Strike_RS","Runesmith:Strike_RS","Runesmith:Strike_RS","Runesmith:Defend_RS","Runesmith:Defend_RS","Runesmith:Defend_RS","Runesmith:Defend_RS","Runesmith:CraftFirestone+1","Runesmith:Fortify","Runesmith:LithiumIon+1","Runesmith:RuneHurl","Runesmith:LithiumIon+1","Runesmith:Prism+1","Runesmith:ChiselStab","Runesmith:RuneHurl"],"relics":["Runesmith:BrokenRuby","hubris:CrystalStatue","Kunai"],"acts_visited":["Exordium"],"potions_floor_usage":[13,13],"damage_taken":[{"damage":0,"enemies":"2 Louse","floor":1,"turns":2},{"damage":1,"enemies":"Jaw Worm","floor":2,"turns":5},{"damage":12,"enemies":"Lagavulin","floor":6,"turns":8},{"damage":0,"enemies":"Small Slimes","floor":8,"turns":3},{"damage":0,"enemies":"3 Louse","floor":11,"turns":3},{"damage":64,"enemies":"Gremlin Nob","floor":13,"turns":5}],"seed_played":"-8933249970129485285","potions_obtained":[{"floor":1,"key":"SteroidPotion"},{"floor":6,"key":"DistilledChaos"},{"floor":11,"key":"Milkshake"}],"is_trial":false,"path_per_floor":["M","M","$","?","?","E","R","M","T","$","M","R","E"],"character_chosen":"RUNESMITH_CLASS","items_purchased":["Runesmith:LithiumIon","SkillPotion","Runesmith:RuneHurl"],"campfire_rested":0,"item_purchase_floors":[3,3,10],"current_hp_per_floor":[70,69,69,55,60,48,48,48,48,48,48,48,0,0],"gold":23,"neow_bonus":"THREE_CARDS","is_daily":false,"chose_seed":false,"campfire_upgraded":2,"win_rate":0.0,"timestamp":1613920730,"path_taken":["M","M","$","?","?","E","R","M","T","$","M","R","E"],"items_purchased_type":["Card","Potion","Card"],"build_version":"2020-12-22","purchased_purges":0,"victory":false,"max_hp_per_floor":[70,70,70,70,75,75,75,75,75,75,75,75,75,75],"card_choices":[{"not_picked":["Runesmith:MakeshiftArmor","Runesmith:BackupBattery"],"picked":"Runesmith:LithiumIon","floor":0},{"not_picked":["Runesmith:HeatExchange","Runesmith:ElementalConversion"],"picked":"Runesmith:RuneHurl","floor":1},{"not_picked":["Runesmith:OneForEveryone","Runesmith:CraftReservo","Runesmith:Repurpose"],"picked":"SKIP","floor":2},{"not_picked":["Runesmith:HammerThrow","Runesmith:FissionHammer"],"picked":"Runesmith:Prism","floor":6},{"not_picked":["Runesmith:GoWithTheFlow","Runesmith:HeatExchange"],"picked":"Runesmith:ChiselStab","floor":8},{"not_picked":["Runesmith:PoweredAnvil","Runesmith:StaticCage","Runesmith:DoubleUp"],"picked":"SKIP","floor":11}],"player_experience":148468,"relics_obtained":[{"floor":6,"key":"hubris:CrystalStatue"},{"floor":9,"key":"Kunai"}],"event_choices":[{"damage_healed":69,"gold_gain":0,"player_choice":"Upgrade","damage_taken":14,"max_hp_gain":0,"max_hp_loss":70,"event_name":"betterThird:BetterShining","floor":4,"gold_loss":0,"cards_upgraded":["Runesmith:LithiumIon","Runesmith:LithiumIon"]},{"damage_healed":0,"gold_gain":0,"player_choice":"Donut","damage_taken":0,"max_hp_gain":5,"max_hp_loss":0,"event_name":"Big Fish","floor":5,"gold_loss":0}],"is_beta":false,"boss_relics":[],"items_purged_floors":[],"is_endless":false,"potions_floor_spawned":[1,6,11],"killed_by":"Gremlin Nob","ascension_level":0}}