{"host":"ob0o70duo5yv7mfq","time":1613925462,"event":{"mods":["BaseMod","Highlight Path","Minty Spire (QoL Compilation)"],"gold_per_floor":[112,132,152,24,37,65,83,83,83,102,102,115,115,128,128,223,223,240,252,271,284,294,327,22,22,22,22,39,59,76,102,102,206,206,218,218,230,280,280,280,307,307,359,388,388,34,54,54,54,54,54,54,3,30,30,30],"floor_reached":55,"language":"ENG","playtime":4283,"items_purged":["Strike_B","Strike_B"],"score":830,"play_id":"eb71fb75-257e-4245-b3d3-c68c9d8cb0c6","local_time":"20210221173742","is_ascension_mode":true,"campfire_choices":[{"data":"Streamline","floor":8,"key":"SMITH"},{"floor":13,"key":"REST"},{"data":"Reinforced Body","floor":15,"key":"SMITH"},{"data":"Scrape","floor":27,"key":"SMITH"},{"data":"Defragment","floor":32,"key":"SMITH"},{"data":"Machine Learning","floor":40,"key":"SMITH"},{"data":"Consume","floor":42,"key":"SMITH"},{"floor":45,"key":"RECALL"},{"data":"Glacier","floor":49,"key":"SMITH"},{"data":"Dualcast","floor":52,"key":"SMITH"}],"circlet_count":0,"master_deck":["Strike_B","Defend_B","Defend_B","Defend_B","Defend_B","Zap+1","Dualcast+1","Beam Cell","Cold Snap","Gash+1","Coolheaded","Steam","Glacier+1","Cold Snap","Streamline+1","Streamline","All For One","Reinforced Body+1","Reboot","Conserve Battery","Static Discharge","Sweeping Beam","Loop+1","Redo+1","Scrape+1","Writhe","Consume+1","Go for the Eyes","Defragment+1","Machine Learning+1","Storm+1","Discovery","Steam+1","Gash"],"relics":["Cracked Core","Question Card","Bird Faced Urn","Cursed Key","Ginger","Runic Capacitor","MutagenicStrength","Shuriken","Prayer Wheel","SacredBark","Gambling Chip","Vajra","StrikeDummy","Pantograph","Spirit Poop","Bag of Preparation"],"acts_visited":["Exordium","TheCity","TheBeyond","TheEnding"],"potions_floor_usage":[7,7,12,16,20,22,22,23,28,31,33,44,47,54,54,55],"damage_taken":[{"damage":0,"enemies":"2 Louse","floor":1,"turns":3},{"damage":3,"enemies":"Small Slimes","floor":2,"turns":4},{"damage":4,"enemies":"Jaw Worm","floor":3,"turns":3},{"damage":0,"enemies":"2 Fungi Beasts","floor":5,"turns":5},{"damage":1,"enemies":"3 Sentries","floor":6,"turns":13},{"damage":14,"enemies":"Gremlin Gang","floor":7,"turns":6},{"damage":5,"enemies":"3 Louse","floor":10,"turns":4},{"damage":13,"enemies":"Large Slime","floor":12,"turns":4},{"damage":9,"enemies":"Looter","floor":14,"turns":2},{"damage":20,"enemies":"The Guardian","floor":16,"turns":11},{"damage":7,"enemies":"3 Byrds","floor":18,"turns":4},{"damage":1,"enemies":"Shell Parasite","floor":19,"turns":4},{"damage":5,"enemies":"Snake Plant","floor":20,"turns":5},{"damage":12,"enemies":"Centurion and Healer","floor":21,"turns":8},{"damage":0,"enemies":"Snecko","floor":22,"turns":6},{"damage":6,"enemies":"Book of Stabbing","floor":23,"turns":5},{"damage":10,"enemies":"Snake Plant","floor":28,"turns":5},{"damage":7,"enemies":"Sentry and Sphere","floor":29,"turns":4},{"damage":5,"enemies":"Chosen and Byrds","floor":30,"turns":6},{"damage":4,"enemies":"Gremlin Leader","floor":31,"turns":5},{"damage":11,"enemies":"Champ","floor":33,"turns":9},{"damage":10,"enemies":"Orb Walker","floor":35,"turns":3},{"damage":7,"enemies":"3 Shapes","floor":37,"turns":5},{"damage":0,"enemies":"Mind Bloom Boss Battle","floor":38,"turns":4},{"damage":24,"enemies":"Nemesis","floor":41,"turns":5},{"damage":17,"enemies":"Giant Head","floor":44,"turns":8},{"damage":0,"enemies":"Maw","floor":47,"turns":4},{"damage":42,"enemies":"Donu and Deca","floor":50,"turns":8},{"damage":62,"enemies":"Shield and Spear","floor":54,"turns":6},{"damage":79,"enemies":"The Heart","floor":55,"turns":3}],"seed_played":"-3079172404357532052","potions_obtained":[{"floor":3,"key":"Block Potion"},{"floor":5,"key":"EntropicBrew"},{"floor":7,"key":"PowerPotion"},{"floor":12,"key":"DuplicationPotion"},{"floor":18,"key":"LiquidBronze"},{"floor":21,"key":"SpeedPotion"},{"floor":22,"key":"PowerPotion"},{"floor":23,"key":"Block Potion"},{"floor":30,"key":"Explosive Potion"},{"floor":31,"key":"AttackPotion"},{"floor":41,"key":"Fruit Juice"},{"floor":44,"key":"Block Potion"}],"is_trial":false,"path_per_floor":["M","M","M","$","M","E","M","R","T","M","?","M","R","M","R","B",null,"M","M","M","M","M","E","$","?","T","R","M","M","M","E","R","B",null,"M","?","M","?","?","R","E","R","T","E","R","$","M","?","R","B",null,"R","$","E","B"],"character_chosen":"DEFECT","items_purchased":["Steam","Runic Capacitor","Coolheaded","Gash","Pantograph","Weak Potion","PowerPotion"],"campfire_rested":1,"item_purchase_floors":[4,24,24,46,46,46,53],"current_hp_per_floor":[75,72,68,68,68,67,53,53,53,48,33,22,44,35,35,15,75,68,67,64,54,58,58,58,58,58,58,52,47,46,46,46,41,75,65,65,66,74,74,74,53,53,53,58,58,58,66,66,66,53,85,85,85,31,0,0],"gold":30,"neow_bonus":"TRANSFORM_CARD","is_daily":false,"chose_seed":false,"campfire_upgraded":8,"win_rate":0.0,"timestamp":1613925462,"path_taken":["M","M","M","$","M","E","M","R","T","M","?","M","R","M","R","BOSS","M","M","M","M","M","E","$","?","T","R","M","M","M","E","R","BOSS","M","?","M","?","?","R","E","R","T","E","R","$","M","?","R","BOSS","R","$","E","BOSS"],"items_purchased_type":["Card","Relic","Card","Card","Relic","Potion","Potion"],"build_version":"2020-12-22","purchased_purges":2,"victory":false,"max_hp_per_floor":[75,75,75,75,75,75,75,75,75,75,75,75,75,75,75,75,75,75,75,75,75,75,75,75,75,75,75,75,75,75,75,75,75,75,75,75,75,75,75,75,75,75,75,85,85,85,85,85,85,85,85,85,85,85,85,85],"card_choices":[{"not_picked":["Storm","Compile Driver"],"picked":"Cold Snap","floor":1},{"not_picked":["Cold Snap","Reinforced Body"],"picked":"Gash","floor":2},{"not_picked":["Redo","Compile Driver"],"picked":"Coolheaded","floor":3},{"not_picked":["Steam","Darkness"],"picked":"Glacier","floor":5},{"not_picked":["Rainbow","Compile Driver"],"picked":"Cold Snap","floor":6},{"not_picked":["Force Field","Turbo","Genetic Algorithm"],"picked":"Streamline","floor":7},{"not_picked":["Fusion","Conserve Battery","Force Field"],"picked":"Streamline","floor":10},{"not_picked":["Sweeping Beam","Genetic Algorithm","Compile Driver"],"picked":"All For One","floor":12},{"not_picked":["Conserve Battery","Recycle","Doom and Gloom"],"picked":"Reinforced Body","floor":14},{"not_picked":["Core Surge","Meteor Strike","Biased Cognition"],"picked":"Reboot","floor":16},{"not_picked":["Leap","Turbo","Barrage"],"picked":"Conserve Battery","floor":18},{"not_picked":["Cold Snap","Reinforced Body","Consume"],"picked":"Static Discharge","floor":19},{"not_picked":["Streamline","Barrage","Darkness+1"],"picked":"Sweeping Beam","floor":20},{"not_picked":["Beam Cell","Aggregate+1","Compile Driver"],"picked":"Loop+1","floor":21},{"not_picked":["Beam Cell","Storm","Steam Power"],"picked":"Redo+1","floor":22},{"not_picked":["Coolheaded","Reboot","Stack"],"picked":"Scrape","floor":23},{"not_picked":["Static Discharge+1","Fusion","BootSequence"],"picked":"Consume","floor":28},{"not_picked":["Fusion","Glacier","Loop"],"picked":"Go for the Eyes","floor":29},{"not_picked":["Steam Power","Steam","Recycle+1","Reprogram"],"picked":"SKIP","floor":30},{"not_picked":["Conserve Battery+1","Doom and Gloom+1","Sweeping Beam+1"],"picked":"Defragment","floor":31},{"not_picked":["Thunder Strike","Electrodynamics","All For One"],"picked":"Machine Learning","floor":33},{"not_picked":["Redo","Rebound+1","Hyperbeam"],"picked":"Storm+1","floor":35},{"not_picked":["Sweeping Beam+1","Ball Lightning+1","Steam+1","Cold Snap+1"],"picked":"SKIP","floor":35},{"not_picked":["Apotheosis","Mind Blast","Secret Weapon"],"picked":"Discovery","floor":36},{"not_picked":["Static Discharge+1","Coolheaded+1","Rebound+1","Turbo"],"picked":"SKIP","floor":37},{"not_picked":["Turbo+1","Stack","Darkness+1","Glacier"],"picked":"SKIP","floor":37},{"not_picked":["Blizzard","Streamline+1","Barrage+1"],"picked":"Steam+1","floor":38},{"not_picked":["Compile Driver","Hyperbeam","Reinforced Body","Ball Lightning"],"picked":"SKIP","floor":41},{"not_picked":["Hologram","Force Field","BootSequence+1","Genetic Algorithm"],"picked":"SKIP","floor":44},{"not_picked":["Cold Snap+1","Melter","Steam+1","Fusion+1"],"picked":"SKIP","floor":47},{"not_picked":["Redo+1","Storm+1","Go for the Eyes","Static Discharge"],"picked":"SKIP","floor":47},{"not_picked":["Steam","BootSequence","Reboot","Hologram"],"picked":"SKIP","floor":54}],"player_experience":305758,"relics_obtained":[{"floor":6,"key":"Question Card"},{"floor":9,"key":"Bird Faced Urn"},{"floor":23,"key":"Ginger"},{"floor":26,"key":"Shuriken"},{"floor":31,"key":"Prayer Wheel"},{"floor":38,"key":"Gambling Chip"},{"floor":41,"key":"Vajra"},{"floor":44,"key":"StrikeDummy"},{"floor":54,"key":"Bag of Preparation"}],"event_choices":[{"damage_healed":0,"gold_gain":0,"player_choice":"Entered Light","damage_taken":15,"max_hp_gain":0,"max_hp_loss":0,"event_name":"Shining Light","floor":11,"gold_loss":0,"cards_upgraded":["Gash","Zap"]},{"damage_healed":0,"gold_gain":0,"player_choice":"Inject Mutagens","damage_taken":0,"relics_obtained":["MutagenicStrength"],"max_hp_gain":0,"max_hp_loss":0,"event_name":"Drug Dealer","floor":25,"gold_loss":0},{"damage_healed":0,"gold_gain":0,"player_choice":"Memory 1","damage_taken":0,"max_hp_gain":0,"max_hp_loss":0,"event_name":"SensoryStone","floor":36,"gold_loss":0},{"damage_healed":0,"gold_gain":0,"player_choice":"Fight","damage_taken":0,"max_hp_gain":0,"max_hp_loss":0,"event_name":"MindBloom","floor":38,"gold_loss":0},{"cards_removed":["Coolheaded"],"damage_healed":0,"gold_gain":0,"player_choice":"Removed Skill","damage_taken":0,"max_hp_gain":0,"max_hp_loss":0,"event_name":"Falling","floor":39,"gold_loss":0},{"cards_removed":["Regret"],"damage_healed":0,"gold_gain":0,"player_choice":"Offered Curse","damage_taken":0,"relics_obtained":["Spirit Poop"],"max_hp_gain":0,"max_hp_loss":0,"event_name":"Bonfire Elementals","floor":48,"gold_loss":0}],"is_beta":false,"boss_relics":[{"not_picked":["Snecko Eye","Astrolabe"],"picked":"Cursed Key"},{"not_picked":["Coffee Dripper","Nuclear Battery"],"picked":"SacredBark"}],"items_purged_floors":[4,24],"is_endless":false,"potions_floor_spawned":[3,5,7,12,14,18,21,22,23,30,31,41,44],"killed_by":"The Heart","ascension_level":3}}