{"host":"5n1fl7z5i1vf7jan","time":1613896048,"event":{"mods":["BaseMod","Minty Spire (QoL Compilation)","Quick Restart","Relic Stats"],"gold_per_floor":[116,116,129,11,29,29,48,67,92,92,117,150,162,190,190,265,265,284,284,1,0,17,17,17],"floor_reached":23,"language":"ENG","playtime":1022,"items_purged":["Writhe"],"score":402,"play_id":"d621c9d9-a160-46ca-846d-4ccaf6e0a344","local_time":"20210221002728","is_ascension_mode":true,"campfire_choices":[{"data":"Coolheaded","floor":6.0,"key":"SMITH"},{"data":"Echo Form","floor":10.0,"key":"SMITH"},{"floor":15.0,"key":"REST"}],"circlet_count":0,"master_deck":["AscendersBane","Strike_B","Strike_B","Strike_B","Strike_B","Defend_B","Defend_B","Defend_B","Defend_B","Zap","Dualcast","Coolheaded+1","Conserve Battery","FTL","Self Repair","BootSequence","Self Repair","Echo Form+1","Streamline","Genetic Algorithm","Ball Lightning","Reboot","Cold Snap","Biased Cognition","Go for the Eyes+1"],"relics":["FrozenCore","Orichalcum","Strawberry","MealTicket","Anchor","Question Card"],"acts_visited":["TheCity"],"potions_floor_usage":[23],"damage_taken":[{"damage":4.0,"enemies":"Jaw Worm","floor":1.0,"turns":3.0},{"damage":2.0,"enemies":"Cultist","floor":3.0,"turns":4.0},{"damage":8.0,"enemies":"Small Slimes","floor":5.0,"turns":3.0},{"damage":26.0,"enemies":"Exordium Wildlife","floor":7.0,"turns":5.0},{"damage":18.0,"enemies":"Large Slime","floor":8.0,"turns":5.0},{"damage":24.0,"enemies":"Gremlin Nob","floor":12.0,"turns":4.0},{"damage":6.0,"enemies":"3 Louse","floor":13.0,"turns":5.0},{"damage":23.0,"enemies":"3 Sentries","floor":14.0,"turns":8.0},{"damage":25.0,"enemies":"The Guardian","floor":16.0,"turns":11.0},{"damage":34.0,"enemies":"Chosen","floor":18.0,"turns":8.0},{"damage":14,"enemies":"Shell Parasite","floor":22,"turns":8},{"damage":71,"enemies":"Slavers","floor":23,"turns":10}],"seed_played":"-4609798773617234785","potions_obtained":[{"floor":0.0,"key":"Strength Potion"},{"floor":0.0,"key":"PowerPotion"},{"floor":12.0,"key":"Weak Potion"},{"floor":13.0,"key":"SpeedPotion"}],"is_trial":false,"path_per_floor":["M","?","M","$","M","R","M","M","T","R","T","E","M","E","R","B",null,"M","?","$","?","M","E"],"character_chosen":"DEFECT","items_purchased":["FTL","Self Repair","Biased Cognition","Weak Potion"],"campfire_rested":1,"item_purchase_floors":[4,4,20,20],"current_hp_per_floor":[60,56,54,54,53,53,34,30,30,30,37,27,35,26,49,38,68,55,55,70,70,77,6,6],"gold":17,"neow_bonus":"THREE_SMALL_POTIONS","is_daily":false,"chose_seed":false,"campfire_upgraded":2,"win_rate":0.0,"timestamp":1613896048,"path_taken":["M","?","?","$","M","R","M","M","T","R","?","E","M","E","R","BOSS","M","?","$","?","M","E"],"items_purchased_type":["Card","Card","Card","Potion"],"build_version":"2020-12-22","purchased_purges":1,"victory":false,"max_hp_per_floor":[71,71,71,71,71,71,71,71,71,71,78,78,78,78,78,78,78,78,78,78,78,78,78,78],"relic_stats":{"counters":[12,74],"MealTicket":15,"Orichalcum":[90],"Question Card":1,"obtain_stats":[{"Anchor":14,"Strawberry":11,"MealTicket":12,"Orichalcum":9,"Cracked Core":0,"Question Card":19,"FrozenCore":17},{"Anchor":8,"Strawberry":5,"MealTicket":6,"Orichalcum":5,"Cracked Core":0,"Question Card":10,"FrozenCore":9},{"Anchor":37,"Strawberry":20,"MealTicket":24,"Orichalcum":20,"Cracked Core":0,"Question Card":56,"FrozenCore":48}],"FrozenCore":[7]},"card_choices":[{"not_picked":["Skim","Leap"],"picked":"Coolheaded","floor":1.0},{"not_picked":["Storm","Barrage"],"picked":"Conserve Battery","floor":3.0},{"not_picked":["Beam Cell","Hologram"],"picked":"BootSequence","floor":5.0},{"not_picked":["Turbo","Sweeping Beam"],"picked":"Self Repair","floor":7.0},{"not_picked":["Stack","Turbo"],"picked":"Echo Form","floor":8.0},{"not_picked":["Redo","Recycle"],"picked":"Streamline","floor":12.0},{"not_picked":["Beam Cell","Stack"],"picked":"Genetic Algorithm","floor":13.0},{"not_picked":["Reboot","Redo"],"picked":"Ball Lightning","floor":14.0},{"not_picked":["Buffer","Creative AI"],"picked":"Reboot","floor":16.0},{"not_picked":["Hologram","Reprogram"],"picked":"Cold Snap","floor":18.0},{"not_picked":["Leap","Undo","Beam Cell"],"picked":"Go for the Eyes+1","floor":22}],"player_experience":367038,"relics_obtained":[{"floor":9.0,"key":"Orichalcum"},{"floor":11.0,"key":"Strawberry"},{"floor":12.0,"key":"MealTicket"},{"floor":14.0,"key":"Anchor"}],"event_choices":[{"damage_healed":0.0,"max_hp_gain":0.0,"max_hp_loss":0.0,"gold_gain":0.0,"event_name":"The Woman in Blue","player_choice":"Bought 0 Potions","floor":2.0,"gold_loss":0.0,"damage_taken":0.0},{"damage_healed":0.0,"max_hp_gain":0.0,"max_hp_loss":0.0,"gold_gain":0.0,"event_name":"The Mausoleum","player_choice":"Opened","floor":19.0,"gold_loss":0.0,"damage_taken":0.0,"relics_obtained":["Question Card"],"cards_obtained":["Writhe"]},{"damage_healed":0,"gold_gain":0,"player_choice":"Paid Fearfully","damage_taken":0,"max_hp_gain":0,"max_hp_loss":0,"event_name":"Masked Bandits","floor":21,"gold_loss":1}],"is_beta":false,"boss_relics":[{"not_picked":["Empty Cage","SacredBark"],"picked":"FrozenCore"}],"items_purged_floors":[20],"is_endless":false,"potions_floor_spawned":[7,12,13,22],"killed_by":"Slavers","ascension_level":20}}