{"host":"Muffin","time":1613935899,"event":{"mods":["BaseMod","Googly Eyes","Minty Spire (QoL Compilation)"],"gold_per_floor":[216,231,245,420,431,59,134,159,159,159,91,91,106,123,123,224,224,244,191,202,202,213,213,213],"floor_reached":23,"language":"ENG","playtime":1049,"items_purged":["Doubt"],"score":193,"play_id":"93a51a6f-b8ea-48b9-9b03-f654c8b73bbd","local_time":"20210221203139","is_ascension_mode":false,"campfire_choices":[{"floor":15,"key":"REST"}],"circlet_count":0,"master_deck":["Strike_G","Strike_G","Strike_G","Strike_G","Strike_G+1","Defend_G","Defend_G","Defend_G","Defend_G","Defend_G","Survivor","Neutralize","Leg Sweep","Noxious Fumes+1","Deflect","Underhanded Strike+1","Footwork","Dagger Spray+1","Bullet Time","Deadly Poison","Cloak And Dagger+1"],"relics":["Ring of the Snake","The Specimen","Molten Egg 2","Mercury Hourglass","Black Star","Potion Belt"],"acts_visited":["Exordium","TheCity"],"potions_floor_usage":[5,14,22,23],"damage_taken":[{"damage":1,"enemies":"2 Louse","floor":1,"turns":3},{"damage":6,"enemies":"Jaw Worm","floor":2,"turns":5},{"damage":1,"enemies":"Cultist","floor":3,"turns":4},{"damage":0,"enemies":"2 Fungi Beasts","floor":5,"turns":4},{"damage":11,"enemies":"Lagavulin","floor":8,"turns":10},{"damage":0,"enemies":"Red Slaver","floor":13,"turns":4},{"damage":12,"enemies":"Exordium Thugs","floor":14,"turns":3},{"damage":16,"enemies":"The Guardian","floor":16,"turns":13},{"damage":23,"enemies":"2 Thieves","floor":18,"turns":4},{"damage":15,"enemies":"Spheric Guardian","floor":20,"turns":6},{"damage":20,"enemies":"Cultist and Chosen","floor":22,"turns":6},{"damage":12,"enemies":"Shelled Parasite and Fungi","floor":23,"turns":4}],"seed_played":"5602363476226382188","potions_obtained":[{"floor":1,"key":"FearPotion"},{"floor":3,"key":"Fire Potion"},{"floor":8,"key":"Energy Potion"},{"floor":13,"key":"AttackPotion"},{"floor":18,"key":"Energy Potion"}],"is_trial":false,"path_per_floor":["M","M","M","?","M","$","?","E","T","$","$","?","M","M","R","B",null,"M","$","M","?","M","M"],"character_chosen":"THE_SILENT","items_purchased":["The Specimen","Footwork","Deadly Poison"],"campfire_rested":1,"item_purchase_floors":[6,11,19],"current_hp_per_floor":[69,63,62,62,62,62,51,40,40,40,40,26,26,14,35,19,70,47,47,32,32,12,0,0],"gold":213,"neow_bonus":"HUNDRED_GOLD","is_daily":false,"chose_seed":false,"campfire_upgraded":0,"win_rate":0.0,"timestamp":1613935899,"path_taken":["M","M","M","?","M","$","?","E","T","?","$","?","M","M","R","BOSS","M","$","M","?","M","M"],"items_purchased_type":["Relic","Card","Card"],"build_version":"2020-12-18","purchased_purges":1,"victory":false,"max_hp_per_floor":[70,70,70,70,70,70,70,70,70,70,70,70,70,70,70,70,70,70,70,70,70,70,70,70],"card_choices":[{"not_picked":["Slice","Heel Hook"],"picked":"Leg Sweep","floor":1},{"not_picked":["Backflip","Skewer"],"picked":"Noxious Fumes","floor":2},{"not_picked":["Flying Knee","Prepared"],"picked":"Deflect","floor":3},{"not_picked":["Masterful Stab","Deflect","Noxious Fumes"],"picked":"SKIP","floor":5},{"not_picked":["Bouncing Flask","Malaise"],"picked":"Underhanded Strike+1","floor":8},{"not_picked":["Cloak And Dagger","All Out Attack+1"],"picked":"Dagger Spray+1","floor":13},{"not_picked":["Dagger Throw+1","Bouncing Flask","Concentrate"],"picked":"SKIP","floor":14},{"not_picked":["Die Die Die+1","Glass Knife+1"],"picked":"Bullet Time","floor":16},{"not_picked":["Cloak And Dagger+1","Dagger Throw+1","Footwork"],"picked":"SKIP","floor":18},{"not_picked":["Predator+1","Underhanded Strike+1"],"picked":"Cloak And Dagger+1","floor":20},{"not_picked":["Concentrate","Heel Hook+1","Blade Dance+1"],"picked":"SKIP","floor":22}],"player_experience":587031,"relics_obtained":[{"floor":8,"key":"Molten Egg 2"},{"floor":9,"key":"Mercury Hourglass"},{"floor":21,"key":"Potion Belt"}],"event_choices":[{"damage_healed":0,"gold_gain":175,"player_choice":"AGREE","damage_taken":0,"max_hp_gain":0,"max_hp_loss":0,"event_name":"Liars Game","floor":4,"gold_loss":0,"cards_obtained":["Doubt"]},{"damage_healed":0,"gold_gain":75,"player_choice":"Gather Gold","damage_taken":11,"max_hp_gain":0,"max_hp_loss":0,"event_name":"World of Goop","floor":7,"gold_loss":0},{"damage_healed":0,"gold_gain":0,"player_choice":"Entered Light","damage_taken":14,"max_hp_gain":0,"max_hp_loss":0,"event_name":"Shining Light","floor":12,"gold_loss":0,"cards_upgraded":["Strike_G","Noxious Fumes"]},{"damage_healed":0,"gold_gain":0,"player_choice":"Relic","damage_taken":0,"max_hp_gain":0,"max_hp_loss":0,"event_name":"Wheel of Change","floor":21,"gold_loss":0}],"is_beta":true,"boss_relics":[{"not_picked":["Cursed Key","Ectoplasm"],"picked":"Black Star"}],"items_purged_floors":[6],"is_endless":false,"potions_floor_spawned":[1,3,8,13,18],"killed_by":"Shelled Parasite and Fungi","ascension_level":0}}