{"host":"8is2j71l4wmybkoi","time":1613894627,"event":{"mods":["AchievementEnabler","BaseMod","Colored Map","DeckTracker","Minty Spire (QoL Compilation)","Rare Cards Sparkle","Relic Stats","StSLib","SuperFastMode"],"gold_per_floor":[17,34,34,49,65,65,97,97,121,148,148,175,111,146,146,217,217,227,246,246,446,458,490,490,520,546,558,575,587,603,72,72,146,146,164,176,176,190,190,224,224,255,255,58,58,69,6,25,25,25,25,25,25,59,59,59],"floor_reached":55,"language":"KOR","playtime":3666,"items_purged":["Strike_G","Strike_G","Strike_G"],"score":1482,"play_id":"bc41ce3d-f912-467c-97ea-5746850a4a58","local_time":"20210221170347","is_ascension_mode":true,"campfire_choices":[{"data":"Setup","floor":6.0,"key":"SMITH"},{"data":"Neutralize","floor":8.0,"key":"SMITH"},{"data":"Crippling Poison","floor":11.0,"key":"SMITH"},{"data":"Adrenaline","floor":15.0,"key":"SMITH"},{"floor":24,"key":"REST"},{"data":"Well Laid Plans","floor":32,"key":"SMITH"},{"floor":41,"key":"RECALL"},{"floor":45,"key":"REST"},{"floor":49,"key":"REST"},{"floor":52,"key":"REST"}],"circlet_count":0,"master_deck":["AscendersBane","Defend_G","Defend_G","Defend_G","Survivor","Neutralize+1","Skewer","Setup+1","Blur","Dagger Spray","Adrenaline+1","Dagger Throw","Masterful Stab","Crippling Poison+1","Acrobatics","After Image","Malaise","Backflip","Well Laid Plans+1","Grand Finale","Escape Plan","Prepared","Burst+1","Calculated Gamble+1","Prepared+1","Backflip+1","Madness+1","Madness+1","Tactician+1","Doppelganger+1"],"relics":["Ring of the Snake","Art of War","Akabeko","Bag of Preparation","Blood Vial","Mercury Hourglass","Pantograph","HoveringKite","The Courier","Nunchaku","Potion Belt","Toxic Egg 2","White Beast Statue","Fusion Hammer","Oddly Smooth Stone","Juzu Bracelet","Membership Card","Ice Cream"],"acts_visited":["Exordium","TheCity","TheBeyond","TheEnding"],"potions_floor_usage":[25,25,33,33,33,33,40,42,42,55,55,55],"damage_taken":[{"damage":1.0,"enemies":"2 Louse","floor":1.0,"turns":2.0},{"damage":0.0,"enemies":"Jaw Worm","floor":2.0,"turns":5.0},{"damage":0.0,"enemies":"Cultist","floor":4.0,"turns":3.0},{"damage":5.0,"enemies":"3 Louse","floor":5.0,"turns":3.0},{"damage":7.0,"enemies":"3 Sentries","floor":7.0,"turns":5.0},{"damage":8.0,"enemies":"Gremlin Nob","floor":10.0,"turns":3.0},{"damage":12.0,"enemies":"3 Sentries","floor":12.0,"turns":5.0},{"damage":0.0,"enemies":"Lagavulin","floor":14.0,"turns":2.0},{"damage":10.0,"enemies":"Slime Boss","floor":16.0,"turns":6.0},{"damage":11.0,"enemies":"Spheric Guardian","floor":18.0,"turns":3.0},{"damage":0.0,"enemies":"2 Thieves","floor":19.0,"turns":3.0},{"damage":14,"enemies":"Snake Plant","floor":22,"turns":3},{"damage":16,"enemies":"Slavers","floor":23,"turns":3},{"damage":11,"enemies":"Book of Stabbing","floor":25,"turns":8},{"damage":2,"enemies":"Sentry and Sphere","floor":27,"turns":8},{"damage":3,"enemies":"3 Cultists","floor":28,"turns":5},{"damage":0,"enemies":"Cultist and Chosen","floor":29,"turns":6},{"damage":2,"enemies":"Snake Plant","floor":30,"turns":4},{"damage":17,"enemies":"Automaton","floor":33,"turns":13},{"damage":0,"enemies":"3 Shapes","floor":35,"turns":3},{"damage":0,"enemies":"3 Darklings","floor":36,"turns":3},{"damage":0,"enemies":"Spire Growth","floor":38,"turns":5},{"damage":7,"enemies":"Nemesis","floor":40,"turns":15},{"damage":31,"enemies":"Giant Head","floor":42,"turns":12},{"damage":0,"enemies":"Jaw Worm Horde","floor":46,"turns":3},{"damage":0,"enemies":"Maw","floor":48,"turns":5},{"damage":0,"enemies":"Awakened One","floor":50,"turns":17},{"damage":8,"enemies":"Shield and Spear","floor":54,"turns":21},{"damage":94,"enemies":"The Heart","floor":55,"turns":12}],"seed_played":"100998602273875271","potions_obtained":[{"floor":1.0,"key":"CultistPotion"},{"floor":2.0,"key":"DuplicationPotion"},{"floor":10.0,"key":"SteroidPotion"},{"floor":12.0,"key":"Fire Potion"},{"floor":14.0,"key":"SpeedPotion"},{"floor":23,"key":"Block Potion"},{"floor":27,"key":"Poison Potion"},{"floor":29,"key":"GamblersBrew"},{"floor":33,"key":"CunningPotion"},{"floor":40,"key":"Regen Potion"},{"floor":42,"key":"Block Potion"},{"floor":46,"key":"LiquidBronze"}],"is_trial":false,"path_per_floor":["M","M","?","M","M","R","E","R","T","E","R","E","?","E","R","B",null,"M","M","?","?","M","E","R","E","T","M","M","M","M","$","R","B",null,"M","M","?","M","?","E","R","E","T","$","R","M","$","M","R","B",null,"R","$","E","B"],"character_chosen":"THE_SILENT","items_purchased":["Toxic Egg 2","White Beast Statue","EntropicBrew","Membership Card","Tactician+1"],"campfire_rested":4,"item_purchase_floors":[31,31,31,44,44],"current_hp_per_floor":[58,58,58,58,53,53,46,46,46,38,38,26,26,28,28,45,61,52,54,54,54,42,28,47,38,38,38,37,39,39,39,39,49,62,64,66,66,66,54,49,49,35,35,35,54,56,56,58,66,66,66,66,66,58,0,0],"gold":59,"neow_bonus":"TRANSFORM_TWO_CARDS","is_daily":false,"chose_seed":false,"campfire_upgraded":5,"win_rate":0.0,"timestamp":1613894627,"path_taken":["M","M","?","M","M","R","E","R","T","E","R","E","?","E","R","BOSS","M","M","?","?","M","E","R","E","T","M","?","M","M","$","R","BOSS","M","M","?","M","?","E","R","E","T","?","R","M","$","M","R","BOSS","R","$","E","BOSS"],"items_purchased_type":["Relic","Relic","Potion","Relic","Card"],"build_version":"2020-12-22","purchased_purges":3,"victory":false,"max_hp_per_floor":[66,66,66,66,66,66,66,66,66,66,66,66,66,66,66,66,66,66,66,66,66,66,66,66,66,66,66,66,66,66,66,66,66,66,66,66,66,66,66,66,66,66,66,66,66,66,66,66,66,66,66,66,66,66,66,66],"relic_stats":{"Blood Vial":36,"Nunchaku":[26],"counters":[29,183],"Pantograph":58,"HoveringKite":[116],"Art of War":[14],"Bag of Preparation":[46],"Juzu Bracelet":0,"obtain_stats":[{"Potion Belt":26,"Ice Cream":54,"HoveringKite":17,"Oddly Smooth Stone":40,"The Courier":23,"Bag of Preparation":10,"Juzu Bracelet":42,"Akabeko":9,"White Beast Statue":31,"Mercury Hourglass":13,"Blood Vial":12,"Nunchaku":25,"Pantograph":14,"Fusion Hammer":34,"Art of War":7,"Membership Card":44,"Toxic Egg 2":31,"Ring of the Snake":0},{"Potion Belt":14,"Ice Cream":28,"HoveringKite":9,"Oddly Smooth Stone":23,"The Courier":13,"Bag of Preparation":6,"Juzu Bracelet":24,"Akabeko":5,"White Beast Statue":18,"Mercury Hourglass":7,"Blood Vial":7,"Nunchaku":14,"Pantograph":8,"Fusion Hammer":19,"Art of War":5,"Membership Card":24,"Toxic Egg 2":18,"Ring of the Snake":0},{"Potion Belt":52,"Ice Cream":171,"HoveringKite":33,"Oddly Smooth Stone":113,"The Courier":45,"Bag of Preparation":21,"Juzu Bracelet":125,"Akabeko":18,"White Beast Statue":74,"Mercury Hourglass":26,"Blood Vial":26,"Nunchaku":52,"Pantograph":28,"Fusion Hammer":87,"Art of War":18,"Membership Card":125,"Toxic Egg 2":74,"Ring of the Snake":0}],"Ring of the Snake":[58],"Mercury Hourglass":[508]},"card_choices":[{"not_picked":["Accuracy","Bane"],"picked":"Blur","floor":1.0},{"not_picked":["Slice","Endless Agony"],"picked":"Dagger Spray","floor":2.0},{"not_picked":["Prepared","Sucker Punch"],"picked":"Adrenaline","floor":4.0},{"not_picked":["Dagger Spray","Skewer"],"picked":"Dagger Throw","floor":5.0},{"not_picked":["Backstab","Acrobatics"],"picked":"Masterful Stab","floor":7.0},{"not_picked":["Deflect","Slice"],"picked":"Crippling Poison","floor":10.0},{"not_picked":["PiercingWail","Slice"],"picked":"Acrobatics","floor":12.0},{"not_picked":["Expertise","Terror"],"picked":"After Image","floor":14.0},{"not_picked":["A Thousand Cuts","Glass Knife"],"picked":"Malaise","floor":16.0},{"not_picked":["Slice","Choke+1","Acrobatics"],"picked":"SKIP","floor":18.0},{"not_picked":["Bane","Finisher+1"],"picked":"Backflip","floor":19.0},{"not_picked":["Caltrops","Acrobatics"],"picked":"Well Laid Plans","floor":22},{"not_picked":["Acrobatics","Underhanded Strike+1"],"picked":"Grand Finale","floor":23},{"not_picked":["Blade Dance","Bane","Dodge and Roll"],"picked":"SKIP","floor":25},{"not_picked":["Underhanded Strike","Crippling Poison","Noxious Fumes"],"picked":"SKIP","floor":27},{"not_picked":["Dagger Spray","Dagger Throw","Noxious Fumes"],"picked":"SKIP","floor":28},{"not_picked":["Crippling Poison","Flying Knee"],"picked":"Escape Plan","floor":29},{"not_picked":["Predator","Outmaneuver"],"picked":"Prepared","floor":30},{"not_picked":["Storm of Steel+1","Venomology+1"],"picked":"Burst+1","floor":33},{"not_picked":["Leg Sweep+1","Crippling Poison+1"],"picked":"Calculated Gamble+1","floor":35},{"not_picked":["Endless Agony+1","Sucker Punch"],"picked":"Prepared+1","floor":36},{"not_picked":["Endless Agony+1","Bane+1"],"picked":"Backflip+1","floor":38},{"not_picked":["Deflect+1","Burst+1","Heel Hook"],"picked":"SKIP","floor":40},{"not_picked":["Infinite Blades+1","Dagger Spray","Prepared+1"],"picked":"SKIP","floor":42},{"not_picked":["Predator","Infinite Blades","Setup+1"],"picked":"SKIP","floor":46},{"not_picked":["Quick Slash+1","Deflect+1","Masterful Stab"],"picked":"SKIP","floor":48},{"not_picked":["Accuracy+1","Bane"],"picked":"Doppelganger+1","floor":54}],"player_experience":1271830,"relics_obtained":[{"floor":7.0,"key":"Art of War"},{"floor":9.0,"key":"Akabeko"},{"floor":10.0,"key":"Bag of Preparation"},{"floor":12.0,"key":"Blood Vial"},{"floor":14.0,"key":"Pantograph"},{"floor":23,"key":"The Courier"},{"floor":25,"key":"Nunchaku"},{"floor":26,"key":"Potion Belt"},{"floor":40,"key":"Oddly Smooth Stone"},{"floor":42,"key":"Juzu Bracelet"},{"floor":54,"key":"Ice Cream"}],"event_choices":[{"cards_removed":["Strike_G"],"damage_healed":0.0,"max_hp_gain":0.0,"max_hp_loss":0.0,"gold_gain":0.0,"event_name":"Living Wall","player_choice":"Forget","floor":3.0,"gold_loss":0.0,"damage_taken":0.0},{"damage_healed":0.0,"max_hp_gain":0.0,"max_hp_loss":0.0,"gold_gain":0.0,"event_name":"WeMeetAgain","player_choice":"Paid Gold","floor":13.0,"gold_loss":64.0,"damage_taken":0.0,"relics_obtained":["Mercury Hourglass"]},{"damage_healed":0.0,"max_hp_gain":0.0,"max_hp_loss":0.0,"gold_gain":0.0,"event_name":"The Mausoleum","player_choice":"Ignored","floor":20.0,"gold_loss":0.0,"damage_taken":0.0},{"damage_healed":0.0,"max_hp_gain":0.0,"max_hp_loss":0.0,"gold_gain":250.0,"event_name":"The Joust","player_choice":"Bet on Owner","floor":21.0,"gold_loss":50.0,"damage_taken":0.0},{"cards_removed":["Defend_G"],"damage_healed":0,"gold_gain":0,"player_choice":"Removed Skill","damage_taken":0,"max_hp_gain":0,"max_hp_loss":0,"event_name":"Falling","floor":37,"gold_loss":0},{"damage_healed":0,"gold_gain":0,"player_choice":"Embrace Madness","damage_taken":12,"max_hp_gain":0,"max_hp_loss":0,"event_name":"Winding Halls","floor":39,"gold_loss":0,"cards_obtained":["Madness","Madness"]}],"is_beta":false,"boss_relics":[{"not_picked":["Cursed Key","Empty Cage"],"picked":"HoveringKite"},{"not_picked":["SlaversCollar","Philosopher\u0027s Stone"],"picked":"Fusion Hammer"}],"items_purged_floors":[31,44,47],"is_endless":false,"potions_floor_spawned":[1,2,10,12,14,23,27,29,33,35,36,38,40,42,46,48,54],"killed_by":"The Heart","ascension_level":15}}