{"host":"g3js2eermvvpeiqn","time":1613888051,"event":{"mods":["BaseMod","DeckTracker","Downfall","Minty Spire (QoL Compilation)","Quick Restart","StSLib"],"gold_per_floor":[116,62,62,62,78,108,119,119,119,134,151,176,191,218,218,290,290,303,253,270,34,52,85,85,85,133,133,151,170,170,189,189,189,189],"floor_reached":33,"language":"ENG","playtime":1631,"items_purged":["Strike_P"],"score":728,"play_id":"da4370fb-2456-45df-b0ed-0f4415cb7958","local_time":"20210221001411","is_ascension_mode":true,"campfire_choices":[{"data":"EmptyFist","floor":8.0,"key":"SMITH"},{"data":"Meditate","floor":15.0,"key":"SMITH"},{"floor":24.0,"key":"REST"},{"floor":27.0,"key":"REST"},{"floor":32,"key":"REST"}],"circlet_count":0,"master_deck":["AscendersBane","Strike_P+1","Strike_P","Defend_P","Defend_P","Defend_P+1","Defend_P","Eruption+1","Vigilance+1","Meditate+1","EmptyFist+1","Consecrate","FearNoEvil+1","CutThroughFate+1","Consecrate","Establishment+1","LessonLearned","CurseOfTheBell","Vengeance","Tantrum"],"relics":["PureWater","NeowsBlessing","Mummified Hand","Pen Nib","Slimebound:PreparedRelic","Pocketwatch","Calling Bell","CeramicFish","The Courier","Lizard Tail","OrangePellets","Ancient Tea Set","Enchiridion","Bronze Scales"],"acts_visited":["Exordium","TheCity"],"potions_floor_usage":[31],"damage_taken":[{"damage":0.0,"enemies":"Small Slimes","floor":1.0,"turns":2.0},{"damage":0.0,"enemies":"Jaw Worm","floor":5.0,"turns":1.0},{"damage":0.0,"enemies":"Lagavulin","floor":6.0,"turns":1.0},{"damage":0.0,"enemies":"Cultist","floor":7.0,"turns":2.0},{"damage":1.0,"enemies":"Exordium Thugs","floor":10.0,"turns":3.0},{"damage":0.0,"enemies":"Lots of Slimes","floor":11.0,"turns":3.0},{"damage":0.0,"enemies":"Gremlin Nob","floor":12.0,"turns":2.0},{"damage":8.0,"enemies":"3 Louse","floor":13.0,"turns":2.0},{"damage":0.0,"enemies":"Lagavulin","floor":14.0,"turns":4.0},{"damage":25.0,"enemies":"The Guardian","floor":16.0,"turns":10.0},{"damage":15.0,"enemies":"Spheric Guardian","floor":18.0,"turns":4.0},{"damage":22.0,"enemies":"3 Byrds","floor":20.0,"turns":5.0},{"damage":13.0,"enemies":"Centurion and Healer","floor":22.0,"turns":4.0},{"damage":6.0,"enemies":"Gremlin Leader","floor":23.0,"turns":5.0},{"damage":11.0,"enemies":"3 Cultists","floor":28.0,"turns":4.0},{"damage":6.0,"enemies":"Snecko","floor":29.0,"turns":4.0},{"damage":23,"enemies":"Centurion and Healer","floor":31,"turns":3},{"damage":54,"enemies":"Champ","floor":33,"turns":7}],"seed_played":"840450682849666753","potions_obtained":[{"floor":1.0,"key":"Weak Potion"},{"floor":4.0,"key":"DuplicationPotion"},{"floor":12.0,"key":"hexamod:SoulburnPotion"},{"floor":14.0,"key":"Dexterity Potion"},{"floor":20.0,"key":"Explosive Potion"},{"floor":23.0,"key":"Ancient Potion"},{"floor":29.0,"key":"champ:CounterPotion"}],"is_trial":false,"path_per_floor":["M","$","?","?","M","E","M","R","T","M","M","E","M","E","R","B",null,"M","?","M","$","M","E","R","?","T","R","M","M","?","M","R","B"],"character_chosen":"WATCHER","items_purchased":["FearPotion","OrangePellets","PowerPotion"],"campfire_rested":3,"item_purchase_floors":[2,21,21],"current_hp_per_floor":[61,61,61,61,61,61,61,61,61,60,60,60,52,52,52,27,58,43,43,21,21,8,2,22,1,1,21,10,4,4,25,45,0,0],"gold":189,"neow_bonus":"THREE_ENEMY_KILL","is_daily":false,"chose_seed":false,"campfire_upgraded":2,"win_rate":0.0,"timestamp":1613888051,"path_taken":["M","$","?","?","M","E","M","R","T","M","?","E","M","E","R","BOSS","M","?","M","$","?","E","R","?","T","R","M","M","?","?","R","BOSS"],"items_purchased_type":["Potion","Relic","Potion"],"build_version":"2020-12-22","purchased_purges":1,"victory":false,"max_hp_per_floor":[68,68,68,68,68,68,68,68,68,68,68,68,68,68,68,68,68,68,68,68,68,68,68,68,68,68,68,68,68,68,68,68,68,68],"card_choices":[{"not_picked":["SashWhip","BattleHymn"],"picked":"Meditate","floor":1.0},{"not_picked":["BowlingBash","Halt"],"picked":"EmptyFist","floor":5.0},{"not_picked":["Collect","ConjureBlade"],"picked":"Consecrate","floor":6.0},{"not_picked":["PathToVictory","CrushJoints"],"picked":"FearNoEvil","floor":7.0},{"not_picked":["EmptyBody","ForeignInfluence","ThirdEye"],"picked":"SKIP","floor":10.0},{"not_picked":["BowlingBash","ReachHeaven","EmptyBody"],"picked":"SKIP","floor":11.0},{"not_picked":["Evaluate","Crescendo"],"picked":"CutThroughFate","floor":12.0},{"not_picked":["ReachHeaven","EmptyFist"],"picked":"Consecrate","floor":13.0},{"not_picked":["CutThroughFate","CarveReality"],"picked":"Establishment","floor":14.0},{"not_picked":["Judgement","Scrawl"],"picked":"LessonLearned","floor":16.0},{"not_picked":["ThirdEye","Pray","Adaptation"],"picked":"SKIP","floor":18.0},{"not_picked":["SashWhip","FollowUp","Wireheading"],"picked":"SKIP","floor":20.0},{"not_picked":["EmptyBody","Worship","WreathOfFlame+1"],"picked":"SKIP","floor":22.0},{"not_picked":["Prostrate","FearNoEvil","Blasphemy"],"picked":"SKIP","floor":23.0},{"not_picked":["Evaluate","Halt","Weave"],"picked":"SKIP","floor":28.0},{"not_picked":["Swivel","Crescendo+1"],"picked":"Vengeance","floor":29.0},{"not_picked":["JustLucky","Sanctity"],"picked":"Tantrum","floor":31}],"player_experience":1529837,"relics_obtained":[{"floor":6.0,"key":"Mummified Hand"},{"floor":9.0,"key":"Pen Nib"},{"floor":12.0,"key":"Slimebound:PreparedRelic"},{"floor":14.0,"key":"Pocketwatch"},{"floor":17.0,"key":"CeramicFish"},{"floor":17.0,"key":"The Courier"},{"floor":17.0,"key":"Lizard Tail"},{"floor":23.0,"key":"Ancient Tea Set"},{"floor":25.0,"key":"Enchiridion"},{"floor":26.0,"key":"Bronze Scales"}],"event_choices":[{"damage_healed":0.0,"max_hp_gain":0.0,"max_hp_loss":0.0,"gold_gain":0.0,"event_name":"The Cleric","player_choice":"Leave","floor":3.0,"gold_loss":0.0,"damage_taken":0.0},{"damage_healed":0.0,"max_hp_gain":0.0,"max_hp_loss":0.0,"gold_gain":0.0,"event_name":"Lab","player_choice":"Got Potions","floor":4.0,"gold_loss":0.0,"damage_taken":0.0},{"damage_healed":0.0,"max_hp_gain":0.0,"max_hp_loss":0.0,"gold_gain":0.0,"event_name":"Designer","player_choice":"Upgrade","floor":19.0,"gold_loss":50.0,"damage_taken":0.0,"cards_upgraded":["Establishment"]},{"damage_healed":0.0,"max_hp_gain":0.0,"max_hp_loss":0.0,"gold_gain":0.0,"event_name":"Cursed Tome","player_choice":"Obtained Book","floor":25.0,"gold_loss":0.0,"damage_taken":21.0},{"cards_removed":["Strike_P"],"damage_healed":0.0,"max_hp_gain":0.0,"max_hp_loss":0.0,"gold_gain":0.0,"event_name":"Purifier","player_choice":"Purged","floor":30.0,"gold_loss":0.0,"damage_taken":0.0}],"is_beta":false,"boss_relics":[{"not_picked":["Pandora\u0027s Box","Tiny House"],"picked":"Calling Bell"}],"items_purged_floors":[21],"is_endless":false,"potions_floor_spawned":[1,6,12,14,20,23,29],"killed_by":"Champ","ascension_level":20}}