{"host":"2uq4yl5bzsf2ox6r","time":1613947345,"event":{"mods":["AchievementEnabler","BaseMod","Colored Map","Highlight Path","Minty Spire (QoL Compilation)","Relic Stats","StSLib"],"gold_per_floor":[118,118,118,43,43,74,74,108,108,120,147,147,8,24,24,127,127,139,139,14,29,43,43,76,76,102,102,31,0,0,0],"floor_reached":30,"language":"ENG","playtime":1615,"items_purged":["Strike_G","Strike_G","Defend_G"],"score":415,"play_id":"81c51756-ff23-4fe8-a4f3-b3e2f20c8ca6","local_time":"20210221174225","is_ascension_mode":true,"campfire_choices":[{"data":"Regret","floor":7,"key":"PURGE"},{"data":"Well Laid Plans","floor":12,"key":"SMITH"},{"floor":15,"key":"REST"},{"data":"Accuracy","floor":23,"key":"SMITH"},{"floor":25,"key":"REST"}],"circlet_count":0,"master_deck":["Defend_G+1","Defend_G","Defend_G","Defend_G","Survivor","Neutralize","Concentrate","Predator","Well Laid Plans+1","Blade Dance","Storm of Steel","Reflex","Dagger Throw","Adrenaline","Accuracy","Bite","Bite","Bite","Bite","Bite","Eviscerate","Accuracy+1","Footwork","Decay","Footwork"],"relics":["Ring of the Snake","NeowsBlessing","Orichalcum","Art of War","Peace Pipe","Gambling Chip","Du-Vu Doll","StoneCalendar","Black Star","WingedGreaves","InkBottle","PreservedInsect"],"acts_visited":["Exordium","TheCity"],"potions_floor_usage":[10,24,30],"damage_taken":[{"damage":0,"enemies":"Small Slimes","floor":1,"turns":1},{"damage":0,"enemies":"3 Sentries","floor":6,"turns":1},{"damage":0,"enemies":"Gremlin Nob","floor":8,"turns":1},{"damage":0,"enemies":"Jaw Worm","floor":10,"turns":3},{"damage":19,"enemies":"3 Sentries","floor":11,"turns":10},{"damage":2,"enemies":"2 Louse","floor":14,"turns":3},{"damage":24,"enemies":"The Guardian","floor":16,"turns":10},{"damage":13,"enemies":"Spheric Guardian","floor":18,"turns":4},{"damage":39,"enemies":"Shell Parasite","floor":21,"turns":7},{"damage":0,"enemies":"Cultist and Chosen","floor":22,"turns":4},{"damage":33,"enemies":"Slavers","floor":24,"turns":3},{"damage":25,"enemies":"Book of Stabbing","floor":30,"turns":4}],"seed_played":"-752549643475441775","potions_obtained":[{"floor":1,"key":"SkillPotion"},{"floor":10,"key":"LiquidBronze"},{"floor":24,"key":"Poison Potion"}],"is_trial":false,"path_per_floor":["M","?","?","$","?","E","R","E","T","M","E","R","$","M","R","B",null,"M","?","$","M","M","R","E","R","T","?","$","?","E"],"character_chosen":"THE_SILENT","items_purchased":["Reflex","Footwork"],"campfire_rested":2,"item_purchase_floors":[13,28],"current_hp_per_floor":[70,63,49,49,49,49,49,49,49,49,30,30,30,28,49,25,59,46,46,46,26,36,36,3,17,17,17,17,17,0,0],"gold":0,"neow_bonus":"THREE_ENEMY_KILL","is_daily":false,"chose_seed":false,"campfire_upgraded":2,"win_rate":0.0,"timestamp":1613947345,"path_taken":["M","?","?","$","?","E","R","E","T","M","E","R","?","M","R","BOSS","M","?","?","?","M","R","E","R","T","?","$","?","E"],"items_purchased_type":["Card","Card"],"build_version":"2020-12-22","purchased_purges":3,"victory":false,"max_hp_per_floor":[70,70,70,70,70,70,70,70,70,70,70,70,70,70,70,70,70,70,49,49,49,49,49,49,49,49,49,49,49,49,49],"relic_stats":{"Peace Pipe":2,"counters":[12,51],"Gambling Chip":[26],"StoneCalendar":[93],"PreservedInsect":41,"Art of War":[2],"Black Star":1,"Orichalcum":[60],"obtain_stats":[{"Peace Pipe":6,"Du-Vu Doll":9,"NeowsBlessing":0,"Gambling Chip":8,"StoneCalendar":11,"WingedGreaves":24,"PreservedInsect":26,"Art of War":5,"Black Star":17,"Orichalcum":2,"InkBottle":24,"Ring of the Snake":0},{"Peace Pipe":2,"Du-Vu Doll":3,"NeowsBlessing":0,"Gambling Chip":3,"StoneCalendar":5,"WingedGreaves":11,"PreservedInsect":11,"Art of War":1,"Black Star":7,"Orichalcum":1,"InkBottle":11,"Ring of the Snake":0},{"Peace Pipe":2,"Du-Vu Doll":3,"NeowsBlessing":0,"Gambling Chip":3,"StoneCalendar":16,"WingedGreaves":47,"PreservedInsect":47,"Art of War":1,"Black Star":29,"Orichalcum":1,"InkBottle":47,"Ring of the Snake":0}],"InkBottle":[2],"Ring of the Snake":[24]},"card_choices":[{"not_picked":["Dagger Spray","Slice"],"picked":"Concentrate","floor":1},{"not_picked":["Setup","Backflip"],"picked":"Predator","floor":6},{"not_picked":["Deflect","Calculated Gamble"],"picked":"Well Laid Plans","floor":8},{"not_picked":["Masterful Stab","Bane"],"picked":"Blade Dance","floor":10},{"not_picked":["Sucker Punch","Concentrate"],"picked":"Storm of Steel","floor":11},{"not_picked":["Poisoned Stab","Dodge and Roll"],"picked":"Dagger Throw","floor":14},{"not_picked":["Night Terror","A Thousand Cuts"],"picked":"Adrenaline","floor":16},{"not_picked":["Dodge and Roll","Expertise"],"picked":"Accuracy","floor":18},{"not_picked":["Deadly Poison+1","Predator+1"],"picked":"Eviscerate","floor":21},{"not_picked":["Leg Sweep+1","Quick Slash+1"],"picked":"Accuracy","floor":22},{"not_picked":["Flying Knee","Prepared"],"picked":"Footwork","floor":24}],"player_experience":173220,"relics_obtained":[{"floor":6,"key":"Peace Pipe"},{"floor":8,"key":"Gambling Chip"},{"floor":9,"key":"Du-Vu Doll"},{"floor":11,"key":"StoneCalendar"},{"floor":24,"key":"WingedGreaves"},{"floor":24,"key":"InkBottle"},{"floor":26,"key":"PreservedInsect"}],"event_choices":[{"damage_healed":0,"gold_gain":0,"player_choice":"Success","damage_taken":7,"relics_obtained":["Orichalcum"],"max_hp_gain":0,"max_hp_loss":0,"event_name":"Scrap Ooze","floor":2,"gold_loss":0},{"damage_healed":0,"gold_gain":0,"player_choice":"Entered Light","damage_taken":14,"max_hp_gain":0,"max_hp_loss":0,"event_name":"Shining Light","floor":3,"gold_loss":0,"cards_upgraded":["Defend_G","Strike_G"]},{"damage_healed":0,"gold_gain":0,"player_choice":"Box","damage_taken":0,"relics_obtained":["Art of War"],"max_hp_gain":0,"max_hp_loss":0,"event_name":"Big Fish","floor":5,"gold_loss":0,"cards_obtained":["Regret"]},{"damage_healed":0,"gold_gain":0,"player_choice":"Became a vampire","damage_taken":0,"max_hp_gain":0,"max_hp_loss":21,"event_name":"Vampires","floor":19,"gold_loss":0,"cards_obtained":["Bite","Bite","Bite","Bite","Bite"]},{"damage_healed":0,"gold_gain":0,"player_choice":"Smashed Altar","damage_taken":0,"max_hp_gain":0,"max_hp_loss":0,"event_name":"Forgotten Altar","floor":27,"gold_loss":0,"cards_obtained":["Decay"]},{"damage_healed":0,"gold_gain":0,"player_choice":"Paid Fearfully","damage_taken":0,"max_hp_gain":0,"max_hp_loss":0,"event_name":"Masked Bandits","floor":29,"gold_loss":31}],"is_beta":false,"boss_relics":[{"not_picked":["Cursed Key","Snecko Eye"],"picked":"Black Star"}],"items_purged_floors":[4,13,20],"is_endless":false,"potions_floor_spawned":[1,10,24],"killed_by":"Book of Stabbing","ascension_level":5}}