{"host":"c1h8o8aodufyrxir","time":1613890490,"event":{"mods":["AchievementEnabler","BaseMod","Block Reminder","Downfall","Minty Spire (QoL Compilation)","Rare Cards Sparkle","Relic Stats","StSLib"],"gold_per_floor":[99,119,136,136,156,156,156,169,169,194,211,226,252,252,252,252,252,252],"floor_reached":16,"language":"ENG","playtime":1093,"items_purged":[],"score":139,"play_id":"45e33550-5f30-46b0-b54b-f48176b34f9e","local_time":"20210220235450","is_ascension_mode":false,"campfire_choices":[{"data":"Guardian:TwinSlam","floor":1,"key":"SMITH"},{"data":"Guardian:ShieldCharger","floor":9,"key":"SMITH"}],"circlet_count":0,"master_deck":["Guardian:Strike_Guardian","Guardian:Strike_Guardian","Guardian:Strike_Guardian","Guardian:Strike_Guardian","Guardian:Defend_Guardian","Guardian:Defend_Guardian","Guardian:Defend_Guardian","Guardian:Defend_Guardian","Guardian:CurlUp","Guardian:TwinSlam+1","Guardian:ShieldCharger","Guardian:TemporalStrike","Guardian:Gem_Green","Guardian:FloatingOrbs","Guardian:ShieldCharger+1","Guardian:ChargeCore","Guardian:Gem_Red","Guardian:Gem_Red","Guardian:TemporalStrike","Guardian:Gem_Synthetic","Guardian:ChargeCore"],"relics":["Guardian:ModeShifter","PreservedInsect","Boot","Guardian:PickAxe","Vajra"],"acts_visited":["Exordium"],"potions_floor_usage":[16,16],"damage_taken":[{"damage":0,"enemies":"2 Louse","floor":2,"turns":3},{"damage":7,"enemies":"Jaw Worm","floor":3,"turns":4},{"damage":2,"enemies":"Cultist","floor":5,"turns":4},{"damage":0,"enemies":"2 Fungi Beasts","floor":8,"turns":6},{"damage":6,"enemies":"Lagavulin","floor":10,"turns":8},{"damage":21,"enemies":"Gremlin Gang","floor":11,"turns":4},{"damage":17,"enemies":"downfall:LooterAlt","floor":12,"turns":4},{"damage":0,"enemies":"Gremlin Nob","floor":13,"turns":4},{"damage":7,"enemies":"3 Louse","floor":15,"turns":4},{"damage":15,"enemies":"IC_STATUS_ARCHETYPE","floor":16,"turns":2}],"seed_played":"3788525987569532701","potions_obtained":[{"floor":2,"key":"Weak Potion"},{"floor":3,"key":"SpeedPotion"},{"floor":10,"key":"SneckoOil"},{"floor":13,"key":"CultistPotion"}],"is_trial":false,"path_per_floor":["R","M","M","?","M","?","T","M","R","E","M","M","E","?","M","B"],"character_chosen":"GUARDIAN","items_purchased":[],"campfire_rested":0,"item_purchase_floors":[],"current_hp_per_floor":[88,88,81,63,61,61,61,61,61,55,34,17,17,17,10,0,0,0],"gold":252,"neow_bonus":"TEN_PERCENT_HP_BONUS","is_daily":false,"chose_seed":false,"campfire_upgraded":2,"win_rate":0.0,"timestamp":1613890490,"path_taken":["R","M","M","?","M","?","T","M","R","E","M","?","E","?","M","BOSS"],"items_purchased_type":[],"build_version":"2020-12-22","purchased_purges":0,"victory":false,"max_hp_per_floor":[88,88,88,88,88,88,88,88,88,88,88,88,88,88,88,88,88,88],"relic_stats":{"counters":[10,43],"PreservedInsect":50,"Boot":[28],"obtain_stats":[{"Guardian:PickAxe":13,"Guardian:ModeShifter":0,"Vajra":14,"PreservedInsect":7,"Boot":10},{"Guardian:PickAxe":8,"Guardian:ModeShifter":0,"Vajra":8,"PreservedInsect":3,"Boot":5},{"Guardian:PickAxe":37,"Guardian:ModeShifter":0,"Vajra":37,"PreservedInsect":11,"Boot":25}]},"card_choices":[{"not_picked":["Guardian:BodySlam","Guardian:TemporalStrike"],"picked":"Guardian:ShieldCharger","floor":2},{"not_picked":["Guardian:ShieldCharger","Guardian:VentSteam"],"picked":"Guardian:TemporalStrike","floor":3},{"not_picked":["Guardian:RollAttack","Guardian:Planning"],"picked":"Guardian:FloatingOrbs","floor":5},{"not_picked":["Guardian:PrismaticBarrier","Guardian:TimeCapacitor"],"picked":"Guardian:ChargeCore","floor":8},{"not_picked":["Guardian:PiercingHide","Guardian:ArmoredProtocol"],"picked":"Guardian:Gem_Red","floor":10},{"not_picked":["Guardian:Gem_Purple","Guardian:TimeCapacitor"],"picked":"Guardian:Gem_Red","floor":11},{"not_picked":["Guardian:Gem_Blue","Guardian:CrystalBeam"],"picked":"Guardian:TemporalStrike","floor":12},{"not_picked":["Guardian:Repulse","Guardian:PiercingHide"],"picked":"Guardian:Gem_Synthetic","floor":13},{"not_picked":["Guardian:Reroute","Guardian:Recover"],"picked":"Guardian:ChargeCore","floor":15}],"player_experience":174836,"relics_obtained":[{"floor":7,"key":"PreservedInsect"},{"floor":10,"key":"Boot"},{"floor":13,"key":"Guardian:PickAxe"},{"floor":14,"key":"Vajra"}],"event_choices":[{"damage_healed":0,"gold_gain":0,"player_choice":"Relic","damage_taken":0,"max_hp_gain":0,"max_hp_loss":0,"event_name":"Wheel of Change","floor":14,"gold_loss":0}],"is_beta":false,"boss_relics":[],"items_purged_floors":[],"is_endless":false,"potions_floor_spawned":[2,3,10,12,13],"killed_by":"IC_STATUS_ARCHETYPE","ascension_level":0}}