{"host":"rmsq46plbpwfbxcc","time":1613907305,"event":{"mods":["AchievementEnabler","BaseMod","Colored Map","Colored Powertips","DeckTracker","KOR Keyword Fix","Minty Spire (QoL Compilation)","Permanent Neow","Quick Restart","SuperFastMode"],"gold_per_floor":[116,116,134,59,71,71,104,179,225,225,240,240,280,297,297,384,384,400,423,372,272,272,272],"floor_reached":22,"language":"KOR","playtime":696,"items_purged":["Defend_G","Defend_G"],"score":326,"play_id":"ff9dc40a-ab31-44ba-9103-30c992814562","local_time":"20210221203505","is_ascension_mode":true,"campfire_choices":[{"data":"Bane","floor":6,"key":"SMITH"},{"data":"Neutralize","floor":10,"key":"SMITH"},{"data":"Cloak And Dagger","floor":15,"key":"SMITH"}],"circlet_count":0,"master_deck":["AscendersBane","Strike_G","Strike_G","Strike_G","Defend_G","Defend_G","Survivor","Neutralize+1","Noxious Fumes+1","Dodge and Roll+1","Dodge and Roll+1","Bane+1","PiercingWail","Cloak And Dagger+1","Acrobatics","After Image","Finisher"],"relics":["Astrolabe","Pen Nib","CeramicFish","Girya","Philosopher\u0027s Stone","Blood Vial"],"acts_visited":["Exordium","TheCity"],"potions_floor_usage":[7,13,13,14,20],"damage_taken":[{"damage":0,"enemies":"Small Slimes","floor":1,"turns":5},{"damage":2,"enemies":"2 Louse","floor":3,"turns":3},{"damage":0,"enemies":"Cultist","floor":5,"turns":4},{"damage":6,"enemies":"3 Sentries","floor":7,"turns":8},{"damage":2,"enemies":"Exordium Wildlife","floor":11,"turns":3},{"damage":4,"enemies":"Lagavulin","floor":13,"turns":7},{"damage":7,"enemies":"Lots of Slimes","floor":14,"turns":3},{"damage":18,"enemies":"The Guardian","floor":16,"turns":11},{"damage":25,"enemies":"3 Byrds","floor":18,"turns":7},{"damage":5,"enemies":"2 Thieves","floor":20,"turns":4},{"damage":14,"enemies":"Cultist and Chosen","floor":22,"turns":6}],"seed_played":"-4975632191153314136","potions_obtained":[{"floor":1,"key":"DuplicationPotion"},{"floor":5,"key":"FearPotion"},{"floor":11,"key":"BlessingOfTheForge"},{"floor":12,"key":"CunningPotion"},{"floor":12,"key":"EntropicBrew"},{"floor":18,"key":"Swift Potion"}],"is_trial":false,"path_per_floor":["M","?","M","$","M","R","E","?","T","R","M","?","E","M","R","B",null,"M","T","M","$","M"],"character_chosen":"THE_SILENT","items_purchased":[],"campfire_rested":0,"item_purchase_floors":[],"current_hp_per_floor":[59,64,62,62,62,62,56,45,45,45,43,43,39,32,32,14,57,32,32,29,29,17,17],"gold":272,"neow_bonus":"BOSS_RELIC","is_daily":false,"chose_seed":false,"campfire_upgraded":3,"win_rate":0.0,"timestamp":1613907305,"path_taken":["M","?","M","$","M","R","E","?","T","R","M","?","E","M","R","BOSS","M","?","M","$","M"],"items_purchased_type":[],"build_version":"2020-12-22","purchased_purges":2,"victory":false,"max_hp_per_floor":[66,71,71,71,71,71,71,71,71,71,71,71,71,71,71,71,71,71,71,71,71,71,71],"card_choices":[{"not_picked":["Setup","Dagger Spray"],"picked":"Bane","floor":1},{"not_picked":["Concentrate","Underhanded Strike"],"picked":"PiercingWail","floor":3},{"not_picked":["Crippling Poison","Calculated Gamble"],"picked":"Cloak And Dagger","floor":5},{"not_picked":["PiercingWail","Storm of Steel","Dagger Throw"],"picked":"SKIP","floor":7},{"not_picked":["Prepared","Dodge and Roll","Riddle With Holes"],"picked":"SKIP","floor":11},{"not_picked":["Endless Agony","Deflect"],"picked":"Acrobatics","floor":13},{"not_picked":["Dagger Throw","Flying Knee","Crippling Poison"],"picked":"SKIP","floor":14},{"not_picked":["Storm of Steel","Glass Knife"],"picked":"After Image","floor":16},{"not_picked":["Deadly Poison","Dash+1","Deflect"],"picked":"SKIP","floor":18},{"not_picked":["Tactician+1","Deflect"],"picked":"Finisher","floor":20}],"player_experience":662158,"relics_obtained":[{"floor":7,"key":"Pen Nib"},{"floor":9,"key":"CeramicFish"},{"floor":13,"key":"Girya"},{"floor":19,"key":"Blood Vial"}],"event_choices":[{"damage_healed":0,"gold_gain":0,"player_choice":"Donut","damage_taken":0,"max_hp_gain":5,"max_hp_loss":0,"event_name":"Big Fish","floor":2,"gold_loss":0},{"damage_healed":0,"gold_gain":75,"player_choice":"Gather Gold","damage_taken":11,"max_hp_gain":0,"max_hp_loss":0,"event_name":"World of Goop","floor":8,"gold_loss":0},{"damage_healed":0,"gold_gain":0,"player_choice":"Got Potions","damage_taken":0,"max_hp_gain":0,"max_hp_loss":0,"event_name":"Lab","floor":12,"gold_loss":0}],"is_beta":false,"boss_relics":[{"not_picked":["Runic Dome","Tiny House"],"picked":"Philosopher\u0027s Stone"}],"items_purged_floors":[4,21],"is_endless":false,"potions_floor_spawned":[1,5,11,18],"killed_by":"Cultist and Chosen","ascension_level":14}}