{"host":"lgow17wc5wawziz1","time":1613909892,"event":{"mods":["AchievementEnabler","Act Like it!","Aspiration","BaseMod","Better Third Choice","Colored Map","Friendly Minions","Gensokyo","Hubris","Kiyohime£¨?ýï£©","Minty Spire (QoL Compilation)","MostiFishMod","Permanent Neow","Quick Restart","Replay The Spire","StSLib","SuperFastMode","¡¼?Úª?ø«¡½REMEMod"],"gold_per_floor":[115,115,115,115,133,164,178,188,188,188,19,37,37,51,51,153,153,164,164,164,12,12,12,12,27,96,116,136,136,161,161,173,173,276,276,293,313,9,9,27,62,62,81,81,81,91,91,121,137,137,137],"floor_reached":52,"language":"KOR","playtime":2198,"items_purged":[],"score":1075,"play_id":"78f09210-f21f-4ef0-8189-65fc793cf9d7","local_time":"20210221211812","is_ascension_mode":true,"campfire_choices":[{"data":"Adaptation","floor":10,"key":"SMITH"},{"data":"MostiFishMod:Adaptation","floor":15,"key":"SMITH"},{"data":"Eruption","floor":23,"key":"SMITH"},{"data":"TalkToTheHand","floor":29,"key":"SMITH"},{"data":"MostiFishMod:Disappear","floor":33,"key":"SMITH"},{"data":"MostiFishMod:StarHerder","floor":42,"key":"SMITH"},{"data":"Blasphemy","floor":45,"key":"SMITH"},{"data":"JustLucky","floor":47,"key":"SMITH"},{"data":"MostiFishMod:Unraveling","floor":50,"key":"SMITH"}],"circlet_count":0,"master_deck":["Strike_P","Strike_P","Defend_P","Defend_P","Defend_P","Eruption+1","Vigilance","EmptyFist","CrushJoints","Tantrum","JustLucky+1","ClearTheMind+1","Conclude","Adaptation+1","MostiFishMod:Adaptation+1","Judgement","Blasphemy+1","MostiFishMod:Disappear+1","MostiFishMod:StarHerder+1","Gensokyo:ManorOfTheDishes+1","TalkToTheHand+1","FearNoEvil+1","FlurryOfBlows","Gensokyo:ShootingStar","MostiFishMod:Dust","MostiFishMod:FlowState+1","Gensokyo:LockedMedkit","MostiFishMod:Adaptation","Evaluate+1","Prostrate","MostiFishMod:Unraveling+1","FlurryOfBlows+1"],"relics":["PureWater","REME_ComplimentaryCards","DaveBox","Medical Kit","Gensokyo:OccultBall","SynthV:TestCard","Gensokyo:YoukaiFlower","REME_IWantAll","Blue Doll","Lantern","GuanYuAspect","Lizard Tail","Gensokyo:RedStar","aspiration:Nostalgia","Replay:M_SmolderingBlood","Bottled Tornado","Replay:WaspNest","ReplayTheSpireMod:DimensionalGlitch","Civilization","Pet Ghost","aspiration:HummingbirdHeart","MostiFishMod:Haymaker","Bag of Marbles"],"acts_visited":["Gensokyo:Gensokyo","Gensokyo:Gensokyoer","Gensokyo:Gensokyoest"],"potions_floor_usage":[6,27,28,32,41,51],"damage_taken":[{"damage":21,"enemies":"Gensokyo:Gryphon","floor":1,"turns":3},{"damage":0,"enemies":"Gensokyo:3_Fairies","floor":5,"turns":4},{"damage":8,"enemies":"Gensokyo:Aya","floor":6,"turns":4},{"damage":0,"enemies":"Gensokyo:Python","floor":7,"turns":2},{"damage":0,"enemies":"Gensokyo:Kitsune","floor":8,"turns":1},{"damage":0,"enemies":"Gensokyo:LivingMonolith","floor":12,"turns":3},{"damage":5,"enemies":"Gensokyo:Python_and_Kodama","floor":14,"turns":4},{"damage":18,"enemies":"Gensokyo:Reimu","floor":16,"turns":6},{"damage":17,"enemies":"Gensokyo:3_Dogs","floor":18,"turns":3},{"damage":14,"enemies":"Gensokyo:AngelMirror","floor":25,"turns":3},{"damage":9,"enemies":"Gensokyo:Chomper_and_Gloop","floor":27,"turns":4},{"damage":17,"enemies":"Gensokyo:Swordslinger","floor":28,"turns":2},{"damage":1,"enemies":"Gensokyo:Reisen","floor":30,"turns":6},{"damage":23,"enemies":"Gensokyo:Slime_Group","floor":32,"turns":2},{"damage":0,"enemies":"Gensokyo:Eiki","floor":34,"turns":5},{"damage":18,"enemies":"Gensokyo:3_Boulders","floor":36,"turns":2},{"damage":8,"enemies":"Gensokyo:3_Bats","floor":37,"turns":3},{"damage":17,"enemies":"Gensokyo:Dusk_and_Dawn","floor":40,"turns":4},{"damage":11,"enemies":"Gensokyo:Marisa","floor":41,"turns":5},{"damage":0,"enemies":"Gensokyo:AtlasGolem","floor":43,"turns":4},{"damage":0,"enemies":"Gensokyo:3_Boulders","floor":46,"turns":3},{"damage":0,"enemies":"Gensokyo:Kasen","floor":48,"turns":5},{"damage":0,"enemies":"Gensokyo:Sharpion","floor":49,"turns":2},{"damage":0,"enemies":"Gensokyo:Yuyuko","floor":51,"turns":4}],"seed_played":"8471800789840408823","potions_obtained":[{"floor":1,"key":"Strength Potion"},{"floor":6,"key":"Fire Potion"},{"floor":8,"key":"Weak Potion"},{"floor":12,"key":"Explosive Potion"},{"floor":25,"key":"Fruit Juice"},{"floor":30,"key":"AttackPotion"},{"floor":34,"key":"ColorlessPotion"},{"floor":37,"key":"Weak Potion"},{"floor":41,"key":"EssenceOfSteel"}],"is_trial":false,"path_per_floor":["M","?","?","?","M","E","M","M","T","R","COS","M","?","M","R_BF","B",null,"M","?","?","COS","?","R","?","M","T","M","M","R","E","E","M","R","B",null,"M","M","COS","?","M","E","R","M","T","R","M","R","E","M","R_BF","B",null],"character_chosen":"WATCHER","items_purchased":[],"campfire_rested":0,"item_purchase_floors":[],"current_hp_per_floor":[16,23,45,45,45,37,42,42,42,42,42,42,42,42,42,24,41,29,29,29,29,29,29,31,21,21,31,20,20,38,38,24,24,35,39,34,39,39,42,45,49,49,52,52,52,57,57,62,67,67,67],"gold":137,"neow_bonus":"RANDOM_EVENT","is_daily":false,"chose_seed":false,"campfire_upgraded":9,"win_rate":0.0,"timestamp":1613909892,"path_taken":["M","?","?","?","M","E","M","M","T","R","COS","M","?","M","R_BF","BOSS","M","?","?","COS","?","R","?","?","T","M","M","R","E","E","M","R","BOSS","M","M","COS","?","M","E","R","?","T","R","M","R","E","M","R_BF","BOSS"],"items_purchased_type":[],"build_version":"2020-12-22","purchased_purges":0,"victory":true,"max_hp_per_floor":[72,72,72,72,72,72,77,77,77,77,77,77,77,82,82,82,41,41,41,41,41,41,41,41,41,41,46,46,46,46,46,46,46,46,46,46,46,46,46,48,51,51,55,55,55,60,60,65,70,70,75],"card_choices":[{"not_picked":["ClearTheMind","MostiFishMod:FlowState"],"picked":"EmptyFist","floor":1},{"not_picked":["Halt","MostiFishMod:LegendTransform","REME_Repentance","Pray"],"picked":"CrushJoints","floor":5},{"not_picked":["JustLucky","ClearTheMind","SandsOfTime","PathToVictory"],"picked":"Tantrum","floor":6},{"not_picked":["Gensokyo:ManorOfTheDishes","Gensokyo:GapWoman","Gensokyo:Kunekune"],"picked":"Singing Bowl","floor":7},{"not_picked":["Weave","Protect","FlyingSleeves","ClearTheMind"],"picked":"Conclude","floor":7},{"not_picked":["Replay:Vibes","MostiFishMod:Unraveling","ThirdEye","ClearTheMind"],"picked":"Adaptation","floor":8},{"not_picked":["CutThroughFate","MostiFishMod:FlowState","Replay:ManipulateFuture","ReachHeaven","ClearTheMind"],"picked":"SKIP","floor":12},{"not_picked":["Replay:AllIn","MostiFishMod:Adaptation","Judgement","Blasphemy","MostiFishMod:Disappear"],"picked":"Singing Bowl","floor":14},{"not_picked":["Vengeance","Replay:AtTheReady","Consecrate","CutThroughFate","FlyingSleeves"],"picked":"SKIP","floor":14},{"not_picked":["Brilliance","MostiFishMod:StarLaLaLa","SpiritShield","Replay:LoomingThreat"],"picked":"MostiFishMod:StarHerder","floor":16},{"not_picked":["PathToVictory","Prostrate","MostiFishMod:Speedup","Wallop","Evaluate"],"picked":"SKIP","floor":18},{"not_picked":["FlyingSleeves","Replay:AtTheReady","SandsOfTime","Crescendo","REME_Repentance+1"],"picked":"SKIP","floor":25},{"not_picked":["Bludgeon","Consecrate","Halt","SashWhip"],"picked":"TalkToTheHand","floor":27},{"not_picked":["PathToVictory+1","Replay:BluntJabs","Whirlwind+1","Replay:Cycle"],"picked":"FearNoEvil+1","floor":28},{"not_picked":["WreathOfFlame","Pray","WheelKick","Consecrate+1","Prostrate"],"picked":"SKIP","floor":30},{"not_picked":["REME_Repentance+1","Tantrum","JustLucky","CutThroughFate"],"picked":"FlurryOfBlows","floor":32},{"not_picked":[],"picked":"Gensokyo:ShootingStar","floor":34},{"not_picked":["Brilliance","Establishment","MasterReality","REME_WorshipGod"],"picked":"MostiFishMod:Dust","floor":34},{"not_picked":["SashWhip+1","MostiFishMod:Clarity","Indignation+1","Perseverance","ClearTheMind+1"],"picked":"SKIP","floor":36},{"not_picked":["Evaluate","DeceiveReality","Replay:Cycle","WreathOfFlame"],"picked":"MostiFishMod:FlowState+1","floor":37},{"not_picked":["MostiFishMod:Clarity+1","BowlingBash+1","FlurryOfBlows+1","FlyingSleeves"],"picked":"MostiFishMod:Adaptation","floor":40},{"not_picked":["Consecrate","Replay:Cycle+1","ThirdEye","Pray+1"],"picked":"Evaluate+1","floor":41},{"not_picked":["Evaluate","Protect+1","Wireheading+1","Crescendo+1","MostiFishMod:LegendTransform"],"picked":"SKIP","floor":43},{"not_picked":["JustLucky+1","Replay:ManipulateFuture","CrushJoints","Consecrate+1"],"picked":"Prostrate","floor":46},{"not_picked":["CutThroughFate+1","Replay:Cycle","MostiFishMod:DisColor","REME_MusicOfDeath+1"],"picked":"MostiFishMod:Unraveling","floor":48},{"not_picked":["JustLucky+1","ClearTheMind+1","Prostrate+1","PathToVictory"],"picked":"FlurryOfBlows+1","floor":49}],"player_experience":357766,"relics_obtained":[{"floor":1,"key":"Gensokyo:OccultBall"},{"floor":1,"key":"SynthV:TestCard"},{"floor":5,"key":"Gensokyo:OccultBall"},{"floor":6,"key":"REME_IWantAll"},{"floor":9,"key":"Blue Doll"},{"floor":16,"key":"Gensokyo:OccultBall"},{"floor":26,"key":"Bottled Tornado"},{"floor":30,"key":"Replay:WaspNest"},{"floor":34,"key":"Gensokyo:OccultBall"},{"floor":41,"key":"Pet Ghost"},{"floor":44,"key":"aspiration:HummingbirdHeart"},{"floor":48,"key":"Gensokyo:OccultBall"},{"floor":48,"key":"Bag of Marbles"}],"event_choices":[],"is_beta":false,"boss_relics":[{"not_picked":["TimeKeys","hubris:VirtuousBlindfold"],"picked":"GuanYuAspect"},{"not_picked":["Honey Jar","Jackal-EndForJourney"],"picked":"ReplayTheSpireMod:DimensionalGlitch"}],"items_purged_floors":[],"is_endless":false,"potions_floor_spawned":[1,6,8,12,25,30,34,37,41,46,48,49],"ascension_level":6}}