{"host":"4cz9gr89nglr7k8k","time":1613933051,"event":{"mods":["BaseMod","Minty Spire (QoL Compilation)","Relic Stats","Slay-I"],"gold_per_floor":[119,137,62,5,5,5,0,19,46,75,75,90,90,116,116,189,189,208,10,10,10,0,0],"floor_reached":22,"language":"DEU","playtime":450,"items_purged":[],"score":380,"play_id":"bccc21ae-0f07-456d-b452-c122e2fdf356","local_time":"20210221194411","is_ascension_mode":true,"campfire_choices":[{"floor":6,"key":"REST"},{"floor":11,"key":"REST"},{"data":"Twin Strike","floor":13,"key":"SMITH"},{"floor":15,"key":"REST"}],"circlet_count":0,"master_deck":["AscendersBane","Bash","Infernal Blade+1","Shockwave","Anger","Wild Strike","Clash","Twin Strike+1","Demon Form","Intimidate","Brutality","Clash","Reckless Charge","Dropkick","Flame Barrier","Blood for Blood","Inflame+1","Demon Form","Power Through","Shrug It Off"],"relics":["Burning Blood","StoneCalendar","Boot","Letter Opener","Singing Bowl","Pandora\u0027s Box","Membership Card"],"acts_visited":["Exordium","TheCity"],"potions_floor_usage":[16,16],"damage_taken":[{"damage":9,"enemies":"2 Louse","floor":1,"turns":3},{"damage":14,"enemies":"Jaw Worm","floor":2,"turns":4},{"damage":1,"enemies":"Small Slimes","floor":8,"turns":3},{"damage":30,"enemies":"Lagavulin","floor":10,"turns":5},{"damage":2,"enemies":"3 Louse","floor":12,"turns":2},{"damage":22,"enemies":"3 Sentries","floor":14,"turns":5},{"damage":73,"enemies":"The Guardian","floor":16,"turns":8},{"damage":25,"enemies":"Spheric Guardian","floor":18,"turns":4},{"damage":22,"enemies":"2 Thieves","floor":22,"turns":1}],"seed_played":"-7667925182097405838","potions_obtained":[{"floor":8,"key":"SkillPotion"},{"floor":12,"key":"Regen Potion"}],"is_trial":false,"path_per_floor":["M","M","?","$","?","R","?","M","T","E","R","M","R","E","R","B",null,"M","$","?","?","M"],"character_chosen":"IRONCLAD","items_purchased":["Anger","Membership Card","Shrug It Off"],"campfire_rested":3,"item_purchase_floors":[4,19,19],"current_hp_per_floor":[65,57,57,57,34,56,56,61,61,37,59,63,63,49,72,10,60,41,41,19,19,0,0],"gold":0,"neow_bonus":"ONE_RARE_RELIC","is_daily":false,"chose_seed":false,"campfire_upgraded":1,"win_rate":0.0,"timestamp":1613933051,"path_taken":["M","M","?","$","?","R","?","M","T","E","R","?","R","E","R","BOSS","M","$","?","?","?"],"items_purchased_type":["Card","Relic","Card"],"build_version":"2020-12-22","purchased_purges":0,"victory":false,"max_hp_per_floor":[75,75,75,75,75,75,75,75,75,75,75,75,75,77,77,77,77,77,77,82,82,82,82],"relic_stats":{"Singing Bowl":2,"counters":[9,35],"StoneCalendar":[52],"Pandora\u0027s Box":["Intimidate","Brutality","Clash","Reckless Charge","Dropkick","Flame Barrier","Blood for Blood","Inflame","Demon Form"],"Letter Opener":[0],"Boot":[4],"obtain_stats":[{"Singing Bowl":14,"StoneCalendar":0,"Pandora\u0027s Box":17,"Letter Opener":10,"Membership Card":19,"Boot":9,"Burning Blood":0},{"Singing Bowl":6,"StoneCalendar":0,"Pandora\u0027s Box":7,"Letter Opener":4,"Membership Card":8,"Boot":3,"Burning Blood":0},{"Singing Bowl":22,"StoneCalendar":0,"Pandora\u0027s Box":30,"Letter Opener":15,"Membership Card":34,"Boot":10,"Burning Blood":0}],"Burning Blood":48},"card_choices":[{"not_picked":["Warcry","Twin Strike"],"picked":"Infernal Blade","floor":1},{"not_picked":["Heavy Blade","Iron Wave"],"picked":"Shockwave","floor":2},{"not_picked":["Iron Wave","Hemokinesis"],"picked":"Wild Strike","floor":8},{"not_picked":["Heavy Blade","Warcry"],"picked":"Clash","floor":10},{"not_picked":["Wild Strike","Warcry"],"picked":"Twin Strike","floor":12},{"not_picked":["Sentinel","Burning Pact","Intimidate"],"picked":"Singing Bowl","floor":14},{"not_picked":["Limit Break","Berserk"],"picked":"Demon Form","floor":16},{"not_picked":["Whirlwind","Clash"],"picked":"Power Through","floor":18}],"player_experience":1559321,"relics_obtained":[{"floor":9,"key":"Boot"},{"floor":10,"key":"Letter Opener"},{"floor":14,"key":"Singing Bowl"}],"event_choices":[{"cards_removed":["Decay"],"damage_healed":0,"gold_gain":0,"player_choice":"Card Removal","damage_taken":0,"max_hp_gain":0,"max_hp_loss":0,"event_name":"The Cleric","floor":3,"gold_loss":75},{"damage_healed":0,"gold_gain":0,"player_choice":"Entered Light","damage_taken":23,"max_hp_gain":0,"max_hp_loss":0,"event_name":"Shining Light","floor":5,"gold_loss":0,"cards_upgraded":["Infernal Blade","Defend_R"]},{"damage_healed":0,"gold_gain":0,"player_choice":"Left Gold","damage_taken":0,"max_hp_gain":0,"max_hp_loss":0,"event_name":"World of Goop","floor":7,"gold_loss":5},{"damage_healed":0,"gold_gain":0,"player_choice":"Shed Blood","damage_taken":27,"max_hp_gain":5,"max_hp_loss":0,"event_name":"Forgotten Altar","floor":20,"gold_loss":0},{"damage_healed":0,"gold_gain":0,"player_choice":"Upgraded","damage_taken":0,"max_hp_gain":0,"max_hp_loss":0,"event_name":"Upgrade Shrine","floor":21,"gold_loss":0,"cards_upgraded":["Inflame"]}],"is_beta":false,"boss_relics":[{"not_picked":["Runic Cube","Calling Bell"],"picked":"Pandora\u0027s Box"}],"items_purged_floors":[],"is_endless":false,"potions_floor_spawned":[8,12],"killed_by":"2 Thieves","ascension_level":20}}