{"host":"2th3uyvz7atbtx36","time":1613867464,"event":{"mods":["BaseMod","Hubris","Marisa????????","Minty Spire (QoL Compilation)","Replay The Spire","Shop Mod","StSLib"],"gold_per_floor":[119,138,138,138,148,176,124,143,143,154,154,173,173,185,185,281,331,341,353,403,249,261,273,304,316,403,415,415],"floor_reached":27,"language":"ENG","playtime":2106,"items_purged":[],"score":217,"play_id":"fa2a72ae-358e-477f-b426-d3db69901549","local_time":"20210220210104","is_ascension_mode":false,"campfire_choices":[{"floor":11.0,"key":"REST"},{"floor":15.0,"key":"REST"},{"floor":23,"key":"REST"}],"circlet_count":0,"master_deck":["Strike_MRS","Strike_MRS","Strike_MRS+1","Defend_MRS","Defend_MRS","Defend_MRS","Defend_MRS","MasterSpark","UpSweep","EnergyRecoil","PowerUp+1","AsteroidBelt","LuminesStrike","LuminesStrike","EnergyFlow","GalacticHalo","CollectingQuirk+1","BinaryStars","FairyDestructionRay","OortCloud","PowerUp","MillisecondPulsars"],"relics":["MiniHakkero","NeowsBlessing","hubris:Towel","Peace Pipe","hubris:64BitClover","Tiny House","Bag of Preparation","MawBank","hubris:MysteriousPyramids"],"acts_visited":["Exordium","TheCity"],"potions_floor_usage":[24],"damage_taken":[{"damage":0.0,"enemies":"Small Slimes","floor":1.0,"turns":1.0},{"damage":0.0,"enemies":"2 Louse","floor":2.0,"turns":1.0},{"damage":0.0,"enemies":"Jaw Worm","floor":5.0,"turns":1.0},{"damage":44.0,"enemies":"3 Sentries","floor":6.0,"turns":11.0},{"damage":4.0,"enemies":"Exordium Thugs","floor":8.0,"turns":4.0},{"damage":3.0,"enemies":"Large Slime","floor":10.0,"turns":4.0},{"damage":0.0,"enemies":"Looter","floor":12.0,"turns":1.0},{"damage":12.0,"enemies":"3 Louse","floor":14.0,"turns":5.0},{"damage":32.0,"enemies":"Hexaghost","floor":16.0,"turns":11.0},{"damage":17.0,"enemies":"2 Thieves","floor":18.0,"turns":4.0},{"damage":12.0,"enemies":"Shell Parasite","floor":19.0,"turns":5.0},{"damage":14.0,"enemies":"Snake Plant","floor":22.0,"turns":4.0},{"damage":31,"enemies":"Snecko","floor":24,"turns":6},{"damage":31,"enemies":"Book of Stabbing","floor":27,"turns":5}],"seed_played":"-9194544990306993329","potions_obtained":[{"floor":5.0,"key":"SmokeBomb"},{"floor":6.0,"key":"Strength Potion"},{"floor":12.0,"key":"PowerPotion"},{"floor":14.0,"key":"Cursed Concoction"},{"floor":17.0,"key":"Energy Potion"},{"floor":22,"key":"BlessingOfTheForge"}],"is_trial":false,"path_per_floor":["M","M","?","?","M","E","$","M","T","M","R","M","?","M","R","B",null,"M","M","?","$","M","R","M","?","T","E"],"character_chosen":"MARISA","items_purchased":["LuminesStrike","Bag of Preparation"],"campfire_rested":3,"item_purchase_floors":[7,21],"current_hp_per_floor":[75,75,75,75,75,31,31,27,27,24,46,46,46,34,56,24,80,63,51,51,51,37,61,30,30,30,0,0],"gold":415,"neow_bonus":"THREE_ENEMY_KILL","is_daily":false,"chose_seed":false,"campfire_upgraded":0,"win_rate":0.0,"timestamp":1613867464,"path_taken":["M","M","?","?","M","E","$","M","T","M","R","M","?","M","R","BOSS","M","M","?","$","M","R","M","?","T","E"],"items_purchased_type":["Card","Relic"],"build_version":"2020-12-22","purchased_purges":0,"victory":false,"max_hp_per_floor":[75,75,75,75,75,75,75,75,75,75,75,75,75,75,75,75,80,80,80,80,80,80,80,80,80,80,80,80],"card_choices":[{"not_picked":["6A","MagicAbsorber"],"picked":"EnergyRecoil","floor":1.0},{"not_picked":["MysteriousBeam","SprinkleStarSeal"],"picked":"PowerUp","floor":2.0},{"not_picked":["ShootingEcho","6A"],"picked":"AsteroidBelt","floor":5.0},{"not_picked":["DeepEcoloBomb","SprinkleStarSeal"],"picked":"LuminesStrike","floor":6.0},{"not_picked":["GasGiant","MeteoricShower"],"picked":"EnergyFlow","floor":8.0},{"not_picked":["AsteroidBelt","Acceleration"],"picked":"GalacticHalo","floor":10.0},{"not_picked":["OpenUniverse","WitchOfGreed"],"picked":"CollectingQuirk","floor":12.0},{"not_picked":["UnstableBomb","MagicAbsorber","NonDirectionalLaser"],"picked":"SKIP","floor":14.0},{"not_picked":["StarDustReverie","MaximisePower"],"picked":"BinaryStars","floor":16.0},{"not_picked":["MachineGunSpark","PropBag"],"picked":"FairyDestructionRay","floor":17.0},{"not_picked":["IllusionStar","NonDirectionalLaser"],"picked":"OortCloud","floor":18.0},{"not_picked":["ShootingEcho","Acceleration","WitchOfGreed"],"picked":"SKIP","floor":19.0},{"not_picked":["AlicesGift","EarthLightRay"],"picked":"PowerUp","floor":22},{"not_picked":["GravityBeat","WitchOfGreed"],"picked":"MillisecondPulsars","floor":24}],"player_experience":133398,"relics_obtained":[{"floor":6.0,"key":"Peace Pipe"},{"floor":9.0,"key":"hubris:64BitClover"},{"floor":22,"key":"MawBank"},{"floor":26,"key":"hubris:MysteriousPyramids"}],"event_choices":[{"damage_healed":0.0,"max_hp_gain":0.0,"max_hp_loss":0.0,"gold_gain":0.0,"event_name":"Living Wall","player_choice":"Grow","floor":13.0,"gold_loss":0.0,"damage_taken":0.0,"cards_upgraded":["CollectingQuirk"]},{"damage_healed":0.0,"max_hp_gain":0.0,"max_hp_loss":0.0,"gold_gain":100.0,"event_name":"The Joust","player_choice":"Bet on Murderer","floor":20.0,"gold_loss":50.0,"damage_taken":0.0},{"cards_removed":["Strike_MRS"],"damage_healed":0,"gold_gain":0,"player_choice":"Elegance","damage_taken":0,"max_hp_gain":0,"max_hp_loss":0,"event_name":"Back to Basics","floor":25,"gold_loss":0}],"is_beta":false,"boss_relics":[{"not_picked":["ChewingGum","Replay:Wanted Poster"],"picked":"Tiny House"}],"items_purged_floors":[],"is_endless":false,"potions_floor_spawned":[5,6,12,14,22],"killed_by":"Book of Stabbing","ascension_level":0}}