{"host":"i58uscbei3sy5089","time":1613931884,"event":{"mods":["ATMod(°¢èªMod)","Act Like it!","BaseMod","Challenge The Spire","Colored Powertips","Conspire","Gensokyo","Infinite Spire","Lobotomy","LobotomyExtend","Minty Spire (QoL Compilation)","MostiFishMod","Quick Restart","Replay The Spire","Shop Mod","Spicy Shops","StSLib","TestMod","UnlockEverythingMod","[IsaacMod]ÒÔÈö¼âËþ","¡¾¹¦ÄÜMod¡¿»ìãçÖ®»·ÐÞ¸´²¹¶¡","¡¾ÒÅÎï¿¨ÅÆ¡¿REMEMod","óô»ðÖ¸ÄÏ"],"gold_per_floor":[215,215,20,33,349,349,576,576,576,593,627,627,168,745,745,878,878,878,758,768,784,2,2,5,236,308,520,963,963,1089,1889,1889,1988,1988,1998,1998,1998,2208,2608,3339,2638,2638,2638,2769,2782,2011,2011,2028,2028,2328,2328,2321,2321],"floor_reached":52,"language":"ZHS","playtime":3658,"items_purged":["SpecialBullet","SpecialBullet","SpecialBullet","SpecialBullet","SpecialBullet","SpecialBullet","ExtractionCode","ReplayTheSpireMod:Muscle Training+1"],"score":1514,"play_id":"673d3de2-b512-446a-96a1-aacdacec19e6","local_time":"20210222022444","is_ascension_mode":true,"campfire_choices":[{"data":"DaCapo","floor":32,"key":"SMITH"}],"circlet_count":0,"master_deck":["SecurityCode","DaCapo+1","MHz","DaCapo+1","OSAHOGD","Adoration+1","WallGazer","Diffraction+1","Adoration+1","Adoration+1","Adoration+1","testmod-PainDetonator+1","infinitespire:FutureSight+1","DaCapo+1","infinitespire:FutureSight+1","RecordCode","LongBird","testmod-Wormhole+1","MostiFishMod:Awakening+1"],"relics":["CogitoBucket","testmod-TestBox","HushsDoor","KeepersGift","DaveBox","AT_ATBox","testmod-AscensionHeart","DSteel32","LetterFromLob","SynthV:TestCard","Gensokyo:OccultBall","BirthdayGift-Tetrahedron","Vajra","MerchantsRug","Medical Kit","infinitespire:Lucky Rock","REME_DemonsWealth","Gaze_r","Gensokyo:FoxMask","AdjustmentMirror","Nunchaku","BloodDonationMachine","SteamSale","Replay:Towering Pillar of Hats","Smiling Mask","testmod-InfectionSource","AT_BladeRuinedKing","AT_TheCollector","Blood Vial","PokeGo","infinitespire:Lychee Nut","testmod-KeyOfTheVoid","SkinProphecy","AT_RedTearstoneRing","PunchingBag","Replay:Bottled Steam","Bottled Lightning","DollysMirror","CaptainsWheel","Ornamental Fan","Technique","MealTicket","Potion Belt","AT_ArchangelStaff","Gremlin Food","infinitespire:Beetle Shell","AT_EbonyIvory","BirthdayGift-Icosahedron","ReplayTheSpireMod:ShopPack","AtMidnight","ResearcherNote","BehaviorAdjustment","Painkiller Herb"],"acts_visited":["Exordium","Gensokyo:Gensokyo","TheBeyond","Exordium"],"potions_floor_usage":[5,16,28],"damage_taken":[{"damage":0,"enemies":"Gensokyo:Python","floor":1,"turns":2},{"damage":13,"enemies":"Gensokyo:2_Kodama","floor":4,"turns":2},{"damage":10,"enemies":"Gensokyo:Gryphon","floor":5,"turns":2},{"damage":11,"enemies":"Gensokyo:Cirno","floor":7,"turns":4},{"damage":2,"enemies":"Gensokyo:LivingMonolith","floor":10,"turns":2},{"damage":7,"enemies":"Gensokyo:Cirno","floor":11,"turns":4},{"damage":57,"enemies":"Gensokyo:Aya","floor":14,"turns":2},{"damage":15,"enemies":"Gensokyo:Kokoro","floor":16,"turns":3},{"damage":26,"enemies":"Gensokyo:2_Gloops","floor":18,"turns":2},{"damage":0,"enemies":"Gensokyo:2_Gloops","floor":20,"turns":2},{"damage":1,"enemies":"Gensokyo:Chomper","floor":21,"turns":1},{"damage":47,"enemies":"Gensokyo:Tenshi","floor":25,"turns":3},{"damage":25,"enemies":"Gensokyo:Slime_Group","floor":27,"turns":2},{"damage":18,"enemies":"Gensokyo:Monolith_and_Dog","floor":28,"turns":2},{"damage":22,"enemies":"Gensokyo:Koishi","floor":30,"turns":4},{"damage":0,"enemies":"Gensokyo:Koishi","floor":31,"turns":6},{"damage":34,"enemies":"Gensokyo:Kaguya","floor":33,"turns":10},{"damage":0,"enemies":"Orb Walker","floor":35,"turns":4},{"damage":1,"enemies":"3 Shapes","floor":38,"turns":1},{"damage":0,"enemies":"Giant Head","floor":40,"turns":2},{"damage":22,"enemies":"Nightmare","floor":44,"turns":4},{"damage":0,"enemies":"Writhing Mass","floor":45,"turns":1},{"damage":0,"enemies":"Transient","floor":48,"turns":1},{"damage":8,"enemies":"Awakened One","floor":50,"turns":1},{"damage":1,"enemies":"Cultist","floor":52,"turns":1}],"seed_played":"4569450672543972728","potions_obtained":[{"floor":4,"key":"SkillPotion"},{"floor":5,"key":"testmod-SpacePotion"},{"floor":10,"key":"REME_GoldPotion"},{"floor":16,"key":"FairyPotion"},{"floor":25,"key":"PowerPotion"},{"floor":27,"key":"LiquidMemories"},{"floor":35,"key":"Doom Potion"},{"floor":44,"key":"ColorlessPotion"}],"is_trial":false,"path_per_floor":["M","?","COS","M","M","R","?","R","T","M","E","R","$","E","R","B",null,"M","?","M","M","$","R","COS","E","T","M","M","?","E","?","R","B",null,"M","?","AVR","M","?","E","$","R","T","NM","M","$","R","M","R","B",null,"?"],"character_chosen":"Angela","items_purchased":["MerchantsRug","Medical Kit","DaCapo","Nunchaku","BloodDonationMachine","SteamSale","Replay:Towering Pillar of Hats","REME_GoldPotion","Replay:Bottled Steam","Bottled Lightning","DollysMirror","CaptainsWheel","Ornamental Fan","Technique","infinitespire:BlackPotion","AT_ArchangelStaff","Gremlin Food","infinitespire:Beetle Shell","AT_EbonyIvory","BirthdayGift-Icosahedron","Adrenaline Potion","ReplayTheSpireMod:ShopPack","MostiFishMod:Awakening+1"],"campfire_rested":0,"item_purchase_floors":[13,13,17,22,22,22,22,22,41,41,41,41,41,41,41,46,46,46,46,46,46,46,51],"current_hp_per_floor":[64,64,64,52,46,46,44,44,44,51,70,70,70,33,33,61,68,56,56,74,74,62,62,28,34,34,28,36,36,61,58,58,63,63,63,53,53,65,65,67,67,67,67,69,75,75,75,79,79,88,84,85,85],"gold":2321,"neow_bonus":"HUNDRED_GOLD","is_daily":false,"chose_seed":false,"campfire_upgraded":1,"win_rate":0.0,"timestamp":1613931884,"path_taken":["M","?","COS","M","M","R","?","R","T","M","E","R","$","E","R","BOSS","M","?","M","M","$","R","COS","E","T","M","M","?","E","?","R","BOSS","M","?","AVR","M","?","E","$","R","T","NM","M","$","R","M","R","BOSS","?"],"items_purchased_type":["Relic","Relic","Card","Relic","Relic","Relic","Relic","Potion","Relic","Relic","Relic","Relic","Relic","Relic","Potion","Relic","Relic","Relic","Relic","Relic","Potion","Relic","Card"],"build_version":"2020-12-22","purchased_purges":8,"victory":false,"max_hp_per_floor":[70,70,70,70,70,70,70,70,70,70,70,70,70,70,70,79,70,70,70,74,74,74,74,74,74,74,74,78,78,78,58,58,63,63,63,63,63,65,65,67,67,67,67,69,75,75,75,79,79,88,84,86,86],"card_choices":[{"not_picked":["Hypocrisy","Laetitia_ego"],"picked":"SKIP","floor":1},{"not_picked":["InTheNameOfLoveAndHate","RapturousDream","BlackSwan_ego"],"picked":"GrinderMk4","floor":4},{"not_picked":["Harmony","CUTE","Loneliness","RapturousDream"],"picked":"SKIP","floor":5},{"not_picked":["GoldRush","SoundOfStar","TheSmile"],"picked":"DaCapo","floor":7},{"not_picked":["OldLady","FairyFestival"],"picked":"QueenOfHatred","floor":10},{"not_picked":["Amita","Twilight","Discord","Tough"],"picked":"SKIP","floor":10},{"not_picked":["Twilight","Mimicry","TheSmile"],"picked":"DaCapo","floor":11},{"not_picked":["Mimicry","Justitia","TheSmile","ParadiseLost"],"picked":"SKIP","floor":14},{"not_picked":["Wellcheers","CherryBlossoms"],"picked":"MHz","floor":16},{"not_picked":["SoundOfStar","ParadiseLost","TheSmile"],"picked":"Mimicry","floor":16},{"not_picked":["VoidDream","ShyLook"],"picked":"OSAHOGD","floor":20},{"not_picked":["Tough","FeatherOfHonor+1","Regret_ego","Soda"],"picked":"Normality","floor":20},{"not_picked":["Soda","CUTE+1","Harmony","Reverberation"],"picked":"Delirium","floor":21},{"not_picked":["Twilight","GoldRush","Twilight","Sickly"],"picked":"Adoration","floor":25},{"not_picked":["Pinks","TheSmile","Pinks","Mimicry"],"picked":"Voices","floor":25},{"not_picked":["Wingbeat","BearPaw","TodaysExpression+1","CUTE"],"picked":"Looming Evil","floor":27},{"not_picked":["RapturousDream","RedEyes","BearPaw","Heaven"],"picked":"Voices","floor":28},{"not_picked":["Tough","RedEyes+1","Wingbeat+1","SolemnVow"],"picked":"Sickly","floor":28},{"not_picked":["RedShoes","WhitesApple"],"picked":"WallGazer","floor":28},{"not_picked":["TheSmile","ParadiseLost","ParadiseLost","ReplayTheSpireMod:Restless Dread"],"picked":"DaCapo","floor":30},{"not_picked":["TheSmile","Mimicry","SoundOfStar","GoldRush"],"picked":"Adoration","floor":30},{"not_picked":["Horn","Spore+1","Reverberation","Wingbeat+1"],"picked":"Sickly","floor":31},{"not_picked":["Loneliness","Wingbeat+1","SomewhereSpear","Noise"],"picked":"ReplayTheSpireMod:Faulty Equipment","floor":31},{"not_picked":["Twilight","ParadiseLost","SoundOfStar","Mimicry","Injury"],"picked":"Adoration","floor":33},{"not_picked":["CENSORED_ego","Justitia","Twilight","ParadiseLost","Hallucinations"],"picked":"Adoration","floor":33},{"not_picked":["RapturousDream","BearPaw+1","RedEyes","Noise+1","Voices"],"picked":"GrinderMk4+1","floor":35},{"not_picked":["Enlightenment","Discovery","testmod-EnhanceArmerment","Swift Strike"],"picked":"Finesse","floor":36},{"not_picked":["Deep Breath","MostiFishMod:MusicBox","testmod-AutoReboundSystem","Replay:Sssssssssshield"],"picked":"testmod-PainDetonator","floor":36},{"not_picked":["SingingMachine","LittlePrince","GalaxyChild"],"picked":"Singing Bowl","floor":38},{"not_picked":["Diffraction+1","BlueScar+1","RedEyes","WristCuter","Logging"],"picked":"CommonCold","floor":38},{"not_picked":["CENSORED_ego","CENSORED_ego","ParadiseLost","Pinks","SoundOfStar"],"picked":"Decay","floor":40},{"not_picked":["CENSORED_ego","Pinks","Twilight","Pinks","CENSORED_ego"],"picked":"Decay","floor":40},{"not_picked":["ParadiseLost","SoundOfStar","Twilight","TheSmile","Amnesia"],"picked":"DaCapo","floor":40},{"not_picked":["ParadiseLost","Adoration","Justitia","ParadiseLost","Clumsy"],"picked":"Adoration","floor":40},{"not_picked":["Scarecrow","HappyTeddy","ShyLook"],"picked":"Singing Bowl","floor":40},{"not_picked":["CENSORED_ego","ParadiseLost","Justitia","TheSmile","Twilight"],"picked":"Doubt","floor":40},{"not_picked":["Variant","Murderer","BodiesMountain"],"picked":"Singing Bowl","floor":44},{"not_picked":["Pinks","DaCapo","Pinks","DaCapo","Pinks+1","Normality"],"picked":"SKIP","floor":44},{"not_picked":["BigBird","FieryBird"],"picked":"LongBird","floor":45},{"not_picked":["Harmony+1","RapturousDream+1","Wingbeat+1","CrimsonScar+1","Soda+1","Spreading Infection"],"picked":"SKIP","floor":45},{"not_picked":["REME_Flogging","HandOfGreed","Secret Weapon","AT_TearsDenial","testmod-CardIndex"],"picked":"testmod-Wormhole","floor":46},{"not_picked":["FieryBird","SilentOrchestra","BlackSwan"],"picked":"Singing Bowl","floor":48},{"not_picked":["CherryBlossom+1","WristCuter+1","SomewhereSpear+1","RedEyes+1","Tough+1","Pain"],"picked":"SKIP","floor":48},{"not_picked":["Yin","WhitesApple","LittleHelper"],"picked":"Singing Bowl","floor":50}],"player_experience":628197,"relics_obtained":[{"floor":1,"key":"LetterFromLob"},{"floor":1,"key":"SynthV:TestCard"},{"floor":5,"key":"Gensokyo:OccultBall"},{"floor":7,"key":"Happy Flower"},{"floor":9,"key":"Vajra"},{"floor":11,"key":"Omamori"},{"floor":14,"key":"infinitespire:Lucky Rock"},{"floor":16,"key":"Gensokyo:OccultBall"},{"floor":25,"key":"Smiling Mask"},{"floor":26,"key":"testmod-InfectionSource"},{"floor":30,"key":"Blood Vial"},{"floor":31,"key":"PokeGo"},{"floor":31,"key":"infinitespire:Lychee Nut"},{"floor":33,"key":"Gensokyo:OccultBall"},{"floor":40,"key":"PunchingBag"},{"floor":43,"key":"MealTicket"},{"floor":44,"key":"Potion Belt"},{"floor":48,"key":"AtMidnight"},{"floor":50,"key":"Gensokyo:OccultBall"}],"event_choices":[{"damage_healed":0,"gold_gain":0,"player_choice":"Memory 3","damage_taken":10,"max_hp_gain":0,"max_hp_loss":0,"event_name":"SensoryStone","floor":36,"gold_loss":0},{"damage_healed":0,"gold_gain":400,"player_choice":"Sell","damage_taken":0,"max_hp_gain":0,"max_hp_loss":0,"event_name":"¶÷ÂåË¹µÄÅÌ×Ó","floor":39,"relics_lost":["REME_ComplimentaryCards"],"gold_loss":0}],"is_beta":false,"boss_relics":[{"not_picked":["Replay:Grab Bag","ReplayTheSpireMod:DimensionalGlitch"],"picked":"REME_DemonsWealth"},{"not_picked":[]},{"not_picked":["OneHitWonderSystem","Kintsugi"],"picked":"testmod-KeyOfTheVoid"},{"not_picked":[]},{"not_picked":["Calling Bell","testmod-Temperance"],"picked":"Painkiller Herb"},{"not_picked":[]}],"items_purged_floors":[13,13,17,22,22,37,41,46],"is_endless":true,"potions_floor_spawned":[4,5,10,16,18,25,27,35,40,44],"killed_by":"Cultist","ascension_level":11}}