{"host":"k5dhp0bkccqfauyu","time":1613905791,"event":{"mods":["BaseMod","Better Note","Better Skull","Better Vampires","Colored Map","Colored Powertips","DeckTracker","Minty Spire (QoL Compilation)","Permanent Neow","StSLib","SuperFastMode"],"gold_per_floor":[115,127,127,145,145,145,177,352,352,368,395,395,395,406,406,508,508,528,543,563,578,595,620,620,635,635,127,37,48,67,142,142,239,239,254,269,269,18,118,145,145,162,162,193,205,240,240,240,240,240],"floor_reached":51,"language":"ENG","playtime":3035,"items_purged":["Regret","Strike_G"],"score":805,"play_id":"45b8e312-92a3-4b5c-86d0-fd496b02e3c5","local_time":"20210221220951","is_ascension_mode":true,"campfire_choices":[{"data":"Dagger Spray","floor":6,"key":"SMITH"},{"data":"Eviscerate","floor":12,"key":"SMITH"},{"data":"Blade Dance","floor":15,"key":"SMITH"},{"data":"Malaise","floor":24,"key":"SMITH"},{"data":"Cloak And Dagger","floor":32,"key":"SMITH"},{"data":"Night Terror","floor":41,"key":"SMITH"},{"floor":47,"key":"RECALL"},{"data":"Acrobatics","floor":49,"key":"SMITH"}],"circlet_count":0,"master_deck":["Strike_G+1","Strike_G+1","Strike_G+1","Defend_G","Defend_G","Defend_G","Defend_G","Defend_G","Survivor","Neutralize","Acrobatics+1","Calculated Gamble","Dagger Spray+1","PiercingWail","Eviscerate+1","Tools of the Trade+1","Blade Dance+1","Malaise+1","Well Laid Plans+1","PiercingWail","Noxious Fumes+1","Blur","Leg Sweep","Cloak And Dagger+1","Accuracy+1","PiercingWail+1","Night Terror+1","Dodge and Roll+1","Deadly Poison+1","Blade Dance+1","Concentrate+1","Bouncing Flask+1","Cloak And Dagger","Cloak And Dagger+1"],"relics":["Cursed Key","Omamori","Turnip","Frozen Egg 2","Pear","SacredBark","Ornamental Fan","Letter Opener","Chemical X","Oddly Smooth Stone","Black Star","DollysMirror","Toy Ornithopter","Whetstone","Bag of Marbles","Bird Faced Urn","Juzu Bracelet"],"acts_visited":["Exordium","TheCity","TheBeyond"],"potions_floor_usage":[7,16,21,23,33,33,42,45],"damage_taken":[{"damage":1,"enemies":"Cultist","floor":1,"turns":4},{"damage":0,"enemies":"2 Louse","floor":2,"turns":3},{"damage":1,"enemies":"Jaw Worm","floor":4,"turns":4},{"damage":25,"enemies":"Gremlin Nob","floor":7,"turns":5},{"damage":0,"enemies":"Looter","floor":10,"turns":5},{"damage":26,"enemies":"Lagavulin","floor":11,"turns":7},{"damage":1,"enemies":"Gremlin Gang","floor":14,"turns":3},{"damage":7,"enemies":"Hexaghost","floor":16,"turns":9},{"damage":0,"enemies":"Chosen","floor":18,"turns":5},{"damage":0,"enemies":"3 Byrds","floor":19,"turns":4},{"damage":7,"enemies":"Snake Plant","floor":20,"turns":6},{"damage":11,"enemies":"Shelled Parasite and Fungi","floor":21,"turns":6},{"damage":2,"enemies":"Chosen and Byrds","floor":22,"turns":6},{"damage":18,"enemies":"Gremlin Leader","floor":23,"turns":6},{"damage":6,"enemies":"Snake Plant","floor":25,"turns":5},{"damage":0,"enemies":"Cultist and Chosen","floor":29,"turns":7},{"damage":5,"enemies":"Snecko","floor":30,"turns":5},{"damage":17,"enemies":"Collector","floor":33,"turns":5},{"damage":0,"enemies":"3 Darklings","floor":35,"turns":5},{"damage":0,"enemies":"Orb Walker","floor":36,"turns":5},{"damage":15,"enemies":"Reptomancer","floor":40,"turns":8},{"damage":24,"enemies":"Spire Growth","floor":42,"turns":5},{"damage":7,"enemies":"Nemesis","floor":44,"turns":9},{"damage":4,"enemies":"Jaw Worm Horde","floor":45,"turns":7},{"damage":11,"enemies":"Reptomancer","floor":46,"turns":7},{"damage":29,"enemies":"Time Eater","floor":50,"turns":13}],"seed_played":"-6915761617906586730","potions_obtained":[{"floor":2,"key":"Block Potion"},{"floor":10,"key":"LiquidBronze"},{"floor":13,"key":"CultistPotion"},{"floor":13,"key":"BlessingOfTheForge"},{"floor":19,"key":"Energy Potion"},{"floor":20,"key":"PowerPotion"},{"floor":29,"key":"Poison Potion"},{"floor":36,"key":"LiquidMemories"},{"floor":44,"key":"LiquidMemories"}],"is_trial":false,"path_per_floor":["M","M","T","M","?","R","E","?","T","M","E","R","?","M","R","B",null,"M","M","M","M","M","E","R","M","T","$","?","M","M","?","R","B",null,"M","M","?","$","?","E","R","M","T","E","M","E","R","?","R","B",null],"character_chosen":"THE_SILENT","items_purchased":["Chemical X","Oddly Smooth Stone","Cloak And Dagger","Accuracy+1","SkillPotion","DollysMirror"],"campfire_rested":0,"item_purchase_floors":[27,27,27,27,27,38],"current_hp_per_floor":[69,69,69,68,68,68,43,43,43,43,27,27,27,26,26,19,80,80,80,73,62,60,42,42,36,36,36,36,36,31,23,23,6,80,80,80,80,80,80,65,65,46,46,39,54,51,51,51,51,36],"gold":240,"neow_bonus":"BOSS_RELIC","is_daily":false,"chose_seed":false,"campfire_upgraded":7,"win_rate":0.0,"timestamp":1613905791,"path_taken":["M","M","?","M","?","R","E","?","T","M","E","R","?","M","R","BOSS","M","M","?","M","M","E","R","M","T","$","?","M","M","?","R","BOSS","M","M","?","$","?","E","R","M","T","E","?","E","R","?","R","BOSS"],"items_purchased_type":["Relic","Relic","Card","Card","Potion","Relic"],"build_version":"2020-12-22","purchased_purges":2,"victory":true,"max_hp_per_floor":[70,70,70,70,70,70,70,70,70,70,80,80,80,80,80,80,80,80,80,80,80,80,80,80,80,80,80,80,80,80,80,80,80,80,80,80,80,80,80,80,80,80,80,80,80,80,80,80,80,80],"card_choices":[{"not_picked":["PiercingWail","Flying Knee"],"picked":"Acrobatics","floor":1},{"not_picked":["Prepared","Acrobatics"],"picked":"Calculated Gamble","floor":2},{"not_picked":["PiercingWail","Outmaneuver"],"picked":"Dagger Spray","floor":4},{"not_picked":["Underhanded Strike","Acrobatics"],"picked":"PiercingWail","floor":7},{"not_picked":["Backstab","Dodge and Roll"],"picked":"Eviscerate","floor":10},{"not_picked":["Dagger Spray","Blade Dance"],"picked":"Tools of the Trade+1","floor":11},{"not_picked":["Outmaneuver","Sucker Punch"],"picked":"Blade Dance","floor":14},{"not_picked":["Bullet Time","Unload"],"picked":"Malaise","floor":16},{"not_picked":["Poisoned Stab","Noxious Fumes+1"],"picked":"Well Laid Plans+1","floor":18},{"not_picked":["Finisher","Crippling Poison"],"picked":"Masterful Stab+1","floor":19},{"not_picked":["Cloak And Dagger","Well Laid Plans+1"],"picked":"PiercingWail","floor":20},{"not_picked":["Dagger Throw","Flying Knee"],"picked":"Noxious Fumes+1","floor":21},{"not_picked":["Acrobatics","Sucker Punch","Poisoned Stab"],"picked":"SKIP","floor":22},{"not_picked":["Phantasmal Killer","Dodge and Roll"],"picked":"Blur","floor":23},{"not_picked":["Dagger Spray","PiercingWail"],"picked":"Leg Sweep","floor":25},{"not_picked":["Underhanded Strike+1","Dagger Throw","Poisoned Stab"],"picked":"SKIP","floor":29},{"not_picked":["Cloak And Dagger","Outmaneuver"],"picked":"PiercingWail+1","floor":30},{"not_picked":["Corpse Explosion","Tools of the Trade+1"],"picked":"Night Terror","floor":33},{"not_picked":["Poisoned Stab","Flying Knee+1"],"picked":"Dodge and Roll+1","floor":35},{"not_picked":["Heel Hook","Catalyst"],"picked":"Deadly Poison+1","floor":36},{"not_picked":["Expertise+1","Bouncing Flask","Corpse Explosion"],"picked":"SKIP","floor":40},{"not_picked":["Choke","Riddle With Holes"],"picked":"Concentrate+1","floor":42},{"not_picked":["Bane","Outmaneuver+1"],"picked":"Bouncing Flask+1","floor":44},{"not_picked":["Prepared+1","Endless Agony+1"],"picked":"Cloak And Dagger","floor":45},{"not_picked":["Dagger Throw","Deflect"],"picked":"Cloak And Dagger+1","floor":46}],"player_experience":1878030,"relics_obtained":[{"floor":3,"key":"Omamori"},{"floor":7,"key":"Turnip"},{"floor":9,"key":"Frozen Egg 2"},{"floor":11,"key":"Pear"},{"floor":23,"key":"Ornamental Fan"},{"floor":26,"key":"Letter Opener"},{"floor":40,"key":"Toy Ornithopter"},{"floor":40,"key":"Whetstone"},{"floor":44,"key":"Bag of Marbles"},{"floor":44,"key":"Bird Faced Urn"},{"floor":46,"key":"Juzu Bracelet"}],"event_choices":[{"cards_removed":["Writhe"],"damage_healed":0,"gold_gain":0,"player_choice":"Forget","damage_taken":0,"max_hp_gain":0,"max_hp_loss":0,"event_name":"Living Wall","floor":5,"gold_loss":0},{"damage_healed":0,"gold_gain":175,"player_choice":"AGREE","damage_taken":0,"max_hp_gain":0,"max_hp_loss":0,"event_name":"Liars Game","floor":8,"gold_loss":0,"cards_obtained":["Doubt"]},{"damage_healed":0,"gold_gain":0,"player_choice":"Got Potions","damage_taken":0,"max_hp_gain":0,"max_hp_loss":0,"event_name":"Lab","floor":13,"gold_loss":0},{"cards_removed":["Strike_G"],"damage_healed":0,"gold_gain":0,"player_choice":"Upgrade and Remove","damage_taken":0,"max_hp_gain":0,"max_hp_loss":0,"event_name":"Designer","floor":28,"gold_loss":90,"cards_upgraded":["Strike_G"]},{"damage_healed":0,"gold_gain":75,"player_choice":"Touch","damage_taken":8,"max_hp_gain":0,"max_hp_loss":0,"event_name":"FaceTrader","floor":31,"gold_loss":0},{"damage_healed":0,"gold_gain":0,"player_choice":"Ignored","damage_taken":0,"max_hp_gain":0,"max_hp_loss":0,"event_name":"Tomb of Lord Red Mask","floor":37,"gold_loss":0},{"damage_healed":0,"gold_gain":100,"player_choice":"Pray","damage_taken":0,"max_hp_gain":0,"max_hp_loss":0,"event_name":"Golden Shrine","floor":39,"gold_loss":0},{"cards_removed":["Masterful Stab"],"damage_healed":0,"gold_gain":0,"player_choice":"Removed Attack","damage_taken":0,"max_hp_gain":0,"max_hp_loss":0,"event_name":"Falling","floor":48,"gold_loss":0}],"is_beta":false,"boss_relics":[{"not_picked":["SlaversCollar","Ectoplasm"],"picked":"SacredBark"},{"not_picked":["Coffee Dripper","Snecko Eye"],"picked":"Black Star"}],"items_purged_floors":[27,38],"is_endless":false,"potions_floor_spawned":[2,10,19,20,29,30,36,44],"ascension_level":1}}