{"host":"gfybn4j1d26rvz5e","time":1613940093,"event":{"mods":["BaseMod","Better Altar","Better Match","Better Note","Better Sensory Stone","Better Skull","Better Third Choice","BetterRewards","Highlight Path","Minty Spire (QoL Compilation)","Random Character Button","Relic Stats","StSLib"],"gold_per_floor":[112,112,123,137,155,155,188,188,188,16,30,30,55,75,75,174,174,185,42,42,55,82,113,113,146,169,199,199,199,213,123,123,224,224,243,24,41,59,79,79,112,124,124,156,8,8,38,54,54,54],"floor_reached":51,"language":"ENG","playtime":3094,"items_purged":["Strike_G","Strike_G"],"score":1570,"play_id":"6727a734-0012-41a6-857a-5c842302335d","local_time":"20210221144133","is_ascension_mode":true,"campfire_choices":[{"data":"Neutralize","floor":6,"key":"SMITH"},{"data":"Backstab","floor":8,"key":"SMITH"},{"floor":15,"key":"REST"},{"data":"After Image","floor":24,"key":"SMITH"},{"floor":29,"key":"REST"},{"data":"Noxious Fumes","floor":32,"key":"SMITH"},{"data":"A Thousand Cuts","floor":40,"key":"SMITH"},{"floor":46,"key":"REST"},{"data":"Accuracy","floor":49,"key":"SMITH"}],"circlet_count":0,"master_deck":["AscendersBane","Survivor+1","Neutralize+1","Backstab+1","Quick Slash+1","Blade Dance+1","Slice","Blade Dance","Backflip","Blade Dance+1","Noxious Fumes+1","Dodge and Roll","After Image+1","Sucker Punch","Acrobatics+1","PiercingWail+1","Flechettes+1","A Thousand Cuts+1","Accuracy+1","Backflip+1","Deadly Poison+1","Die Die Die+1","Predator","Deadly Poison+1","Predator","Finisher+1","Deflect+1","Panache","Backflip+1","After Image","Crippling Poison+1","Catalyst+1","Finisher+1"],"relics":["Ring of the Snake","Kunai","Happy Flower","White Beast Statue","Question Card","Philosopher\u0027s Stone","War Paint","Ancient Tea Set","Toxic Egg 2","Blue Candle","Potion Belt","Mummified Hand","Pandora\u0027s Box","Bottled Flame","Shuriken","Paper Crane","Whetstone","MealTicket"],"acts_visited":["Exordium","TheCity","TheBeyond"],"potions_floor_usage":[0,0,16,23,23,27,27,30,33,33,39,39,42,50,50,50,50,50],"damage_taken":[{"damage":0,"enemies":"2 Louse","floor":1,"turns":2},{"damage":0,"enemies":"Cultist","floor":3,"turns":3},{"damage":0,"enemies":"Small Slimes","floor":4,"turns":5},{"damage":3,"enemies":"Looter","floor":5,"turns":3},{"damage":10,"enemies":"Lagavulin","floor":7,"turns":8},{"damage":0,"enemies":"Red Slaver","floor":11,"turns":3},{"damage":20,"enemies":"Gremlin Nob","floor":13,"turns":3},{"damage":0,"enemies":"Exordium Thugs","floor":14,"turns":3},{"damage":3,"enemies":"Hexaghost","floor":16,"turns":10},{"damage":2,"enemies":"Shell Parasite","floor":18,"turns":4},{"damage":0,"enemies":"Spheric Guardian","floor":21,"turns":4},{"damage":13,"enemies":"Gremlin Leader","floor":23,"turns":7},{"damage":0,"enemies":"Book of Stabbing","floor":25,"turns":6},{"damage":17,"enemies":"Gremlin Leader","floor":27,"turns":6},{"damage":19,"enemies":"Chosen and Byrds","floor":30,"turns":7},{"damage":5,"enemies":"Collector","floor":33,"turns":7},{"damage":0,"enemies":"3 Shapes","floor":35,"turns":4},{"damage":0,"enemies":"3 Darklings","floor":37,"turns":2},{"damage":0,"enemies":"Maw","floor":38,"turns":5},{"damage":4,"enemies":"4 Shapes","floor":39,"turns":4},{"damage":24,"enemies":"Nemesis","floor":41,"turns":7},{"damage":0,"enemies":"3 Darklings","floor":42,"turns":4},{"damage":0,"enemies":"Giant Head","floor":44,"turns":6},{"damage":0,"enemies":"Reptomancer","floor":47,"turns":2},{"damage":0,"enemies":"Transient","floor":48,"turns":5},{"damage":25,"enemies":"Donu and Deca","floor":50,"turns":5}],"seed_played":"3717805053783939196","potions_obtained":[{"floor":2,"key":"EssenceOfSteel"},{"floor":16,"key":"CultistPotion"},{"floor":23,"key":"SkillPotion"},{"floor":25,"key":"LiquidMemories"},{"floor":27,"key":"BlessingOfTheForge"},{"floor":30,"key":"ColorlessPotion"},{"floor":33,"key":"Poison Potion"},{"floor":35,"key":"ColorlessPotion"},{"floor":37,"key":"Fire Potion"},{"floor":38,"key":"Fruit Juice"},{"floor":39,"key":"CunningPotion"},{"floor":41,"key":"DuplicationPotion"},{"floor":42,"key":"EssenceOfSteel"},{"floor":44,"key":"Ancient Potion"}],"is_trial":false,"path_per_floor":["M","?","M","M","M","R","E","R","T","$","M","?","E","M","R","B",null,"M","$","?","M","T","E","R","E","T","E","?","R","M","?","R","B",null,"M","$","M","M","M","R","E","M","T","E","$","R","E","M","R","B",null],"character_chosen":"THE_SILENT","items_purchased":["Kunai","Backstab","Quick Slash","EntropicBrew","Backflip","Blade Dance","War Paint","Deflect+1","Panache","Whetstone"],"campfire_rested":3,"item_purchase_floors":[0,0,0,0,10,10,19,36,36,45],"current_hp_per_floor":[68,68,68,68,65,65,55,55,55,55,55,40,20,20,42,39,66,64,64,64,64,64,51,51,51,51,34,34,56,37,37,37,32,64,64,64,64,64,60,60,36,41,41,41,41,65,65,65,65,40],"gold":54,"neow_bonus":"","is_daily":false,"chose_seed":false,"campfire_upgraded":6,"win_rate":0.0,"timestamp":1613940093,"path_taken":["M","?","?","M","M","R","E","R","T","?","M","?","E","M","R","BOSS","M","$","?","?","?","E","R","E","T","E","?","R","M","?","R","BOSS","M","$","M","?","M","R","E","?","T","E","?","R","E","M","R","BOSS"],"items_purchased_type":["Relic","Card","Card","Potion","Card","Card","Relic","Card","Card","Relic"],"build_version":"2020-12-22","purchased_purges":2,"victory":true,"max_hp_per_floor":[75,75,75,75,75,75,75,75,75,75,75,75,75,75,75,75,75,75,75,75,75,75,75,75,75,75,75,75,75,75,75,75,75,75,75,75,75,75,75,75,75,80,80,80,80,80,80,80,80,80],"relic_stats":{"Happy Flower":[34],"counters":[124,561],"Blue Candle":[0],"Whetstone":["Strike_G","Sucker Punch","Flechettes","Die Die Die"],"War Paint":["Blade Dance","Blade Dance"],"Question Card":18,"Mummified Hand":[51],"Shuriken":[21],"Pandora\u0027s Box":["Accuracy","Backflip","Deadly Poison","Die Die Die","Predator","Deadly Poison","Predator"],"MealTicket":0,"Kunai":[137],"obtain_stats":[{"Ice Cream":0,"HoveringKite":34,"Vajra":43,"Whetstone":11,"Boot":43,"Sozu":17,"Blood Vial":28,"Strawberry":26,"Prayer Wheel":47,"Philosopher\u0027s Stone":17,"MealTicket":47,"Fusion Hammer":17,"Kunai":0,"Toxic Egg 2":0,"Happy Flower":7,"Astrolabe":34,"Blue Candle":25,"Oddly Smooth Stone":21,"Tingsha":23,"Eternal Feather":30,"Pen Nib":9,"Letter Opener":25,"War Paint":41,"Paper Crane":44,"Question Card":13,"SlaversCollar":34,"Bottled Flame":25,"Shuriken":9,"Bronze Scales":14,"Bird Faced Urn":19,"Pandora\u0027s Box":34,"Molten Egg 2":26,"Darkstone Periapt":26,"Regal Pillow":46,"Enchiridion":29,"Snake Skull":26,"Bag of Preparation":9,"Ancient Tea Set":22,"Tough Bandages":0,"Matryoshka":28,"Shovel":0,"Ninja Scroll":23,"Mummified Hand":19,"Red Mask":20,"InkBottle":7,"Ring of the Snake":0,"Potion Belt":9,"The Specimen":26,"Orichalcum":54,"MawBank":10,"White Beast Statue":9,"Mercury Hourglass":46,"CaptainsWheel":45,"Anchor":37,"Busted Crown":17,"Turnip":24,"Art of War":43,"Bottled Lightning":25,"FossilizedHelix":42},{"Ice Cream":0,"HoveringKite":15,"Vajra":72,"Whetstone":28,"Boot":18,"Sozu":6,"Blood Vial":36,"Strawberry":63,"Prayer Wheel":19,"Philosopher\u0027s Stone":107,"MealTicket":122,"Fusion Hammer":31,"Kunai":50,"Toxic Egg 2":21,"Happy Flower":103,"Astrolabe":67,"Blue Candle":111,"Oddly Smooth Stone":88,"Tingsha":34,"Eternal Feather":38,"Pen Nib":55,"Letter Opener":12,"War Paint":45,"Paper Crane":121,"Question Card":105,"SlaversCollar":94,"Bottled Flame":35,"Shuriken":55,"Bronze Scales":85,"Bird Faced Urn":87,"Pandora\u0027s Box":40,"Molten Egg 2":63,"Darkstone Periapt":89,"Regal Pillow":18,"Enchiridion":13,"Snake Skull":35,"Bag of Preparation":26,"Ancient Tea Set":109,"Tough Bandages":21,"Matryoshka":13,"Shovel":77,"Ninja Scroll":10,"Mummified Hand":61,"Red Mask":88,"InkBottle":2,"Ring of the Snake":0,"Potion Belt":3,"The Specimen":12,"Orichalcum":49,"MawBank":56,"White Beast Statue":103,"Mercury Hourglass":18,"CaptainsWheel":46,"Anchor":68,"Busted Crown":60,"Turnip":89,"Art of War":18,"Bottled Lightning":89,"FossilizedHelix":72},{"Ice Cream":0,"HoveringKite":69,"Vajra":323,"Whetstone":126,"Boot":81,"Sozu":25,"Blood Vial":157,"Strawberry":279,"Prayer Wheel":85,"Philosopher\u0027s Stone":476,"MealTicket":551,"Fusion Hammer":137,"Kunai":221,"Toxic Egg 2":100,"Happy Flower":457,"Astrolabe":301,"Blue Candle":497,"Oddly Smooth Stone":393,"Tingsha":147,"Eternal Feather":165,"Pen Nib":244,"Letter Opener":52,"War Paint":198,"Paper Crane":549,"Question Card":463,"SlaversCollar":423,"Bottled Flame":152,"Shuriken":244,"Bronze Scales":378,"Bird Faced Urn":389,"Pandora\u0027s Box":179,"Molten Egg 2":279,"Darkstone Periapt":398,"Regal Pillow":81,"Enchiridion":56,"Snake Skull":152,"Bag of Preparation":122,"Ancient Tea Set":484,"Tough Bandages":100,"Matryoshka":56,"Shovel":349,"Ninja Scroll":42,"Mummified Hand":270,"Red Mask":393,"InkBottle":11,"Ring of the Snake":0,"Potion Belt":13,"The Specimen":52,"Orichalcum":216,"MawBank":249,"White Beast Statue":457,"Mercury Hourglass":81,"CaptainsWheel":201,"Anchor":308,"Busted Crown":266,"Turnip":398,"Art of War":81,"Bottled Lightning":398,"FossilizedHelix":323}],"Ring of the Snake":[240]},"card_choices":[{"not_picked":["Accuracy","Flying Knee","Tactician"],"picked":"SKIP","floor":1},{"not_picked":["Dagger Throw","Quick Slash","Flying Knee"],"picked":"SKIP","floor":3},{"not_picked":["Underhanded Strike","Flying Knee"],"picked":"Blade Dance","floor":4},{"not_picked":["Outmaneuver","Bullet Time"],"picked":"Slice","floor":5},{"not_picked":["Finisher","Quick Slash"],"picked":"Blade Dance","floor":7},{"not_picked":["Deadly Poison","Catalyst"],"picked":"Noxious Fumes","floor":11},{"not_picked":["Slice","Reflex","Endless Agony"],"picked":"SKIP","floor":13},{"not_picked":["Cloak And Dagger","All Out Attack","Bane"],"picked":"Dodge and Roll","floor":14},{"not_picked":["Unload","Burst","Venomology"],"picked":"After Image","floor":16},{"not_picked":["Crippling Poison","Deflect","Endless Agony","Prepared"],"picked":"SKIP","floor":18},{"not_picked":["Dagger Throw+1","Acrobatics","Underhanded Strike","Glass Knife"],"picked":"SKIP","floor":21},{"not_picked":["Masterful Stab","Riddle With Holes","Concentrate+1","Deadly Poison+1"],"picked":"SKIP","floor":23},{"not_picked":["PiercingWail+1","Outmaneuver+1","Quick Slash+1"],"picked":"Acrobatics+1","floor":25},{"not_picked":["Dagger Spray+1","Prepared+1","Well Laid Plans+1"],"picked":"PiercingWail+1","floor":27},{"not_picked":["Underhanded Strike","Cloak And Dagger+1","Tactician+1"],"picked":"Flechettes","floor":30},{"not_picked":["Adrenaline+1","Storm of Steel+1","Burst+1"],"picked":"A Thousand Cuts","floor":33},{"not_picked":["Flechettes+1","Blur+1","Deadly Poison+1"],"picked":"Finisher+1","floor":35},{"not_picked":["Predator","Outmaneuver+1","Setup+1"],"picked":"Backflip+1","floor":37},{"not_picked":["Footwork","Poisoned Stab+1","Dagger Throw","Outmaneuver+1"],"picked":"SKIP","floor":38},{"not_picked":["Outmaneuver+1","Concentrate+1","Blade Dance+1"],"picked":"After Image","floor":39},{"not_picked":["Flying Knee+1","Infinite Blades+1","Masterful Stab+1","Slice"],"picked":"SKIP","floor":41},{"not_picked":["Deflect+1","Blade Dance+1","Acrobatics+1"],"picked":"Crippling Poison+1","floor":42},{"not_picked":["Reflex+1","Slice+1","Dagger Spray","Quick Slash+1"],"picked":"SKIP","floor":44},{"not_picked":["Dash+1","PiercingWail+1","Tactician+1"],"picked":"Catalyst+1","floor":47},{"not_picked":["Bane","Tactician+1","All Out Attack+1"],"picked":"Finisher+1","floor":48}],"player_experience":668136,"relics_obtained":[{"floor":7,"key":"Happy Flower"},{"floor":9,"key":"White Beast Statue"},{"floor":13,"key":"Question Card"},{"floor":22,"key":"Ancient Tea Set"},{"floor":23,"key":"Toxic Egg 2"},{"floor":25,"key":"Blue Candle"},{"floor":26,"key":"Potion Belt"},{"floor":27,"key":"Mummified Hand"},{"floor":41,"key":"Bottled Flame"},{"floor":43,"key":"Shuriken"},{"floor":44,"key":"Paper Crane"},{"floor":47,"key":"MealTicket"}],"event_choices":[{"damage_healed":0,"gold_gain":0,"player_choice":"Got Potions","damage_taken":0,"max_hp_gain":0,"max_hp_loss":0,"event_name":"Lab","floor":2,"gold_loss":0},{"damage_healed":55,"gold_gain":0,"player_choice":"Upgrade","damage_taken":15,"max_hp_gain":0,"max_hp_loss":75,"event_name":"betterThird:BetterShining","floor":12,"gold_loss":0,"cards_upgraded":["Defend_G","Quick Slash"]},{"damage_healed":0,"gold_gain":0,"cards_transformed":["Strike_G"],"player_choice":"Transformed","damage_taken":0,"max_hp_gain":0,"max_hp_loss":0,"event_name":"Transmorgrifier","floor":20,"gold_loss":0,"cards_obtained":["Sucker Punch"]},{"damage_healed":0,"gold_gain":0,"player_choice":" Defy","damage_taken":0,"max_hp_gain":0,"max_hp_loss":0,"event_name":"betterAltar:BetterAltar","floor":28,"gold_loss":0,"cards_obtained":["Decay"]},{"cards_removed":["Decay"],"damage_healed":0,"gold_gain":0,"player_choice":"Upgrade and Remove","damage_taken":0,"max_hp_gain":0,"max_hp_loss":0,"event_name":"Designer","floor":31,"gold_loss":90,"cards_upgraded":["Survivor"]}],"is_beta":false,"boss_relics":[{"not_picked":["Snecko Eye","SacredBark"],"picked":"Philosopher\u0027s Stone"},{"not_picked":["Runic Pyramid","HoveringKite"],"picked":"Pandora\u0027s Box"}],"items_purged_floors":[0,10],"is_endless":false,"potions_floor_spawned":[5,11,13,14,16,18,21,23,25,27,30,33,35,37,38,39,41,42,44,47,48],"ascension_level":10}}