{"host":"9h2qrz5zr7xpdj63","time":1613907461,"event":{"mods":["2.2 Compatiblity","AchievementEnabler","BaseMod","Bestiary","Colored Map","Colored Powertips","Highlight Path","Keyboard Shortcuts","Minty Spire (QoL Compilation)","Quick Restart","Relic Stats","StSLib"],"gold_per_floor":[118,118,128,147,162,162,217,228,296,296,325,325,342,95,95,194,194,214,214,214,228,228,26,26,38,38,55,55,81,81,91,91,189,189,205,217,94,114,129,129,147,157,157,157,209,209,209,240,240,240,240,240,20,55,55,55],"floor_reached":55,"language":"ENG","playtime":3207,"items_purged":["Strike_G","Strike_G+1","Strike_G+1"],"score":888,"play_id":"d6a7d9d8-e4a1-460d-93f3-f5d952c9bf32","local_time":"20210221113741","is_ascension_mode":true,"campfire_choices":[{"data":"Noxious Fumes","floor":6,"key":"SMITH"},{"floor":10,"key":"REST"},{"data":"Backflip","floor":12,"key":"SMITH"},{"data":"Neutralize","floor":15,"key":"SMITH"},{"data":"Die Die Die","floor":24,"key":"SMITH"},{"data":"Prepared","floor":28,"key":"SMITH"},{"floor":32,"key":"REST"},{"data":"Envenom","floor":40,"key":"SMITH"},{"floor":44,"key":"REST"},{"floor":49,"key":"RECALL"},{"data":"Bouncing Flask","floor":52,"key":"SMITH"}],"circlet_count":0,"master_deck":["Strike_G+1","Strike_G+1","Defend_G+1","Defend_G+1","Defend_G+1","Defend_G+1","Defend_G+1","Survivor+1","Neutralize+1","Poisoned Stab","Catalyst+1","Noxious Fumes+1","Die Die Die+1","Backflip+1","Backstab","Noxious Fumes","Dodge and Roll","Prepared+1","Acrobatics","Bane+1","Envenom+1","Poisoned Stab+1","Noxious Fumes","Bouncing Flask+1","Footwork","Prepared+1","Dodge and Roll+1","Clumsy","Bandage Up","Deadly Poison+1"],"relics":["Ring of the Snake","Snake Skull","Mango","The Courier","War Paint","Oddly Smooth Stone","HoveringKite","TwistedFunnel","Shuriken","Nunchaku","Tingsha","Cursed Key","StoneCalendar","Art of War","Sling","Happy Flower"],"acts_visited":["Exordium","TheCity","TheBeyond","TheEnding"],"potions_floor_usage":[18,29,31,45,50],"damage_taken":[{"damage":0,"enemies":"Jaw Worm","floor":1,"turns":5},{"damage":1,"enemies":"2 Louse","floor":3,"turns":3},{"damage":0,"enemies":"Small Slimes","floor":4,"turns":2},{"damage":15,"enemies":"Looter","floor":5,"turns":4},{"damage":25,"enemies":"Gremlin Nob","floor":7,"turns":4},{"damage":5,"enemies":"Gremlin Gang","floor":8,"turns":5},{"damage":10,"enemies":"Lagavulin","floor":11,"turns":6},{"damage":13,"enemies":"Lots of Slimes","floor":13,"turns":3},{"damage":4,"enemies":"The Guardian","floor":16,"turns":7},{"damage":11,"enemies":"2 Thieves","floor":18,"turns":5},{"damage":5,"enemies":"Shell Parasite","floor":21,"turns":6},{"damage":0,"enemies":"Cultist and Chosen","floor":25,"turns":5},{"damage":0,"enemies":"Snecko","floor":27,"turns":4},{"damage":9,"enemies":"Slavers","floor":29,"turns":4},{"damage":13,"enemies":"Snake Plant","floor":31,"turns":3},{"damage":30,"enemies":"Automaton","floor":33,"turns":7},{"damage":4,"enemies":"3 Shapes","floor":35,"turns":3},{"damage":21,"enemies":"3 Darklings","floor":36,"turns":3},{"damage":14,"enemies":"Spire Growth","floor":38,"turns":4},{"damage":6,"enemies":"Jaw Worm Horde","floor":39,"turns":3},{"damage":5,"enemies":"3 Darklings","floor":41,"turns":3},{"damage":9,"enemies":"Sphere and 2 Shapes","floor":42,"turns":5},{"damage":35,"enemies":"2 Orb Walkers","floor":45,"turns":6},{"damage":0,"enemies":"Giant Head","floor":48,"turns":5},{"damage":80,"enemies":"Awakened One","floor":50,"turns":12},{"damage":101,"enemies":"Shield and Spear","floor":54,"turns":6},{"damage":7,"enemies":"The Heart","floor":55,"turns":2}],"seed_played":"-4210376437214397697","potions_obtained":[{"floor":1,"key":"Energy Potion"},{"floor":5,"key":"BlessingOfTheForge"},{"floor":7,"key":"DuplicationPotion"},{"floor":18,"key":"LiquidBronze"},{"floor":27,"key":"DistilledChaos"},{"floor":33,"key":"BlessingOfTheForge"},{"floor":35,"key":"DuplicationPotion"},{"floor":36,"key":"Poison Potion"},{"floor":41,"key":"PowerPotion"},{"floor":45,"key":"SteroidPotion"},{"floor":54,"key":"AttackPotion"}],"is_trial":false,"path_per_floor":["M","?","M","M","M","R","?","M","T","R","E","R","M","$","R","B",null,"M","?","?","M","?","$","R","M","T","M","R","E","?","M","R","B",null,"M","M","$","M","M","R","M","M","T","R","?","?","?","E","R","B",null,"R","$","E","B"],"character_chosen":"THE_SILENT","items_purchased":["Noxious Fumes","Oddly Smooth Stone","TwistedFunnel","Bouncing Flask","Footwork","Sling"],"campfire_rested":3,"item_purchase_floors":[14,14,23,37,37,53],"current_hp_per_floor":[70,70,69,69,54,54,43,38,38,63,53,53,40,40,40,36,84,73,57,57,52,52,52,52,52,52,52,52,43,43,30,56,26,89,85,64,64,50,44,44,39,30,30,56,21,21,99,99,99,23,99,99,99,2,0,0],"gold":55,"neow_bonus":"RANDOM_COMMON_RELIC","is_daily":false,"chose_seed":false,"campfire_upgraded":7,"win_rate":0.0,"timestamp":1613907461,"path_taken":["M","?","M","M","M","R","?","M","T","R","E","R","M","$","R","BOSS","M","?","?","M","?","$","R","?","T","M","R","E","?","M","R","BOSS","M","?","$","M","?","R","M","M","T","R","?","?","?","E","R","BOSS","R","$","E","BOSS"],"items_purchased_type":["Card","Relic","Relic","Card","Card","Relic"],"build_version":"2020-12-22","purchased_purges":3,"victory":false,"max_hp_per_floor":[70,70,70,70,70,70,84,84,84,84,84,84,84,84,84,84,84,84,89,89,89,89,89,89,89,89,89,89,89,89,89,89,89,89,89,89,89,89,89,89,89,89,89,89,89,89,99,99,99,99,99,99,99,99,99,99],"relic_stats":{"Happy Flower":[0],"counters":[27,125],"HoveringKite":[40],"Tingsha":[204],"StoneCalendar":[52],"Snake Skull":[295],"War Paint":["Catalyst","Survivor"],"Cursed Key":1,"Nunchaku":[9],"Shuriken":[13],"Art of War":[3],"obtain_stats":[{"TwistedFunnel":23,"Happy Flower":54,"Oddly Smooth Stone":14,"HoveringKite":17,"Mango":7,"Tingsha":30,"StoneCalendar":45,"Snake Skull":0,"The Courier":9,"War Paint":11,"Cursed Key":34,"Sling":53,"Nunchaku":29,"Shuriken":26,"Art of War":48,"Ring of the Snake":0},{"TwistedFunnel":11,"Happy Flower":26,"Oddly Smooth Stone":8,"HoveringKite":9,"Mango":5,"Tingsha":14,"StoneCalendar":23,"Snake Skull":0,"The Courier":6,"War Paint":7,"Cursed Key":16,"Sling":25,"Nunchaku":14,"Shuriken":12,"Art of War":24,"Ring of the Snake":0},{"TwistedFunnel":50,"Happy Flower":123,"Oddly Smooth Stone":32,"HoveringKite":39,"Mango":18,"Tingsha":63,"StoneCalendar":100,"Snake Skull":0,"The Courier":23,"War Paint":29,"Cursed Key":73,"Sling":117,"Nunchaku":63,"Shuriken":55,"Art of War":105,"Ring of the Snake":0}],"Ring of the Snake":[54]},"card_choices":[{"not_picked":["Cloak And Dagger","Dagger Spray"],"picked":"Poisoned Stab","floor":1},{"not_picked":["Riddle With Holes","Poisoned Stab","Quick Slash"],"picked":"SKIP","floor":3},{"not_picked":["Choke","Dash"],"picked":"Catalyst","floor":4},{"not_picked":["Backflip","Underhanded Strike"],"picked":"Noxious Fumes","floor":5},{"not_picked":["Acrobatics","Sucker Punch"],"picked":"Die Die Die","floor":7},{"not_picked":["Prepared","Catalyst"],"picked":"Backflip","floor":8},{"not_picked":["Sucker Punch","Leg Sweep"],"picked":"Backstab","floor":11},{"not_picked":["Backstab","Slice","Dagger Spray"],"picked":"SKIP","floor":13},{"not_picked":["Phantasmal Killer","Unload"],"picked":"Night Terror","floor":16},{"not_picked":["Riddle With Holes","Setup"],"picked":"Dodge and Roll","floor":18},{"not_picked":["Poisoned Stab","Acrobatics","Slice+1"],"picked":"SKIP","floor":21},{"not_picked":["Poisoned Stab+1","Dagger Spray","Sucker Punch"],"picked":"SKIP","floor":25},{"not_picked":["Dagger Spray","Dagger Throw"],"picked":"Prepared","floor":27},{"not_picked":["Outmaneuver","Quick Slash"],"picked":"Acrobatics","floor":29},{"not_picked":["Predator","Riddle With Holes"],"picked":"Bane+1","floor":31},{"not_picked":["Storm of Steel","Grand Finale"],"picked":"Envenom","floor":33},{"not_picked":["Sucker Punch","Quick Slash+1"],"picked":"Poisoned Stab+1","floor":35},{"not_picked":["Quick Slash+1","Choke"],"picked":"Noxious Fumes","floor":36},{"not_picked":["PiercingWail+1","Accuracy+1"],"picked":"Prepared+1","floor":38},{"not_picked":["Deflect+1","Sucker Punch","Reflex"],"picked":"SKIP","floor":39},{"not_picked":["Flechettes","Sucker Punch+1"],"picked":"Dodge and Roll+1","floor":41},{"not_picked":["Bane","Distraction+1","Backflip"],"picked":"SKIP","floor":42},{"not_picked":["Secret Weapon","PanicButton"],"picked":"Bandage Up","floor":46},{"not_picked":["Accuracy","Noxious Fumes","Blade Dance+1"],"picked":"SKIP","floor":48},{"not_picked":["Outmaneuver+1","Deflect+1"],"picked":"Deadly Poison+1","floor":54}],"player_experience":239140,"relics_obtained":[{"floor":7,"key":"Mango"},{"floor":9,"key":"The Courier"},{"floor":11,"key":"War Paint"},{"floor":26,"key":"Shuriken"},{"floor":29,"key":"Nunchaku"},{"floor":45,"key":"StoneCalendar"},{"floor":48,"key":"Art of War"},{"floor":54,"key":"Happy Flower"}],"event_choices":[{"damage_healed":0,"gold_gain":0,"player_choice":"Ignored","damage_taken":0,"max_hp_gain":0,"max_hp_loss":0,"event_name":"Liars Game","floor":2,"gold_loss":0},{"damage_healed":0,"gold_gain":30,"player_choice":"Searched \u00273\u0027 times","damage_taken":0,"max_hp_gain":0,"max_hp_loss":0,"event_name":"Dead Adventurer","floor":7,"gold_loss":0},{"damage_healed":0,"gold_gain":0,"player_choice":"Shed Blood","damage_taken":21,"max_hp_gain":5,"max_hp_loss":0,"event_name":"Forgotten Altar","floor":19,"gold_loss":0},{"damage_healed":0,"gold_gain":0,"player_choice":"Simplicity","damage_taken":0,"max_hp_gain":0,"max_hp_loss":0,"event_name":"Back to Basics","floor":20,"gold_loss":0,"cards_upgraded":["Strike_G","Strike_G","Strike_G","Strike_G","Defend_G","Defend_G","Defend_G","Defend_G","Defend_G"]},{"damage_healed":0,"gold_gain":0,"player_choice":"Upgraded","damage_taken":0,"max_hp_gain":0,"max_hp_loss":0,"event_name":"Upgrade Shrine","floor":22,"gold_loss":0,"cards_upgraded":["Night Terror"]},{"damage_healed":0,"gold_gain":0,"player_choice":"Gave Potion","damage_taken":0,"relics_obtained":["Tingsha"],"max_hp_gain":0,"max_hp_loss":0,"event_name":"WeMeetAgain","floor":30,"gold_loss":0},{"damage_healed":0,"gold_gain":0,"player_choice":"Fight","damage_taken":0,"max_hp_gain":0,"max_hp_loss":0,"event_name":"Mysterious Sphere","floor":45,"gold_loss":0},{"damage_healed":0,"gold_gain":0,"player_choice":"Memory 1","damage_taken":0,"max_hp_gain":0,"max_hp_loss":0,"event_name":"SensoryStone","floor":46,"gold_loss":0},{"cards_removed":["Night Terror"],"damage_healed":68,"gold_gain":0,"player_choice":"Offered Rare","damage_taken":0,"max_hp_gain":10,"max_hp_loss":0,"event_name":"Bonfire Elementals","floor":47,"gold_loss":0}],"is_beta":false,"boss_relics":[{"not_picked":["Coffee Dripper","Ring of the Serpent"],"picked":"HoveringKite"},{"not_picked":["SlaversCollar","SacredBark"],"picked":"Cursed Key"}],"items_purged_floors":[14,23,53],"is_endless":false,"potions_floor_spawned":[1,5,7,18,25,27,33,35,36,41,45,54],"killed_by":"The Heart","ascension_level":4}}