{"host":"ssbj2e5691x5ub3h","time":1613871703,"event":{"mods":["BaseMod","Downfall","Minty Spire (QoL Compilation)","Quick Restart","StSLib","SuperFastMode"],"gold_per_floor":[99,99,4,14,14,14,14,14,27,41,141,159,174,192,211,211,211,211],"floor_reached":16,"language":"ENG","playtime":1453,"items_purged":[],"score":94,"play_id":"bffd4c64-a289-4d79-8534-08f94a24ed09","local_time":"20210220234143","is_ascension_mode":false,"campfire_choices":[{"data":"champ:Execute","floor":1,"key":"SMITH"},{"data":"champ:FancyFootwork","floor":6,"key":"SMITH"}],"circlet_count":0,"master_deck":["champ:Strike","champ:Strike","champ:Strike","champ:Defend","champ:Defend","champ:Defend","champ:Execute+1","champ:Taunt+1","champ:FlashCut","champ:FancyFootwork+1","champ:FocusedDefense","champ:PreemptiveStrike+1","champ:FanOfKnives","champ:GutPunch","champ:StanceDance","champ:TornadoPunch","champ:StanceDance"],"relics":["champ:ChampionCrown","StoneCalendar"],"acts_visited":["Exordium"],"potions_floor_usage":[16],"damage_taken":[{"damage":20,"enemies":"downfall:FleeingMerchant","floor":3,"turns":4},{"damage":12,"enemies":"Small Slimes","floor":4,"turns":3},{"damage":15,"enemies":"Cultist","floor":9,"turns":4},{"damage":15,"enemies":"Jaw Worm","floor":10,"turns":5},{"damage":53,"enemies":"downfall:Heads","floor":11,"turns":7},{"damage":12,"enemies":"Large Slime","floor":12,"turns":4},{"damage":8,"enemies":"2 Fungi Beasts","floor":13,"turns":3},{"damage":8,"enemies":"Exordium Wildlife","floor":14,"turns":4},{"damage":15,"enemies":"Large Slime","floor":15,"turns":4},{"damage":39,"enemies":"WA_ARCHETYPE_RETAIN","floor":16,"turns":6}],"seed_played":"4706255527930873688","potions_obtained":[{"floor":9,"key":"LiquidMemories"},{"floor":10,"key":"SpeedPotion"},{"floor":11,"key":"ColorlessPotion"},{"floor":13,"key":"PowerPotion"}],"is_trial":false,"path_per_floor":["R","?","$","M","?","R","T","?","M","M","?","M","M","M","M","B"],"character_chosen":"THE_CHAMP","items_purchased":["champ:FancyFootwork"],"campfire_rested":0,"item_purchase_floors":[3],"current_hp_per_floor":[90,90,90,88,93,93,93,93,93,88,50,43,40,37,37,0,0,0],"gold":211,"neow_bonus":"UPGRADE_CARD","is_daily":false,"chose_seed":false,"campfire_upgraded":2,"win_rate":0.0,"timestamp":1613871703,"path_taken":["R","?","?","M","?","R","T","?","M","M","?","M","M","?","M","BOSS"],"items_purchased_type":["Card"],"build_version":"2020-12-22","purchased_purges":0,"victory":false,"max_hp_per_floor":[90,90,90,90,95,95,95,95,95,95,95,95,95,95,95,95,95,95],"card_choices":[{"not_picked":["champ:FaceSlap","champ:EnGarde"],"picked":"champ:FlashCut","floor":3},{"not_picked":["champ:ArenaPreparation","champ:BerserkersShout"],"picked":"champ:FocusedDefense","floor":4},{"not_picked":["champ:PerfectedStrike","champ:PreciseThrust"],"picked":"champ:PreemptiveStrike","floor":9},{"not_picked":["champ:CrownThrow","champ:FaceSlap","champ:BerserkersShout"],"picked":"SKIP","floor":10},{"not_picked":["champ:FanOfKnives","champ:PerfectedStrike"],"picked":"champ:GutPunch","floor":11},{"not_picked":["champ:FlashCut","champ:IgnorePain"],"picked":"champ:StanceDance","floor":12},{"not_picked":["champ:RapidStrikes","champ:FlashCut"],"picked":"champ:TornadoPunch","floor":13},{"not_picked":["champ:EnGarde","champ:Encircle"],"picked":"champ:StanceDance","floor":14},{"not_picked":["champ:ShieldSlam","champ:EnragedBash","champ:TornadoPunch"],"picked":"SKIP","floor":15}],"player_experience":156504,"relics_obtained":[{"floor":7,"key":"StoneCalendar"}],"event_choices":[{"damage_healed":0,"gold_gain":0,"player_choice":"Donut","damage_taken":0,"max_hp_gain":5,"max_hp_loss":0,"event_name":"Big Fish","floor":5,"gold_loss":0}],"is_beta":false,"boss_relics":[],"items_purged_floors":[],"is_endless":false,"potions_floor_spawned":[9,10,11,13,14],"killed_by":"WA_ARCHETYPE_RETAIN","ascension_level":0}}