{"host":"vxgtqwpb0ulpisda","time":1613935787,"event":{"mods":["BaseMod","Bestiary","Minty Spire (QoL Compilation)","Relic Stats","ojb\u0027s Info Mod"],"gold_per_floor":[119,134,134,145,165,197,213,213,213,213,232,245,245,245],"floor_reached":13,"language":"ENG","playtime":739,"items_purged":[],"score":116,"play_id":"f59d4be9-2a1b-49b5-8be0-3a56510cc662","local_time":"20210221142947","is_ascension_mode":true,"campfire_choices":[{"floor":8,"key":"REST"},{"floor":10,"key":"REST"}],"circlet_count":0,"master_deck":["Strike_B","Strike_B","Strike_B","Strike_B","Defend_B","Defend_B","Defend_B","Defend_B","Zap","Dualcast","Magnetism","Cold Snap","Static Discharge","Defragment","Coolheaded","Auto Shields","Self Repair","Beam Cell","Beam Cell","Seek","Ball Lightning"],"relics":["Cracked Core","Dream Catcher","Shovel"],"acts_visited":["Exordium"],"potions_floor_usage":[7,13,13],"damage_taken":[{"damage":0,"enemies":"Small Slimes","floor":1,"turns":3},{"damage":4,"enemies":"Cultist","floor":2,"turns":4},{"damage":7,"enemies":"Jaw Worm","floor":4,"turns":3},{"damage":10,"enemies":"Exordium Thugs","floor":5,"turns":5},{"damage":22,"enemies":"Lagavulin","floor":6,"turns":9},{"damage":23,"enemies":"Gremlin Gang","floor":7,"turns":4},{"damage":3,"enemies":"Large Slime","floor":11,"turns":6},{"damage":7,"enemies":"2 Fungi Beasts","floor":12,"turns":3},{"damage":45,"enemies":"Gremlin Nob","floor":13,"turns":4}],"seed_played":"2604864260226253865","potions_obtained":[{"floor":1,"key":"LiquidBronze"},{"floor":4,"key":"DuplicationPotion"},{"floor":11,"key":"Dexterity Potion"}],"is_trial":false,"path_per_floor":["M","M","?","M","M","E","M","R","T","R","M","M","E"],"character_chosen":"DEFECT","items_purchased":[],"campfire_rested":2,"item_purchase_floors":[],"current_hp_per_floor":[68,64,64,57,47,25,2,24,24,46,50,43,0,0],"gold":245,"neow_bonus":"RANDOM_COLORLESS_2","is_daily":false,"chose_seed":false,"campfire_upgraded":0,"win_rate":0.0,"timestamp":1613935787,"path_taken":["M","M","?","M","M","E","?","R","T","R","M","M","E"],"items_purchased_type":[],"build_version":"2020-12-22","purchased_purges":0,"victory":false,"max_hp_per_floor":[75,75,75,75,75,75,75,75,75,75,75,75,75,75],"relic_stats":{"Dream Catcher":2,"Shovel":0,"counters":[9,41],"obtain_stats":[{"Dream Catcher":6,"Shovel":9,"Cracked Core":0},{"Dream Catcher":5,"Shovel":6,"Cracked Core":0},{"Dream Catcher":24,"Shovel":28,"Cracked Core":0}]},"card_choices":[{"not_picked":["Sadistic Nature","Thinking Ahead"],"picked":"Magnetism","floor":0},{"not_picked":["Steam","Go for the Eyes"],"picked":"Cold Snap","floor":1},{"not_picked":["Sweeping Beam","Redo"],"picked":"Static Discharge","floor":2},{"not_picked":["Seek","Recycle"],"picked":"Defragment","floor":4},{"not_picked":["Recycle","Go for the Eyes"],"picked":"Coolheaded","floor":5},{"not_picked":["Steam","Barrage"],"picked":"Auto Shields","floor":6},{"not_picked":["Conserve Battery","Stack"],"picked":"Self Repair","floor":7},{"not_picked":["Barrage","Stack"],"picked":"Beam Cell","floor":8},{"not_picked":["Sweeping Beam","Gash"],"picked":"Beam Cell","floor":10},{"not_picked":["Reinforced Body","Streamline"],"picked":"Seek","floor":11},{"not_picked":["Conserve Battery","Beam Cell"],"picked":"Ball Lightning","floor":12}],"player_experience":430063,"relics_obtained":[{"floor":6,"key":"Dream Catcher"},{"floor":9,"key":"Shovel"}],"event_choices":[{"cards_removed":["Writhe"],"damage_healed":0,"gold_gain":0,"player_choice":"Removed Curses","damage_taken":0,"max_hp_gain":0,"max_hp_loss":0,"event_name":"Fountain of Cleansing","floor":3,"gold_loss":0}],"is_beta":false,"boss_relics":[],"items_purged_floors":[],"is_endless":false,"potions_floor_spawned":[1,4,11],"killed_by":"Gremlin Nob","ascension_level":6}}