{"host":"f7rb14kzcw8hx1r1","time":1613918042,"event":{"mods":["BaseMod","Better Note","Better Third Choice","Colored Map","Curses Come First","Highlight Path","Hubris","Minty Spire (QoL Compilation)","Reliquary","Replay The Spire","StSLib","The Forsaken"],"gold_per_floor":[113,129,15,65,79,79,114,131,131,131,146,146,146,157,157,257,257,273,135,135,145,224,235,270,15,15,115,115,115,147,161,161,256,256,266,266,73,73,86,86,105,105,178,28,47,0,0,0,0,0],"floor_reached":51,"language":"ENG","playtime":1273,"items_purged":["Strike_B","Strike_B","Defend_B","Defend_B"],"score":683,"play_id":"32a41a2a-17d3-4077-a2cc-11dd9ee9a5cb","local_time":"20210221153402","is_ascension_mode":false,"campfire_choices":[{"data":"Zap","floor":6,"key":"SMITH"},{"data":"Defragment","floor":10,"key":"SMITH"},{"data":"Dualcast","floor":12,"key":"SMITH"},{"floor":15,"key":"DIG"},{"data":"Storm","floor":28,"key":"SMITH"},{"data":"Thunder Strike","floor":32,"key":"SMITH"},{"data":"BasicCrystalCard","floor":40,"key":"SMITH"},{"data":"FIFO Queue","floor":42,"key":"SMITH"},{"data":"Leap","floor":47,"key":"SMITH"},{"data":"Reboot","floor":49,"key":"SMITH"}],"circlet_count":0,"master_deck":["Defend_B","Defend_B","Zap+1","Dualcast+1","Sweeping Beam","Leap+1","Ball Lightning+1","Self Repair","Defragment+1","Thunder Strike+1","Cold Snap","Reboot+1","Sweeping Beam+1","FIFO Queue+1","Storm+1","Coolheaded+1","BasicCrystalCard+1","Loop+1","Creative AI+1","Glacier+1","Coolheaded+1"],"relics":["Cracked Core","Bottled Lightning","Tiny Chest","reliquary:TuningFork","reliquary:RoseTintedGlasses","Pen Nib","Velvet Choker","Mercury Hourglass","reliquary:LoveEmittingDiode","reliquary:JackalopeAntler","reliquary:ShortFuse","Golden Egg","Incense Burner","Coffee Dripper","reliquary:Knoch","Iron Hammer","Red Mask"],"acts_visited":["Exordium","TheCity","TheBeyond"],"potions_floor_usage":[8,18,24,33,35,41,50,50],"damage_taken":[{"damage":0,"enemies":"2 Louse","floor":1,"turns":1},{"damage":0,"enemies":"Small Slimes","floor":2,"turns":3},{"damage":0,"enemies":"Cultist","floor":5,"turns":3},{"damage":20,"enemies":"Gremlin Nob","floor":7,"turns":4},{"damage":0,"enemies":"Blue Slaver","floor":8,"turns":3},{"damage":11,"enemies":"Lots of Slimes","floor":11,"turns":3},{"damage":3,"enemies":"2 Fungi Beasts","floor":14,"turns":3},{"damage":22,"enemies":"The Guardian","floor":16,"turns":9},{"damage":0,"enemies":"Chosen","floor":18,"turns":3},{"damage":2,"enemies":"Shell Parasite","floor":21,"turns":4},{"damage":0,"enemies":"Snecko","floor":23,"turns":3},{"damage":3,"enemies":"Slavers","floor":24,"turns":3},{"damage":3,"enemies":"Replay:Snechameleon","floor":30,"turns":4},{"damage":10,"enemies":"Centurion and Healer","floor":31,"turns":5},{"damage":11,"enemies":"Collector","floor":33,"turns":8},{"damage":13,"enemies":"3 Darklings","floor":35,"turns":4},{"damage":0,"enemies":"3 Shapes","floor":39,"turns":2},{"damage":9,"enemies":"Writhing Mass","floor":41,"turns":5},{"damage":2,"enemies":"Maw","floor":45,"turns":5},{"damage":20,"enemies":"Donu and Deca","floor":50,"turns":5}],"seed_played":"5234061228859568539","potions_obtained":[{"floor":1,"key":"Block Potion"},{"floor":2,"key":"BlessingOfTheForge"},{"floor":4,"key":"ColorlessPotion"},{"floor":8,"key":"SkillPotion"},{"floor":16,"key":"Fire Potion"},{"floor":21,"key":"LiquidBronze"},{"floor":31,"key":"Regen Potion"},{"floor":33,"key":"Energy Potion"},{"floor":39,"key":"Weak Potion"}],"is_trial":false,"path_per_floor":["M","M","$","?","M","R","E","M","T","R","M","R","?","M","R_BF","B",null,"M","$","T","M","T","M","E","$","T","?","R","?","E","M","R","B",null,"M","?","$","T","M","R","M","R","T","$","M","?","R","$","R","B",null],"character_chosen":"DEFECT","items_purchased":["Ball Lightning+1","FIFO Queue","reliquary:ShortFuse","Glacier"],"campfire_rested":0,"item_purchase_floors":[3,19,25,37],"current_hp_per_floor":[75,75,75,57,64,64,51,58,58,58,54,54,54,58,58,43,75,75,75,75,75,75,75,75,75,75,75,75,75,75,72,72,68,75,72,72,72,72,72,72,70,70,70,70,75,75,75,75,75,71],"gold":0,"neow_bonus":"REMOVE_CARD","is_daily":false,"chose_seed":false,"campfire_upgraded":9,"win_rate":0.0,"timestamp":1613918042,"path_taken":["M","M","$","?","M","R","E","M","T","R","?","R","?","M","R_BF","BOSS","M","$","?","M","?","M","E","$","T","?","R","?","E","M","R","BOSS","M","?","$","?","M","R","M","R","T","$","?","?","R","?","R","BOSS"],"items_purchased_type":["Card","Card","Relic","Card"],"build_version":"2020-12-22","purchased_purges":4,"victory":true,"max_hp_per_floor":[75,75,75,75,75,75,75,75,75,75,75,75,75,75,75,75,75,75,75,75,75,75,75,75,75,75,75,75,75,75,75,75,75,75,75,75,75,75,75,75,75,75,75,75,75,75,75,75,75,75],"card_choices":[{"not_picked":["hubris:PowerSurge","Go for the Eyes"],"picked":"Sweeping Beam","floor":1},{"not_picked":["ReplayGash","Compile Driver"],"picked":"Leap","floor":2},{"not_picked":["Redo","Force Field"],"picked":"Self Repair","floor":4},{"not_picked":["Consume","Beam Cell"],"picked":"Defragment","floor":5},{"not_picked":["Conserve Battery","Time Bomb"],"picked":"Thunder Strike","floor":7},{"not_picked":["Scrape","Undo","Sweeping Beam"],"picked":"SKIP","floor":8},{"not_picked":["Leap","Doom and Gloom","Compile Driver"],"picked":"SKIP","floor":11},{"not_picked":["Rebound","Force Field"],"picked":"Cold Snap","floor":14},{"not_picked":["ReplayTheSpireMod:Omega Cannon","ReplayRNGCard"],"picked":"Reboot","floor":16},{"not_picked":["Redo","Auto Shields"],"picked":"Sweeping Beam+1","floor":18},{"not_picked":["Rip and Tear","Barrage"],"picked":"Storm","floor":21},{"not_picked":["Panic Button","Steam+1"],"picked":"Coolheaded+1","floor":23},{"not_picked":["Steam","Streamline+1"],"picked":"BasicCrystalCard","floor":24},{"not_picked":["Streamline","Heatsinks"],"picked":"Loop","floor":30},{"not_picked":["Beam Cell","Sweeping Beam","Redo+1"],"picked":"SKIP","floor":31},{"not_picked":["ReplayRNGCard","hubris:SpecializedCircuitry"],"picked":"Creative AI","floor":33},{"not_picked":["Steam+1","White Noise","Panic Button+1"],"picked":"SKIP","floor":35},{"not_picked":["Sweeping Beam+1","Chaos","Redo+1"],"picked":"SKIP","floor":39},{"not_picked":["Self Repair+1","BootSequence"],"picked":"Coolheaded+1","floor":41},{"not_picked":["Gash+1","Streamline","Reprogram"],"picked":"SKIP","floor":45}],"player_experience":985804,"relics_obtained":[{"floor":4,"key":"Bottled Lightning"},{"floor":7,"key":"Tiny Chest"},{"floor":9,"key":"reliquary:TuningFork"},{"floor":15,"key":"Pen Nib"},{"floor":20,"key":"Mercury Hourglass"},{"floor":22,"key":"reliquary:LoveEmittingDiode"},{"floor":24,"key":"reliquary:JackalopeAntler"},{"floor":26,"key":"Golden Egg"},{"floor":30,"key":"Incense Burner"},{"floor":38,"key":"reliquary:Knoch"},{"floor":43,"key":"Iron Hammer"}],"event_choices":[{"damage_healed":0,"gold_gain":0,"player_choice":"Gave Potion","damage_taken":0,"relics_obtained":["reliquary:RoseTintedGlasses"],"max_hp_gain":0,"max_hp_loss":0,"event_name":"WeMeetAgain","floor":13,"gold_loss":0},{"damage_healed":0,"gold_gain":100,"player_choice":"Pray","damage_taken":0,"max_hp_gain":0,"max_hp_loss":0,"event_name":"Golden Shrine","floor":27,"gold_loss":0},{"cards_removed":["Strike_B"],"damage_healed":0,"gold_gain":0,"player_choice":"Purged","damage_taken":0,"max_hp_gain":0,"max_hp_loss":0,"event_name":"Purifier","floor":29,"gold_loss":0},{"damage_healed":0,"gold_gain":0,"player_choice":"Upgraded","damage_taken":0,"max_hp_gain":0,"max_hp_loss":0,"event_name":"Upgrade Shrine","floor":36,"gold_loss":0,"cards_upgraded":["Loop"]},{"damage_healed":0,"gold_gain":0,"player_choice":"Paid","damage_taken":0,"relics_obtained":["Red Mask"],"max_hp_gain":0,"max_hp_loss":0,"event_name":"Tomb of Lord Red Mask","floor":46,"gold_loss":47}],"is_beta":false,"boss_relics":[{"not_picked":["Snecko Heart","Replay:Wanted Poster"],"picked":"Velvet Choker"},{"not_picked":["Cursed Key","hubris:BlackHole"],"picked":"Coffee Dripper"}],"items_purged_floors":[3,19,37,44],"is_endless":false,"potions_floor_spawned":[1,2,8,16,21,31,33,39],"ascension_level":0}}