{"host":"v0dnu0zs4qo0v13s","time":1613941561,"event":{"mods":["BaseMod","Colored Map","Colored Powertips","Minty Spire (QoL Compilation)","Relic Stats","StSLib","SuperFastMode","everything is the same but u backflip on backflip"],"gold_per_floor":[119,44,56,73,87,87,87,120,172,197,209,238,250,281,293,406,418,410,442,454,477,489,501,529,541,553,565,565],"floor_reached":27,"language":"ENG","playtime":1309,"items_purged":["Strike_B"],"score":347,"play_id":"09bd8dd3-07e0-461e-9768-ec181ad0b06c","local_time":"20210221160601","is_ascension_mode":true,"campfire_choices":[{"data":"Loop","floor":6.0,"key":"SMITH"},{"data":"Zap","floor":11.0,"key":"SMITH"},{"floor":13.0,"key":"REST"},{"data":"Reinforced Body","floor":15.0,"key":"SMITH"},{"floor":23.0,"key":"REST"},{"floor":25.0,"key":"REST"}],"circlet_count":0,"master_deck":["AscendersBane","Strike_B","Strike_B","Defend_B","Defend_B","Zap+1","Dualcast","Ball Lightning","Reinforced Body+1","Loop+1","Auto Shields","Chill","BootSequence","Sweeping Beam","Seek","Undo","Melter","Recycle","Loop+1","Conserve Battery"],"relics":["Cracked Core","NeowsBlessing","StrikeDummy","MawBank","Empty Cage","Strawberry","The Courier"],"acts_visited":["Exordium","TheCity"],"potions_floor_usage":[],"damage_taken":[{"damage":0.0,"enemies":"Cultist","floor":1.0,"turns":1.0},{"damage":0.0,"enemies":"2 Louse","floor":3.0,"turns":1.0},{"damage":0.0,"enemies":"Jaw Worm","floor":4.0,"turns":1.0},{"damage":0.0,"enemies":"Lots of Slimes","floor":5.0,"turns":1.0},{"damage":18.0,"enemies":"3 Sentries","floor":8.0,"turns":6.0},{"damage":0.0,"enemies":"Large Slime","floor":10.0,"turns":4.0},{"damage":0.0,"enemies":"Exordium Wildlife","floor":12.0,"turns":4.0},{"damage":0.0,"enemies":"3 Louse","floor":14.0,"turns":4.0},{"damage":20.0,"enemies":"Hexaghost","floor":16.0,"turns":9.0},{"damage":23.0,"enemies":"2 Thieves","floor":18.0,"turns":4.0},{"damage":6.0,"enemies":"Spheric Guardian","floor":19.0,"turns":4.0},{"damage":23.0,"enemies":"Snake Plant","floor":21.0,"turns":5.0},{"damage":14.0,"enemies":"Centurion and Healer","floor":24.0,"turns":8.0},{"damage":56,"enemies":"Gremlin Leader","floor":27,"turns":8}],"seed_played":"4949054617474654533","potions_obtained":[{"floor":1.0,"key":"Dexterity Potion"},{"floor":4.0,"key":"AttackPotion"},{"floor":8.0,"key":"LiquidBronze"},{"floor":10.0,"key":"Block Potion"},{"floor":16.0,"key":"PotionOfCapacity"},{"floor":21.0,"key":"SteroidPotion"},{"floor":24.0,"key":"Ancient Potion"}],"is_trial":false,"path_per_floor":["M","$","M","M","M","R","?","E","T","M","R","M","R","M","R","B",null,"M","M","?","M","?","R","M","R","T","E"],"character_chosen":"DEFECT","items_purchased":[],"campfire_rested":3,"item_purchase_floors":[],"current_hp_per_floor":[68,68,68,68,68,68,61,43,43,43,43,43,65,65,65,45,68,45,39,46,23,23,47,33,57,57,1,1],"gold":565,"neow_bonus":"THREE_ENEMY_KILL","is_daily":false,"chose_seed":false,"campfire_upgraded":3,"win_rate":0.0,"timestamp":1613941561,"path_taken":["M","$","?","M","M","R","?","E","T","M","R","M","R","M","R","BOSS","M","M","?","?","?","R","M","R","T","E"],"items_purchased_type":[],"build_version":"2020-12-22","purchased_purges":1,"victory":false,"max_hp_per_floor":[75,75,75,75,75,75,75,75,75,75,75,75,75,75,75,75,75,75,75,82,82,82,82,82,82,82,82,82],"relic_stats":{"counters":[14,59],"MawBank":216,"obtain_stats":[{"NeowsBlessing":0,"Strawberry":20,"The Courier":26,"Cracked Core":0,"StrikeDummy":8,"MawBank":9,"Empty Cage":17},{"NeowsBlessing":0,"Strawberry":11,"The Courier":13,"Cracked Core":0,"StrikeDummy":5,"MawBank":5,"Empty Cage":9},{"NeowsBlessing":0,"Strawberry":38,"The Courier":51,"Cracked Core":0,"StrikeDummy":10,"MawBank":10,"Empty Cage":30}]},"card_choices":[{"not_picked":["Turbo","Steam"],"picked":"Ball Lightning","floor":1.0},{"not_picked":["Turbo","Leap"],"picked":"Reinforced Body","floor":3.0},{"not_picked":["Rebound","Redo"],"picked":"Loop","floor":4.0},{"not_picked":["Redo","Gash"],"picked":"Auto Shields","floor":5.0},{"not_picked":["Sweeping Beam","Gash"],"picked":"Chill","floor":8.0},{"not_picked":["Barrage","Hello World"],"picked":"BootSequence","floor":10.0},{"not_picked":["Reboot","Cold Snap"],"picked":"Sweeping Beam","floor":12.0},{"not_picked":["Go for the Eyes","Compile Driver","Sweeping Beam"],"picked":"SKIP","floor":14.0},{"not_picked":["Reboot","Fission"],"picked":"Seek","floor":16.0},{"not_picked":["Leap","Rebound"],"picked":"Undo","floor":18.0},{"not_picked":["Blizzard+1","Hello World"],"picked":"Melter","floor":19.0},{"not_picked":["Hologram","Compile Driver"],"picked":"Recycle","floor":21.0},{"not_picked":["Go for the Eyes","Redo"],"picked":"Conserve Battery","floor":24.0}],"player_experience":772279,"relics_obtained":[{"floor":8.0,"key":"StrikeDummy"},{"floor":9.0,"key":"MawBank"},{"floor":26.0,"key":"The Courier"}],"event_choices":[{"cards_removed":["Defend_B"],"damage_healed":0.0,"max_hp_gain":0.0,"max_hp_loss":0.0,"gold_gain":0.0,"event_name":"Golden Wing","player_choice":"Card Removal","floor":7.0,"gold_loss":0.0,"damage_taken":7.0},{"damage_healed":0.0,"max_hp_gain":0.0,"max_hp_loss":0.0,"gold_gain":0.0,"event_name":"WeMeetAgain","player_choice":"Gave Potion","floor":20.0,"gold_loss":0.0,"damage_taken":0.0,"relics_obtained":["Strawberry"]},{"damage_healed":0.0,"max_hp_gain":0.0,"max_hp_loss":0.0,"gold_gain":0.0,"event_name":"Duplicator","player_choice":"Copied","floor":22.0,"gold_loss":0.0,"damage_taken":0.0,"cards_obtained":["Loop"]}],"is_beta":false,"boss_relics":[{"not_picked":["Coffee Dripper","Philosopher\u0027s Stone"],"picked":"Empty Cage"}],"items_purged_floors":[2],"is_endless":false,"potions_floor_spawned":[1,4,8,10,16,21,24],"killed_by":"Gremlin Leader","ascension_level":12}}