{"host":"ju1b3c4x8n2jtjm7","time":1613932361,"event":{"mods":["AchievementEnabler","BaseMod","Colored Map","Colored Powertips","Highlight Path","Minty Spire (QoL Compilation)","Quick Restart","Rare Cards Sparkle","Relic Stats"],"gold_per_floor":[11,27,46,60,76,76,102,117,170,170,202,202,25,50,50,146,146,164,93,109,19,36,65,75,88,137,152,177,193,224,47,47,142,142,153,166,0,48,48,48,73,73,126,156,176,206,229,260,260,260,260,260,8,34,34],"floor_reached":56,"language":"ENG","playtime":5946,"items_purged":["Strike_P","SandsOfTime","Wallop","ForeignInfluence+1"],"score":2271,"play_id":"820c2243-c37d-4f02-8a96-de5e17791518","local_time":"20210221193241","is_ascension_mode":true,"campfire_choices":[{"data":"Eruption","floor":6.0,"key":"SMITH"},{"data":"Adaptation","floor":10.0,"key":"SMITH"},{"floor":15.0,"key":"REST"},{"data":"Scrawl","floor":32.0,"key":"SMITH"},{"floor":40.0,"key":"RECALL"},{"data":"Adaptation","floor":49.0,"key":"SMITH"},{"data":"SashWhip","floor":52.0,"key":"SMITH"}],"circlet_count":0,"master_deck":["AscendersBane","Eruption+1","Vigilance","SashWhip+1","FearNoEvil+1","Adaptation+1","Prostrate","Wireheading+1","Tantrum+1","Protect+1","MentalFortress","ClearTheMind+1","MentalFortress+1","Scrawl+1","Meditate+1","Adaptation+1","Adaptation+1","TalkToTheHand+1","Prostrate+1","TalkToTheHand+1"],"relics":["PureWater","White Beast Statue","War Paint","Sundial","Pandora\u0027s Box","Tiny Chest","Damaru","Akabeko","Darkstone Periapt","Astrolabe","Thread and Needle","Frozen Egg 2","Pen Nib","Gremlin Horn","Whetstone","CeramicFish","Kunai"],"acts_visited":["Exordium","TheCity","TheBeyond","TheEnding"],"potions_floor_usage":[55,55,55,55,55],"damage_taken":[{"damage":1.0,"enemies":"Cultist","floor":1.0,"turns":5.0},{"damage":9.0,"enemies":"2 Louse","floor":2.0,"turns":2.0},{"damage":2.0,"enemies":"Jaw Worm","floor":3.0,"turns":6.0},{"damage":11.0,"enemies":"3 Louse","floor":4.0,"turns":4.0},{"damage":0.0,"enemies":"Exordium Thugs","floor":5.0,"turns":4.0},{"damage":1.0,"enemies":"Lagavulin","floor":7.0,"turns":7.0},{"damage":5.0,"enemies":"Large Slime","floor":8.0,"turns":5.0},{"damage":2.0,"enemies":"3 Sentries","floor":11.0,"turns":9.0},{"damage":6.0,"enemies":"Gremlin Nob","floor":14.0,"turns":3.0},{"damage":0.0,"enemies":"Slime Boss","floor":16.0,"turns":5.0},{"damage":2.0,"enemies":"Spheric Guardian","floor":18.0,"turns":3.0},{"damage":4.0,"enemies":"3 Byrds","floor":20.0,"turns":4.0},{"damage":0.0,"enemies":"Cultist and Chosen","floor":22.0,"turns":4.0},{"damage":0.0,"enemies":"Gremlin Leader","floor":23.0,"turns":5.0},{"damage":0.0,"enemies":"Shelled Parasite and Fungi","floor":24.0,"turns":5.0},{"damage":6.0,"enemies":"Snake Plant","floor":25.0,"turns":2.0},{"damage":3.0,"enemies":"Cultist and Chosen","floor":27.0,"turns":4.0},{"damage":8.0,"enemies":"Slavers","floor":28.0,"turns":4.0},{"damage":4.0,"enemies":"Centurion and Healer","floor":29.0,"turns":5.0},{"damage":3.0,"enemies":"Book of Stabbing","floor":30.0,"turns":4.0},{"damage":2.0,"enemies":"Champ","floor":33.0,"turns":7.0},{"damage":17.0,"enemies":"3 Darklings","floor":35.0,"turns":4.0},{"damage":0.0,"enemies":"Orb Walker","floor":36.0,"turns":2.0},{"damage":0.0,"enemies":"2 Orb Walkers","floor":38.0,"turns":2.0},{"damage":0.0,"enemies":"Nemesis","floor":41.0,"turns":6.0},{"damage":0.0,"enemies":"Giant Head","floor":44.0,"turns":4.0},{"damage":19.0,"enemies":"Writhing Mass","floor":45.0,"turns":2.0},{"damage":0.0,"enemies":"Reptomancer","floor":46.0,"turns":2.0},{"damage":1.0,"enemies":"Nemesis","floor":48.0,"turns":3.0},{"damage":0.0,"enemies":"Awakened One","floor":50.0,"turns":3.0},{"damage":14,"enemies":"Shield and Spear","floor":54,"turns":3},{"damage":0,"enemies":"The Heart","floor":55,"turns":6}],"seed_played":"-7921171381608106732","potions_obtained":[{"floor":1.0,"key":"Dexterity Potion"},{"floor":2.0,"key":"GamblersBrew"},{"floor":5.0,"key":"GamblersBrew"},{"floor":8.0,"key":"Explosive Potion"},{"floor":11.0,"key":"Fruit Juice"},{"floor":14.0,"key":"SteroidPotion"},{"floor":16.0,"key":"DuplicationPotion"},{"floor":18.0,"key":"StancePotion"},{"floor":22.0,"key":"SteroidPotion"},{"floor":25.0,"key":"AttackPotion"},{"floor":27.0,"key":"Strength Potion"},{"floor":28.0,"key":"GamblersBrew"},{"floor":29.0,"key":"PowerPotion"},{"floor":33.0,"key":"DistilledChaos"},{"floor":35.0,"key":"SteroidPotion"},{"floor":36.0,"key":"BlessingOfTheForge"},{"floor":38.0,"key":"DistilledChaos"},{"floor":41.0,"key":"SkillPotion"},{"floor":45.0,"key":"Regen Potion"},{"floor":46.0,"key":"Dexterity Potion"},{"floor":48.0,"key":"SkillPotion"}],"is_trial":false,"path_per_floor":["M","M","M","M","M","R","E","M","T","R","E","?","$","E","R","B",null,"M","$","M","?","M","E","M","M","T","M","E","M","E","$","R","B",null,"M","M","$","?","$","R","E","?","T","E","M","E","T","E","R","B",null,"R","$","E","B",null],"character_chosen":"WATCHER","items_purchased":["EntropicBrew","Tantrum","Scrawl","Adaptation","EntropicBrew"],"campfire_rested":1,"item_purchase_floors":[13,19,31,37,53],"current_hp_per_floor":[64,55,53,42,42,42,41,36,36,36,34,27,32,26,49,49,70,68,68,64,64,64,64,64,58,58,55,47,43,40,40,40,38,67,50,50,50,50,50,50,50,50,50,50,31,31,31,39,39,39,68,68,68,54,54],"gold":34,"neow_bonus":"REMOVE_TWO","is_daily":false,"chose_seed":false,"campfire_upgraded":5,"win_rate":0.0,"timestamp":1613932361,"path_taken":["M","?","M","M","M","R","E","M","T","R","E","?","$","E","R","BOSS","M","$","M","?","M","E","M","?","T","M","E","M","E","$","R","BOSS","M","M","$","?","$","R","E","?","T","E","M","E","?","E","R","BOSS","R","$","E","BOSS"],"items_purchased_type":["Potion","Card","Card","Card","Potion"],"build_version":"2020-12-22","purchased_purges":4,"victory":true,"max_hp_per_floor":[72,72,72,72,72,72,72,72,72,72,72,72,77,77,77,77,77,77,77,77,77,77,77,77,77,77,77,77,77,77,77,77,77,77,77,77,77,77,77,77,77,77,77,77,77,77,77,77,77,77,77,77,77,77,77],"relic_stats":{"Darkstone Periapt":0,"Gremlin Horn":[4,4],"counters":[32,134],"Astrolabe":["ForeignInfluence","Meditate","Adaptation"],"CeramicFish":0,"Pen Nib":[16],"Whetstone":["FearNoEvil","Tantrum"],"War Paint":["Defend_P","Defend_P"],"Sundial":[78],"Pandora\u0027s Box":["Prostrate","Devotion","Wireheading","SandsOfTime"],"Tiny Chest":1,"Kunai":[12],"obtain_stats":[{"Darkstone Periapt":30,"Gremlin Horn":46,"Astrolabe":34,"CeramicFish":48,"Damaru":26,"Thread and Needle":38,"Pen Nib":44,"Whetstone":47,"War Paint":9,"Frozen Egg 2":41,"White Beast Statue":7,"Akabeko":28,"Sundial":11,"Pandora\u0027s Box":17,"Tiny Chest":23,"Kunai":54,"PureWater":0},{"Darkstone Periapt":20,"Gremlin Horn":28,"Astrolabe":21,"CeramicFish":29,"Damaru":16,"Thread and Needle":24,"Pen Nib":26,"Whetstone":28,"War Paint":7,"Frozen Egg 2":25,"White Beast Statue":6,"Akabeko":18,"Sundial":8,"Pandora\u0027s Box":10,"Tiny Chest":14,"Kunai":31,"PureWater":0},{"Darkstone Periapt":90,"Gremlin Horn":119,"Astrolabe":97,"CeramicFish":122,"Damaru":73,"Thread and Needle":105,"Pen Nib":115,"Whetstone":119,"War Paint":33,"Frozen Egg 2":111,"White Beast Statue":28,"Akabeko":81,"Sundial":42,"Pandora\u0027s Box":50,"Tiny Chest":66,"Kunai":128,"PureWater":0}]},"card_choices":[{"not_picked":["ReachHeaven","Prostrate"],"picked":"LikeWater","floor":1.0},{"not_picked":["WindmillStrike","JustLucky","Evaluate"],"picked":"SKIP","floor":2.0},{"not_picked":["CutThroughFate","Establishment"],"picked":"SashWhip","floor":3.0},{"not_picked":["ThirdEye","Weave"],"picked":"Wallop","floor":4.0},{"not_picked":["BowlingBash","PathToVictory"],"picked":"FearNoEvil","floor":5.0},{"not_picked":["Conclude","Worship","CutThroughFate"],"picked":"SKIP","floor":7.0},{"not_picked":["Consecrate","FollowUp"],"picked":"Adaptation","floor":8.0},{"not_picked":["InnerPeace","DeceiveReality","Meditate"],"picked":"SKIP","floor":11.0},{"not_picked":["Fasting2","Devotion","LikeWater"],"picked":"SKIP","floor":14.0},{"not_picked":["Establishment","ConjureBlade"],"picked":"DeusExMachina","floor":16.0},{"not_picked":["Halt","Meditate"],"picked":"LikeWater","floor":18.0},{"not_picked":["Crescendo","Halt+1","BowlingBash+1"],"picked":"SKIP","floor":20.0},{"not_picked":["Study","Weave+1"],"picked":"Protect+1","floor":22.0},{"not_picked":["ThirdEye+1","Pray","WheelKick+1"],"picked":"SKIP","floor":23.0},{"not_picked":["DeceiveReality","WaveOfTheHand+1"],"picked":"MentalFortress","floor":24.0},{"not_picked":["Consecrate","CarveReality"],"picked":"ClearTheMind+1","floor":25.0},{"not_picked":["ThirdEye","Sanctity+1","FlyingSleeves+1"],"picked":"SKIP","floor":27.0},{"not_picked":["Ragnarok","SignatureMove+1","Evaluate"],"picked":"SKIP","floor":28.0},{"not_picked":["ThirdEye+1","Nirvana"],"picked":"MentalFortress+1","floor":29.0},{"not_picked":["SashWhip","Halt","Meditate+1"],"picked":"SKIP","floor":30.0},{"not_picked":["Protect","Halt+1","WaveOfTheHand"],"picked":"SKIP","floor":35.0},{"not_picked":["CrushJoints+1","Wireheading","JustLucky"],"picked":"SKIP","floor":36.0},{"not_picked":["Wireheading+1","CrushJoints+1"],"picked":"TalkToTheHand+1","floor":38.0},{"not_picked":["Fasting2+1","Weave+1"],"picked":"Prostrate+1","floor":41.0},{"not_picked":["SashWhip","Weave+1","ThirdEye+1"],"picked":"SKIP","floor":44.0},{"not_picked":["Tantrum","LikeWater+1","ThirdEye+1"],"picked":"SKIP","floor":45.0},{"not_picked":["Conclude+1","Worship","Alpha"],"picked":"SKIP","floor":46.0},{"not_picked":["CutThroughFate","TalkToTheHand","CrushJoints"],"picked":"SKIP","floor":48.0},{"not_picked":["SandsOfTime+1","FlurryOfBlows","Prostrate+1"],"picked":"SKIP","floor":54}],"player_experience":454580,"relics_obtained":[{"floor":7.0,"key":"White Beast Statue"},{"floor":9.0,"key":"War Paint"},{"floor":11.0,"key":"Sundial"},{"floor":23.0,"key":"Tiny Chest"},{"floor":26.0,"key":"Damaru"},{"floor":28.0,"key":"Akabeko"},{"floor":30.0,"key":"Darkstone Periapt"},{"floor":38.0,"key":"Thread and Needle"},{"floor":41.0,"key":"Frozen Egg 2"},{"floor":44.0,"key":"Pen Nib"},{"floor":46.0,"key":"Gremlin Horn"},{"floor":47.0,"key":"Whetstone"},{"floor":48.0,"key":"CeramicFish"},{"floor":54,"key":"Kunai"}],"event_choices":[{"cards_removed":["Defend_P"],"damage_healed":0.0,"max_hp_gain":0.0,"max_hp_loss":0.0,"gold_gain":0.0,"event_name":"Golden Wing","player_choice":"Card Removal","floor":12.0,"gold_loss":0.0,"damage_taken":7.0},{"cards_removed":["Devotion"],"damage_healed":0.0,"max_hp_gain":0.0,"max_hp_loss":0.0,"gold_gain":0.0,"event_name":"Designer","player_choice":"Upgrade and Remove","floor":21.0,"gold_loss":90.0,"damage_taken":0.0,"cards_upgraded":["Wireheading"]},{"damage_healed":0.0,"max_hp_gain":0.0,"max_hp_loss":0.0,"gold_gain":0.0,"event_name":"Mysterious Sphere","player_choice":"Fight","floor":38.0,"gold_loss":0.0,"damage_taken":0.0},{"damage_healed":0.0,"max_hp_gain":0.0,"max_hp_loss":0.0,"gold_gain":0.0,"event_name":"Duplicator","player_choice":"Copied","floor":42.0,"gold_loss":0.0,"damage_taken":0.0,"cards_obtained":["TalkToTheHand"]}],"is_beta":false,"boss_relics":[{"not_picked":["Calling Bell","Runic Dome"],"picked":"Pandora\u0027s Box"},{"not_picked":["Snecko Eye","Sozu"],"picked":"Astrolabe"}],"items_purged_floors":[13,31,37,53],"is_endless":false,"potions_floor_spawned":[1,2,5,8,11,14,16,18,20,22,23,24,25,27,28,29,30,33,35,36,38,41,44,45,46,48,54],"ascension_level":10}}