{"host":"ppqll9nf92xyjrj9","time":1613871722,"event":{"mods":["Act Like it!","Arknights","BaseMod","Bestiary","Better Third Choice","Bossed Relics","Curses Come First","Ekko","Evolution","Hermit","Jorbs\u0027s Wanderer Trilogy","Keyboard Shortcuts","Marked Mod","Minty Spire (QoL Compilation)","Relic Stats","Shapeshifter Mod","Spicy Shops","StS++","StSLib","The Marked","The Runesmith","Weighted Paths","【遗物卡牌】REMEMod"],"gold_per_floor":[113,113,129,149,166,201,217,227,277,304,304,320,320,26,26,130,130,145,130,140,158,158,158,4,4,4,4,4,4,33,49,49,150,150,163,176,226,226,243,243,258,310,363,381,412,412,412],"floor_reached":46,"language":"ENG","playtime":3907,"items_purged":[],"score":484,"play_id":"721799d0-c5d1-4d79-b80e-8b989e6a74ae","local_time":"20210220174202","is_ascension_mode":false,"campfire_choices":[{"data":"StSShapeShifter:Synchronicity","floor":11,"key":"SMITH"},{"data":"StSShapeShifter:BarkSkin","floor":15,"key":"SMITH"},{"floor":23,"key":"REST"},{"data":"StSShapeShifter:Summer","floor":25,"key":"SMITH"},{"data":"StSShapeShifter:Sapling","floor":27,"key":"SMITH"},{"floor":32,"key":"REST"},{"data":"StSShapeShifter:WolfsBane","floor":40,"key":"SMITH"}],"circlet_count":0,"master_deck":["StSShapeShifter:SunflowerShuriken","StSShapeShifter:ShapeShifter_Strike+1","StSShapeShifter:ShapeShifter_Strike+1","StSShapeShifter:ShapeShifter_Strike+1","StSShapeShifter:ShapeShifter_Strike+1","StSShapeShifter:ShapeShifter_Defend+1","StSShapeShifter:ShapeShifter_Defend+1","StSShapeShifter:ShapeShifter_Defend+1","StSShapeShifter:ShapeShifter_Defend+1","StSShapeShifter:ShapeShifter_Defend+1","StSShapeShifter:Tortoise_Form+1","StSShapeShifter:OakBlade","StSShapeShifter:ThornToss","StSShapeShifter:Sapling+1","StSShapeShifter:Synchronicity+1","StSShapeShifter:Bonk","StSShapeShifter:BurstingSpore","StSShapeShifter:BarkSkin+1","StSShapeShifter:Summer+1","CurseOfTheBell","StSShapeShifter:GoldenBerries","StSShapeShifter:AdaptiveStrikes+1","StSShapeShifter:Guard","StSShapeShifter:BurstingSpore+1","StSShapeShifter:RockSlide+1","StSShapeShifter:WolfsBane+1","StSShapeShifter:RaptorForm+1","StSShapeShifter:Sapling+1","StSShapeShifter:FesteringBite+1","StSShapeShifter:IntimidatingAura+1","StSShapeShifter:Efflorescence"],"relics":["StSShapeShifter:AnimalHeart","StSShapeShifter:TheShapeShiftersMagnolia","EVO:Axolotl","REME_ComplimentaryCards","NeowsBlessing","Lantern","Tiny Chest","Blood Vial","Torii","Calling Bell","REME_HourglassOfDeath","Oddly Smooth Stone","Peace Pipe","Membership Card","Molten Egg 2","StSpp:WoodenPendulum","Pear","SlaversCollar","Bird Faced Urn","Nunchaku","StSShapeShifter:AlarmClock","Smiling Mask","Orichalcum"],"acts_visited":["Exordium","TheCity","TheBeyond"],"potions_floor_usage":[10,30,44,45,45],"damage_taken":[{"damage":0,"enemies":"2 Louse","floor":1,"turns":1},{"damage":0,"enemies":"Cultist","floor":3,"turns":1},{"damage":0,"enemies":"Small Slimes","floor":4,"turns":1},{"damage":0,"enemies":"Gremlin Gang","floor":5,"turns":3},{"damage":10,"enemies":"Gremlin Nob","floor":6,"turns":3},{"damage":0,"enemies":"2 Fungi Beasts","floor":7,"turns":2},{"damage":3,"enemies":"3 Louse","floor":8,"turns":4},{"damage":28,"enemies":"Lagavulin","floor":10,"turns":7},{"damage":4,"enemies":"Exordium Wildlife","floor":12,"turns":3},{"damage":27,"enemies":"The Guardian","floor":16,"turns":15},{"damage":34,"enemies":"Shell Parasite","floor":18,"turns":8},{"damage":6,"enemies":"2 Thieves","floor":19,"turns":4},{"damage":34,"enemies":"Shelled Parasite and Fungi","floor":20,"turns":7},{"damage":19,"enemies":"Cultist and Chosen","floor":21,"turns":8},{"damage":8,"enemies":"Slavers","floor":30,"turns":7},{"damage":2,"enemies":"Centurion and Healer","floor":31,"turns":10},{"damage":39,"enemies":"Automaton","floor":33,"turns":15},{"damage":16,"enemies":"3 Darklings","floor":35,"turns":6},{"damage":25,"enemies":"Orb Walker","floor":36,"turns":4},{"damage":0,"enemies":"Mind Bloom Boss Battle","floor":37,"turns":7},{"damage":12,"enemies":"4 Shapes","floor":39,"turns":8},{"damage":16,"enemies":"Maw","floor":41,"turns":8},{"damage":72,"enemies":"2 Orb Walkers","floor":42,"turns":6},{"damage":47,"enemies":"Transient","floor":44,"turns":5},{"damage":19,"enemies":"Giant Head","floor":45,"turns":6},{"damage":26,"enemies":"Writhing Mass","floor":46,"turns":3}],"seed_played":"2108520290781529327","potions_obtained":[{"floor":4,"key":"Weak Potion"},{"floor":5,"key":"PowerPotion"},{"floor":6,"key":"StSpp:SecondWindPotion"},{"floor":12,"key":"Ancient Potion"},{"floor":18,"key":"StSpp:ScatteredPotion"},{"floor":20,"key":"Energy Potion"},{"floor":33,"key":"CultistPotion"},{"floor":41,"key":"FairyPotion"},{"floor":44,"key":"SneckoOil"},{"floor":45,"key":"Explosive Potion"}],"is_trial":false,"path_per_floor":["M","?","M","M","M","E","M","M","T","E","R","M","?","$","R","B",null,"M","M","M","M","?","R","$","R","T","R","T","?","E","M","R","B",null,"M","M","?","T","M","R","M","?","T","M","E","M"],"character_chosen":"SHAPESHIFTER","items_purchased":["Torii","Membership Card"],"campfire_rested":2,"item_purchase_floors":[14,24],"current_hp_per_floor":[78,78,78,78,78,68,68,65,65,37,37,35,35,35,35,10,78,44,45,18,7,7,30,30,30,30,30,30,30,40,46,72,41,88,78,58,66,66,68,68,66,8,8,15,9,0,0],"gold":412,"neow_bonus":"THREE_ENEMY_KILL","is_daily":false,"chose_seed":false,"campfire_upgraded":5,"win_rate":0.0,"timestamp":1613871722,"path_taken":["M","?","M","?","M","E","M","M","T","E","R","M","?","$","R","BOSS","M","?","M","M","?","R","$","R","T","R","?","?","E","?","R","BOSS","M","M","?","?","M","R","?","?","T","M","E","M"],"items_purchased_type":["Relic","Relic"],"build_version":"2020-12-22","purchased_purges":0,"victory":false,"max_hp_per_floor":[78,78,78,78,78,78,78,78,78,78,78,78,78,78,78,78,78,78,78,78,78,78,78,78,78,78,78,78,78,88,88,88,88,88,88,88,88,88,88,88,88,88,88,88,88,88,88],"relic_stats":{"Blood Vial":32,"Peace Pipe":0,"Nunchaku":[6],"Torii":38,"counters":[26,151],"Bird Faced Urn":[34],"Tiny Chest":2,"Orichalcum":[6],"Smiling Mask":0,"obtain_stats":[{"StSShapeShifter:TheShapeShiftersMagnolia":0,"Lantern":6,"StSShapeShifter:AnimalHeart":0,"Pear":30,"NeowsBlessing":0,"Torii":14,"Oddly Smooth Stone":17,"StSpp:WoodenPendulum":28,"EVO:Axolotl":0,"Orichalcum":45,"Smiling Mask":43,"Blood Vial":10,"Calling Bell":17,"Peace Pipe":17,"SlaversCollar":34,"Nunchaku":38,"REME_HourglassOfDeath":17,"Bird Faced Urn":37,"Tiny Chest":9,"Molten Egg 2":26,"Membership Card":24,"StSShapeShifter:AlarmClock":42,"REME_ComplimentaryCards":0},{"StSShapeShifter:TheShapeShiftersMagnolia":0,"Lantern":5,"StSShapeShifter:AnimalHeart":0,"Pear":15,"NeowsBlessing":0,"Torii":9,"Oddly Smooth Stone":10,"StSpp:WoodenPendulum":14,"EVO:Axolotl":0,"Orichalcum":25,"Smiling Mask":23,"Blood Vial":8,"Calling Bell":10,"Peace Pipe":10,"SlaversCollar":17,"Nunchaku":20,"REME_HourglassOfDeath":10,"Bird Faced Urn":20,"Tiny Chest":7,"Molten Egg 2":14,"Membership Card":14,"StSShapeShifter:AlarmClock":23,"REME_ComplimentaryCards":0},{"StSShapeShifter:TheShapeShiftersMagnolia":0,"Lantern":9,"StSShapeShifter:AnimalHeart":0,"Pear":74,"NeowsBlessing":0,"Torii":25,"Oddly Smooth Stone":40,"StSpp:WoodenPendulum":67,"EVO:Axolotl":0,"Orichalcum":148,"Smiling Mask":137,"Blood Vial":22,"Calling Bell":40,"Peace Pipe":40,"SlaversCollar":99,"Nunchaku":115,"REME_HourglassOfDeath":40,"Bird Faced Urn":115,"Tiny Chest":15,"Molten Egg 2":67,"Membership Card":67,"StSShapeShifter:AlarmClock":137,"REME_ComplimentaryCards":0}]},"card_choices":[{"not_picked":["StSShapeShifter:WaspSwarmForm","StSShapeShifter:RatForm"],"picked":"StSShapeShifter:OakBlade","floor":1},{"not_picked":["StSShapeShifter:WaspSwarmForm","StSShapeShifter:Maul","StSShapeShifter:BaskInBloom"],"picked":"SKIP","floor":3},{"not_picked":["StSShapeShifter:DragonForm","StSShapeShifter:BladeOfGrass"],"picked":"StSShapeShifter:ThornToss","floor":4},{"not_picked":["StSShapeShifter:Roar","StSShapeShifter:SquirrelForm","StSShapeShifter:MonkeyForm"],"picked":"SKIP","floor":5},{"not_picked":["StSShapeShifter:SquirrelForm","StSShapeShifter:PoisonIvy"],"picked":"StSShapeShifter:Sapling","floor":6},{"not_picked":["StSShapeShifter:DeerForm","StSShapeShifter:AdaptiveStrikes","StSShapeShifter:FesteringBite"],"picked":"SKIP","floor":7},{"not_picked":["StSShapeShifter:BulwarkOfDiscovery","StSShapeShifter:BladeOfGrass"],"picked":"StSShapeShifter:Synchronicity","floor":8},{"not_picked":["StSShapeShifter:Roar","StSShapeShifter:OwlForm"],"picked":"StSShapeShifter:BurstingSpore","floor":10},{"not_picked":["StSShapeShifter:FesteringBite","StSShapeShifter:SunflowerShuriken"],"picked":"StSShapeShifter:BarkSkin","floor":12},{"not_picked":["StSShapeShifter:Pounce","StSShapeShifter:LionForm"],"picked":"StSShapeShifter:Summer","floor":16},{"not_picked":["StSShapeShifter:DeerForm","StSShapeShifter:WaspSwarmForm"],"picked":"StSShapeShifter:GoldenBerries","floor":18},{"not_picked":["StSShapeShifter:IntimidatingAura","StSShapeShifter:OakBlade+1"],"picked":"StSShapeShifter:AdaptiveStrikes+1","floor":19},{"not_picked":["StSShapeShifter:RhinoCalfForm","StSShapeShifter:GoldenBerries+1"],"picked":"StSShapeShifter:Guard","floor":20},{"not_picked":["StSShapeShifter:Rest","StSShapeShifter:LeapingSlash+1","StSShapeShifter:Roar"],"picked":"SKIP","floor":21},{"not_picked":["StSShapeShifter:OpportuneSwoop+1","StSShapeShifter:ForestFire","StSShapeShifter:ThornToss+1","StSShapeShifter:AdaptiveStrikes+1"],"picked":"StSShapeShifter:BurstingSpore+1","floor":30},{"not_picked":["StSShapeShifter:PoisonIvy","StSShapeShifter:HummingbirdForm","StSShapeShifter:BurrBomb","StSShapeShifter:ReplenishingNectar+1"],"picked":"StSShapeShifter:RockSlide+1","floor":31},{"not_picked":["StSShapeShifter:Vengeance+1","StSShapeShifter:Summon_Mountains","StSShapeShifter:Flood","StSShapeShifter:Winter"],"picked":"StSShapeShifter:WolfsBane","floor":33},{"not_picked":["StSShapeShifter:BladeOfGrass+1","StSShapeShifter:ReplenishingNectar+1","StSShapeShifter:AdaptiveStrikes+1","StSShapeShifter:OakBlade+1"],"picked":"StSShapeShifter:RaptorForm+1","floor":35},{"not_picked":["StSShapeShifter:FallingLeaves","StSShapeShifter:FoxForm+1","StSShapeShifter:Rabid+1","StSShapeShifter:FruitBasket+1","StSShapeShifter:ReplenishingNectar+1"],"picked":"SKIP","floor":36},{"not_picked":["StSShapeShifter:Summon_Mountains","StSShapeShifter:Flourish+1","StSShapeShifter:FlowerShield","StSShapeShifter:BladeOfGrass+1"],"picked":"StSShapeShifter:Sapling+1","floor":37},{"not_picked":["StSShapeShifter:DeepWound+1","StSShapeShifter:BladeOfGrass+1","StSShapeShifter:OakBlade+1","StSShapeShifter:VineHandcuffs"],"picked":"StSShapeShifter:FesteringBite+1","floor":39},{"not_picked":["StSShapeShifter:Roar","StSShapeShifter:ForestFire+1","StSShapeShifter:Rest+1","StSShapeShifter:HippoForm+1","StSShapeShifter:SunflowerShuriken+1"],"picked":"SKIP","floor":41},{"not_picked":["StSShapeShifter:FlowerShield","StSShapeShifter:PhoenixForm","StSShapeShifter:RockSlide+1","StSShapeShifter:Maul+1"],"picked":"StSShapeShifter:IntimidatingAura+1","floor":42},{"not_picked":["StSShapeShifter:MonkeyForm+1","StSShapeShifter:Maul+1","StSShapeShifter:RockSlide+1","StSShapeShifter:SquirrelForm+1","StSShapeShifter:SunflowerShuriken+1"],"picked":"SKIP","floor":44},{"not_picked":["StSShapeShifter:Tornado","StSShapeShifter:Rest+1","StSShapeShifter:CursedApple+1","StSShapeShifter:FlowerShield"],"picked":"StSShapeShifter:Efflorescence","floor":45}],"player_experience":142008,"relics_obtained":[{"floor":6,"key":"Lantern"},{"floor":9,"key":"Tiny Chest"},{"floor":10,"key":"Blood Vial"},{"floor":17,"key":"REME_HourglassOfDeath"},{"floor":17,"key":"Oddly Smooth Stone"},{"floor":17,"key":"Peace Pipe"},{"floor":26,"key":"Molten Egg 2"},{"floor":28,"key":"StSpp:WoodenPendulum"},{"floor":30,"key":"Pear"},{"floor":37,"key":"Bird Faced Urn"},{"floor":38,"key":"Nunchaku"},{"floor":42,"key":"StSShapeShifter:AlarmClock"},{"floor":43,"key":"Smiling Mask"},{"floor":45,"key":"Orichalcum"}],"event_choices":[{"damage_healed":0,"gold_gain":0,"player_choice":"Cursed","damage_taken":0,"max_hp_gain":0,"max_hp_loss":0,"event_name":"Wheel of Change","floor":2,"gold_loss":0,"cards_obtained":["Decay"]},{"cards_removed":["Decay"],"damage_healed":0,"gold_gain":0,"player_choice":"Removed Curses","damage_taken":0,"max_hp_gain":0,"max_hp_loss":0,"event_name":"Fountain of Cleansing","floor":13,"gold_loss":0},{"damage_healed":0,"gold_gain":0,"player_choice":"Simplicity","damage_taken":0,"max_hp_gain":0,"max_hp_loss":9,"event_name":"betterThird:BetterWriting","floor":29,"gold_loss":0},{"damage_healed":0,"gold_gain":0,"player_choice":"Fight","damage_taken":0,"max_hp_gain":0,"max_hp_loss":0,"event_name":"MindBloom","floor":37,"gold_loss":0},{"damage_healed":0,"gold_gain":0,"player_choice":"Fight","damage_taken":0,"max_hp_gain":0,"max_hp_loss":0,"event_name":"Mysterious Sphere","floor":42,"gold_loss":0}],"is_beta":false,"boss_relics":[{"not_picked":["StSpp:PileOfSugar","Empty Cage"],"picked":"Calling Bell"},{"not_picked":["StSpp:FireArrow","Snecko Eye"],"picked":"SlaversCollar"}],"items_purged_floors":[],"is_endless":false,"potions_floor_spawned":[4,5,6,12,18,20,33,36,41,44,45],"killed_by":"Writhing Mass","ascension_level":0}}