{"host":"21o28mgl9u9ntir2","time":1613926379,"event":{"mods":["BaseMod","BetterRewards","Colored Powertips","Minty Spire (QoL Compilation)","Quick Restart","Remove Card Discount Mod","SOS（斯巴达之子）","Spicy Shops","StSLib","SuperFastMode","[IsaacMod]以撒尖塔","【遗物卡牌】REMEMod","残留之物"],"gold_per_floor":[124,135,135,154,78,78,126,137,137,159,170,170,184,204,204,302,302,328,98,174,174,184,209,209,236,304,320,352,359,374,408,408,503,503,519,534,295,375,385,411,411,426,502,518,535,173,191,217,217,217,217,217,85,111,111],"floor_reached":56,"language":"ZHS","playtime":1429,"items_purged":["PlaceholderMod:BaseStrike","PlaceholderMod:BaseStrike","PlaceholderMod:BaseStrike","PlaceholderMod:BaseDefend","PlaceholderMod:BaseDefend","PlaceholderMod:PoisonWhip","PlaceholderMod:BaseStrike","PlaceholderMod:BaseDefend","PlaceholderMod:Crystal","PlaceholderMod:BaseStrike","PlaceholderMod:BaseDefend","PlaceholderMod:MultipleOxi+1","PlaceholderMod:BaseDefend","PlaceholderMod:HardStinger"],"score":2478,"play_id":"d79056e1-9e5a-40fa-abbc-cb073e2e83c4","local_time":"20210222005259","is_ascension_mode":true,"campfire_choices":[{"data":"Sadistic Nature","floor":6.0,"key":"SMITH"},{"data":"PlaceholderMod:PoisonAbsorb","floor":12.0,"key":"SMITH"},{"floor":15.0,"key":"REST"},{"data":"PlaceholderMod:DiffusionPoison","floor":24.0,"key":"SMITH"},{"floor":32.0,"key":"RECALL"},{"data":"PlaceholderMod:CorePoison","floor":41.0,"key":"SMITH"},{"data":"PlaceholderMod:DirectingGroup","floor":49,"key":"SMITH"},{"data":"PlaceholderMod:DirectingGroup","floor":52,"key":"SMITH"}],"circlet_count":0,"master_deck":["PlaceholderMod:PoisonAbsorb+1","Sadistic Nature+1","PlaceholderMod:DirectingGroup+1","PlaceholderMod:DirectingGroup+1","PlaceholderMod:DiffusionPoison+1","PlaceholderMod:CorePoison+1","PlaceholderMod:PoisonExcitation+1"],"relics":["PlaceholderMod:Tancle","HushsDoor","REME_ComplimentaryCards","GuppysHead","REME_HourglassOfDeath","Gremlin Horn","Thread and Needle","Orrery","SteamSale","Tiny Chest","SalivaCoin","BookofShadows","Sling","Matryoshka","DeadEye","Omamori","PlaceholderMod:LiveLive","GuppysHairball","GuppysTail","BFFS","Sundial","Mummified Hand","REME_LimitBreaker","Potion Belt","Pear","Question Card","Regal Pillow","GnawedLeaf","Cursed Key","Singing Bowl","PlaceholderMod:Abhoth","Oddly Smooth Stone","PlaceholderMod:SoulofChaos","UnicornStump","Bottled Tornado","TungstenRod","Ancient Tea Set","Habit","PlaceholderMod:DaolothFragment","Blue Candle"],"acts_visited":["Exordium","TheCity","TheBeyond","TheEnding"],"potions_floor_usage":[55,55,55],"damage_taken":[{"damage":0.0,"enemies":"Jaw Worm","floor":1.0,"turns":3.0},{"damage":0.0,"enemies":"Small Slimes","floor":2.0,"turns":2.0},{"damage":0.0,"enemies":"Cultist","floor":4.0,"turns":2.0},{"damage":8.0,"enemies":"Lagavulin","floor":7.0,"turns":5.0},{"damage":0.0,"enemies":"Gremlin Gang","floor":8.0,"turns":1.0},{"damage":3.0,"enemies":"Exordium Wildlife","floor":10.0,"turns":2.0},{"damage":0.0,"enemies":"Looter","floor":11.0,"turns":2.0},{"damage":0.0,"enemies":"3 Louse","floor":13.0,"turns":2.0},{"damage":1.0,"enemies":"Lots of Slimes","floor":14.0,"turns":2.0},{"damage":0.0,"enemies":"Slime Boss","floor":16.0,"turns":6.0},{"damage":7.0,"enemies":"Shell Parasite","floor":18.0,"turns":3.0},{"damage":0.0,"enemies":"3 Byrds","floor":22.0,"turns":1.0},{"damage":0.0,"enemies":"Slavers","floor":23.0,"turns":2.0},{"damage":0.0,"enemies":"Book of Stabbing","floor":25.0,"turns":2.0},{"damage":0.0,"enemies":"Shelled Parasite and Fungi","floor":27.0,"turns":1.0},{"damage":0.0,"enemies":"REME_1_Revenger","floor":28.0,"turns":2.0},{"damage":0.0,"enemies":"Chosen and Byrds","floor":30.0,"turns":1.0},{"damage":0.0,"enemies":"Slavers","floor":31.0,"turns":2.0},{"damage":0.0,"enemies":"Automaton","floor":33.0,"turns":2.0},{"damage":0.0,"enemies":"Orb Walker","floor":35.0,"turns":1.0},{"damage":0.0,"enemies":"3 Shapes","floor":36.0,"turns":1.0},{"damage":0.0,"enemies":"3 Darklings","floor":39.0,"turns":2.0},{"damage":0.0,"enemies":"Giant Head","floor":40.0,"turns":2.0},{"damage":0.0,"enemies":"Maw","floor":42.0,"turns":2.0},{"damage":0.0,"enemies":"Writhing Mass","floor":44.0,"turns":1.0},{"damage":0.0,"enemies":"Transient","floor":45.0,"turns":3.0},{"damage":0.0,"enemies":"Jaw Worm Horde","floor":47.0,"turns":1.0},{"damage":0.0,"enemies":"Reptomancer","floor":48.0,"turns":1.0},{"damage":0,"enemies":"Awakened One","floor":50,"turns":3},{"damage":0,"enemies":"Shield and Spear","floor":54,"turns":1},{"damage":0,"enemies":"LittleHush","floor":55,"turns":10}],"seed_played":"886025353337084005","potions_obtained":[{"floor":1.0,"key":"DistilledChaos"},{"floor":11.0,"key":"Block Potion"},{"floor":14.0,"key":"GamblersBrew"},{"floor":23.0,"key":"DistilledChaos"},{"floor":27.0,"key":"DuplicationPotion"},{"floor":28.0,"key":"LiquidBronze"},{"floor":33.0,"key":"Energy Potion"},{"floor":47.0,"key":"FairyPotion"}],"is_trial":false,"path_per_floor":["M","M","?","M","$","R","E","M","T","M","M","R","M","M","R","B",null,"M","$","T","?","M","E","R","E","T","M","E","?","M","E","R","B",null,"M","M","$","T","M","E","R","M","T","M","M","$","M","E","R","B",null,"R","$","E","B",null],"character_chosen":"THE_PLACEHOLDER","items_purchased":["REME_HourglassOfDeath","Gremlin Horn","PlaceholderMod:PoisonAbsorb","Thread and Needle","Bomb","Sadistic Nature","Orrery","SteamSale","Tiny Chest","PlaceholderMod:HardStinger","SalivaCoin","BookofShadows","Sling","Matryoshka","GuppysHairball","GuppysTail","BFFS","PlaceholderMod:CorePoison","Singing Bowl","PlaceholderMod:Abhoth","Oddly Smooth Stone","TungstenRod","Ancient Tea Set","Habit","LiquidBronze","Dexterity Potion","PlaceholderMod:DaolothFragment"],"campfire_rested":1,"item_purchase_floors":[0,0,0,0,0,0,0,0,0,0,0,0,0,5,17,19,19,34,37,37,37,46,46,46,46,46,53],"current_hp_per_floor":[22,22,48,48,48,48,40,40,40,37,37,37,37,36,59,59,66,59,59,59,59,59,59,59,59,69,69,69,54,54,54,54,54,70,70,70,70,70,72,74,74,74,74,76,78,78,80,82,82,82,86,86,86,88,88],"gold":111,"neow_bonus":"","is_daily":false,"chose_seed":false,"campfire_upgraded":6,"win_rate":0.0,"timestamp":1613926379,"path_taken":["M","M","?","M","$","R","E","M","T","M","?","R","?","M","R","BOSS","M","$","?","?","M","E","R","E","T","?","E","?","M","E","R","BOSS","M","M","$","?","M","E","R","M","T","M","M","$","M","E","R","BOSS","R","$","E","BOSS"],"items_purchased_type":["Relic","Relic","Card","Relic","Card","Card","Relic","Relic","Relic","Card","Relic","Relic","Relic","Relic","Relic","Relic","Relic","Card","Relic","Relic","Relic","Relic","Relic","Relic","Potion","Potion","Relic"],"build_version":"2020-12-22","purchased_purges":14,"victory":true,"max_hp_per_floor":[78,78,78,78,78,78,78,78,78,78,78,78,78,78,78,78,68,68,68,68,68,68,68,68,68,78,78,78,78,78,78,78,78,75,75,75,75,75,77,79,79,79,79,81,83,83,85,87,87,87,87,87,87,89,89],"card_choices":[{"not_picked":["PlaceholderMod:HardStrike","PlaceholderMod:OHStrongAttack"],"picked":"PlaceholderMod:DirectingGroup","floor":0.0},{"not_picked":["PlaceholderMod:HardStrike","PlaceholderMod:StrongAcid"],"picked":"PlaceholderMod:DirectingGroup","floor":0.0},{"not_picked":["PlaceholderMod:SprayAttack","PlaceholderMod:SubstitutionNucleophilic1","PlaceholderMod:SeverePoisonStrike"],"picked":"SKIP","floor":1.0},{"not_picked":["PlaceholderMod:AttackAsDefend","PlaceholderMod:ProliferateStrike","PlaceholderMod:PoisonBlast"],"picked":"SKIP","floor":2.0},{"not_picked":["PlaceholderMod:Crystallization","PlaceholderMod:Hyperplasia","PlaceholderMod:Stratification"],"picked":"SKIP","floor":4.0},{"not_picked":["PlaceholderMod:Turn","PlaceholderMod:PericyclicReaction","PlaceholderMod:Internalization"],"picked":"SKIP","floor":7.0},{"not_picked":["PlaceholderMod:SprayAttack","PlaceholderMod:SevereHeat","PlaceholderMod:Hard"],"picked":"SKIP","floor":8.0},{"not_picked":["PlaceholderMod:StrongAcid","PlaceholderMod:SprayAttack","PlaceholderMod:ParasiteChange"],"picked":"SKIP","floor":10.0},{"not_picked":["PlaceholderMod:HornyBlast","PlaceholderMod:HardStinger","PlaceholderMod:Sweep"],"picked":"SKIP","floor":11.0},{"not_picked":["PlaceholderMod:StressReaction","PlaceholderMod:DirectingGroup","PlaceholderMod:PoisonAbsorb"],"picked":"SKIP","floor":13.0},{"not_picked":["PlaceholderMod:Assimilation","PlaceholderMod:Hard","PlaceholderMod:AngryAttack"],"picked":"SKIP","floor":14.0},{"not_picked":["PlaceholderMod:Assimilation","PlaceholderMod:Hard","PlaceholderMod:AngryAttack"],"picked":"SKIP","floor":14.0},{"not_picked":["PlaceholderMod:CorePoison","PlaceholderMod:HornyCollision"],"picked":"PlaceholderMod:DiffusionPoison","floor":16.0},{"not_picked":["PlaceholderMod:NutritionAbsorb","PlaceholderMod:HornyBlast","PlaceholderMod:DissolvingSpikes"],"picked":"SKIP","floor":18.0},{"not_picked":["PlaceholderMod:HardStinger","PlaceholderMod:Sweep","PlaceholderMod:Turn"],"picked":"SKIP","floor":22.0},{"not_picked":["PlaceholderMod:Hyperplasia","PlaceholderMod:HornyBlast","PlaceholderMod:Package+1"],"picked":"SKIP","floor":23.0},{"not_picked":["PlaceholderMod:NutritionAbsorb","PlaceholderMod:HornyBlast+1"],"picked":"PlaceholderMod:MultipleOxi+1","floor":25.0},{"not_picked":["PlaceholderMod:ChainPoly","PlaceholderMod:CycleAttack","PlaceholderMod:DissolvingSpikes+1"],"picked":"SKIP","floor":27.0},{"not_picked":["PlaceholderMod:Stable+1","PlaceholderMod:Polyp","PlaceholderMod:Colorful"],"picked":"SKIP","floor":28.0},{"not_picked":["PlaceholderMod:SelfCoupling","PlaceholderMod:Colorful","PlaceholderMod:StressReaction","PlaceholderMod:Stable+1"],"picked":"SKIP","floor":30.0},{"not_picked":["PlaceholderMod:SeverePoisonStrike+1","PlaceholderMod:SevereHeat","PlaceholderMod:PoisonAbsorb","PlaceholderMod:ConsolidateHit"],"picked":"SKIP","floor":31.0},{"not_picked":["PlaceholderMod:HardStrike","PlaceholderMod:ParasiteChange","PlaceholderMod:EnergyAbsorb","PlaceholderMod:Stratification+1"],"picked":"SKIP","floor":35.0},{"not_picked":["PlaceholderMod:PoisonAbsorb+1","PlaceholderMod:NearChange","PlaceholderMod:DissolvingSpikes","PlaceholderMod:HighConcentration+1"],"picked":"SKIP","floor":36.0},{"not_picked":["PlaceholderMod:HornyBlast","PlaceholderMod:Hard+1","PlaceholderMod:ComplexForm","PlaceholderMod:Stratification"],"picked":"Singing Bowl","floor":39.0},{"not_picked":["PlaceholderMod:Package","PlaceholderMod:UnpureUse+1","PlaceholderMod:MultiReaction","PlaceholderMod:HardStrike"],"picked":"Singing Bowl","floor":40.0},{"not_picked":["PlaceholderMod:Package+1","PlaceholderMod:DiffusionChemical+1","PlaceholderMod:AttackAsDefend"],"picked":"PlaceholderMod:PoisonExcitation+1","floor":42.0},{"not_picked":["PlaceholderMod:DirectingGroup","PlaceholderMod:EvolutionSpray+1","PlaceholderMod:Polyp","PlaceholderMod:SprayAttack+1"],"picked":"Singing Bowl","floor":44.0},{"not_picked":["PlaceholderMod:CycleAttack+1","PlaceholderMod:PoisonExcitation","PlaceholderMod:AttackAsDefend+1","PlaceholderMod:Polyp+1"],"picked":"Singing Bowl","floor":45.0},{"not_picked":["PlaceholderMod:Package","PlaceholderMod:Stable","PlaceholderMod:Corrosion+1","PlaceholderMod:QualitativeChange"],"picked":"Singing Bowl","floor":47.0},{"not_picked":["PlaceholderMod:SpinBlade","PlaceholderMod:StressReaction","PlaceholderMod:Inner","PlaceholderMod:Hyperplasia"],"picked":"Singing Bowl","floor":48},{"not_picked":["PlaceholderMod:Sweep+1","PlaceholderMod:Break","PlaceholderMod:StressReaction+1","PlaceholderMod:TriggerStrike"],"picked":"Singing Bowl","floor":54}],"player_experience":759183,"relics_obtained":[{"floor":7.0,"key":"DeadEye"},{"floor":9.0,"key":"Omamori"},{"floor":20.0,"key":"Sundial"},{"floor":20.0,"key":"Mummified Hand"},{"floor":23.0,"key":"REME_LimitBreaker"},{"floor":25.0,"key":"Potion Belt"},{"floor":26.0,"key":"Pear"},{"floor":28.0,"key":"Question Card"},{"floor":31.0,"key":"GnawedLeaf"},{"floor":38.0,"key":"PlaceholderMod:SoulofChaos"},{"floor":40.0,"key":"UnicornStump"},{"floor":43.0,"key":"Bottled Tornado"},{"floor":54,"key":"Blue Candle"}],"event_choices":[{"damage_healed":26.0,"max_hp_gain":0.0,"max_hp_loss":0.0,"gold_gain":0.0,"event_name":"Big Fish","player_choice":"Banana","floor":3.0,"gold_loss":0.0,"damage_taken":0.0},{"damage_healed":0.0,"max_hp_gain":0.0,"max_hp_loss":0.0,"gold_gain":0.0,"event_name":"Cursed Tome","player_choice":"Ignored","floor":21.0,"gold_loss":0.0,"damage_taken":0.0}],"is_beta":false,"boss_relics":[{"not_picked":["Ectoplasm","REME_LowDesire"],"picked":"PlaceholderMod:LiveLive"},{"not_picked":[]},{"not_picked":["Empty Cage","Runic Pyramid"],"picked":"Cursed Key"},{"not_picked":[]}],"items_purged_floors":[5,5,5,5,5,5,19,19,19,19,19,37,53,53],"is_endless":false,"potions_floor_spawned":[1,11,14,23,27,28,33,35,39,40,47],"ascension_level":6}}