{"host":"xp5rvh2jwe2ejyfm","time":1613945780,"event":{"mods":["2.2 Compatiblity","Aspiration","Bard","BaseMod","Beaked The Cultist","Better Altar","Better Match","Better Note","Better Sensory Stone","Better Skull","BetterRewards","Colored Powertips","Conspire","Downfall","GifTheSpireLib","Gremlin Mod","GungeonMod","Hermit","Hubris","Jorbs\u0027s Wanderer Trilogy","Mad Scientist","Minty Spire (QoL Compilation)","Potionbrewer","Quick Restart","Replay The Spire","Robot Space Explorer","Shade Mod","Somnambulant","StSLib","The Bug Knight","The Clintock","The Construct","The Cursed","The Disciple","The Forsaken","The Hierophant","The Marked","The Mystic","The Necromancer","The Runesmith","The Servant 0.9.4","The Valiant","The Witch","TheFirefly","TheVacant","thorton"],"gold_per_floor":[110,34,50,50,76,76,76],"floor_reached":6,"language":"ENG","playtime":144,"items_purged":[],"score":34,"play_id":"5e623d6f-fef5-432e-9cef-971da4c0c7d3","local_time":"20210221171620","is_ascension_mode":false,"campfire_choices":[],"circlet_count":0,"master_deck":["bard:Strike","bard:Strike","bard:Strike","bard:Strike","bard:Defend","bard:Defend","bard:Defend","bard:Defend","bard:Riposte","bard:Inspire","bard:FeastOnFear","bard:MantleOfInspiration","bard:FaerieFire","bard:Thunderwave"],"relics":["bard:PitchPipe","bard:BagPipes","NeowsBlessing","DemoMod:GlassGuonStoneRelic","hubris:TenFootPole"],"acts_visited":["Exordium"],"potions_floor_usage":[],"damage_taken":[{"damage":0,"enemies":"Jaw Worm","floor":1,"turns":1},{"damage":0,"enemies":"Small Slimes","floor":3,"turns":1},{"damage":0,"enemies":"conspire:MimicChest","floor":5,"turns":1},{"damage":0,"enemies":"Gremlin Nob","floor":6,"turns":2}],"seed_played":"-8439820766054350674","potions_obtained":[{"floor":1,"key":"SteroidPotion"}],"is_trial":false,"path_per_floor":["M","$","M","?","?","E"],"character_chosen":"BARD","items_purchased":["bard:MantleOfInspiration"],"campfire_rested":0,"item_purchase_floors":[2],"current_hp_per_floor":[70,70,70,70,70,70,70],"gold":76,"neow_bonus":"THREE_ENEMY_KILL","is_daily":false,"chose_seed":false,"campfire_upgraded":0,"win_rate":0.0,"timestamp":1613945780,"path_taken":["M","$","M","?","?","E"],"items_purchased_type":["Card"],"build_version":"2020-12-22","purchased_purges":0,"victory":false,"max_hp_per_floor":[70,70,70,70,70,70,70],"card_choices":[{"not_picked":["bard:Gamble","bard:TinyHut"],"picked":"bard:FeastOnFear","floor":1},{"not_picked":["bard:SixFourTime","bard:Solo"],"picked":"bard:FaerieFire","floor":3},{"not_picked":["bard:FirstStrike","bard:Balestra"],"picked":"bard:Thunderwave","floor":5}],"player_experience":557981,"relics_obtained":[{"floor":5,"key":"hubris:TenFootPole"}],"event_choices":[{"damage_healed":0,"gold_gain":0,"player_choice":"Leave","damage_taken":0,"max_hp_gain":0,"max_hp_loss":0,"event_name":"The Cleric","floor":4,"gold_loss":0}],"is_beta":false,"boss_relics":[],"items_purged_floors":[],"is_endless":false,"potions_floor_spawned":[1],"killed_by":"Gremlin Nob","ascension_level":0}}