{"host":"v7v0an1btpgyzz59","time":1613919218,"event":{"mods":["BaseMod","BetterRewards","Colored Map","Colored Powertips","KinomotoSakuraMod(木之本樱)","Minty Spire (QoL Compilation)","Remilia（蕾米莉亚）","Shop Mod","StSLib","The Bug Knight","The Construct","The Disciple","The Servant 0.9.4","[IsaacMod]以撒尖塔"],"gold_per_floor":[114,129,4,17,27,27,27,40,40,40,58,58,69,83,83,83,83],"floor_reached":16,"language":"ZHS","playtime":540,"items_purged":[],"score":96,"play_id":"bfd5b79f-9584-4be1-941a-44b40a4592b8","local_time":"20210221225338","is_ascension_mode":false,"campfire_choices":[{"data":"DoctorFetus","floor":6,"key":"SMITH"},{"floor":10,"key":"REST"},{"floor":12,"key":"REST"},{"data":"HollowMod:QuirrelsAssistance","floor":15,"key":"SMITH"}],"circlet_count":0,"master_deck":["HollowMod:NailStrikeStart","HollowMod:NailStrikeStart","HollowMod:NailStrikeStart","HollowMod:NailStrikeStart","HollowMod:QuickDashStart","HollowMod:QuickDashStart","HollowMod:QuickDashStart","HollowMod:QuickDashStart","HollowMod:FocusHealStart","HollowMod:PogoStrike","DoctorFetus+1","HollowMod:CornifersMapStart","HollowMod:DungDefenderAura","Deep Breath","HollowMod:GoodIntentions","HollowMod:Weaversong","HollowMod:QuirrelsAssistance+1","HollowMod:CornifersMapStart","HollowMod:CycloneSlash","HollowMod:DescendingDark"],"relics":["HollowMod:VesselMask","HushsDoor","PokeGo","Pen Nib","AnarchistCookbook"],"acts_visited":["Exordium"],"potions_floor_usage":[14,16],"damage_taken":[{"damage":6,"enemies":"Cultist","floor":1,"turns":3},{"damage":8,"enemies":"2 Louse","floor":2,"turns":3},{"damage":0,"enemies":"Small Slimes","floor":4,"turns":3},{"damage":27,"enemies":"Gremlin Gang","floor":5,"turns":3},{"damage":22,"enemies":"Exordium Thugs","floor":8,"turns":6},{"damage":5,"enemies":"2 Fungi Beasts","floor":11,"turns":3},{"damage":10,"enemies":"3 Louse","floor":13,"turns":3},{"damage":4,"enemies":"Looter","floor":14,"turns":4},{"damage":67,"enemies":"HollowMod:FalseKnight","floor":16,"turns":4}],"seed_played":"-8276013040497797986","potions_obtained":[{"floor":2,"key":"SpeedPotion"},{"floor":5,"key":"FearPotion"},{"floor":11,"key":"Fire Potion"},{"floor":14,"key":"FearPotion"}],"is_trial":false,"path_per_floor":["M","M","$","M","M","R","?","M","T","R","M","R","M","M","R","B"],"character_chosen":"THE_BUGKNIGHT","items_purchased":["HollowMod:DungDefenderAura","Deep Breath"],"campfire_rested":2,"item_purchase_floors":[3,3],"current_hp_per_floor":[69,61,61,67,40,40,40,18,18,40,35,57,47,43,43,0,0],"gold":83,"neow_bonus":"RANDOM_COMMON_RELIC","is_daily":false,"chose_seed":false,"campfire_upgraded":2,"win_rate":0.0,"timestamp":1613919218,"path_taken":["M","M","$","?","M","R","?","M","T","R","M","R","M","M","R","BOSS"],"items_purchased_type":["Card","Card"],"build_version":"2020-12-22","purchased_purges":0,"victory":false,"max_hp_per_floor":[75,75,75,75,75,75,75,75,75,75,75,75,75,75,75,75,75],"card_choices":[{"not_picked":[],"picked":"DoctorFetus","floor":0},{"not_picked":["HollowMod:WraithStrike","HollowMod:InfectedAttack"],"picked":"HollowMod:CornifersMapStart","floor":1},{"not_picked":["HollowMod:TaintedHusks","HollowMod:ShadowDash"],"picked":"Bomb","floor":2},{"not_picked":["HollowMod:FallenFury","HollowMod:SoulStrike"],"picked":"HollowMod:GoodIntentions","floor":4},{"not_picked":["HollowMod:MawleksShell","HollowMod:DoubleDash"],"picked":"HollowMod:Weaversong","floor":5},{"not_picked":["HollowMod:CloakDash","HollowMod:BlackTendrils"],"picked":"HollowMod:QuirrelsAssistance","floor":8},{"not_picked":["HollowMod:ShadowDash","HollowMod:CoiledNail"],"picked":"HollowMod:CornifersMapStart","floor":11},{"not_picked":["HollowMod:PerfectDash","HollowMod:SiblingsSouls"],"picked":"HollowMod:CycloneSlash","floor":13},{"not_picked":["HollowMod:DoubleDash","HollowMod:SiblingsShadow"],"picked":"HollowMod:DescendingDark","floor":14}],"player_experience":504788,"relics_obtained":[{"floor":9,"key":"AnarchistCookbook"}],"event_choices":[],"is_beta":false,"boss_relics":[],"items_purged_floors":[],"is_endless":false,"potions_floor_spawned":[2,5,11,13,14],"killed_by":"HollowMod:FalseKnight","ascension_level":0}}