{"host":"ywif2ugnepgiw45s","time":1613922763,"event":{"mods":["Act Like it!","BaseMod","Better Skull","Bossed Relics","Downfall","GifTheSpireLib","Gremlin Mod","Hermit","Lobotomy","Mimic Mod","Minty Spire (QoL Compilation)","Quick Restart","READ ME - Guardian Mod","Replay The Spire","Shade Mod","Shapeshifter Mod","Shop Mod","StSLib","The Cursed","The Exalted","The Hierophant","The Jungle","The Necromancer","The Servant 0.9.4"],"gold_per_floor":[113,133,152,163,163,191,191,226,265,276,288,288,20,20,20,121,121,134,134,153,173,187,187,220,220,251,251,269,182,193,212,212,313,313,325,325,248,248,261,288,225,252,328,328,348,348,360,391,391,391,391,391,27,59,59],"floor_reached":56,"language":"ENG","playtime":2697,"items_purged":["Strike_W","Clumsy","Strike_W","Hellfire"],"score":2421,"play_id":"622c96a4-a34c-45f2-8451-2fc41b9e5dc6","local_time":"20210221105243","is_ascension_mode":true,"campfire_choices":[{"data":"Summon_Undead_Army","floor":7,"key":"SMITH"},{"data":"Siphon_Strength","floor":12,"key":"SMITH"},{"floor":15,"key":"REST"},{"data":"Summon_Undead_Army","floor":23,"key":"SMITH"},{"floor":25,"key":"REST"},{"data":"Grasp_Heart","floor":32,"key":"SMITH"},{"floor":46,"key":"RECALL"},{"data":"Shade_Step","floor":49,"key":"SMITH"},{"data":"Summon_Vampire_Lady","floor":52,"key":"SMITH"}],"circlet_count":0,"master_deck":["Defend_W+1","Defend_W+1","Defend_W+1","Negative_Energy_Arrows","Bone_Wall","Summon_Undead_Army+1","Toxic_Smoke_Screen+1","Shade_Step+1","Summon_Undead_Army+1","Grasp_Heart+1","Siphon_Strength+1","Vampiric_Strike","Plague_Bolt","Looming Evil","Spectral_Armor+1","Bone_Prison+1","Skeleton_Dragon","Life_Drain+1","Negative_Energy_Shield+1","Summon_Vampire_Lady+1","Uncharnel+1","Sadistic Nature","Master of Strategy","Bone_Armory+1","Summon_Lich+1"],"relics":["Vampire_Amulet","The Courier","Sundial","Replay:Mystery Machine","Membership Card","MerchantsRug","Ring of Misfortune","ReplayTheSpireMod:Ring of Exchange","Cursed Key","Replay:Bottled Snecko","ReplayTheSpireMod:Ninjato","SlaversCollar","Meat on the Bone","Strawberry","Frozen Egg 2","Quantum Egg","Bromod:ArcaneMomentum","Vajra","Replay:Bottled Eggs"],"acts_visited":["Exordium","TheCity","TheBeyond","TheEnding"],"potions_floor_usage":[6,13,16,24,40,40,42,55,55],"damage_taken":[{"damage":0,"enemies":"Cultist","floor":1,"turns":4},{"damage":1,"enemies":"Small Slimes","floor":2,"turns":4},{"damage":0,"enemies":"Jaw Worm","floor":3,"turns":5},{"damage":1,"enemies":"Red Slaver","floor":4,"turns":5},{"damage":6,"enemies":"Lagavulin","floor":6,"turns":6},{"damage":36,"enemies":"Gremlin Nob","floor":8,"turns":5},{"damage":0,"enemies":"Large Slime","floor":9,"turns":4},{"damage":12,"enemies":"Large Slime","floor":10,"turns":7},{"damage":5,"enemies":"Looter","floor":11,"turns":3},{"damage":1,"enemies":"The Guardian","floor":16,"turns":7},{"damage":0,"enemies":"Chosen","floor":18,"turns":4},{"damage":11,"enemies":"3 Byrds","floor":20,"turns":5},{"damage":10,"enemies":"Sentry and Sphere","floor":21,"turns":6},{"damage":21,"enemies":"Snake Plant","floor":22,"turns":3},{"damage":39,"enemies":"Gremlin Leader","floor":24,"turns":5},{"damage":0,"enemies":"Centurion and Healer","floor":26,"turns":7},{"damage":0,"enemies":"Centurion and Healer","floor":28,"turns":6},{"damage":1,"enemies":"Cultist and Chosen","floor":30,"turns":4},{"damage":3,"enemies":"Shelled Parasite and Fungi","floor":31,"turns":4},{"damage":10,"enemies":"Pondfish","floor":33,"turns":13},{"damage":7,"enemies":"Orb Walker","floor":35,"turns":5},{"damage":27,"enemies":"3 Shapes","floor":39,"turns":4},{"damage":16,"enemies":"Reptomancer","floor":40,"turns":5},{"damage":7,"enemies":"R_Hoarder","floor":42,"turns":5},{"damage":24,"enemies":"Writhing Mass","floor":45,"turns":5},{"damage":19,"enemies":"4 Shapes","floor":47,"turns":6},{"damage":30,"enemies":"Reptomancer","floor":48,"turns":6},{"damage":54,"enemies":"Awakened One","floor":50,"turns":12},{"damage":64,"enemies":"Shield and Spear","floor":54,"turns":6},{"damage":91,"enemies":"The Heart","floor":55,"turns":9}],"seed_played":"4337095463551119017","potions_obtained":[{"floor":3,"key":"BlessingOfTheForge"},{"floor":6,"key":"FearPotion"},{"floor":8,"key":"ColorlessPotion"},{"floor":11,"key":"ColorlessPotion"},{"floor":19,"key":"Slimebound:ThreeZeroPotion"},{"floor":19,"key":"Venom Potion"},{"floor":24,"key":"Fire Potion"},{"floor":28,"key":"Flashbang"},{"floor":39,"key":"ColorlessPotion"},{"floor":42,"key":"SpeedPotion"},{"floor":48,"key":"SpeedPotion"}],"is_trial":false,"path_per_floor":["M","M","M","M","?","E","R","E","MIM","M","M","R","$","?","R","B",null,"M","?","M","M","M","R","E","R","MIM","?","M","$","M","M","R","B",null,"M","?","$","?","M","E","$","E","T","$","M","R","M","E","R","B",null,"R","$","E","B",null],"character_chosen":"NECROMANCER","items_purchased":["Membership Card","MerchantsRug","Fruit Juice","Plague_Bolt","Omamori","Sadistic Nature","Bone_Armory+1","Summon_Lich+1","Quantum Egg","Bromod:ArcaneMomentum","Vajra","ColorlessPotion","FairyPotion","Weak Potion"],"campfire_rested":2,"item_purchase_floors":[13,13,13,13,29,37,53,53,53,53,53,53,53,53],"current_hp_per_floor":[68,68,68,68,61,57,57,23,25,17,14,14,19,19,40,45,73,73,73,69,67,48,48,19,40,44,44,48,48,57,66,66,73,73,71,71,71,71,48,54,54,80,80,80,70,70,64,52,52,47,80,80,80,48,25],"gold":59,"neow_bonus":"REMOVE_TWO","is_daily":false,"chose_seed":false,"campfire_upgraded":6,"win_rate":0.0,"timestamp":1613922763,"path_taken":["M","?","M","M","?","E","R","E","MIM","M","M","R","$","?","R","BOSS","M","?","?","M","M","R","E","R","MIM","?","M","?","?","M","R","BOSS","M","?","?","?","M","E","?","E","T","$","?","R","M","E","R","BOSS","R","$","E","BOSS"],"items_purchased_type":["Relic","Relic","Potion","Card","Relic","Card","Card","Card","Relic","Relic","Relic","Potion","Potion","Potion"],"build_version":"2020-12-22","purchased_purges":4,"victory":true,"max_hp_per_floor":[68,68,68,68,68,68,68,68,68,68,68,68,73,73,73,73,73,73,73,73,73,73,73,73,73,73,73,73,73,73,73,73,73,73,73,73,73,73,73,73,73,80,80,80,80,80,80,80,80,80,80,80,80,80,80],"card_choices":[{"not_picked":["Bone_Armor","Bone_Prison"],"picked":"Summon_Undead_Army","floor":1},{"not_picked":["Chill_Blood","Death_March_Dance"],"picked":"Toxic_Smoke_Screen","floor":2},{"not_picked":["Bones_to_Steel","Blood_Curse","Shackles_Of_Pain"],"picked":"SKIP","floor":3},{"not_picked":["Bone_Prison","Scare"],"picked":"Shade_Step","floor":4},{"not_picked":["Acid_Javelin","Negative_Energy_Bomb"],"picked":"Summon_Undead_Army","floor":6},{"not_picked":["Blood_Whip","Summon_Lich"],"picked":"Grasp_Heart","floor":8},{"not_picked":["Acid_Javelin","Flesh_Made_Foul"],"picked":"Siphon_Strength","floor":9},{"not_picked":["Life_Tap","Blood_Shield"],"picked":"Vampiric_Strike","floor":10},{"not_picked":["Slay_Living","Exploit","Bones_to_Steel"],"picked":"SKIP","floor":11},{"not_picked":["Blood_Magic","Blood_Wake"],"picked":"Hellfire","floor":16},{"not_picked":["Chill_Blood","Bone_Spikes"],"picked":"Spectral_Armor+1","floor":18},{"not_picked":["Blood_Whip","Bone_Spikes"],"picked":"Bone_Prison+1","floor":20},{"not_picked":["Bone_Prison+1","Strike_from_Beyond","Negative_Energy_Mist+1"],"picked":"SKIP","floor":21},{"not_picked":["Finger_Of_Death","Life_Tap","Negative_Energy_Javelin"],"picked":"SKIP","floor":22},{"not_picked":["Flesh_Made_Foul","Summon_Lich+1","Summon_Undead_Army"],"picked":"SKIP","floor":24},{"not_picked":["Bone_Armor","Bone_Prison+1"],"picked":"Skeleton_Dragon","floor":26},{"not_picked":["Blood_Whip+1","Strike_from_Beyond+1"],"picked":"Life_Drain+1","floor":28},{"not_picked":["Exploit","Deaths_Shadow"],"picked":"Negative_Energy_Shield+1","floor":30},{"not_picked":["Life_Tap","Plague_Bolt","Negative_Energy_Sphere"],"picked":"SKIP","floor":31},{"not_picked":["Blood_Magic","Detonate_Bones"],"picked":"Summon_Vampire_Lady","floor":33},{"not_picked":["Life_Tap+1","Thousand_Bone_Knives"],"picked":"Uncharnel+1","floor":35},{"not_picked":["Discovery","Trip"],"picked":"Master of Strategy","floor":38},{"not_picked":["Bones_to_Steel","Toxic_Smoke_Screen","Blood_Whip"],"picked":"SKIP","floor":39},{"not_picked":["Necrotic_Claws+1","Consume_Illness","Negative_Energy_Sphere+1"],"picked":"SKIP","floor":40},{"not_picked":["Bone_Bullets+1","Negative_Energy_Sphere","Violent_Necrosis+1"],"picked":"SKIP","floor":42},{"not_picked":["Negative_Energy_Javelin+1","Slay_Living","Negative_Energy_Burst+1"],"picked":"SKIP","floor":45},{"not_picked":["Vampiric_Strike+1","Consume_Illness","Negative_Energy_Javelin"],"picked":"SKIP","floor":47},{"not_picked":["Blood_Shield","Negative_Energy_Bomb","Negative_Energy_Sphere+1"],"picked":"SKIP","floor":48},{"not_picked":["Bone_Armor+1","Hellfire","Blood_Curse"],"picked":"SKIP","floor":54},{"not_picked":["Bone_Armor+1","Hellfire","Blood_Curse"],"picked":"SKIP","floor":54}],"player_experience":1831940,"relics_obtained":[{"floor":6,"key":"The Courier"},{"floor":8,"key":"Sundial"},{"floor":9,"key":"Replay:Mystery Machine"},{"floor":14,"key":"Ring of Misfortune"},{"floor":14,"key":"ReplayTheSpireMod:Ring of Exchange"},{"floor":24,"key":"Replay:Bottled Snecko"},{"floor":26,"key":"ReplayTheSpireMod:Ninjato"},{"floor":40,"key":"Meat on the Bone"},{"floor":42,"key":"Strawberry"},{"floor":48,"key":"Frozen Egg 2"},{"floor":54,"key":"Replay:Bottled Eggs"}],"event_choices":[{"cards_removed":["Strike_W"],"damage_healed":0,"gold_gain":0,"player_choice":"Card Removal","damage_taken":7,"max_hp_gain":0,"max_hp_loss":0,"event_name":"Golden Wing","floor":5,"gold_loss":0},{"damage_healed":0,"gold_gain":0,"player_choice":"Got Potions","damage_taken":0,"max_hp_gain":0,"max_hp_loss":0,"event_name":"Lab","floor":19,"gold_loss":0},{"damage_healed":0,"gold_gain":0,"player_choice":"Upgraded","damage_taken":0,"max_hp_gain":0,"max_hp_loss":0,"event_name":"Upgrade Shrine","floor":27,"gold_loss":0,"cards_upgraded":["Toxic_Smoke_Screen"]},{"damage_healed":0,"gold_gain":0,"player_choice":"Ignored","damage_taken":0,"max_hp_gain":0,"max_hp_loss":0,"event_name":"Tomb of Lord Red Mask","floor":36,"gold_loss":0},{"damage_healed":0,"gold_gain":0,"player_choice":"Memory 1","damage_taken":0,"max_hp_gain":0,"max_hp_loss":0,"event_name":"SensoryStone","floor":38,"gold_loss":0}],"is_beta":false,"boss_relics":[{"not_picked":["Toolbox","Replay:Grab Bag"],"picked":"Cursed Key"},{"not_picked":["Fusion Hammer","Replay:Drink Me"],"picked":"SlaversCollar"}],"items_purged_floors":[13,29,41,53],"is_endless":false,"potions_floor_spawned":[3,6,8,11,20,24,28,39,42,48],"ascension_level":3}}