{"host":"42xf941fomyavgzy","time":1613905303,"event":{"mods":["Act Like it!","Astrologer","BaseMod","Colored Map","DeckTracker","Minty Spire (QoL Compilation)","Shop Mod","StSLib","SuperFastMode","The Cursed"],"gold_per_floor":[110,124,124,124,74,74,104,118,118,134,134,134,134,134,134,232,232,246,246,171,184,196,222,235,235,260,78,78,78,177,188,188,188,188],"floor_reached":33,"language":"JPN","playtime":1668,"items_purged":[],"score":367,"play_id":"dff4e581-9ce3-471d-9e70-4a0ea5972fa0","local_time":"20210221200143","is_ascension_mode":true,"campfire_choices":[{"floor":6,"key":"REST"},{"data":"Unload","floor":13,"key":"SMITH"},{"data":"Deadly Poison","floor":15,"key":"SMITH"},{"data":"Burst","floor":25,"key":"SMITH"},{"data":"Wraith Form v2","floor":28,"key":"SMITH"},{"data":"Ghostly","floor":32,"key":"SMITH"}],"circlet_count":0,"master_deck":["Strike_G","Strike_G","Defend_G","Defend_G","Defend_G","Survivor","Neutralize","Unload+1","Terror","All Out Attack+1","Calculated Gamble","Predator","Deadly Poison+1","Burst+1","Backstab","Ghostly","Ghostly+1","Ghostly","Ghostly","Ghostly","Dash","Prepared","Wraith Form v2+1","Concentrate+1","Eviscerate","Blade Dance"],"relics":["Ring of the Snake","Lizard Tail","Bottled Flame","Tingsha","Coffee Dripper","Ninja Scroll","Regal Pillow","Blood Vial"],"acts_visited":["Exordium","TheCity"],"potions_floor_usage":[16,16,33,33],"damage_taken":[{"damage":2,"enemies":"Jaw Worm","floor":1,"turns":3},{"damage":0,"enemies":"Small Slimes","floor":2,"turns":4},{"damage":2,"enemies":"3 Sentries","floor":7,"turns":5},{"damage":0,"enemies":"2 Louse","floor":8,"turns":1},{"damage":1,"enemies":"Exordium Wildlife","floor":10,"turns":4},{"damage":4,"enemies":"The Guardian","floor":16,"turns":10},{"damage":2,"enemies":"Chosen","floor":18,"turns":3},{"damage":15,"enemies":"3 Byrds","floor":21,"turns":4},{"damage":14,"enemies":"Snecko","floor":22,"turns":5},{"damage":8,"enemies":"Slavers","floor":23,"turns":8},{"damage":1,"enemies":"Centurion and Healer","floor":24,"turns":8},{"damage":2,"enemies":"Shelled Parasite and Fungi","floor":31,"turns":5},{"damage":33,"enemies":"Champ","floor":33,"turns":9}],"seed_played":"7685686407070748610","potions_obtained":[{"floor":1,"key":"Fruit Juice"},{"floor":7,"key":"EssenceOfSteel"},{"floor":21,"key":"Swift Potion"},{"floor":23,"key":"SneckoOil"},{"floor":24,"key":"Swift Potion"}],"is_trial":false,"path_per_floor":["M","M","?","?","?","R","E","M","T","M","$","?","R","?","R","B",null,"M","?","?","M","M","E","M","R","T","$","R","?","?","M","R","B"],"character_chosen":"THE_SILENT","items_purchased":["Blood Vial","Eviscerate"],"campfire_rested":1,"item_purchase_floors":[27,27],"current_hp_per_floor":[61,61,61,61,61,70,68,68,68,67,67,55,55,48,48,49,69,67,37,37,22,8,18,17,17,17,17,17,17,17,17,17,0,0],"gold":188,"neow_bonus":"TRANSFORM_CARD","is_daily":false,"chose_seed":false,"campfire_upgraded":5,"win_rate":0.0,"timestamp":1613905303,"path_taken":["M","M","?","?","?","R","E","M","T","?","$","?","R","?","R","BOSS","M","?","?","M","M","E","M","R","T","$","R","?","?","M","R","BOSS"],"items_purchased_type":["Relic","Card"],"build_version":"2020-12-22","purchased_purges":0,"victory":false,"max_hp_per_floor":[70,70,70,70,70,70,70,70,70,70,70,70,70,70,70,75,75,75,37,37,37,37,37,37,37,37,37,37,37,37,37,37,37,37],"card_choices":[{"not_picked":["Skewer","Sucker Punch"],"picked":"Terror","floor":1},{"not_picked":["Prepared","Slice"],"picked":"All Out Attack","floor":2},{"not_picked":["Tactician","Underhanded Strike"],"picked":"Calculated Gamble","floor":7},{"not_picked":["Slice","Backflip"],"picked":"Predator","floor":8},{"not_picked":["Cloak And Dagger","Poisoned Stab"],"picked":"Deadly Poison","floor":10},{"not_picked":["Phantasmal Killer","Adrenaline"],"picked":"Burst","floor":16},{"not_picked":["Underhanded Strike","Heel Hook"],"picked":"Backstab","floor":18},{"not_picked":["Quick Slash","Underhanded Strike+1"],"picked":"Dash","floor":21},{"not_picked":["Riddle With Holes","Poisoned Stab"],"picked":"Prepared","floor":22},{"not_picked":["Dagger Spray","Underhanded Strike"],"picked":"Wraith Form v2","floor":23},{"not_picked":["Finisher","Setup"],"picked":"Concentrate+1","floor":24},{"not_picked":["Choke","Blur"],"picked":"Blade Dance","floor":31}],"player_experience":502524,"relics_obtained":[{"floor":7,"key":"Lizard Tail"},{"floor":9,"key":"Bottled Flame"},{"floor":23,"key":"Ninja Scroll"},{"floor":26,"key":"Regal Pillow"}],"event_choices":[{"damage_healed":0,"gold_gain":0,"player_choice":"Ignored","damage_taken":0,"max_hp_gain":0,"max_hp_loss":0,"event_name":"Liars Game","floor":3,"gold_loss":0},{"damage_healed":0,"gold_gain":0,"player_choice":"Grow","damage_taken":0,"max_hp_gain":0,"max_hp_loss":0,"event_name":"Living Wall","floor":4,"gold_loss":0,"cards_upgraded":["All Out Attack"]},{"cards_removed":["Strike_G"],"damage_healed":0,"gold_gain":0,"player_choice":"Card Removal","damage_taken":0,"max_hp_gain":0,"max_hp_loss":0,"event_name":"The Cleric","floor":5,"gold_loss":50},{"damage_healed":0,"gold_gain":0,"player_choice":"Success","damage_taken":12,"relics_obtained":["Tingsha"],"max_hp_gain":0,"max_hp_loss":0,"event_name":"Scrap Ooze","floor":12,"gold_loss":0},{"cards_removed":["Strike_G"],"damage_healed":0,"gold_gain":0,"player_choice":"Card Removal","damage_taken":7,"max_hp_gain":0,"max_hp_loss":0,"event_name":"Golden Wing","floor":14,"gold_loss":0},{"damage_healed":0,"gold_gain":0,"player_choice":"Became a Ghost","damage_taken":0,"max_hp_gain":0,"max_hp_loss":38,"event_name":"Ghosts","floor":19,"gold_loss":0,"cards_obtained":["Ghostly","Ghostly","Ghostly","Ghostly","Ghostly"]},{"cards_removed":["Defend_G"],"damage_healed":0,"gold_gain":0,"player_choice":"Gave Gold","damage_taken":0,"max_hp_gain":0,"max_hp_loss":0,"event_name":"Beggar","floor":20,"gold_loss":75},{"cards_removed":["Defend_G"],"damage_healed":0,"gold_gain":0,"player_choice":"Elegance","damage_taken":0,"max_hp_gain":0,"max_hp_loss":0,"event_name":"Back to Basics","floor":29,"gold_loss":0},{"damage_healed":0,"gold_gain":99,"player_choice":"Stole From Cult","damage_taken":0,"max_hp_gain":0,"max_hp_loss":0,"event_name":"Nest","floor":30,"gold_loss":0}],"is_beta":false,"boss_relics":[{"not_picked":["Ring of the Serpent","Tiny House"],"picked":"Coffee Dripper"}],"items_purged_floors":[],"is_endless":false,"potions_floor_spawned":[1,7,21,23,24,31],"killed_by":"Champ","ascension_level":6}}