{"host":"vjt3l4e4gk5t90rp","time":1613924062,"event":{"mods":["BaseMod","Colored Map","Highlight Path","Minty Spire (QoL Compilation)","StSLib"],"gold_per_floor":[17,17,42,65,65,65,99,99,99,138,158,183,183,203,203,203,203],"floor_reached":16,"language":"KOR","playtime":963,"items_purged":[],"score":118,"play_id":"b544fa7a-6015-4172-970e-189af368f336","local_time":"20210222011422","is_ascension_mode":true,"campfire_choices":[{"floor":6.0,"key":"DIG"},{"floor":8,"key":"REST"},{"floor":13,"key":"DIG"},{"floor":15,"key":"REST"}],"circlet_count":0,"master_deck":["Strike_R","Strike_R","Strike_R","Strike_R","Strike_R","Defend_R","Defend_R","Defend_R","Defend_R","Bash","Injury","Warcry","Fire Breathing","Shockwave","Bloodletting","Shrug It Off","Second Wind"],"relics":["Burning Blood","Shovel","Golden Idol","Meat on the Bone","Dream Catcher","The Courier","Potion Belt","Lantern"],"acts_visited":["Exordium"],"potions_floor_usage":[14,16,16],"damage_taken":[{"damage":0.0,"enemies":"Small Slimes","floor":1.0,"turns":3.0},{"damage":8.0,"enemies":"2 Louse","floor":3.0,"turns":2.0},{"damage":6.0,"enemies":"Jaw Worm","floor":4.0,"turns":3.0},{"damage":60,"enemies":"3 Sentries","floor":7,"turns":15},{"damage":40,"enemies":"Lagavulin","floor":10,"turns":8},{"damage":13,"enemies":"Lots of Slimes","floor":11,"turns":5},{"damage":9,"enemies":"Blue Slaver","floor":12,"turns":5},{"damage":19,"enemies":"Exordium Wildlife","floor":14,"turns":5},{"damage":103,"enemies":"The Guardian","floor":16,"turns":13}],"seed_played":"5469062298961895267","potions_obtained":[{"floor":10,"key":"SpeedPotion"},{"floor":11,"key":"Explosive Potion"},{"floor":12,"key":"Weak Potion"},{"floor":14,"key":"GamblersBrew"}],"is_trial":false,"path_per_floor":["M","?","M","M","?","R","E","R","T","E","M","M","R","M","R","B"],"character_chosen":"IRONCLAD","items_purchased":[],"campfire_rested":2,"item_purchase_floors":[],"current_hp_per_floor":[80,80,78,78,83,83,41,66,66,44,49,58,58,57,82,0,0],"gold":203,"neow_bonus":"ONE_RARE_RELIC","is_daily":false,"chose_seed":false,"campfire_upgraded":0,"win_rate":0.0,"timestamp":1613924062,"path_taken":["M","?","M","M","?","R","E","R","T","E","M","M","R","M","R","BOSS"],"items_purchased_type":[],"build_version":"2020-12-22","purchased_purges":0,"victory":false,"max_hp_per_floor":[80,80,80,80,85,85,85,85,85,85,85,85,85,85,85,85,85],"card_choices":[{"not_picked":["Headbutt","Clash","Perfected Strike"],"picked":"SKIP","floor":1.0},{"not_picked":["Headbutt","Seeing Red","Uppercut"],"picked":"SKIP","floor":3.0},{"not_picked":["Whirlwind","Perfected Strike"],"picked":"Warcry","floor":4.0},{"not_picked":["Wild Strike","Headbutt"],"picked":"Fire Breathing","floor":7},{"not_picked":["Uppercut","Cleave"],"picked":"Shockwave","floor":8},{"not_picked":["Fire Breathing","Pommel Strike"],"picked":"Bloodletting","floor":10},{"not_picked":["Infernal Blade","Whirlwind"],"picked":"Shrug It Off","floor":11},{"not_picked":["Clothesline","Infernal Blade","Headbutt"],"picked":"SKIP","floor":12},{"not_picked":["Shockwave","Dropkick","Twin Strike"],"picked":"SKIP","floor":14},{"not_picked":["Sever Soul","Metallicize"],"picked":"Second Wind","floor":15}],"player_experience":138512,"relics_obtained":[{"floor":6.0,"key":"Meat on the Bone"},{"floor":7,"key":"Dream Catcher"},{"floor":9,"key":"The Courier"},{"floor":10,"key":"Potion Belt"},{"floor":13,"key":"Lantern"}],"event_choices":[{"damage_healed":0.0,"max_hp_gain":0.0,"max_hp_loss":0.0,"gold_gain":0.0,"event_name":"Golden Idol","player_choice":"Take Wound","floor":2.0,"gold_loss":0.0,"damage_taken":0.0,"relics_obtained":["Golden Idol"],"cards_obtained":["Injury"]},{"damage_healed":0.0,"max_hp_gain":5.0,"max_hp_loss":0.0,"gold_gain":0.0,"event_name":"Big Fish","player_choice":"Donut","floor":5.0,"gold_loss":0.0,"damage_taken":0.0}],"is_beta":false,"boss_relics":[],"items_purged_floors":[],"is_endless":false,"potions_floor_spawned":[10,11,12,14],"killed_by":"The Guardian","ascension_level":1}}