{"host":"iv24d026eac8pm4e","time":1613931371,"event":{"mods":["BaseMod","Minty Spire (QoL Compilation)"],"gold_per_floor":[112,124,137,156,166,166,166,166,166,166,181,193,220,236,236,236,236],"floor_reached":16,"language":"ENG","playtime":623,"items_purged":[],"score":212,"play_id":"68fed7b9-b885-4ac2-a275-06dd287f5e43","local_time":"20210221101611","is_ascension_mode":true,"campfire_choices":[{"data":"Catalyst","floor":6,"key":"SMITH"},{"data":"Noxious Fumes","floor":8,"key":"SMITH"},{"data":"Catalyst","floor":10,"key":"SMITH"},{"floor":15,"key":"REST"}],"circlet_count":0,"master_deck":["AscendersBane","Strike_G","Strike_G","Strike_G","Strike_G","Defend_G","Defend_G","Defend_G","Defend_G","Defend_G","Survivor","Neutralize","Noxious Fumes+1","Bane","Dodge and Roll","Catalyst+1","Catalyst+1","Noxious Fumes","Deflect","Crippling Poison","Backflip"],"relics":["Ring of the Snake","Calipers","Ninja Scroll"],"acts_visited":["Exordium"],"potions_floor_usage":[11,13,14,16,16],"damage_taken":[{"damage":4,"enemies":"Small Slimes","floor":1,"turns":5},{"damage":7,"enemies":"Cultist","floor":2,"turns":5},{"damage":0,"enemies":"2 Louse","floor":3,"turns":4},{"damage":2,"enemies":"Looter","floor":4,"turns":5},{"damage":8,"enemies":"Blue Slaver","floor":5,"turns":5},{"damage":11,"enemies":"2 Fungi Beasts","floor":11,"turns":5},{"damage":5,"enemies":"Large Slime","floor":12,"turns":7},{"damage":16,"enemies":"Lagavulin","floor":13,"turns":6},{"damage":0,"enemies":"Lots of Slimes","floor":14,"turns":1},{"damage":15,"enemies":"Slime Boss","floor":16,"turns":6}],"seed_played":"-3223736131832154064","potions_obtained":[{"floor":1,"key":"Block Potion"},{"floor":7,"key":"Energy Potion"},{"floor":12,"key":"AttackPotion"},{"floor":13,"key":"Explosive Potion"},{"floor":14,"key":"GamblersBrew"}],"is_trial":false,"path_per_floor":["M","M","M","M","M","R","?","R","T","R","M","M","E","M","R","B"],"character_chosen":"THE_SILENT","items_purchased":[],"campfire_rested":1,"item_purchase_floors":[],"current_hp_per_floor":[55,48,48,46,38,38,38,38,38,38,27,22,6,6,25,10,10],"gold":236,"neow_bonus":"TRANSFORM_CARD","is_daily":false,"chose_seed":false,"campfire_upgraded":3,"win_rate":0.0,"timestamp":1613931371,"path_taken":["M","M","M","M","M","R","?","R","T","R","?","M","E","M","R","BOSS"],"items_purchased_type":[],"build_version":"2020-12-22","purchased_purges":0,"victory":false,"max_hp_per_floor":[66,66,66,66,66,66,66,66,66,66,66,66,66,66,66,66,66],"card_choices":[{"not_picked":["Quick Slash","Dodge and Roll"],"picked":"Bane","floor":1},{"not_picked":["PiercingWail","Accuracy"],"picked":"Dodge and Roll","floor":2},{"not_picked":["Choke","Underhanded Strike"],"picked":"Catalyst","floor":3},{"not_picked":["Leg Sweep","Blade Dance"],"picked":"Catalyst","floor":4},{"not_picked":["Dodge and Roll","Deflect"],"picked":"Noxious Fumes","floor":5},{"not_picked":["Blade Dance","Glass Knife"],"picked":"Deflect","floor":11},{"not_picked":["Blade Dance","Bane","Dagger Spray"],"picked":"SKIP","floor":12},{"not_picked":["Reflex","Prepared"],"picked":"Crippling Poison","floor":13},{"not_picked":["Endless Agony","Sucker Punch"],"picked":"Backflip","floor":14}],"player_experience":2558739,"relics_obtained":[{"floor":9,"key":"Calipers"},{"floor":13,"key":"Ninja Scroll"}],"event_choices":[{"damage_healed":0,"gold_gain":0,"player_choice":"Got Potions","damage_taken":0,"max_hp_gain":0,"max_hp_loss":0,"event_name":"Lab","floor":7,"gold_loss":0}],"is_beta":false,"boss_relics":[],"items_purged_floors":[],"is_endless":false,"potions_floor_spawned":[1,12,13,14],"killed_by":"Slime Boss","ascension_level":20}}