{"host":"i5vvwdf42szr3cje","time":1613876387,"event":{"mods":["BaseMod","Colored Map","Hermit","Minty Spire (QoL Compilation)","Replay The Spire","StSLib","The Disciple","The Hierophant"],"gold_per_floor":[109,109,119,134,331,331,343,374,374,406,421,436,449,464,464,565,565,590,614,614,614,614,314,336,356,428,428,462,486,511,527,527,629,629,647,947,972,972,972,1003,1029,1029,1071,1085,1085,1108,1148,1180,561,582,582,594,594,594,81,111,116],"floor_reached":58,"language":"ENG","playtime":7997,"items_purged":["hermit:Covet","hermit:Strike_Hermit+1","Voices"],"score":1060,"play_id":"84d193b6-9870-4e35-a64c-c5c58a18ab17","local_time":"20210220185947","is_ascension_mode":false,"campfire_choices":[{"data":"hermit:Showdown","floor":6.0,"key":"SMITH"},{"data":"hermit:FatalDesire","floor":27.0,"key":"SMITH"},{"data":"hermit:Dive","floor":32.0,"key":"SMITH"},{"data":"hermit:ShadowCloak","floor":42.0,"key":"SMITH"},{"floor":51,"key":"RECALL"},{"data":"hermit:TakeAim","floor":54,"key":"SMITH"}],"circlet_count":0,"master_deck":["hermit:Strike_Hermit+1","hermit:Strike_Hermit+1","hermit:Strike_Hermit+1","hermit:Defend_Hermit+1","hermit:Defend_Hermit+1","hermit:Defend_Hermit+1","hermit:Defend_Hermit+1","hermit:Snapshot","hermit:HighCaliber","hermit:WideOpen","hermit:Showdown+1","hermit:Grudge+1","hermit:Quickdraw+1","hermit:FatalDesire+1","hermit:ShadowCloak","hermit:Scavenge","hermit:HighNoon","hermit:Brawl","hermit:Scavenge+1","hermit:ShadowCloak+1","hermit:Spite+1","hermit:TakeAim+1","hermit:Dive+1","hermit:Gambit","hermit:RoundhouseKick","ReplayTheSpireMod:Splinters","Decay","hermit:Quickdraw+1","hermit:Deadeye+1","hermit:Manifest","hermit:FlashPowder+1","hermit:FinalCanter","hermit:ShadowCloak","Sickly","ReplayTheSpireMod:Brewmster"],"relics":["hermit:Momento","Eternal Feather","Ice Cream","Coffee Dripper","Nilry\u0027s Codex","Spirit Poop","Replay:Rubber Ducky","Mirror","Regal Pillow","Replay:Ancient Bell","Anchor","Replay:WaspNest","Turnip","Bag of Preparation","Thread and Needle","Strawberry","Dead Branch","Whetstone","Replay:Baseball","ReplayTheSpireMod:CursedCoin","ReplayTheSpireMod:Ninjato"],"acts_visited":["Exordium","TheCity","TheBeyond","TheEnding"],"potions_floor_usage":[52,57,57,57,57,57,57],"damage_taken":[{"damage":1.0,"enemies":"Jaw Worm","floor":1.0,"turns":3.0},{"damage":1.0,"enemies":"Cultist","floor":3.0,"turns":3.0},{"damage":0.0,"enemies":"2 Louse","floor":4.0,"turns":2.0},{"damage":1.0,"enemies":"2 Fungi Beasts","floor":7.0,"turns":3.0},{"damage":15.0,"enemies":"Replay:BlueRogue","floor":8.0,"turns":4.0},{"damage":7.0,"enemies":"Gremlin Nob","floor":10.0,"turns":3.0},{"damage":0.0,"enemies":"Exordium Thugs","floor":11.0,"turns":2.0},{"damage":4.0,"enemies":"Blue Slaver","floor":12.0,"turns":2.0},{"damage":0.0,"enemies":"Large Slime","floor":13.0,"turns":4.0},{"damage":6.0,"enemies":"Exordium Thugs","floor":14.0,"turns":4.0},{"damage":40.0,"enemies":"The Guardian","floor":16.0,"turns":11.0},{"damage":11.0,"enemies":"Shell Parasite","floor":18.0,"turns":5.0},{"damage":15.0,"enemies":"3 Byrds","floor":19.0,"turns":5.0},{"damage":5.0,"enemies":"Snake Plant","floor":24.0,"turns":6.0},{"damage":0.0,"enemies":"Cultist and Chosen","floor":25.0,"turns":3.0},{"damage":34.0,"enemies":"Slavers","floor":28.0,"turns":6.0},{"damage":0.0,"enemies":"Snecko","floor":29.0,"turns":6.0},{"damage":7.0,"enemies":"Centurion and Healer","floor":30.0,"turns":7.0},{"damage":3.0,"enemies":"Cultist and Chosen","floor":31.0,"turns":6.0},{"damage":1.0,"enemies":"Champ","floor":33.0,"turns":13.0},{"damage":0.0,"enemies":"Orb Walker","floor":35.0,"turns":5.0},{"damage":0.0,"enemies":"3 Darklings","floor":37.0,"turns":6.0},{"damage":9.0,"enemies":"Jaw Worm Horde","floor":40.0,"turns":6.0},{"damage":0.0,"enemies":"Transient","floor":41.0,"turns":5.0},{"damage":13.0,"enemies":"Reptomancer","floor":43.0,"turns":8.0},{"damage":0.0,"enemies":"Sphere and 2 Shapes","floor":44.0,"turns":6.0},{"damage":0.0,"enemies":"Spire Growth","floor":46.0,"turns":7.0},{"damage":0.0,"enemies":"R_Hoarder","floor":47.0,"turns":11.0},{"damage":0.0,"enemies":"3 Darklings","floor":48.0,"turns":5.0},{"damage":0.0,"enemies":"Maw","floor":50.0,"turns":8.0},{"damage":0,"enemies":"Replay:Hell Engine","floor":52,"turns":14},{"damage":3,"enemies":"Shield and Spear","floor":56,"turns":8},{"damage":39,"enemies":"The Heart","floor":57,"turns":16}],"seed_played":"-972491750841777176","potions_obtained":[{"floor":7.0,"key":"Explosive Potion"},{"floor":8.0,"key":"Weak Potion"},{"floor":10.0,"key":"SneckoOil"},{"floor":11.0,"key":"Swift Potion"},{"floor":13.0,"key":"PowerPotion"},{"floor":19.0,"key":"EssenceOfSteel"},{"floor":24.0,"key":"hermit:Tonic"},{"floor":33.0,"key":"Elixir"},{"floor":35.0,"key":"SkillPotion"},{"floor":37.0,"key":"Energy Potion"},{"floor":41.0,"key":"Cursed Concoction"},{"floor":47.0,"key":"Dexterity Potion"},{"floor":50.0,"key":"FearPotion"}],"is_trial":false,"path_per_floor":["M","?","M","M","?","R","M","E","T","E","M","M","M","M","R_BF","B",null,"M","M","?","?","?","$","M","M","T","R","E","M","M","M","R","B",null,"M","?","M","PTL","PTL","M","M","R","E","M","T","M","E","M","$","M","R_BF","B",null,"R","$","E","B",null],"character_chosen":"HERMIT","items_purchased":["Replay:Rubber Ducky","hermit:ShadowCloak","Dead Branch","Whetstone","Weak Potion","hermit:FinalCanter","hermit:ShadowCloak","Replay:Baseball","ReplayTheSpireMod:CursedCoin","ReplayTheSpireMod:Brewmster"],"campfire_rested":0,"item_purchase_floors":[23,23,49,49,49,55,55,55,55,55],"current_hp_per_floor":[81,81,80,80,48,48,47,32,32,25,25,21,21,15,48,8,82,71,56,56,40,40,40,35,35,35,47,13,13,6,3,18,17,82,82,82,82,82,82,73,73,82,69,69,69,69,76,76,76,76,89,89,89,89,89,86,47],"gold":116,"neow_bonus":"TEN_PERCENT_HP_BONUS","is_daily":false,"chose_seed":false,"campfire_upgraded":5,"win_rate":0.0,"timestamp":1613876387,"path_taken":["M","?","?","M","?","R","M","E","T","E","M","M","M","M","R_BF","BOSS","M","M","?","?","?","$","M","M","T","R","E","?","M","M","R","BOSS","M","?","M","PTL","PTL","M","M","R","E","M","T","M","E","M","$","?","R_BF","BOSS","R","$","E","BOSS"],"items_purchased_type":["Relic","Card","Relic","Relic","Potion","Card","Card","Relic","Relic","Card"],"build_version":"2020-12-22","purchased_purges":3,"victory":true,"max_hp_per_floor":[82,82,82,82,82,82,82,82,82,82,82,82,82,82,82,82,82,82,82,82,82,82,82,82,82,82,82,82,82,82,82,82,82,82,82,82,82,82,82,82,82,82,82,82,82,82,89,89,89,89,89,89,89,89,89,89,89],"card_choices":[{"not_picked":["hermit:Manifest","hermit:BodyArmor"],"picked":"hermit:HighCaliber","floor":1.0},{"not_picked":["hermit:GoldenBullet","hermit:CalledShot"],"picked":"hermit:WideOpen","floor":3.0},{"not_picked":["hermit:EyeOfTheStorm","hermit:Spite"],"picked":"hermit:Showdown","floor":4.0},{"not_picked":["hermit:ItchyTrigger","hermit:Desperado","hermit:Spite"],"picked":"SKIP","floor":7.0},{"not_picked":["hermit:BigShot","hermit:DeadMansHand"],"picked":"hermit:Grudge","floor":8.0},{"not_picked":["hermit:TakeCover","hermit:Horror"],"picked":"hermit:Quickdraw","floor":10.0},{"not_picked":["hermit:Showdown","hermit:Spite"],"picked":"hermit:FatalDesire","floor":11.0},{"not_picked":["hermit:HighCaliber","hermit:Misfire","hermit:Manifest"],"picked":"SKIP","floor":12.0},{"not_picked":["hermit:Snipe","hermit:Headshot"],"picked":"hermit:ShadowCloak","floor":13.0},{"not_picked":["hermit:TrackingShot","hermit:Malice"],"picked":"hermit:Scavenge","floor":14.0},{"not_picked":["hermit:Roughhouse","hermit:BlackWind"],"picked":"hermit:HighNoon","floor":16.0},{"not_picked":["hermit:CalledShot","hermit:Ricochet"],"picked":"hermit:Brawl","floor":18.0},{"not_picked":["hermit:LowProfile","hermit:ItchyTrigger"],"picked":"hermit:Scavenge+1","floor":19.0},{"not_picked":["hermit:BodyArmor","hermit:Desperado"],"picked":"hermit:Spite+1","floor":24.0},{"not_picked":["hermit:Cheat","hermit:Horror"],"picked":"hermit:TakeAim","floor":25.0},{"not_picked":["hermit:Manifest","hermit:Virtue"],"picked":"hermit:Dive","floor":28.0},{"not_picked":["hermit:ItchyTrigger","hermit:Desperado+1","hermit:Coalescence+1"],"picked":"SKIP","floor":29.0},{"not_picked":["hermit:TakeCover","hermit:Showdown+1","hermit:HoleUp"],"picked":"SKIP","floor":30.0},{"not_picked":["hermit:Combo","hermit:CalledShot"],"picked":"hermit:Gambit","floor":31.0},{"not_picked":["hermit:Dissolve","hermit:Roughhouse"],"picked":"hermit:RoundhouseKick","floor":33.0},{"not_picked":["ReplayTheSpireMod:Doomed","Replay:Hysterical Blindness"],"picked":"Voices","floor":34.0},{"not_picked":["Sickly","Amnesia"],"picked":"ReplayTheSpireMod:Splinters","floor":34.0},{"not_picked":["Writhe","Replay:Hysterical Blindness"],"picked":"Decay","floor":34.0},{"not_picked":["hermit:Shortfuse+1","hermit:BigShot"],"picked":"hermit:Quickdraw+1","floor":35.0},{"not_picked":["hermit:HoleUp","hermit:CalledShot+1","hermit:Snipe+1"],"picked":"SKIP","floor":37.0},{"not_picked":["hermit:HoleUp","hermit:CalledShot+1","hermit:Snipe+1"],"picked":"SKIP","floor":37.0},{"not_picked":["hermit:TrackingShot","hermit:Headshot","hermit:Vantage"],"picked":"SKIP","floor":40.0},{"not_picked":["hermit:Shortfuse","hermit:Coalescence"],"picked":"hermit:Deadeye","floor":41.0},{"not_picked":["hermit:Roulette","hermit:BodyArmor"],"picked":"hermit:Manifest","floor":43.0},{"not_picked":["hermit:Quickdraw+1","hermit:Manifest+1","hermit:LowProfile+1"],"picked":"SKIP","floor":44.0},{"not_picked":["hermit:Snipe+1","hermit:FromBeyond"],"picked":"hermit:FlashPowder+1","floor":46.0},{"not_picked":["hermit:Desperado+1","hermit:BodyArmor+1","hermit:Ricochet"],"picked":"SKIP","floor":47.0},{"not_picked":["hermit:EyeOfTheStorm+1","hermit:LoneWolf","hermit:HoleUp+1"],"picked":"SKIP","floor":48.0},{"not_picked":["hermit:CursedWeapon","hermit:LuckOfTheDraw+1","hermit:SprayPray"],"picked":"SKIP","floor":50.0},{"not_picked":["hermit:Shortfuse+1","hermit:Cheat+1","hermit:FatalDesire"],"picked":"SKIP","floor":56}],"player_experience":171809,"relics_obtained":[{"floor":8.0,"key":"Eternal Feather"},{"floor":10.0,"key":"Ice Cream"},{"floor":21.0,"key":"Nilry\u0027s Codex"},{"floor":26.0,"key":"Mirror"},{"floor":28.0,"key":"Regal Pillow"},{"floor":43.0,"key":"Bag of Preparation"},{"floor":45.0,"key":"Thread and Needle"},{"floor":47.0,"key":"Strawberry"},{"floor":56,"key":"ReplayTheSpireMod:Ninjato"}],"event_choices":[{"damage_healed":0.0,"max_hp_gain":0.0,"max_hp_loss":0.0,"gold_gain":0.0,"event_name":"Wheel of Change","player_choice":"Cursed","floor":2.0,"gold_loss":0.0,"damage_taken":0.0,"cards_obtained":["Decay"]},{"damage_healed":0.0,"max_hp_gain":0.0,"max_hp_loss":0.0,"gold_gain":0.0,"event_name":"Back to Basics","player_choice":"Simplicity","floor":20.0,"gold_loss":0.0,"damage_taken":0.0,"cards_upgraded":["hermit:Strike_Hermit","hermit:Strike_Hermit","hermit:Strike_Hermit","hermit:Strike_Hermit","hermit:Defend_Hermit","hermit:Defend_Hermit","hermit:Defend_Hermit","hermit:Defend_Hermit"]},{"damage_healed":0.0,"max_hp_gain":0.0,"max_hp_loss":0.0,"gold_gain":0.0,"event_name":"Cursed Tome","player_choice":"Obtained Book","floor":21.0,"gold_loss":0.0,"damage_taken":16.0},{"cards_removed":["Decay"],"damage_healed":0.0,"max_hp_gain":0.0,"max_hp_loss":0.0,"gold_gain":0.0,"event_name":"Bonfire Elementals","player_choice":"Offered Curse","floor":22.0,"gold_loss":0.0,"damage_taken":0.0,"relics_obtained":["Spirit Poop"]},{"damage_healed":0.0,"max_hp_gain":0.0,"max_hp_loss":0.0,"gold_gain":300.0,"event_name":"Wheel of Change","player_choice":"Gold","floor":36.0,"gold_loss":0.0,"damage_taken":0.0}],"is_beta":false,"boss_relics":[{"not_picked":["SlaversCollar","Astrolabe"],"picked":"Coffee Dripper"},{"not_picked":["Pandora\u0027s Box","Painkiller Herb"],"picked":"Replay:Ancient Bell"},{"not_picked":["Replay:Bandana","Centennial Puzzle"],"picked":"Anchor"},{"not_picked":["Pantograph","Divine Protection"],"picked":"Replay:WaspNest"},{"not_picked":["Replay:Towering Pillar of Hats","Prayer Wheel"],"picked":"Turnip"}],"items_purged_floors":[23,49,55],"is_endless":false,"potions_floor_spawned":[7,8,10,11,13,19,24,33,35,37,41,47,50],"ascension_level":0}}