{"host":"zxd2l8an9de7z7b9","time":1613930862,"event":{"mods":["100% Spire Juice","2.2 Compatiblity","AchievementEnabler","BaseMod","CapriCore","Colored Map","Colored Powertips","Marisa£¨Ùöéë¡¡Øª×âÞÞ£©","Minty Spire (QoL Compilation)","Rare Cards Sparkle","StSLib","SuperFastMode","Td1madao Mod","everything is the same but u backflip on backflip"],"gold_per_floor":[116,45,45,59,59,59,88,100,125,125,125,141,141,160,160,259,259,240,240,265,40,57,57,57,57,81,115,127,144,144,2,2,106,106,126,348,126,126,137,162,174,174,174,174,194,208,208,34,34,34],"floor_reached":51,"language":"KOR","playtime":2365,"items_purged":["Defend_G","Defend_G"],"score":693,"play_id":"5a26d8e6-0be8-4fa3-9d1f-a90c4dbf1953","local_time":"20210222030742","is_ascension_mode":false,"campfire_choices":[{"data":"Crippling Poison","floor":6.0,"key":"SMITH"},{"floor":11.0,"key":"REST"},{"data":"Cloak And Dagger","floor":13.0,"key":"SMITH"},{"data":"Accuracy","floor":15.0,"key":"SMITH"},{"floor":23.0,"key":"REST"},{"data":"Night Terror","floor":25.0,"key":"SMITH"},{"floor":30.0,"key":"REST"},{"floor":32.0,"key":"REST"},{"floor":42.0,"key":"REST"},{"data":"Storm of Steel","floor":44.0,"key":"SMITH"},{"floor":49,"key":"REST"}],"circlet_count":0,"master_deck":["Defend_G+1","Defend_G+1","Survivor","Neutralize","Calculated Gamble+1","Accuracy+1","Crippling Poison+1","Acrobatics","Malaise","Tactician","Cloak And Dagger+1","Calculated Gamble","Night Terror+1","Expertise","Reflex","Accuracy","Backstab+1","Prepared","Unload","Well Laid Plans","Reflex+1","Storm of Steel+1","Burst+1","Finisher+1","Grand Finale+1","Cloak And Dagger","After Image","Blur+1","Backflip+1","Doppelganger"],"relics":["Ring of the Snake","War Paint","Potion Belt","Ornamental Fan","Dream Catcher","WristBlade","Red Mask","Chemical X","Lantern","Nunchaku","Astrolabe","Omamori","Meat on the Bone","Boot","WarpedTongs"],"acts_visited":["Exordium","TheCity","TheBeyond"],"potions_floor_usage":[50,50,50,50],"damage_taken":[{"damage":0.0,"enemies":"Jaw Worm","floor":1.0,"turns":5.0},{"damage":0.0,"enemies":"Cultist","floor":4.0,"turns":4.0},{"damage":33.0,"enemies":"3 Sentries","floor":7.0,"turns":17.0},{"damage":0.0,"enemies":"2 Louse","floor":8.0,"turns":3.0},{"damage":0.0,"enemies":"Exordium Wildlife","floor":12.0,"turns":4.0},{"damage":0.0,"enemies":"Looter","floor":14.0,"turns":3.0},{"damage":18.0,"enemies":"Hexaghost","floor":16.0,"turns":14.0},{"damage":15.0,"enemies":"2 Thieves","floor":18.0,"turns":4.0},{"damage":27.0,"enemies":"Masked Bandits","floor":20.0,"turns":6.0},{"damage":1.0,"enemies":"Shell Parasite","floor":22.0,"turns":5.0},{"damage":33.0,"enemies":"Gremlin Leader","floor":27.0,"turns":10.0},{"damage":10.0,"enemies":"Cultist and Chosen","floor":28.0,"turns":13.0},{"damage":0.0,"enemies":"Shelled Parasite and Fungi","floor":29.0,"turns":4.0},{"damage":28.0,"enemies":"Automaton","floor":33.0,"turns":12.0},{"damage":0.0,"enemies":"3 Darklings","floor":35.0,"turns":4.0},{"damage":7.0,"enemies":"Orb Walker","floor":39.0,"turns":2.0},{"damage":34.0,"enemies":"Reptomancer","floor":40.0,"turns":5.0},{"damage":5.0,"enemies":"Jaw Worm Horde","floor":41.0,"turns":4.0},{"damage":13.0,"enemies":"Writhing Mass","floor":45.0,"turns":7.0},{"damage":0.0,"enemies":"Transient","floor":46.0,"turns":5.0},{"damage":39,"enemies":"Donu and Deca","floor":50,"turns":6}],"seed_played":"-5891324663623107392","potions_obtained":[{"floor":4.0,"key":"SkillPotion"},{"floor":8.0,"key":"SkillPotion"},{"floor":12.0,"key":"LiquidMemories"},{"floor":14.0,"key":"Weak Potion"},{"floor":28.0,"key":"SneckoOil"},{"floor":29.0,"key":"Swift Potion"},{"floor":35.0,"key":"Swift Potion"},{"floor":38.0,"key":"CultistPotion"},{"floor":38.0,"key":"FearPotion"},{"floor":41.0,"key":"Ancient Potion"},{"floor":46,"key":"Fire Potion"}],"is_trial":false,"path_per_floor":["M","$","?","M","?","R","E","M","T","?","R","M","R","M","R","B",null,"M","?","?","$","M","R","?","R","T","E","M","M","R","$","R","B",null,"M","?","$","?","M","E","M","R","T","R","M","M","?","$","R","B",null],"character_chosen":"THE_SILENT","items_purchased":["Accuracy","Accuracy","Chemical X","Well Laid Plans","CunningPotion","Omamori","Doppelganger"],"campfire_rested":6,"item_purchase_floors":[2,21,21,31,31,37,48],"current_hp_per_floor":[70,70,70,70,58,58,25,25,25,18,39,39,39,39,39,21,70,55,55,28,28,27,48,48,48,48,15,5,5,26,26,47,19,70,70,70,70,70,63,29,36,57,57,57,44,44,44,44,65,38],"gold":34,"neow_bonus":"RANDOM_COMMON_RELIC","is_daily":false,"chose_seed":false,"campfire_upgraded":5,"win_rate":0.0,"timestamp":1613930862,"path_taken":["M","$","?","?","?","R","E","M","T","?","R","M","R","M","R","BOSS","M","?","?","$","M","R","?","R","T","E","M","?","R","?","R","BOSS","M","?","$","?","M","E","M","R","T","R","M","?","?","?","R","BOSS"],"items_purchased_type":["Card","Card","Relic","Card","Potion","Relic","Card"],"build_version":"2020-12-22","purchased_purges":2,"victory":true,"max_hp_per_floor":[70,70,70,70,70,70,70,70,70,70,70,70,70,70,70,70,70,70,70,70,70,70,70,70,70,70,70,70,70,70,70,70,70,70,70,70,70,70,70,70,70,70,70,70,70,70,70,70,70,70],"card_choices":[{"not_picked":["Outmaneuver","Dagger Spray"],"picked":"Calculated Gamble","floor":1.0},{"not_picked":["Choke","Dagger Spray"],"picked":"Crippling Poison","floor":4.0},{"not_picked":["Flying Knee","Choke"],"picked":"Acrobatics","floor":7.0},{"not_picked":["Sucker Punch","Endless Agony"],"picked":"Malaise","floor":8.0},{"not_picked":["Dodge and Roll","Flying Knee"],"picked":"Tactician","floor":11.0},{"not_picked":["Flying Knee","Leg Sweep"],"picked":"Cloak And Dagger","floor":12.0},{"not_picked":["Underhanded Strike","Bane"],"picked":"Calculated Gamble","floor":14.0},{"not_picked":["Glass Knife","Wraith Form v2"],"picked":"Night Terror","floor":16.0},{"not_picked":["Sucker Punch","Prepared"],"picked":"Expertise","floor":18.0},{"not_picked":["Setup","Sucker Punch"],"picked":"Reflex","floor":20.0},{"not_picked":["Sucker Punch","Underhanded Strike","PiercingWail"],"picked":"SKIP","floor":22.0},{"not_picked":["Dagger Throw","Bouncing Flask"],"picked":"Backstab+1","floor":23.0},{"not_picked":["Flying Knee+1","Masterful Stab","Prepared"],"picked":"SKIP","floor":27.0},{"not_picked":["Flechettes+1","Flying Knee","Dodge and Roll+1"],"picked":"SKIP","floor":28.0},{"not_picked":["All Out Attack","Dagger Spray"],"picked":"Unload","floor":29.0},{"not_picked":["Underhanded Strike+1","Flying Knee"],"picked":"Reflex+1","floor":32.0},{"not_picked":["Doppelganger","Corpse Explosion"],"picked":"Storm of Steel","floor":33.0},{"not_picked":["Acrobatics","Noxious Fumes","Deadly Poison"],"picked":"SKIP","floor":35.0},{"not_picked":["Poisoned Stab+1","Outmaneuver+1"],"picked":"Cloak And Dagger","floor":39.0},{"not_picked":["Cloak And Dagger+1","Prepared+1"],"picked":"After Image","floor":40.0},{"not_picked":["Outmaneuver+1","Skewer+1","Poisoned Stab+1"],"picked":"SKIP","floor":41.0},{"not_picked":["Deadly Poison+1","Prepared"],"picked":"Blur+1","floor":42.0},{"not_picked":["Caltrops","Underhanded Strike+1","Bane+1"],"picked":"SKIP","floor":45.0},{"not_picked":["Terror","Underhanded Strike"],"picked":"Backflip+1","floor":46}],"player_experience":429313,"relics_obtained":[{"floor":7.0,"key":"Ornamental Fan"},{"floor":9.0,"key":"Dream Catcher"},{"floor":20.0,"key":"Red Mask"},{"floor":26.0,"key":"Lantern"},{"floor":27.0,"key":"Nunchaku"},{"floor":40.0,"key":"Meat on the Bone"},{"floor":43.0,"key":"Boot"}],"event_choices":[{"damage_healed":0.0,"max_hp_gain":0.0,"max_hp_loss":0.0,"gold_gain":0.0,"event_name":"Upgrade Shrine","player_choice":"Upgraded","floor":3.0,"gold_loss":0.0,"damage_taken":0.0,"cards_upgraded":["Calculated Gamble"]},{"damage_healed":0.0,"max_hp_gain":0.0,"max_hp_loss":0.0,"gold_gain":0.0,"event_name":"Scrap Ooze","player_choice":"Success","floor":5.0,"gold_loss":0.0,"damage_taken":12.0,"relics_obtained":["Potion Belt"]},{"cards_removed":["Strike_G"],"damage_healed":0.0,"max_hp_gain":0.0,"max_hp_loss":0.0,"gold_gain":0.0,"event_name":"Golden Wing","player_choice":"Card Removal","floor":10.0,"gold_loss":0.0,"damage_taken":7.0},{"cards_removed":["Strike_G"],"damage_healed":0.0,"max_hp_gain":0.0,"max_hp_loss":0.0,"gold_gain":0.0,"event_name":"Back to Basics","player_choice":"Elegance","floor":19.0,"gold_loss":0.0,"damage_taken":0.0},{"damage_healed":0.0,"max_hp_gain":0.0,"max_hp_loss":0.0,"gold_gain":0.0,"event_name":"Masked Bandits","player_choice":"Fought Bandits","floor":20.0,"gold_loss":0.0,"damage_taken":0.0},{"damage_healed":0.0,"max_hp_gain":0.0,"max_hp_loss":0.0,"gold_gain":0.0,"cards_transformed":["Strike_G"],"event_name":"Transmorgrifier","player_choice":"Transformed","floor":24.0,"gold_loss":0.0,"damage_taken":0.0,"cards_obtained":["Prepared"]},{"damage_healed":0.0,"max_hp_gain":0.0,"max_hp_loss":0.0,"gold_gain":222.0,"event_name":"Tomb of Lord Red Mask","player_choice":"Wore Mask","floor":36.0,"gold_loss":0.0,"damage_taken":0.0},{"damage_healed":0.0,"max_hp_gain":0.0,"max_hp_loss":0.0,"gold_gain":0.0,"event_name":"Lab","player_choice":"Got Potions","floor":38.0,"gold_loss":0.0,"damage_taken":0.0},{"damage_healed":0,"gold_gain":0,"player_choice":"Rummage","damage_taken":0,"relics_obtained":["WarpedTongs"],"max_hp_gain":0,"max_hp_loss":0,"event_name":"Accursed Blacksmith","floor":47,"gold_loss":0,"cards_obtained":["Pain"]}],"is_beta":false,"boss_relics":[{"not_picked":["Empty Cage","Pandora\u0027s Box"],"picked":"WristBlade"},{"not_picked":["Coffee Dripper","Sozu"],"picked":"Astrolabe"}],"items_purged_floors":[37,48],"is_endless":false,"potions_floor_spawned":[4,8,12,14,28,29,35,41,46],"ascension_level":0}}