{"host":"rw1trt79hfpl7pom","time":1613881662,"event":{"mods":["BaseMod","Bestiary","Colored Map","Jorbs\u0027s Wanderer Trilogy","Minty Spire (QoL Compilation)","Relic Stats","StSLib","SuperFastMode"],"gold_per_floor":[117,135,210,221,146,146,146],"floor_reached":6,"language":"ENG","playtime":294,"items_purged":[],"score":72,"play_id":"aa2792ff-7b05-4c40-89cb-00198e4f7ff7","local_time":"20210220202742","is_ascension_mode":true,"campfire_choices":[],"circlet_count":0,"master_deck":["AscendersBane","stsjorbsmod:ForbiddenGrimoire+1","stsjorbsmod:Strike_Wanderer","stsjorbsmod:Strike_Wanderer","stsjorbsmod:Strike_Wanderer","stsjorbsmod:Defend_Wanderer","stsjorbsmod:Defend_Wanderer","stsjorbsmod:FreshAdventure","stsjorbsmod:EyeOfTheStorm","stsjorbsmod:RayOfFrost","stsjorbsmod:FindFamiliar","stsjorbsmod:ArcaneWeapon"],"relics":["Empty Cage"],"acts_visited":["Exordium"],"potions_floor_usage":[6,6],"damage_taken":[{"damage":5.0,"enemies":"Small Slimes","floor":1.0,"turns":6.0},{"damage":4.0,"enemies":"2 Louse","floor":2.0,"turns":3.0},{"damage":2.0,"enemies":"Jaw Worm","floor":4.0,"turns":4.0},{"damage":43,"enemies":"3 Sentries","floor":6,"turns":4}],"seed_played":"524280124053765272","potions_obtained":[{"floor":2.0,"key":"FearPotion"},{"floor":4.0,"key":"stsjorbsmod:LiquidVirtue"}],"is_trial":false,"path_per_floor":["M","M","?","M","?","E"],"character_chosen":"WANDERER","items_purchased":[],"campfire_rested":0,"item_purchase_floors":[],"current_hp_per_floor":[53,49,38,36,36,0,0],"gold":146,"neow_bonus":"BOSS_RELIC","is_daily":false,"chose_seed":false,"campfire_upgraded":0,"win_rate":0.0,"timestamp":1613881662,"path_taken":["M","M","?","M","?","E"],"items_purchased_type":[],"build_version":"2020-12-22","purchased_purges":0,"victory":false,"max_hp_per_floor":[64,64,64,64,64,64,64],"relic_stats":{"counters":[4,17],"obtain_stats":[{"stsjorbsmod:GrimoireRelic":0,"Empty Cage":0},{"stsjorbsmod:GrimoireRelic":0,"Empty Cage":0},{"stsjorbsmod:GrimoireRelic":0,"Empty Cage":0}]},"card_choices":[{"not_picked":["stsjorbsmod:FaerieFire","stsjorbsmod:ChainLightning"],"picked":"stsjorbsmod:RayOfFrost","floor":1.0},{"not_picked":["stsjorbsmod:TrueStrike","stsjorbsmod:DoubleCheck"],"picked":"stsjorbsmod:FindFamiliar","floor":2.0},{"not_picked":["stsjorbsmod:Hurt","stsjorbsmod:LoseGrip"],"picked":"stsjorbsmod:ArcaneWeapon","floor":4.0}],"player_experience":2845174,"relics_obtained":[],"event_choices":[{"damage_healed":0.0,"max_hp_gain":0.0,"max_hp_loss":0.0,"gold_gain":75.0,"event_name":"World of Goop","player_choice":"Gather Gold","floor":3.0,"gold_loss":0.0,"damage_taken":11.0},{"cards_removed":["stsjorbsmod:Defend_Wanderer"],"damage_healed":0.0,"max_hp_gain":0.0,"max_hp_loss":0.0,"gold_gain":0.0,"event_name":"The Cleric","player_choice":"Card Removal","floor":5.0,"gold_loss":75.0,"damage_taken":0.0}],"is_beta":false,"boss_relics":[],"items_purged_floors":[],"is_endless":false,"potions_floor_spawned":[2,4],"killed_by":"3 Sentries","ascension_level":20}}