{"host":"ur8591ivwt16uwtw","time":1613943770,"event":{"mods":["BaseMod","Hubris","Minty Spire (QoL Compilation)","Rare Cards Sparkle","Replay The Spire","StSLib","The Bug Knight","The Cursed","The Disciple","The Hierophant","The Runesmith"],"gold_per_floor":[119,119,130,147,163,180,180,180,180,180,210,220,220,233,233,328,328,346,357,357,384,394,420,420,420,420,345,369,369,382,416,416,443,443,443,443],"floor_reached":35,"language":"ENG","playtime":3196,"items_purged":[],"score":367,"play_id":"386706dd-ac59-405c-a5f1-1a8be450f6f0","local_time":"20210221224250","is_ascension_mode":false,"campfire_choices":[{"data":"TiringSlam","floor":7,"key":"SMITH"},{"data":"LockedThread","floor":13,"key":"SMITH"},{"data":"LockedThread","floor":15,"key":"SMITH"},{"data":"ExoVibe","floor":24,"key":"SMITH"},{"data":"WatchCommand","floor":29,"key":"SMITH"},{"data":"DaylightSavings","floor":32,"key":"SMITH"},{"data":"PatternShift","floor":34,"key":"SMITH"}],"circlet_count":0,"master_deck":["Strike_Br","Strike_Br","Strike_Br","Defend_Br","Defend_Br","Defend_Br","Defend_Br","SecondHand+1","PatternShift+1","LockedThread+1","LockedThread+1","TiringSlam+1","HandsUpB","DaylightSavings+4","WatchCommand+1","Keepsakes","Echonomics+1","HandsUpB+1","LockedTornado","BlueShift+1","BackFourSeconds","ExoVibe+9","AlternateTimeline+1","DaylightSavings+2"],"relics":["Chronometer","Replay:Towering Pillar of Hats","Nitrogen?","Mercury Hourglass","Replay:Grab Bag","Coffee Dripper","Replay:Bronze Core","Ring of Chaos","MealTicket","BlueBox","Nunchaku","Ginger","ReplayFunnel"],"acts_visited":["Exordium","TheCity"],"potions_floor_usage":[11,22,23,33,35],"damage_taken":[{"damage":0,"enemies":"Cultist","floor":1,"turns":6},{"damage":0,"enemies":"2 Louse","floor":3,"turns":4},{"damage":0,"enemies":"Jaw Worm","floor":4,"turns":5},{"damage":0,"enemies":"Exordium Wildlife","floor":5,"turns":7},{"damage":11,"enemies":"2 Fungi Beasts","floor":6,"turns":5},{"damage":2,"enemies":"3 Sentries","floor":11,"turns":15},{"damage":0,"enemies":"Blue Slaver","floor":12,"turns":4},{"damage":0,"enemies":"Large Slime","floor":14,"turns":6},{"damage":0,"enemies":"Slime Boss","floor":16,"turns":9},{"damage":2,"enemies":"Shell Parasite","floor":18,"turns":7},{"damage":0,"enemies":"3 Byrds","floor":19,"turns":5},{"damage":16,"enemies":"Snake Plant","floor":22,"turns":6},{"damage":26,"enemies":"Slavers","floor":23,"turns":7},{"damage":0,"enemies":"Cultist and Chosen","floor":30,"turns":10},{"damage":7,"enemies":"Book of Stabbing","floor":31,"turns":10},{"damage":21,"enemies":"Gremlin Leader","floor":33,"turns":6},{"damage":18,"enemies":"hubris:MusketHawk","floor":35,"turns":2}],"seed_played":"9015497336158800488","potions_obtained":[{"floor":4,"key":"Toxic Potion"},{"floor":12,"key":"Reflective Coating"},{"floor":14,"key":"ColorlessPotion"},{"floor":19,"key":"Explosive Potion"},{"floor":22,"key":"DuplicationPotion"},{"floor":23,"key":"SneckoOil"},{"floor":33,"key":"Fire Potion"}],"is_trial":false,"path_per_floor":["M","?","M","M","M","M","R","?","T","?","E","M","R","M","R","B",null,"M","M","?","T","M","E","R","PTL","PTL","?","T","R","M","E","R","E","R","B"],"character_chosen":"CHRONO_CLASS","items_purchased":[],"campfire_rested":0,"item_purchase_floors":[],"current_hp_per_floor":[71,71,71,71,71,60,60,65,65,65,63,63,63,63,63,63,76,74,74,74,74,58,32,32,32,32,32,32,32,32,25,25,14,14,0,0],"gold":443,"neow_bonus":"TEN_PERCENT_HP_BONUS","is_daily":false,"chose_seed":false,"campfire_upgraded":7,"win_rate":0.0,"timestamp":1613943770,"path_taken":["M","?","M","M","M","?","R","?","T","?","E","M","R","M","R","BOSS","M","M","?","?","M","E","R","PTL","PTL","?","T","R","M","E","R","E","R","BOSS"],"items_purchased_type":[],"build_version":"2020-12-22","purchased_purges":0,"victory":false,"max_hp_per_floor":[71,71,71,71,71,71,71,76,76,76,76,76,76,76,76,76,76,76,76,76,76,76,76,76,76,76,76,76,76,76,76,76,76,76,76,76],"card_choices":[{"not_picked":["ExoVibe","LockedWarPaint"],"picked":"LockedThread","floor":1},{"not_picked":["Engulf","PrimeTime"],"picked":"LockedThread","floor":3},{"not_picked":["BeatsPerMinute","Recurrance","BiteCommand"],"picked":"SKIP","floor":4},{"not_picked":["WindUp","LockedBlood"],"picked":"TiringSlam","floor":5},{"not_picked":["AlternateTimeline","LockedAnchor"],"picked":"HandsUpB","floor":6},{"not_picked":["LockedMedicine","LockedCalendar"],"picked":"DaylightSavings","floor":11},{"not_picked":["LockedMawBank","Parity"],"picked":"WatchCommand","floor":12},{"not_picked":["ExoVibe","LockedAnchor"],"picked":"Keepsakes","floor":14},{"not_picked":["LockedBell","BackFourSeconds"],"picked":"Echonomics","floor":16},{"not_picked":["LockedMedicine","PrimeTime"],"picked":"HandsUpB+1","floor":18},{"not_picked":["Echoward+1","ReapSow"],"picked":"LockedTornado","floor":19},{"not_picked":["Chronoelasticity","DaylightSavings"],"picked":"BlueShift+1","floor":22},{"not_picked":["BiteCommand","LockedUrn","LockedScales"],"picked":"SKIP","floor":23},{"not_picked":["CrunchTime","LockedBlood"],"picked":"AlternateTimeline+1","floor":30},{"not_picked":["ReapSow","LockedCalendar","CrunchTime"],"picked":"SKIP","floor":31},{"not_picked":["Engulf","PrimeTime+1"],"picked":"DaylightSavings+1","floor":33}],"player_experience":2440013,"relics_obtained":[{"floor":9,"key":"Replay:Towering Pillar of Hats"},{"floor":11,"key":"Mercury Hourglass"},{"floor":21,"key":"MealTicket"},{"floor":23,"key":"BlueBox"},{"floor":28,"key":"Nunchaku"},{"floor":31,"key":"Ginger"},{"floor":33,"key":"ReplayFunnel"}],"event_choices":[{"damage_healed":0,"gold_gain":0,"player_choice":"Upgraded","damage_taken":0,"max_hp_gain":0,"max_hp_loss":0,"event_name":"Upgrade Shrine","floor":2,"gold_loss":0,"cards_upgraded":["SecondHand"]},{"damage_healed":0,"gold_gain":0,"player_choice":"Donut","damage_taken":0,"max_hp_gain":5,"max_hp_loss":0,"event_name":"Big Fish","floor":8,"gold_loss":0},{"cards_removed":["Strike_Br"],"damage_healed":0,"gold_gain":0,"player_choice":"Gave Gold","damage_taken":0,"max_hp_gain":0,"max_hp_loss":0,"event_name":"Beggar","floor":27,"gold_loss":75}],"is_beta":false,"boss_relics":[{"not_picked":["Empty Cage","Philosopher\u0027s Stone"],"picked":"Replay:Grab Bag"},{"not_picked":["ReplayTheSpireMod:Onyx Gauntlets","Runesmith:UraniumAnvil"],"picked":"Coffee Dripper"},{"not_picked":["Velvet Choker","Ectoplasm"],"picked":"Replay:Bronze Core"},{"not_picked":["Chronograph","Snecko Heart"],"picked":"Ring of Chaos"}],"items_purged_floors":[],"is_endless":false,"potions_floor_spawned":[4,12,14,19,22,23,33],"killed_by":"hubris:MusketHawk","ascension_level":0}}