{"host":"hahe3lxotqh08ugn","time":1613889799,"event":{"mods":["AchievementEnabler","BaseMod","Googly Eyes","Hermit","Minty Spire (QoL Compilation)","Quick Restart","StSLib","The Cursed","The Hierophant"],"gold_per_floor":[109,129,129,304,321,321,332,302,302,336,354,369,140,155,155,252,252,263,279,313,313,332,332,344,269,269,64,64,76,76,76,76,175,225,237,287,387,405,78,78,78],"floor_reached":40,"language":"ENG","playtime":1898,"items_purged":["Regret","Doubt","Spot Weakness"],"score":427,"play_id":"4eb496c1-5375-45c9-b421-25d4c0a532e2","local_time":"20210221014319","is_ascension_mode":true,"campfire_choices":[{"floor":6,"key":"REST"},{"floor":15,"key":"REST"},{"floor":23,"key":"REST"},{"floor":28,"key":"REST"},{"floor":30,"key":"REST"},{"data":"Juggernaut","floor":32,"key":"SMITH"}],"circlet_count":0,"master_deck":["Strike_R+1","Strike_R+1","Strike_R+1","Strike_R+1","Strike_R+1","Defend_R+1","Defend_R+1","Defend_R+1","Defend_R+1","Shrug It Off","Iron Wave+1","Juggernaut+1","Pommel Strike","Rage","Inflame","Armaments+1","Juggernaut","Ghostly Armor","Body Slam+1","Armaments","Barricade","Battle Trance","Iron Wave+1"],"relics":["Burning Blood","Ginger","Gremlin Horn","Letter Opener","Mark of Pain","Red Mask","Sundial","Tiny House","Girya","Lantern"],"acts_visited":["Exordium","TheCity","TheBeyond"],"potions_floor_usage":[10,11,12,14,20,24,33,33,35,36,40,40],"damage_taken":[{"damage":23,"enemies":"Jaw Worm","floor":1,"turns":5},{"damage":11,"enemies":"2 Louse","floor":2,"turns":3},{"damage":7,"enemies":"Small Slimes","floor":5,"turns":4},{"damage":17,"enemies":"Red Slaver","floor":7,"turns":4},{"damage":30,"enemies":"Gremlin Nob","floor":10,"turns":4},{"damage":25,"enemies":"Exordium Wildlife","floor":11,"turns":5},{"damage":15,"enemies":"Large Slime","floor":12,"turns":7},{"damage":10,"enemies":"Exordium Thugs","floor":14,"turns":5},{"damage":31,"enemies":"Hexaghost","floor":16,"turns":11},{"damage":23,"enemies":"Chosen","floor":18,"turns":5},{"damage":16,"enemies":"Shell Parasite","floor":19,"turns":5},{"damage":55,"enemies":"Masked Bandits","floor":20,"turns":5},{"damage":6,"enemies":"Snake Plant","floor":22,"turns":4},{"damage":17,"enemies":"Centurion and Healer","floor":24,"turns":6},{"damage":30,"enemies":"Snecko","floor":29,"turns":6},{"damage":55,"enemies":"Automaton","floor":33,"turns":9},{"damage":63,"enemies":"3 Darklings","floor":35,"turns":6},{"damage":0,"enemies":"Mind Bloom Boss Battle","floor":36,"turns":7},{"damage":16,"enemies":"Orb Walker","floor":38,"turns":4},{"damage":40,"enemies":"Giant Head","floor":40,"turns":8}],"seed_played":"1805495144194661587","potions_obtained":[{"floor":8,"key":"Regen Potion"},{"floor":8,"key":"Fire Potion"},{"floor":10,"key":"Ancient Potion"},{"floor":11,"key":"EssenceOfSteel"},{"floor":12,"key":"FairyPotion"},{"floor":19,"key":"Dexterity Potion"},{"floor":22,"key":"Fire Potion"},{"floor":24,"key":"LiquidMemories"},{"floor":29,"key":"HeartOfIron"},{"floor":33,"key":"Strength Potion"},{"floor":34,"key":"ElixirPotion"},{"floor":38,"key":"Fire Potion"}],"is_trial":false,"path_per_floor":["M","M","?","?","M","R","M","?","T","E","M","M","$","M","R","B",null,"M","M","?","?","M","R","M","?","T","$","R","M","R","?","R","B",null,"M","?","?","M","$","E"],"character_chosen":"IRONCLAD","items_purchased":["Inflame","Spot Weakness","BloodPotion","Armaments","PowerPotion","Dexterity Potion","Lantern"],"campfire_rested":5,"item_purchase_floors":[13,13,13,27,27,39,39],"current_hp_per_floor":[63,58,42,42,41,65,54,54,54,30,20,11,11,23,47,22,80,63,53,30,56,56,80,69,69,69,69,80,56,80,80,80,31,85,28,34,34,24,24,0,0],"gold":78,"neow_bonus":"ONE_RARE_RELIC","is_daily":false,"chose_seed":false,"campfire_upgraded":1,"win_rate":0.0,"timestamp":1613889799,"path_taken":["M","M","?","?","M","R","M","?","T","E","M","?","$","M","R","BOSS","M","M","?","?","?","R","M","?","T","$","R","M","R","?","R","BOSS","M","?","?","M","$","E"],"items_purchased_type":["Card","Card","Potion","Card","Potion","Potion","Relic"],"build_version":"2020-12-22","purchased_purges":3,"victory":false,"max_hp_per_floor":[80,80,80,80,80,80,80,80,80,80,80,80,80,80,80,80,80,80,80,80,80,80,80,80,80,80,80,80,80,80,80,80,80,85,85,85,85,85,85,85,85],"card_choices":[{"not_picked":["Clothesline","Thunderclap"],"picked":"Shrug It Off","floor":1},{"not_picked":["Cleave","Wild Strike"],"picked":"Iron Wave","floor":2},{"not_picked":["Body Slam","Sword Boomerang","Anger"],"picked":"SKIP","floor":5},{"not_picked":["Clash","Rampage","Dual Wield"],"picked":"SKIP","floor":7},{"not_picked":["Whirlwind","Warcry"],"picked":"Juggernaut","floor":10},{"not_picked":["True Grit","Combust"],"picked":"Pommel Strike","floor":11},{"not_picked":["Battle Trance","Thunderclap"],"picked":"Rage","floor":12},{"not_picked":["Heavy Blade","Infernal Blade"],"picked":"Armaments","floor":14},{"not_picked":["Double Tap","Brutality"],"picked":"Juggernaut","floor":16},{"not_picked":["Twin Strike+1","Perfected Strike","Armaments"],"picked":"SKIP","floor":18},{"not_picked":["Reckless Charge","Dual Wield"],"picked":"Ghostly Armor","floor":19},{"not_picked":["Warcry","Brutality"],"picked":"Body Slam+1","floor":22},{"not_picked":["Thunderclap","Clothesline","Disarm"],"picked":"SKIP","floor":24},{"not_picked":["Anger","Dark Embrace","Wild Strike+1"],"picked":"SKIP","floor":29},{"not_picked":["Limit Break","Juggernaut"],"picked":"Barricade","floor":33},{"not_picked":["Warcry+1","Clothesline","Body Slam"],"picked":"SKIP","floor":35},{"not_picked":["Havoc+1","Flex"],"picked":"Battle Trance","floor":36},{"not_picked":["Cleave+1","Heavy Blade+1"],"picked":"Iron Wave+1","floor":38}],"player_experience":297085,"relics_obtained":[{"floor":9,"key":"Gremlin Horn"},{"floor":10,"key":"Letter Opener"},{"floor":20,"key":"Red Mask"},{"floor":26,"key":"Sundial"},{"floor":36,"key":"Girya"}],"event_choices":[{"damage_healed":0,"gold_gain":0,"player_choice":"Entered Light","damage_taken":16,"max_hp_gain":0,"max_hp_loss":0,"event_name":"Shining Light","floor":3,"gold_loss":0,"cards_upgraded":["Iron Wave","Defend_R"]},{"damage_healed":0,"gold_gain":175,"player_choice":"AGREE","damage_taken":0,"max_hp_gain":0,"max_hp_loss":0,"event_name":"Liars Game","floor":4,"gold_loss":0,"cards_obtained":["Doubt"]},{"damage_healed":0,"gold_gain":0,"player_choice":"Bought 2 Potions","damage_taken":0,"max_hp_gain":0,"max_hp_loss":0,"event_name":"The Woman in Blue","floor":8,"gold_loss":0},{"damage_healed":0,"gold_gain":0,"player_choice":"Fought Bandits","damage_taken":0,"max_hp_gain":0,"max_hp_loss":0,"event_name":"Masked Bandits","floor":20,"gold_loss":0},{"damage_healed":26,"gold_gain":0,"player_choice":"Heal","damage_taken":0,"max_hp_gain":0,"max_hp_loss":0,"event_name":"The Library","floor":21,"gold_loss":0},{"cards_removed":["Bash"],"damage_healed":0,"gold_gain":0,"player_choice":"Gave Gold","damage_taken":0,"max_hp_gain":0,"max_hp_loss":0,"event_name":"Beggar","floor":25,"gold_loss":75},{"damage_healed":0,"gold_gain":0,"player_choice":"Simplicity","damage_taken":0,"max_hp_gain":0,"max_hp_loss":0,"event_name":"Back to Basics","floor":31,"gold_loss":0,"cards_upgraded":["Strike_R","Strike_R","Strike_R","Strike_R","Strike_R","Defend_R","Defend_R","Defend_R"]},{"damage_healed":0,"gold_gain":0,"player_choice":"Fight","damage_taken":0,"max_hp_gain":0,"max_hp_loss":0,"event_name":"MindBloom","floor":36,"gold_loss":0},{"damage_healed":0,"gold_gain":100,"player_choice":"Pray","damage_taken":0,"max_hp_gain":0,"max_hp_loss":0,"event_name":"Golden Shrine","floor":37,"gold_loss":0}],"is_beta":false,"boss_relics":[{"not_picked":["Runic Cube","Velvet Choker"],"picked":"Mark of Pain"},{"not_picked":["SacredBark","Cursed Key"],"picked":"Tiny House"}],"items_purged_floors":[13,27,39],"is_endless":false,"potions_floor_spawned":[10,11,12,19,22,24,29,33,38],"killed_by":"Giant Head","ascension_level":2}}