{"host":"d2y4rmbezebiv8aj","time":1613873060,"event":{"mods":["AchievementEnabler","BaseMod","Bestiary","BetterRewards","Colored Map","Colored Powertips","Custom Start","Highlight Path","Minty Spire (QoL Compilation)","Quick Restart","Rare Cards Sparkle","Relic Sorter","Relic Stats","Shop Mod","Slay-I","StSLib","SuperFastMode"],"gold_per_floor":[116,291,307,317,337,367,378,76,100,18,18,48,128,52,52,129,129,109,109,109,208,225,252,252,272,272,272,283,308,323,397,397,468,468,488,508,17,32,47,47,82,82,82,114,114,143,159,187,187,187],"floor_reached":51,"language":"DEU","playtime":2067,"items_purged":["Doubt"],"score":1800,"play_id":"57351d95-3b14-4a86-ab52-1c577e59f1d0","local_time":"20210221030420","is_ascension_mode":true,"campfire_choices":[{"floor":11.0,"key":"REST"},{"data":"Capacitor","floor":15.0,"key":"SMITH"},{"data":"White Noise","floor":24.0,"key":"SMITH"},{"data":"Storm","floor":32.0,"key":"SMITH"},{"data":"Creative AI","floor":40,"key":"SMITH"},{"data":"Echo Form","floor":42,"key":"SMITH"},{"data":"Defragment","floor":49,"key":"SMITH"}],"circlet_count":0,"master_deck":["AscendersBane","Strike_B+1","Strike_B+1","Strike_B+1","Strike_B+1","Defend_B+1","Defend_B+1","Defend_B+1","Defend_B+1","Zap","Dualcast","Glacier","Defragment+1","BootSequence","Self Repair","BootSequence","Cold Snap","Static Discharge","Machine Learning","Heatsinks","Streamline","Darkness","Self Repair","White Noise+1","Capacitor+1","Seek","Cold Snap","J.A.X.","Conserve Battery+1","Capacitor+1","Heatsinks","Storm+1","Storm","Turbo+1","Creative AI+1","Static Discharge","Loop","Parasite","Echo Form+1","Storm","Loop+1","Turbo+1","Self Repair"],"relics":["Cracked Core","Bird Faced Urn","Lizard Tail","Blood Vial","Orrery","Oddly Smooth Stone","Juzu Bracelet","Cables","SlaversCollar","Anchor","Darkstone Periapt","Enchiridion","Toxic Egg 2","The Courier","Inserter","Medical Kit","Art of War","Pear","CaptainsWheel","Blue Candle","TungstenRod","Centennial Puzzle","Omamori"],"acts_visited":["Exordium","TheCity","TheBeyond"],"potions_floor_usage":[38,50],"damage_taken":[{"damage":2.0,"enemies":"Jaw Worm","floor":1.0,"turns":5.0},{"damage":10.0,"enemies":"Small Slimes","floor":3.0,"turns":6.0},{"damage":0.0,"enemies":"2 Louse","floor":4.0,"turns":5.0},{"damage":10.0,"enemies":"Large Slime","floor":5.0,"turns":12.0},{"damage":39.0,"enemies":"Lagavulin","floor":6.0,"turns":12.0},{"damage":7.0,"enemies":"2 Fungi Beasts","floor":7.0,"turns":6.0},{"damage":28.0,"enemies":"3 Sentries","floor":12.0,"turns":11.0},{"damage":34.0,"enemies":"Slime Boss","floor":16.0,"turns":8.0},{"damage":22.0,"enemies":"2 Thieves","floor":18.0,"turns":4.0},{"damage":15.0,"enemies":"Chosen","floor":22.0,"turns":7.0},{"damage":53.0,"enemies":"Gremlin Leader","floor":23.0,"turns":12.0},{"damage":33.0,"enemies":"Shelled Parasite and Fungi","floor":25.0,"turns":12.0},{"damage":19.0,"enemies":"Snake Plant","floor":28.0,"turns":5.0},{"damage":40.0,"enemies":"Book of Stabbing","floor":29.0,"turns":7.0},{"damage":20.0,"enemies":"Chosen and Byrds","floor":30.0,"turns":8.0},{"damage":5.0,"enemies":"Automaton","floor":33.0,"turns":11.0},{"damage":12.0,"enemies":"Orb Walker","floor":35.0,"turns":3.0},{"damage":42.0,"enemies":"3 Darklings","floor":36.0,"turns":6.0},{"damage":32,"enemies":"Jaw Worm Horde","floor":38,"turns":5},{"damage":13,"enemies":"Writhing Mass","floor":39,"turns":4},{"damage":39,"enemies":"Nemesis","floor":41,"turns":5},{"damage":1,"enemies":"Giant Head","floor":44,"turns":7},{"damage":0,"enemies":"Reptomancer","floor":46,"turns":4},{"damage":4,"enemies":"Maw","floor":47,"turns":4},{"damage":12,"enemies":"Nemesis","floor":48,"turns":5},{"damage":62,"enemies":"Donu and Deca","floor":50,"turns":6}],"seed_played":"2939281567406912879","potions_obtained":[{"floor":4.0,"key":"FearPotion"},{"floor":6.0,"key":"PowerPotion"},{"floor":7.0,"key":"FearPotion"},{"floor":16.0,"key":"BlessingOfTheForge"},{"floor":18.0,"key":"Block Potion"},{"floor":25.0,"key":"SpeedPotion"},{"floor":30.0,"key":"GamblersBrew"},{"floor":41,"key":"BlessingOfTheForge"}],"is_trial":false,"path_per_floor":["M","?","M","M","M","E","M","$","T","$","R","E","T","$","R","B",null,"M","?","?","?","M","E","R","M","T","?","M","E","M","T","R","B",null,"M","M","$","M","M","R","E","R","T","E","?","E","M","E","R","B",null],"character_chosen":"DEFECT","items_purchased":["Bird Faced Urn","Blood Vial","Orrery","Self Repair","Capacitor","Medical Kit","Art of War","Pear"],"campfire_rested":1,"item_purchase_floors":[0,8,8,10,14,37,37,37],"current_hp_per_floor":[56,56,46,48,40,12,16,16,16,16,38,38,38,38,38,36,65,62,62,62,62,75,41,41,53,53,37,52,48,66,66,66,75,75,75,59,69,73,87,87,90,90,90,91,91,91,91,91,91,76],"gold":187,"neow_bonus":"","is_daily":false,"chose_seed":false,"campfire_upgraded":6,"win_rate":0.0,"timestamp":1613873060,"path_taken":["M","?","M","M","M","E","M","$","T","$","R","E","?","$","R","BOSS","M","?","?","?","M","E","R","M","T","?","M","E","M","?","R","BOSS","M","M","$","M","M","R","E","R","T","E","?","E","M","E","R","BOSS"],"items_purchased_type":["Relic","Relic","Relic","Card","Card","Relic","Relic","Relic"],"build_version":"2020-12-22","purchased_purges":1,"victory":true,"max_hp_per_floor":[75,75,75,75,75,75,75,75,75,75,75,75,75,75,75,75,75,75,75,75,75,75,75,75,75,75,75,75,75,75,75,75,75,75,75,75,85,85,91,91,91,91,91,91,91,91,91,91,91,91],"relic_stats":{"Darkstone Periapt":6,"Inserter":[32],"counters":[52,293],"Blue Candle":[6],"Juzu Bracelet":0,"Medical Kit":[0],"Cables":[111,79,31,1,0],"Blood Vial":25,"Lizard Tail":0,"Centennial Puzzle":[9],"Bird Faced Urn":[279],"Art of War":[30],"obtain_stats":[{"Darkstone Periapt":26,"Lantern":11,"Enchiridion":27,"Mango":8,"Runic Capacitor":21,"Juzu Bracelet":12,"Blood Vial":8,"Lizard Tail":6,"Centennial Puzzle":46,"Toxic Egg 2":29,"Cracked Core":0,"Inserter":17,"Pear":37,"NeowsBlessing":0,"Golden Idol":2,"Blue Candle":43,"Oddly Smooth Stone":9,"PreservedInsect":7,"The Courier":31,"Omamori":48,"Frozen Egg 2":9,"Orichalcum":17,"Question Card":17,"Medical Kit":37,"Mercury Hourglass":9,"WarpedTongs":20,"Cables":13,"Calling Bell":17,"SlaversCollar":17,"Anchor":23,"CaptainsWheel":41,"Bird Faced Urn":0,"Orrery":8,"Molten Egg 2":6,"Art of War":37,"Symbiotic Virus":10,"TungstenRod":8,"Pocketwatch":17},{"Darkstone Periapt":38,"Lantern":19,"Enchiridion":38,"Mango":19,"Runic Capacitor":10,"Juzu Bracelet":33,"Blood Vial":32,"Lizard Tail":31,"Centennial Puzzle":49,"Toxic Egg 2":40,"Cracked Core":0,"Inserter":22,"Pear":44,"NeowsBlessing":0,"Golden Idol":1,"Blue Candle":47,"Oddly Smooth Stone":32,"PreservedInsect":18,"The Courier":41,"Omamori":51,"Frozen Egg 2":4,"Orichalcum":8,"Question Card":8,"Medical Kit":44,"Mercury Hourglass":19,"WarpedTongs":24,"Cables":33,"Calling Bell":8,"SlaversCollar":34,"Anchor":37,"CaptainsWheel":47,"Bird Faced Urn":26,"Orrery":32,"Molten Egg 2":3,"Art of War":44,"Symbiotic Virus":5,"TungstenRod":4,"Pocketwatch":8},{"Darkstone Periapt":213,"Lantern":82,"Enchiridion":213,"Mango":82,"Runic Capacitor":43,"Juzu Bracelet":170,"Blood Vial":159,"Lizard Tail":153,"Centennial Puzzle":278,"Toxic Egg 2":225,"Cracked Core":0,"Inserter":94,"Pear":253,"NeowsBlessing":0,"Golden Idol":1,"Blue Candle":267,"Oddly Smooth Stone":159,"PreservedInsect":77,"The Courier":233,"Omamori":287,"Frozen Egg 2":8,"Orichalcum":30,"Question Card":30,"Medical Kit":253,"Mercury Hourglass":82,"WarpedTongs":102,"Cables":170,"Calling Bell":30,"SlaversCollar":178,"Anchor":201,"CaptainsWheel":267,"Bird Faced Urn":113,"Orrery":159,"Molten Egg 2":3,"Art of War":253,"Symbiotic Virus":15,"TungstenRod":8,"Pocketwatch":30}],"TungstenRod":12},"card_choices":[{"not_picked":["Streamline","Steam"],"picked":"Glacier","floor":1.0},{"not_picked":["Steam","Go for the Eyes"],"picked":"Defragment","floor":3.0},{"not_picked":["Gash","Conserve Battery"],"picked":"BootSequence","floor":4.0},{"not_picked":["Turbo","Streamline"],"picked":"Self Repair","floor":5.0},{"not_picked":["Rip and Tear","FTL"],"picked":"BootSequence","floor":6.0},{"not_picked":["Barrage","Thunder Strike"],"picked":"Cold Snap","floor":7.0},{"not_picked":["Core Surge","Steam"],"picked":"Static Discharge","floor":8.0},{"not_picked":["Rip and Tear","Tempest"],"picked":"Machine Learning","floor":8.0},{"not_picked":["FTL","Blizzard"],"picked":"Heatsinks","floor":8.0},{"not_picked":["Coolheaded","Stack"],"picked":"Streamline","floor":8.0},{"not_picked":["Stack","Leap"],"picked":"Darkness","floor":8.0},{"not_picked":["Gash","Fission"],"picked":"White Noise","floor":12.0},{"not_picked":["Fission","Thunder Strike"],"picked":"Seek","floor":16.0},{"not_picked":["Barrage","Streamline"],"picked":"Cold Snap","floor":18.0},{"not_picked":["Redo","Stack+1"],"picked":"Conserve Battery+1","floor":22.0},{"not_picked":["Coolheaded","Tempest"],"picked":"Capacitor+1","floor":23.0},{"not_picked":["Gash","Recycle"],"picked":"Heatsinks","floor":25.0},{"not_picked":["FTL","Go for the Eyes"],"picked":"Storm","floor":28.0},{"not_picked":["Machine Learning","Streamline"],"picked":"Storm","floor":29.0},{"not_picked":["Leap+1","Reprogram+1"],"picked":"Turbo+1","floor":30.0},{"not_picked":["Reboot+1","Biased Cognition"],"picked":"Creative AI","floor":33.0},{"not_picked":["Conserve Battery+1","Coolheaded+1"],"picked":"Static Discharge","floor":35.0},{"not_picked":["Steam+1","Coolheaded+1"],"picked":"Loop","floor":36.0},{"not_picked":["Steam+1","Go for the Eyes","Sweeping Beam+1"],"picked":"SKIP","floor":38},{"not_picked":["Lockon+1","Redo+1"],"picked":"Echo Form","floor":39},{"not_picked":["Reboot+1","Glacier+1"],"picked":"Storm","floor":41},{"not_picked":["Scrape","Doom and Gloom"],"picked":"Loop","floor":44},{"not_picked":["Rebound+1","Melter"],"picked":"Turbo+1","floor":46},{"not_picked":["Leap+1","Coolheaded+1"],"picked":"Self Repair","floor":47},{"not_picked":["Steam+1","Doom and Gloom","Turbo+1"],"picked":"SKIP","floor":48}],"player_experience":434601,"relics_obtained":[{"floor":6.0,"key":"Lizard Tail"},{"floor":9.0,"key":"Oddly Smooth Stone"},{"floor":12.0,"key":"Juzu Bracelet"},{"floor":13.0,"key":"Cables"},{"floor":23.0,"key":"Anchor"},{"floor":26.0,"key":"Darkstone Periapt"},{"floor":27.0,"key":"Enchiridion"},{"floor":29.0,"key":"Toxic Egg 2"},{"floor":31.0,"key":"The Courier"},{"floor":41,"key":"CaptainsWheel"},{"floor":43,"key":"Blue Candle"},{"floor":44,"key":"TungstenRod"},{"floor":46,"key":"Centennial Puzzle"},{"floor":48,"key":"Omamori"}],"event_choices":[{"damage_healed":0.0,"max_hp_gain":0.0,"max_hp_loss":0.0,"gold_gain":175.0,"event_name":"Liars Game","player_choice":"AGREE","floor":2.0,"gold_loss":0.0,"damage_taken":0.0,"cards_obtained":["Doubt"]},{"damage_healed":0.0,"max_hp_gain":0.0,"max_hp_loss":0.0,"gold_gain":0.0,"event_name":"Drug Dealer","player_choice":"Obtain J.A.X.","floor":19.0,"gold_loss":0.0,"damage_taken":0.0,"cards_obtained":["J.A.X."]},{"damage_healed":0.0,"max_hp_gain":0.0,"max_hp_loss":0.0,"gold_gain":0.0,"event_name":"Back to Basics","player_choice":"Simplicity","floor":20.0,"gold_loss":0.0,"damage_taken":0.0,"cards_upgraded":["Strike_B","Strike_B","Strike_B","Strike_B","Defend_B","Defend_B","Defend_B","Defend_B"]},{"damage_healed":0.0,"max_hp_gain":0.0,"max_hp_loss":0.0,"gold_gain":99.0,"event_name":"Nest","player_choice":"Stole From Cult","floor":21.0,"gold_loss":0.0,"damage_taken":0.0},{"damage_healed":0.0,"max_hp_gain":0.0,"max_hp_loss":0.0,"gold_gain":0.0,"event_name":"Cursed Tome","player_choice":"Obtained Book","floor":27.0,"gold_loss":0.0,"damage_taken":16.0},{"damage_healed":0,"gold_gain":0,"player_choice":"Upgraded","damage_taken":0,"max_hp_gain":0,"max_hp_loss":0,"event_name":"Upgrade Shrine","floor":45,"gold_loss":0,"cards_upgraded":["Loop"]}],"is_beta":false,"boss_relics":[{"not_picked":["Velvet Choker","Pandora\u0027s Box"],"picked":"SlaversCollar"},{"not_picked":["FrozenCore","Nuclear Battery"],"picked":"Inserter"}],"items_purged_floors":[37],"is_endless":false,"potions_floor_spawned":[4,6,7,16,18,22,25,30,33,35,36,41,48],"ascension_level":13}}