{"host":"9pdg8buogrkk8pz5","time":1613868572,"event":{"mods":["AchievementEnabler","Bard","BaseMod","Downfall","Hermit","JesterMod","Mad Scientist","Minty Spire (QoL Compilation)","StSLib","The Cursed","The Disciple","The Necromancer","The Poker Player","The Runesmith","The Servant 0.9.4"],"gold_per_floor":[118,118,118,133,133,133,158,158,158,2,27,27,47,66,66,195,195,208,208,208,220,232,244,279,291,303,414,276,292,292,315,315,315,315],"floor_reached":33,"language":"ENG","playtime":2945,"items_purged":[],"score":235,"play_id":"cd030fda-2ba4-4506-9209-6d37348fe470","local_time":"20210220194932","is_ascension_mode":false,"campfire_choices":[{"data":"bard:HideousLaughter","floor":6,"key":"SMITH"},{"data":"bard:SongBolt","floor":8,"key":"SMITH"},{"floor":15,"key":"REST"},{"data":"bard:BestowCurse","floor":23,"key":"SMITH"},{"data":"bard:Shifting","floor":30,"key":"SMITH"},{"floor":32,"key":"REST"}],"circlet_count":0,"master_deck":["bard:Strike","bard:Strike","bard:Strike","bard:Strike","bard:Defend","bard:Defend","bard:Defend","bard:Defend","bard:Riposte","bard:Inspire+1","bard:HideousLaughter+1","Injury","bard:LingeringEcho","bard:SongBolt+1","bard:Parry","bard:BestowCurse+1","bard:Accelerando","bard:Shifting+1","bard:EchoEcho","Writhe","bard:Flourish","bard:Fermata","bard:Fermata","bard:Sift"],"relics":["bard:SelfPlayingFlute","bard:BagPipes","Golden Idol","Matryoshka","Boot","MutagenicStrength","MawBank","Frozen Egg 2","Pen Nib","Lantern"],"acts_visited":["Exordium","TheCity"],"potions_floor_usage":[16,16,33,33,33],"damage_taken":[{"damage":0,"enemies":"Cultist","floor":1,"turns":3},{"damage":1,"enemies":"Jaw Worm","floor":4,"turns":3},{"damage":0,"enemies":"Small Slimes","floor":7,"turns":3},{"damage":9,"enemies":"3 Louse","floor":11,"turns":3},{"damage":3,"enemies":"Red Slaver","floor":13,"turns":3},{"damage":7,"enemies":"Looter","floor":14,"turns":3},{"damage":36,"enemies":"The Guardian","floor":16,"turns":12},{"damage":0,"enemies":"Chosen","floor":18,"turns":3},{"damage":0,"enemies":"3 Byrds","floor":24,"turns":3},{"damage":16,"enemies":"Shelled Parasite and Fungi","floor":29,"turns":5},{"damage":19,"enemies":"Centurion and Healer","floor":31,"turns":6},{"damage":68,"enemies":"Champ","floor":33,"turns":13}],"seed_played":"4704038550890912663","potions_obtained":[{"floor":4,"key":"Ancient Potion"},{"floor":11,"key":"SkillPotion"},{"floor":13,"key":"BlessingOfTheForge"},{"floor":18,"key":"Weak Potion"},{"floor":29,"key":"SkillPotion"}],"is_trial":false,"path_per_floor":["M","?","?","M","?","R","M","R","T","$","M","?","M","M","R","B",null,"M","?","?","?","$","R","M","?","T","?","$","M","R","M","R","B"],"character_chosen":"BARD","items_purchased":["Boot","Lantern"],"campfire_rested":2,"item_purchase_floors":[10,28],"current_hp_per_floor":[77,77,77,76,76,76,76,76,76,76,67,67,64,57,77,41,77,77,77,77,77,77,77,77,77,77,77,77,61,61,42,65,0,0],"gold":315,"neow_bonus":"TEN_PERCENT_HP_BONUS","is_daily":false,"chose_seed":false,"campfire_upgraded":4,"win_rate":0.0,"timestamp":1613868572,"path_taken":["M","?","?","M","?","R","M","R","T","$","M","?","?","M","R","BOSS","M","?","?","?","$","R","M","?","T","?","?","M","R","M","R","BOSS"],"items_purchased_type":["Relic","Relic"],"build_version":"2020-12-22","purchased_purges":0,"victory":false,"max_hp_per_floor":[77,77,77,77,77,77,77,77,77,77,77,77,77,77,77,77,77,77,77,77,77,77,77,77,77,77,77,77,77,77,77,77,77,77],"card_choices":[{"not_picked":["bard:StudiedStrike","bard:LingeringEcho"],"picked":"bard:HideousLaughter","floor":1},{"not_picked":["bard:DervishDance","bard:FeastOnFear"],"picked":"bard:LingeringEcho","floor":4},{"not_picked":["bard:MantleOfInspiration","bard:BestowCurse"],"picked":"bard:SongBolt","floor":7},{"not_picked":["bard:PowerWordStun","bard:InspiringSong"],"picked":"bard:Parry","floor":11},{"not_picked":["bard:TinyHut","bard:Silence"],"picked":"bard:BestowCurse","floor":13},{"not_picked":["bard:PrismaticSpray","bard:SongBolt"],"picked":"bard:Accelerando","floor":14},{"not_picked":["bard:Wish","bard:CovetousAura"],"picked":"bard:Shifting","floor":16},{"not_picked":["bard:Thunderwave","bard:CuttingWords"],"picked":"bard:EchoEcho","floor":18},{"not_picked":["bard:HarmoniousVoice","bard:StudiedStrike"],"picked":"bard:Fermata","floor":24},{"not_picked":["bard:PhantasmalForce","bard:Balestra"],"picked":"bard:Fermata","floor":29},{"not_picked":["bard:QuickSong+1","bard:FeastOnFear+1"],"picked":"bard:Sift","floor":31}],"player_experience":87023,"relics_obtained":[{"floor":9,"key":"Matryoshka"},{"floor":26,"key":"Frozen Egg 2"},{"floor":26,"key":"Pen Nib"}],"event_choices":[{"damage_healed":0,"gold_gain":0,"player_choice":"Take Wound","damage_taken":0,"relics_obtained":["Golden Idol"],"max_hp_gain":0,"max_hp_loss":0,"event_name":"Golden Idol","floor":2,"gold_loss":0,"cards_obtained":["Injury"]},{"damage_healed":0,"gold_gain":0,"player_choice":"Ignored","damage_taken":0,"max_hp_gain":0,"max_hp_loss":0,"event_name":"Shining Light","floor":3,"gold_loss":0},{"damage_healed":0,"gold_gain":0,"player_choice":"Ignored","damage_taken":0,"max_hp_gain":0,"max_hp_loss":0,"event_name":"Liars Game","floor":5,"gold_loss":0},{"damage_healed":0,"gold_gain":0,"player_choice":"Forge","damage_taken":0,"max_hp_gain":0,"max_hp_loss":0,"event_name":"Accursed Blacksmith","floor":12,"gold_loss":0,"cards_upgraded":["bard:Inspire"]},{"damage_healed":0,"gold_gain":0,"player_choice":"Inject Mutagens","damage_taken":0,"relics_obtained":["MutagenicStrength"],"max_hp_gain":0,"max_hp_loss":0,"event_name":"Drug Dealer","floor":19,"gold_loss":0},{"damage_healed":0,"gold_gain":0,"player_choice":"Opened","damage_taken":0,"relics_obtained":["MawBank"],"max_hp_gain":0,"max_hp_loss":0,"event_name":"The Mausoleum","floor":20,"gold_loss":0,"cards_obtained":["Writhe"]},{"damage_healed":0,"gold_gain":0,"player_choice":"Read","damage_taken":0,"max_hp_gain":0,"max_hp_loss":0,"event_name":"The Library","floor":21,"gold_loss":0,"cards_obtained":["bard:Flourish"]},{"damage_healed":0,"gold_gain":0,"player_choice":"Ignored","damage_taken":0,"max_hp_gain":0,"max_hp_loss":0,"event_name":"Vampires","floor":25,"gold_loss":0},{"damage_healed":0,"gold_gain":99,"player_choice":"Stole From Cult","damage_taken":0,"max_hp_gain":0,"max_hp_loss":0,"event_name":"Nest","floor":27,"gold_loss":0}],"is_beta":false,"boss_relics":[{"not_picked":["Tiny House","Runic Dome"],"picked":"bard:SelfPlayingFlute"}],"items_purged_floors":[],"is_endless":false,"potions_floor_spawned":[4,11,13,18,29],"killed_by":"Champ","ascension_level":0}}