{"host":"dmtlrev5pkc1867p","time":1613928962,"event":{"mods":["AchievementEnabler","BaseMod","Colored Map","Colored Powertips","Custom Start","Downfall","Hermit","Highlight Path","Hubris","Infinite Spire","Marisa¡]Ãú«B¡@Å]²z¨F¡^","Minty Spire (QoL Compilation)","Permanent Neow","Quick Restart","Rare Cards Sparkle","Relic Sorter","Relic Stats","Replay The Spire","Shop Mod","StSLib","SuperFastMode","The Construct","The Cursed","The Mystic","The Necromancer","The Poker Player","The Runesmith","The Servant 0.9.4"],"gold_per_floor":[113,132,132,72,82,82,101,133,157,157,211,43,77,93,93,196,196,211,211,228,228,244,256,256,256,256],"floor_reached":25,"language":"ZHS","playtime":680,"items_purged":[],"score":309,"play_id":"cd98c848-6e71-47dd-84fe-ddd8f8c1e012","local_time":"20210222013602","is_ascension_mode":true,"campfire_choices":[{"floor":6.0,"key":"RECALL"},{"floor":10.0,"key":"REST"},{"floor":15.0,"key":"REST"},{"floor":24,"key":"REST"}],"circlet_count":0,"master_deck":["Strike_R","Strike_R","Strike_R","Strike_R","Strike_R","Defend_R","Defend_R+1","Defend_R","Defend_R","Bash","Apotheosis+1","ReplayTheSpireMod:Stacked","Thunderclap","Fire Breathing+1","Uppercut","Warcry","Clothesline+1","Replay:Dark Deal","Rampage","Carnage","Immolate","Life Link+1","Corruption","Dramatic Entrance","Pommel Strike","Bash","Uppercut","Battle Trance+1","infinitespire:Starlight","Ghostly Armor+1","Whirlwind+1"],"relics":["Burning Blood","ReplayTheSpireMod:Shallot","Gremlin Food","Bottled Lightning","infinitespire:Burning Sword"],"acts_visited":["Exordium","TheCity"],"potions_floor_usage":[22,23],"damage_taken":[{"damage":12.0,"enemies":"Small Slimes","floor":1.0,"turns":4.0},{"damage":4.0,"enemies":"Jaw Worm","floor":2.0,"turns":3.0},{"damage":2.0,"enemies":"Cultist","floor":5.0,"turns":5.0},{"damage":1.0,"enemies":"Red Slaver","floor":7.0,"turns":4.0},{"damage":30.0,"enemies":"3 Sentries","floor":8.0,"turns":5.0},{"damage":19.0,"enemies":"Gremlin Nob","floor":13.0,"turns":4.0},{"damage":0.0,"enemies":"2 Fungi Beasts","floor":14.0,"turns":3.0},{"damage":22.0,"enemies":"Hexaghost","floor":16.0,"turns":8.0},{"damage":32.0,"enemies":"Shell Parasite","floor":18.0,"turns":3.0},{"damage":30,"enemies":"2 Thieves","floor":20,"turns":3},{"damage":20,"enemies":"Snake Plant","floor":22,"turns":3},{"damage":0,"enemies":"Snecko","floor":23,"turns":4},{"damage":66,"enemies":"Nightmare","floor":25,"turns":8}],"seed_played":"7497973843871287952","potions_obtained":[{"floor":2.0,"key":"LifebloodPotion"},{"floor":8.0,"key":"construct:ShiftPotion"},{"floor":13.0,"key":"PowerPotion"},{"floor":18.0,"key":"Regen Potion"}],"is_trial":false,"path_per_floor":["M","M","?","$","M","R","M","E","T","R","T","$","E","M","R","B",null,"M","?","M","AVR","M","M","R","NM"],"character_chosen":"IRONCLAD","items_purchased":["Fire Breathing+1","Replay:Dark Deal"],"campfire_rested":3,"item_purchase_floors":[4,12],"current_hp_per_floor":[66,68,68,68,72,72,72,48,48,69,69,69,56,62,72,56,68,42,42,18,18,9,30,51,0,0],"gold":256,"neow_bonus":"RANDOM_COLORLESS_2","is_daily":false,"chose_seed":false,"campfire_upgraded":0,"win_rate":0.0,"timestamp":1613928962,"path_taken":["M","M","?","$","M","R","M","E","T","R","?","$","E","M","R","BOSS","M","?","?","AVR","M","M","R","NM"],"items_purchased_type":["Card","Card"],"build_version":"2020-12-22","purchased_purges":0,"victory":false,"max_hp_per_floor":[72,72,72,72,72,72,72,72,72,72,72,72,72,72,72,72,72,72,72,72,72,72,72,72,72,72],"relic_stats":{"counters":[13,57],"obtain_stats":[{"Gremlin Food":11,"ReplayTheSpireMod:Shallot":8,"infinitespire:Burning Sword":17,"Bottled Lightning":13,"Burning Blood":0},{"Gremlin Food":5,"ReplayTheSpireMod:Shallot":5,"infinitespire:Burning Sword":8,"Bottled Lightning":6,"Burning Blood":0},{"Gremlin Food":21,"ReplayTheSpireMod:Shallot":21,"infinitespire:Burning Sword":36,"Bottled Lightning":25,"Burning Blood":0}],"Burning Blood":67},"card_choices":[{"not_picked":["Chrysalis","Replay:Dark Deal"],"picked":"Apotheosis","floor":0.0},{"not_picked":["Reckless Charge","Thunderclap"],"picked":"ReplayTheSpireMod:Stacked","floor":1.0},{"not_picked":["Evolve","ReplayTheSpireMod:Strike From Hell"],"picked":"Thunderclap","floor":2.0},{"not_picked":["Armaments","Flame Barrier"],"picked":"Uppercut","floor":5.0},{"not_picked":["Run Through","True Grit"],"picked":"Warcry","floor":7.0},{"not_picked":["Wild Strike","Body Slam"],"picked":"Clothesline","floor":8.0},{"not_picked":["Twin Strike","Body Slam"],"picked":"Rampage","floor":13.0},{"not_picked":["ReplayTheSpireMod:LeadingStrike","Run Through"],"picked":"Carnage","floor":14.0},{"not_picked":["hubris:StunningStrike","Juggernaut"],"picked":"Immolate","floor":16.0},{"not_picked":["Twin Strike","Flex"],"picked":"Life Link+1","floor":18.0},{"not_picked":["Reckless Charge+1","Body Slam"],"picked":"Battle Trance+1","floor":20},{"not_picked":["Sever Soul","Havoc"],"picked":"Ghostly Armor+1","floor":22},{"not_picked":["Thunderclap","Dark Embrace"],"picked":"Whirlwind+1","floor":23}],"player_experience":759367,"relics_obtained":[{"floor":8.0,"key":"ReplayTheSpireMod:Shallot"},{"floor":11.0,"key":"Gremlin Food"},{"floor":13.0,"key":"Bottled Lightning"}],"event_choices":[{"damage_healed":0,"gold_gain":0,"player_choice":"5 cards matched","damage_taken":0,"max_hp_gain":0,"max_hp_loss":0,"event_name":"Match and Keep!","floor":19,"gold_loss":0,"cards_obtained":["Corruption","Dramatic Entrance","Pommel Strike","Bash","Uppercut"]}],"is_beta":false,"boss_relics":[{"not_picked":["hubris:GrandSneckoEye","Pandora\u0027s Box"],"picked":"infinitespire:Burning Sword"}],"items_purged_floors":[],"is_endless":false,"potions_floor_spawned":[2,8,13,18],"killed_by":"Nightmare","ascension_level":9}}