{"host":"2c84cb4cp1emursg","time":1613931388,"event":{"mods":["Act Like it!","BaseMod","Better Third Choice","Bossed Relics","Downfall","Hermit","Mimic Mod","Minty Spire (QoL Compilation)","Permanent Neow","Shapeshifter Mod","StSLib"],"gold_per_floor":[115,135,153,153,168,186,186,205,229,263,263,276,376,414,414,542,542,558,87,107,125,25,124,124,165,165,188,227,227,267,283,283,413,413,436,457,99,99,0,39,39,39,39],"floor_reached":42,"language":"ENG","playtime":3085,"items_purged":["StSShapeShifter:ShapeShifter_Strike","StSShapeShifter:ShapeShifter_Strike","StSShapeShifter:ShapeShifter_Strike"],"score":498,"play_id":"d1da3d2d-5017-45a2-b898-82df2b42ca9a","local_time":"20210221111628","is_ascension_mode":false,"campfire_choices":[{"data":"StSShapeShifter:Evolution","floor":7,"key":"SMITH"},{"data":"StSShapeShifter:AdaptiveStrikes","floor":15,"key":"SMITH"},{"data":"StSShapeShifter:VineHandcuffs","floor":24,"key":"SMITH"},{"data":"StSShapeShifter:Synchronicity","floor":29,"key":"SMITH"},{"data":"StSShapeShifter:AdaptiveStrikes","floor":32,"key":"SMITH"}],"circlet_count":0,"master_deck":["StSShapeShifter:ShapeShifter_Defend","StSShapeShifter:ShapeShifter_Defend+1","StSShapeShifter:ShapeShifter_Defend","StSShapeShifter:ShapeShifter_Defend","StSShapeShifter:ShapeShifter_Defend","StSShapeShifter:Tortoise_Form","StSShapeShifter:Lynx_Form","StSShapeShifter:Tornado","StSShapeShifter:BloomingSlash","StSShapeShifter:BladeOfGrass","StSShapeShifter:WolfForm+1","StSShapeShifter:AdaptiveStrikes+1","StSShapeShifter:Evolution+1","StSShapeShifter:BladeOfGrass","StSShapeShifter:Forgiveness","StSShapeShifter:BurstingSpore","StSShapeShifter:OakBlade","StSShapeShifter:MooseForm","StSShapeShifter:BloomingSlash+1","Metamorphosis","StSShapeShifter:BarkSkin","StSShapeShifter:VineHandcuffs+1","StSShapeShifter:Sapling+1","StSShapeShifter:Synchronicity+1","StSShapeShifter:AdaptiveStrikes+1","StSShapeShifter:PantherForm","StSShapeShifter:Flood","StSShapeShifter:BaskInBloom","StSShapeShifter:WaspSwarmForm+1","StSShapeShifter:Consume","StSShapeShifter:EntForm","StSShapeShifter:LeapingSlash","StSShapeShifter:Sapling+1"],"relics":["StSShapeShifter:AnimalHeart","StSShapeShifter:TheShapeShiftersMagnolia","Happy Flower","StrikeDummy","Golden Idol","downfall:ExtraCursedKey","Regal Pillow","Empty Cage","Omamori","StSShapeShifter:DruidicMedallion","Lantern","Boot","Juzu Bracelet","Philosopher\u0027s Stone","ClockworkSouvenir","Red Mask","Gremlin Horn"],"acts_visited":["Exordium","TheCity","TheBeyond"],"potions_floor_usage":[25,40],"damage_taken":[{"damage":1,"enemies":"2 Louse","floor":1,"turns":2},{"damage":1,"enemies":"Small Slimes","floor":2,"turns":3},{"damage":3,"enemies":"Jaw Worm","floor":3,"turns":4},{"damage":2,"enemies":"Blue Slaver","floor":5,"turns":3},{"damage":8,"enemies":"Red Slaver","floor":6,"turns":3},{"damage":0,"enemies":"3 Louse","floor":8,"turns":2},{"damage":16,"enemies":"Gremlin Nob","floor":10,"turns":3},{"damage":4,"enemies":"Gremlin Gang","floor":12,"turns":2},{"damage":17,"enemies":"3 Sentries","floor":14,"turns":7},{"damage":55,"enemies":"The Guardian","floor":16,"turns":7},{"damage":10,"enemies":"Spheric Guardian","floor":18,"turns":3},{"damage":0,"enemies":"Chosen","floor":20,"turns":5},{"damage":0,"enemies":"Snake Plant","floor":21,"turns":3},{"damage":24,"enemies":"Gremlin Leader","floor":25,"turns":7},{"damage":14,"enemies":"Snecko","floor":27,"turns":6},{"damage":26,"enemies":"Book of Stabbing","floor":28,"turns":6},{"damage":8,"enemies":"Gremlin Leader","floor":30,"turns":7},{"damage":23,"enemies":"Centurion and Healer","floor":31,"turns":6},{"damage":23,"enemies":"Champ","floor":33,"turns":12},{"damage":32,"enemies":"3 Darklings","floor":35,"turns":5},{"damage":26,"enemies":"3 Shapes","floor":36,"turns":7},{"damage":53,"enemies":"Reptomancer","floor":40,"turns":7},{"damage":30,"enemies":"Jaw Worm Horde","floor":42,"turns":3}],"seed_played":"3086269797252354921","potions_obtained":[{"floor":1,"key":"FairyPotion"},{"floor":3,"key":"Strength Potion"},{"floor":8,"key":"SkillPotion"},{"floor":27,"key":"sneckomod:MuddlingPotion"},{"floor":31,"key":"DuplicationPotion"},{"floor":40,"key":"DuplicationPotion"}],"is_trial":false,"path_per_floor":["M","M","M","?","M","M","R","M","T","E","?","M","?","E","R","B",null,"M","$","M","M","$","?","R","E","T","M","E","R","E","M","R","B",null,"M","M","$","?","?","E","?","M"],"character_chosen":"SHAPESHIFTER","items_purchased":["Omamori","Metamorphosis","StSShapeShifter:BarkSkin","ClockworkSouvenir","StSShapeShifter:Consume"],"campfire_rested":0,"item_purchase_floors":[19,19,19,37,37],"current_hp_per_floor":[70,69,66,52,50,60,60,60,60,61,44,40,40,45,45,6,71,61,61,68,68,68,68,68,47,47,46,24,24,50,43,43,63,71,39,23,23,23,23,21,21,0,0],"gold":39,"neow_bonus":"THREE_RARE_CARDS","is_daily":false,"chose_seed":false,"campfire_upgraded":5,"win_rate":0.0,"timestamp":1613931388,"path_taken":["M","M","M","?","M","M","R","M","T","E","?","M","?","E","R","BOSS","M","$","M","M","$","?","R","E","T","M","E","R","E","M","R","BOSS","M","M","$","?","?","E","?","M"],"items_purchased_type":["Relic","Card","Card","Relic","Card"],"build_version":"2020-12-22","purchased_purges":3,"victory":false,"max_hp_per_floor":[71,71,71,71,71,71,71,71,71,71,71,71,71,71,71,71,71,71,71,71,71,71,71,71,71,71,71,71,71,71,71,71,71,71,71,71,71,71,71,71,71,71,71],"card_choices":[{"not_picked":["StSShapeShifter:LionForm","StSShapeShifter:RitualOfTheExtinct"],"picked":"StSShapeShifter:Tornado","floor":0},{"not_picked":["StSShapeShifter:FruitBasket","StSShapeShifter:SquirrelForm"],"picked":"StSShapeShifter:BloomingSlash","floor":1},{"not_picked":["StSShapeShifter:Efflorescence","StSShapeShifter:TopazSkin"],"picked":"StSShapeShifter:BladeOfGrass","floor":2},{"not_picked":["StSShapeShifter:FesteringBite","StSShapeShifter:BladeOfGrass"],"picked":"StSShapeShifter:WolfForm","floor":3},{"not_picked":["StSShapeShifter:Rest","StSShapeShifter:Guard"],"picked":"StSShapeShifter:AdaptiveStrikes","floor":5},{"not_picked":["StSShapeShifter:SunflowerShuriken","StSShapeShifter:VileMushroom"],"picked":"StSShapeShifter:Evolution","floor":6},{"not_picked":["StSShapeShifter:FesteringBite","StSShapeShifter:Rest"],"picked":"StSShapeShifter:BladeOfGrass","floor":8},{"not_picked":["StSShapeShifter:FallingLeaves","StSShapeShifter:FlowerShield"],"picked":"StSShapeShifter:Forgiveness","floor":10},{"not_picked":["StSShapeShifter:DeerForm","StSShapeShifter:Wildfire2"],"picked":"StSShapeShifter:BurstingSpore","floor":12},{"not_picked":["StSShapeShifter:BurstingSpore","StSShapeShifter:ShiftingStrike"],"picked":"StSShapeShifter:OakBlade","floor":14},{"not_picked":["StSShapeShifter:Summon_Mountains","StSShapeShifter:BurstOfLifeEscapeDeath"],"picked":"StSShapeShifter:MooseForm","floor":16},{"not_picked":["StSShapeShifter:OpportuneSwoop","StSShapeShifter:MagicMushrooms"],"picked":"StSShapeShifter:BloomingSlash+1","floor":18},{"not_picked":["StSShapeShifter:OakBlade+1","StSShapeShifter:Maul","StSShapeShifter:FlowerShield"],"picked":"SKIP","floor":20},{"not_picked":["StSShapeShifter:Efflorescence","StSShapeShifter:RestoreBalance"],"picked":"StSShapeShifter:VineHandcuffs","floor":21},{"not_picked":["StSShapeShifter:ThornToss","StSShapeShifter:BarkSkin+1"],"picked":"StSShapeShifter:Sapling+1","floor":25},{"not_picked":["StSShapeShifter:OakBlade","StSShapeShifter:Rest"],"picked":"StSShapeShifter:Synchronicity","floor":27},{"not_picked":["StSShapeShifter:ThornToss","StSShapeShifter:AdaptiveStrikes","StSShapeShifter:BladeOfGrass"],"picked":"SKIP","floor":28},{"not_picked":["StSShapeShifter:SquirrelForm","StSShapeShifter:FesteringBite"],"picked":"StSShapeShifter:AdaptiveStrikes","floor":30},{"not_picked":["StSShapeShifter:LeapingSlash","StSShapeShifter:RockSlide"],"picked":"StSShapeShifter:PantherForm","floor":31},{"not_picked":["StSShapeShifter:HydraForm","StSShapeShifter:LionForm"],"picked":"StSShapeShifter:Flood","floor":33},{"not_picked":["StSShapeShifter:ReplenishingNectar+1","StSShapeShifter:BurstingSpore+1"],"picked":"StSShapeShifter:BaskInBloom","floor":35},{"not_picked":["StSShapeShifter:SunflowerShuriken+1","StSShapeShifter:Rest+1"],"picked":"StSShapeShifter:WaspSwarmForm+1","floor":36},{"not_picked":["StSShapeShifter:BearForm+1","StSShapeShifter:BladeOfGrass+1"],"picked":"StSShapeShifter:LeapingSlash","floor":40}],"player_experience":684587,"relics_obtained":[{"floor":9,"key":"Happy Flower"},{"floor":10,"key":"StrikeDummy"},{"floor":14,"key":"Regal Pillow"},{"floor":25,"key":"StSShapeShifter:DruidicMedallion"},{"floor":26,"key":"Lantern"},{"floor":28,"key":"Boot"},{"floor":30,"key":"Juzu Bracelet"},{"floor":40,"key":"Gremlin Horn"}],"event_choices":[{"damage_healed":66,"gold_gain":0,"player_choice":"Upgrade","damage_taken":14,"max_hp_gain":0,"max_hp_loss":71,"event_name":"betterThird:BetterShining","floor":4,"gold_loss":0,"cards_upgraded":["StSShapeShifter:ShapeShifter_Defend","StSShapeShifter:WolfForm"]},{"damage_healed":0,"gold_gain":0,"player_choice":"Take Damage","damage_taken":17,"relics_obtained":["Golden Idol"],"max_hp_gain":0,"max_hp_loss":0,"event_name":"Golden Idol","floor":11,"gold_loss":0},{"damage_healed":0,"gold_gain":99,"player_choice":"Steal","damage_taken":0,"max_hp_gain":0,"max_hp_loss":0,"event_name":"betterThird:BetterNest","floor":23,"gold_loss":0},{"damage_healed":0,"gold_gain":0,"cards_transformed":["StSShapeShifter:ShapeShifter_Strike"],"player_choice":"Transformed","damage_taken":0,"max_hp_gain":0,"max_hp_loss":0,"event_name":"Transmorgrifier","floor":38,"gold_loss":0,"cards_obtained":["StSShapeShifter:EntForm"]},{"damage_healed":0,"gold_gain":0,"player_choice":"Paid","damage_taken":0,"relics_obtained":["Red Mask"],"max_hp_gain":0,"max_hp_loss":0,"event_name":"Tomb of Lord Red Mask","floor":39,"gold_loss":99},{"damage_healed":0,"gold_gain":0,"player_choice":"Copied","damage_taken":0,"max_hp_gain":0,"max_hp_loss":0,"event_name":"Duplicator","floor":41,"gold_loss":0,"cards_obtained":["StSShapeShifter:Sapling"]}],"is_beta":false,"boss_relics":[{"not_picked":["Coffee Dripper","Calling Bell"],"picked":"Empty Cage"},{"not_picked":["Velvet Choker","Snecko Eye"],"picked":"Philosopher\u0027s Stone"}],"items_purged_floors":[19,22,37],"is_endless":false,"potions_floor_spawned":[1,3,8,12,21,27,28,31,36,40],"killed_by":"Jaw Worm Horde","ascension_level":0}}