{"host":"0g75o2kccvalhtva","time":1613924605,"event":{"mods":["BaseMod","BetterRewards","Downfall","GungeonMod","Hubris","Infinite Spire","Minty Spire (QoL Compilation)","Replay The Spire","StSLib","SuperFastMode"],"gold_per_floor":[112,287,287,67,79,109,126,152,179,208,208,236,236,252,252,357,357,373,373,126,225,100,132,132,132,155,155,255,271,281,297,297,414,414,454,496,249,276,313,367,367,421,421,421,461,371,196,228,228,228,228],"floor_reached":50,"language":"ENG","playtime":1513,"items_purged":["Doubt","Regret","Clumsy","hubris:SharpeningStone","Defend_R"],"score":1046,"play_id":"ad38850a-53ef-4777-ade2-37bdcb01f718","local_time":"20210221172325","is_ascension_mode":true,"campfire_choices":[{"data":"Doubt","floor":15,"key":"PURGE"},{"floor":25,"key":"REST"},{"floor":32,"key":"DIG"},{"data":"Heavy Blade","floor":41,"key":"SMITH"},{"data":"Pommel Strike","floor":49,"key":"SMITH"}],"circlet_count":0,"master_deck":["Strike_R","Strike_R+1","Strike_R","Strike_R","Strike_R","Defend_R","Defend_R","Bash","Heavy Blade+1","Clash","Pommel Strike+1","hubris:DuctTapeCard+2","Rage+1"],"relics":["Black Blood","Another Sword","Brimstone","infinitespire:WardingShard","Juzu Bracelet","Odd Mushroom","ReplayTheSpireMod:Ring of Collecting","Ring of Hypnosis","infinitespire:Lychee Nut","Ornamental Fan","hubris:HollowSoul","Blue Doll","Replay:Wax Seal","Ring of Panic","DemoMod:WhiteGuonStone","Nloth\u0027s Gift","DemoMod:VorpalBullet","hubris:DuctTape","Vajra","infinitespire:EvilPickle","BargainBundle","Sundial","Paper Frog","Bottled Lightning"],"acts_visited":["Exordium","TheCity","TheBeyond"],"potions_floor_usage":[16,16,28,33,33,39,50,50,50],"damage_taken":[{"damage":6,"enemies":"2 Louse","floor":1,"turns":3},{"damage":8,"enemies":"Small Slimes","floor":5,"turns":2},{"damage":19,"enemies":"Lagavulin","floor":6,"turns":3},{"damage":0,"enemies":"Cultist","floor":7,"turns":2},{"damage":0,"enemies":"Gremlin Nob","floor":8,"turns":2},{"damage":17,"enemies":"The Mushroom Lair","floor":10,"turns":3},{"damage":5,"enemies":"2 Fungi Beasts","floor":14,"turns":2},{"damage":12,"enemies":"Fading Forest","floor":16,"turns":11},{"damage":17,"enemies":"Shell Parasite","floor":18,"turns":3},{"damage":57,"enemies":"Gremlin Leader","floor":23,"turns":6},{"damage":4,"enemies":"Colosseum Slavers","floor":28,"turns":3},{"damage":4,"enemies":"Colosseum Nobs","floor":28,"turns":3},{"damage":0,"enemies":"3 Byrds","floor":29,"turns":3},{"damage":11,"enemies":"3 Cultists","floor":30,"turns":4},{"damage":0,"enemies":"Centurion and Healer","floor":31,"turns":3},{"damage":5,"enemies":"Pondfish","floor":33,"turns":6},{"damage":4,"enemies":"3 Shapes","floor":35,"turns":4},{"damage":22,"enemies":"3 Darklings","floor":36,"turns":5},{"damage":9,"enemies":"Sphere and 2 Shapes","floor":38,"turns":4},{"damage":0,"enemies":"Jaw Worm Horde","floor":39,"turns":4},{"damage":16,"enemies":"R_Hoarder","floor":40,"turns":5},{"damage":7,"enemies":"Giant Head","floor":42,"turns":3},{"damage":20,"enemies":"3 Darklings","floor":45,"turns":4},{"damage":0,"enemies":"Writhing Mass","floor":48,"turns":1},{"damage":16,"enemies":"Donu and Deca","floor":50,"turns":2}],"seed_played":"7706658725577261838","potions_obtained":[{"floor":7,"key":"sneckomod:MuddlingPotion"},{"floor":10,"key":"Reflective Coating"},{"floor":16,"key":"sneckomod:MuddlingPotion"},{"floor":23,"key":"Fire Potion"},{"floor":28,"key":"Block Potion"},{"floor":36,"key":"LiquidBronze"},{"floor":40,"key":"bronze:BurnAndBuffPotion"},{"floor":45,"key":"DemoMod:LeadSkinPotion"}],"is_trial":false,"path_per_floor":["M","?","?","$","M","E","M","E","T","?","?","?","?","M","R","B",null,"M","?","$","?","$","E","?","R","T","?","?","M","M","M","R","B",null,"M","M","$","M","M","E","R","E","T","?","M","?","$","M","R","B"],"character_chosen":"IRONCLAD","items_purchased":["Brimstone","Blue Doll","BargainBundle"],"campfire_rested":1,"item_purchase_floors":[4,20,37],"current_hp_per_floor":[80,80,80,80,78,65,71,77,77,66,66,46,46,50,50,60,60,53,53,53,53,53,8,8,26,26,26,40,51,52,60,60,60,60,60,53,53,60,60,57,57,60,60,60,53,53,53,60,60,0,0],"gold":228,"neow_bonus":"","is_daily":false,"chose_seed":false,"campfire_upgraded":2,"win_rate":0.0,"timestamp":1613924605,"path_taken":["M","?","?","$","M","E","M","E","T","?","?","?","?","M","R","BOSS","M","?","$","?","$","E","?","R","T","?","?","M","M","M","R","BOSS","M","M","$","M","M","E","R","E","T","?","M","?","$","M","R","BOSS"],"items_purchased_type":["Relic","Relic","Relic"],"build_version":"2020-12-22","purchased_purges":5,"victory":false,"max_hp_per_floor":[80,80,80,80,80,80,80,80,80,80,80,60,60,60,60,60,60,60,60,60,60,60,60,60,60,60,60,60,60,60,60,60,60,60,60,60,60,60,60,60,60,60,60,60,60,60,60,60,60,60,60],"card_choices":[{"not_picked":["hubris:ReadiedAction","Entrench","Whirlwind"],"picked":"SKIP","floor":1},{"not_picked":["Clothesline","Blood for Blood"],"picked":"Heavy Blade","floor":5},{"not_picked":["Headbutt","Demonic Infusion","Clothesline"],"picked":"SKIP","floor":6},{"not_picked":["Pommel Strike","Cleave"],"picked":"Clash","floor":7},{"not_picked":["Burning Pact","Thunderclap"],"picked":"hubris:SharpeningStone","floor":8},{"not_picked":["Thunderclap","Sword Boomerang"],"picked":"Pommel Strike","floor":12},{"not_picked":["Shrug It Off","Sentinel","Pommel Strike"],"picked":"SKIP","floor":14},{"not_picked":["Sword Boomerang","Juggernaut"],"picked":"Heavy Blade+1","floor":18},{"not_picked":["Flex","Rampage"],"picked":"Anger","floor":23},{"not_picked":["Perfected Strike","Headbutt","Dual Wield"],"picked":"SKIP","floor":29},{"not_picked":["Flex","Reckless Charge","hubris:ReadiedAction+1"],"picked":"SKIP","floor":30},{"not_picked":["Evolve","Spot Weakness"],"picked":"Rage+1","floor":31},{"not_picked":["Combust","ReplayTheSpireMod:LeadingStrike+1","Disarm"],"picked":"SKIP","floor":35},{"not_picked":["Shockwave","Reckless Charge","Clothesline+1"],"picked":"SKIP","floor":36},{"not_picked":["Immolate","hubris:ReadiedAction","Armaments"],"picked":"SKIP","floor":38},{"not_picked":["Intimidate","Shockwave+1","ReplayTheSpireMod:Muscle Training"],"picked":"SKIP","floor":39},{"not_picked":["Brutality","Carnage+1","Fiend Fire"],"picked":"SKIP","floor":40},{"not_picked":["Reckless Charge+1","Whirlwind","Headbutt"],"picked":"SKIP","floor":42},{"not_picked":["Body Slam","Sword Boomerang","Iron Wave+1"],"picked":"SKIP","floor":45},{"not_picked":["Clothesline","Body Slam","Perfected Strike+1"],"picked":"SKIP","floor":48}],"player_experience":18495,"relics_obtained":[{"floor":6,"key":"Self Forming Clay"},{"floor":8,"key":"infinitespire:WardingShard"},{"floor":9,"key":"Juzu Bracelet"},{"floor":10,"key":"Odd Mushroom"},{"floor":11,"key":"ReplayTheSpireMod:Ring of Collecting"},{"floor":11,"key":"Ring of Hypnosis"},{"floor":12,"key":"infinitespire:Lychee Nut"},{"floor":23,"key":"Replay:Wax Seal"},{"floor":26,"key":"Ring of Panic"},{"floor":26,"key":"DemoMod:WhiteGuonStone"},{"floor":28,"key":"DemoMod:VorpalBullet"},{"floor":28,"key":"hubris:DuctTape"},{"floor":32,"key":"Vajra"},{"floor":40,"key":"Sundial"},{"floor":42,"key":"Paper Frog"},{"floor":43,"key":"Bottled Lightning"}],"event_choices":[{"damage_healed":0,"gold_gain":175,"player_choice":"AGREE","damage_taken":0,"max_hp_gain":0,"max_hp_loss":0,"event_name":"Liars Game","floor":2,"gold_loss":0,"cards_obtained":["Doubt"]},{"damage_healed":0,"gold_gain":0,"player_choice":"1 cards matched","damage_taken":0,"max_hp_gain":0,"max_hp_loss":0,"event_name":"Match and Keep!","floor":3,"gold_loss":0,"cards_obtained":["Clumsy"]},{"damage_healed":0,"gold_gain":0,"player_choice":"Fought Mushrooms","damage_taken":0,"max_hp_gain":0,"max_hp_loss":0,"event_name":"Mushrooms","floor":10,"gold_loss":0},{"damage_healed":0,"gold_gain":0,"player_choice":"Box","damage_taken":0,"relics_obtained":["Ornamental Fan"],"max_hp_gain":0,"max_hp_loss":0,"event_name":"Big Fish","floor":13,"gold_loss":0,"cards_obtained":["Regret"]},{"damage_healed":0,"gold_gain":99,"player_choice":"Stole From Cult","damage_taken":0,"max_hp_gain":0,"max_hp_loss":0,"event_name":"Nest","floor":21,"gold_loss":0},{"damage_healed":0,"gold_gain":0,"player_choice":"Traded Relic","damage_taken":0,"relics_obtained":["Nloth\u0027s Gift"],"max_hp_gain":0,"max_hp_loss":0,"event_name":"N\u0027loth","floor":27,"relics_lost":["Self Forming Clay"],"gold_loss":0},{"damage_healed":0,"gold_gain":0,"player_choice":"Fight","damage_taken":0,"max_hp_gain":0,"max_hp_loss":0,"event_name":"Colosseum","floor":28,"gold_loss":0},{"damage_healed":0,"gold_gain":0,"player_choice":"Fought Nobs","damage_taken":0,"max_hp_gain":0,"max_hp_loss":0,"event_name":"Colosseum","floor":28,"gold_loss":0},{"cards_removed":["Defend_R"],"damage_healed":0,"gold_gain":0,"player_choice":"Upgrade and Remove","damage_taken":0,"max_hp_gain":0,"max_hp_loss":0,"event_name":"Designer","floor":46,"gold_loss":90,"cards_upgraded":["Strike_R"]}],"is_beta":false,"boss_relics":[{"not_picked":["bronze:MakeshiftBattery","Philosopher\u0027s Stone"],"picked":"hubris:HollowSoul"},{"not_picked":["Calling Bell","Coffee Dripper"],"picked":"Black Blood"}],"items_purged_floors":[4,20,22,37,47],"is_endless":false,"potions_floor_spawned":[7,10,16,23,28,36,40,45],"killed_by":"Donu and Deca","ascension_level":2}}