{"host":"Sean","time":1613947204,"event":{"mods":["BaseMod","Block Reminder","Colored Map","Colored Powertips","Highlight Path","Minty Spire (QoL Compilation)","Permanent Neow","Relic Stats"],"gold_per_floor":[117,136,86,106,124,124,142,154,204,204,214,246,256,289,289,387,387,400,325,336,347,5,48,11,11,11,53,78,78,78],"floor_reached":29,"language":"ENG","playtime":1292,"items_purged":[],"score":432,"play_id":"221692fc-45e6-4aa6-91c1-d5b43eba108e","local_time":"20210221224004","is_ascension_mode":true,"campfire_choices":[{"data":"All Out Attack","floor":6,"key":"SMITH"},{"data":"Sucker Punch","floor":10,"key":"SMITH"},{"floor":15,"key":"REST"}],"circlet_count":0,"master_deck":["AscendersBane","Strike_G","Strike_G","Strike_G","Defend_G","Defend_G","Defend_G","Survivor","Neutralize","Tools of the Trade","All Out Attack+1","Sucker Punch+1","Flying Knee","Riddle With Holes","Dagger Throw","Backflip","Phantasmal Killer","Blade Dance","Acrobatics","Glass Knife","Blade Dance+1","Finisher+1","Infinite Blades+1","Terror+1","Well Laid Plans","Leg Sweep","PiercingWail","Reflex","PiercingWail","Slice+1","Crippling Poison"],"relics":["Ring of the Snake","Bronze Scales","Ornamental Fan","HornCleat","Astrolabe","Regal Pillow","Akabeko","CeramicFish","Letter Opener","Bottled Flame","Art of War"],"acts_visited":["Exordium","TheCity"],"potions_floor_usage":[11,21,28],"damage_taken":[{"damage":6,"enemies":"2 Louse","floor":1,"turns":3},{"damage":4,"enemies":"Small Slimes","floor":2,"turns":4},{"damage":4,"enemies":"Cultist","floor":4,"turns":5},{"damage":10,"enemies":"Red Slaver","floor":5,"turns":4},{"damage":0,"enemies":"Large Slime","floor":7,"turns":4},{"damage":1,"enemies":"2 Fungi Beasts","floor":8,"turns":3},{"damage":3,"enemies":"Exordium Thugs","floor":11,"turns":3},{"damage":12,"enemies":"Gremlin Nob","floor":12,"turns":3},{"damage":3,"enemies":"Blue Slaver","floor":13,"turns":3},{"damage":12,"enemies":"Lagavulin","floor":14,"turns":6},{"damage":15,"enemies":"Slime Boss","floor":16,"turns":8},{"damage":0,"enemies":"3 Byrds","floor":18,"turns":3},{"damage":3,"enemies":"2 Thieves","floor":20,"turns":3},{"damage":3,"enemies":"Snake Plant","floor":21,"turns":3},{"damage":12,"enemies":"Slavers","floor":23,"turns":5},{"damage":23,"enemies":"Book of Stabbing","floor":27,"turns":4},{"damage":18,"enemies":"Snecko","floor":28,"turns":4},{"damage":29,"enemies":"Slavers","floor":29,"turns":1}],"seed_played":"-7504439894158487518","potions_obtained":[{"floor":1,"key":"FairyPotion"},{"floor":2,"key":"LiquidBronze"},{"floor":5,"key":"BlessingOfTheForge"},{"floor":14,"key":"SkillPotion"},{"floor":20,"key":"DuplicationPotion"},{"floor":27,"key":"FearPotion"}],"is_trial":false,"path_per_floor":["M","M","?","M","M","R","M","M","T","R","M","E","M","E","R","B",null,"M","?","M","M","$","E","$","T","T","E","M","E"],"character_chosen":"THE_SILENT","items_purchased":["Akabeko","Well Laid Plans","Leg Sweep","PiercingWail","PiercingWail"],"campfire_rested":1,"item_purchase_floors":[22,22,22,22,24],"current_hp_per_floor":[57,53,53,49,39,39,39,38,38,38,35,23,20,8,29,14,56,56,56,53,50,50,38,38,38,38,15,21,0,0],"gold":78,"neow_bonus":"ONE_RANDOM_RARE_CARD","is_daily":false,"chose_seed":false,"campfire_upgraded":2,"win_rate":0.0,"timestamp":1613947204,"path_taken":["M","M","?","M","M","R","M","M","T","R","M","E","M","E","R","BOSS","M","?","M","?","$","E","$","?","T","E","M","E"],"items_purchased_type":["Relic","Card","Card","Card","Card"],"build_version":"2020-12-18","purchased_purges":0,"victory":false,"max_hp_per_floor":[70,70,70,70,70,70,70,70,70,70,70,70,70,70,70,70,70,70,70,70,70,70,70,70,70,70,70,70,70,70],"relic_stats":{"Regal Pillow":0,"counters":[18,69],"Ornamental Fan":[76],"Bronze Scales":[96],"Astrolabe":["Blade Dance","Finisher","Infinite Blades"],"CeramicFish":36,"Art of War":[1],"Letter Opener":[5],"obtain_stats":[{"Regal Pillow":19,"Bottled Flame":26,"HornCleat":14,"Ornamental Fan":12,"Bronze Scales":9,"Astrolabe":17,"CeramicFish":23,"Art of War":27,"Letter Opener":25,"Akabeko":22,"Ring of the Snake":0},{"Regal Pillow":12,"Bottled Flame":15,"HornCleat":10,"Ornamental Fan":8,"Bronze Scales":6,"Astrolabe":11,"CeramicFish":15,"Art of War":16,"Letter Opener":15,"Akabeko":14,"Ring of the Snake":0},{"Regal Pillow":49,"Bottled Flame":60,"HornCleat":38,"Ornamental Fan":29,"Bronze Scales":23,"Astrolabe":46,"CeramicFish":60,"Art of War":64,"Letter Opener":60,"Akabeko":55,"Ring of the Snake":0}],"Ring of the Snake":[36]},"card_choices":[{"not_picked":["Flying Knee","Catalyst"],"picked":"All Out Attack","floor":1},{"not_picked":["Noxious Fumes","Setup"],"picked":"Sucker Punch","floor":2},{"not_picked":["Deflect","Sucker Punch"],"picked":"Flying Knee","floor":4},{"not_picked":["Dodge and Roll","Well Laid Plans"],"picked":"Riddle With Holes","floor":5},{"not_picked":["Dodge and Roll","Setup"],"picked":"Dagger Throw","floor":7},{"not_picked":["Dagger Throw","Noxious Fumes"],"picked":"Backflip","floor":8},{"not_picked":["Acrobatics","Sucker Punch"],"picked":"Phantasmal Killer","floor":11},{"not_picked":["Deflect","All Out Attack","Quick Slash"],"picked":"SKIP","floor":12},{"not_picked":["Dagger Spray","Well Laid Plans"],"picked":"Blade Dance","floor":13},{"not_picked":["Predator","Outmaneuver"],"picked":"Acrobatics","floor":14},{"not_picked":["Wraith Form v2","Grand Finale"],"picked":"Glass Knife","floor":16},{"not_picked":["Flying Knee","Finisher","Deflect"],"picked":"SKIP","floor":18},{"not_picked":["Prepared+1","Quick Slash"],"picked":"Terror+1","floor":20},{"not_picked":["Underhanded Strike","Dagger Spray+1","Outmaneuver+1"],"picked":"SKIP","floor":21},{"not_picked":["After Image","Deadly Poison"],"picked":"Reflex","floor":23},{"not_picked":["Deadly Poison+1","All Out Attack"],"picked":"Slice+1","floor":27},{"not_picked":["Dagger Throw","Sucker Punch"],"picked":"Crippling Poison","floor":28}],"player_experience":589775,"relics_obtained":[{"floor":9,"key":"Bronze Scales"},{"floor":12,"key":"Ornamental Fan"},{"floor":14,"key":"HornCleat"},{"floor":23,"key":"CeramicFish"},{"floor":25,"key":"Letter Opener"},{"floor":26,"key":"Bottled Flame"},{"floor":27,"key":"Art of War"}],"event_choices":[{"cards_removed":["Strike_G"],"damage_healed":0,"gold_gain":0,"player_choice":"Card Removal","damage_taken":0,"max_hp_gain":0,"max_hp_loss":0,"event_name":"The Cleric","floor":3,"gold_loss":50},{"damage_healed":0,"gold_gain":0,"player_choice":"Paid Gold","damage_taken":0,"relics_obtained":["Regal Pillow"],"max_hp_gain":0,"max_hp_loss":0,"event_name":"WeMeetAgain","floor":19,"gold_loss":75}],"is_beta":true,"boss_relics":[{"not_picked":["Empty Cage","Cursed Key"],"picked":"Astrolabe"}],"items_purged_floors":[],"is_endless":false,"potions_floor_spawned":[1,2,5,7,14,16,18,20,27],"killed_by":"Slavers","ascension_level":11}}