{"host":"d73an99q9oevilk5","time":1613895465,"event":{"mods":["2.2 Compatiblity","AchievementEnabler","Act Like it!","Aspiration","BaseMod","Beaked The Cultist","Better Third Choice","BetterRewards","Colored Map","Colored Powertips","Conspire","Downfall","GifTheSpireLib","Halation","Hubris","Infinite Spire","Marisa????????","Mimic Mod","Minty Spire (QoL Compilation)","MostiFishMod","Quick Restart","Relic Sorter","Reliquary","Replay The Spire","Shop Mod","Spikes Relics","StSLib","Stuff the Spire","The Cursed","The Jungle","The Necromancer","The Saiyan","Waifu the Spire","egg","slay the spire mod where everything is the same but ironclad has a cowboy hat"],"gold_per_floor":[115,115,115,115,127,161,161,161,161,161,236,264,278,293,293,390,390,402,-998,-987,-987,-969,-943,-943,-915,-864,-850,-822,-822,-822,-822,-822,-717,-717,-697,-697,-679,-665,-665,-631,-603,-587,-556,-556,-544,-513,-513,-481,-481,-481],"floor_reached":51,"language":"ENG","playtime":1913,"items_purged":["Shame","Injury"],"score":1305,"play_id":"7deeb7d0-a58a-4231-bbd5-bb0c253ac162","local_time":"20210221011745","is_ascension_mode":false,"campfire_choices":[{"data":"Trip","floor":8,"key":"SMITH"},{"floor":10,"key":"DIG"},{"data":"beaked:MachineSpirit","floor":15,"key":"SMITH"},{"data":"beaked:KnowThyFoe","floor":29,"key":"SMITH"},{"floor":47,"key":"DIG"},{"data":"beaked:AwakenedForm","floor":49,"key":"SMITH"}],"circlet_count":0,"master_deck":["beaked:Strike_Y+1","beaked:Strike_Y+1","beaked:Strike_Y+1","beaked:Strike_Y+1","beaked:Strike_Y+1","beaked:Defend_Y+1","beaked:Defend_Y+1","beaked:Defend_Y+1","beaked:Defend_Y+1","beaked:Ceremony","beaked:Ceremony+1","beaked:Ceremony","Mayhem+1","Trip+1","ReplayTheSpireMod:Private Reserves+1","beaked:AwakenedForm+1","beaked:Hexing","beaked:Strike_Y+1","beaked:Evade","beaked:Sacrifice","beaked:MachineSpirit+1","beaked:KnowThyFoe+1","Injury","beaked:StickSmack","beaked:MachineEssence","beaked:WarriorEssence","beaked:CrazyRituals","infinitespire:Fortify+1","beaked:CursingBlood+1","hubris:DuctTapeCard","beaked:BloodRitual+1","beaked:Brace+1","beaked:Foresight+1","beaked:ScreechingChant+1","beaked:FeelMyPain+1"],"relics":["beaked:MendingPlumage","DaveBox","Replay:Wax Seal","Replay:Multitool","BlackRope","ReplayTheSpireMod:ShopPack","hubris:Potato","SynthV:TestCard","halation:PinkSoulGem","BicycleWheel","reliquary:JackalopeAntler","DianPoetry","StuffTheSpire:Mouthbags","Replay:Ancient Bell","reliquary:PorcupineQuills","Toxic Egg 2","WingedGreaves","SynthV:MejaisSoulstealer","Art of War","Bag of Preparation","halation:AfternoonTea","infinitespire:PuzzleCube","BrokenLever","Enchiridion","CosmicIsotope","Dodecahedron","Spirit Poop","reliquary:Buckler","hubris:DuctTape","Mercury Hourglass","JellyFishMachine","hubris:OldNail","Happy Flower","Girya","Oddly Smooth Stone"],"acts_visited":["Exordium","TheCity","TheBeyond"],"potions_floor_usage":[25,41,50,50],"damage_taken":[{"damage":10,"enemies":"Small Slimes","floor":1,"turns":5},{"damage":15,"enemies":"Jaw Worm","floor":5,"turns":4},{"damage":7,"enemies":"Replay:BlueRogue","floor":6,"turns":5},{"damage":33,"enemies":"Gremlin Nob","floor":12,"turns":5},{"damage":0,"enemies":"2 Louse","floor":13,"turns":2},{"damage":10,"enemies":"Exordium Wildlife","floor":14,"turns":4},{"damage":24,"enemies":"Hexaghost","floor":16,"turns":6},{"damage":15,"enemies":"3 Byrds","floor":18,"turns":3},{"damage":12,"enemies":"Shell Parasite","floor":20,"turns":4},{"damage":27,"enemies":"3 Cultists","floor":22,"turns":4},{"damage":23,"enemies":"Book of Stabbing","floor":23,"turns":4},{"damage":37,"enemies":"Slavers","floor":25,"turns":4},{"damage":12,"enemies":"Chosen and Byrds","floor":27,"turns":5},{"damage":15,"enemies":"Replay:Snechameleon","floor":28,"turns":4},{"damage":34,"enemies":"Champ","floor":33,"turns":5},{"damage":8,"enemies":"Orb Walker","floor":35,"turns":4},{"damage":0,"enemies":"3 Shapes","floor":37,"turns":3},{"damage":20,"enemies":"Jaw Worm Horde","floor":38,"turns":4},{"damage":42,"enemies":"Reptomancer","floor":40,"turns":4},{"damage":21,"enemies":"Nemesis","floor":41,"turns":5},{"damage":0,"enemies":"3 Darklings","floor":42,"turns":4},{"damage":0,"enemies":"Writhing Mass","floor":43,"turns":5},{"damage":0,"enemies":"Writhing Mass","floor":45,"turns":3},{"damage":0,"enemies":"Reptomancer","floor":46,"turns":4},{"damage":3,"enemies":"Giant Head","floor":48,"turns":6},{"damage":7,"enemies":"infinitespire:MassOfShapes","floor":50,"turns":7}],"seed_played":"-1120611899260127796","potions_obtained":[{"floor":5,"key":"SteroidPotion"},{"floor":13,"key":"Weak Potion"},{"floor":14,"key":"Elixir"},{"floor":18,"key":"ColorlessPotion"},{"floor":27,"key":"Strength Potion"},{"floor":45,"key":"beaked:MendingBrew"}],"is_trial":false,"path_per_floor":["M","?","?","?","M","E","?","R","T","R","?","E","M","M","R","B",null,"M","AVR","M","$","M","E","?","E","T","M","E","R","?","?","R","B",null,"M","?","M","M","?","E","E","M","MIM","AVR","M","E","R","E","R_BF","B",null],"character_chosen":"BEAKED_THE_CULTIST","items_purchased":["Replay:Wax Seal","ReplayTheSpireMod:ShopPack","hubris:Potato"],"campfire_rested":0,"item_purchase_floors":[0,0,0],"current_hp_per_floor":[50,50,50,50,42,50,50,50,50,50,39,22,28,37,37,48,56,50,50,58,58,52,54,54,61,61,68,65,65,65,49,49,57,74,77,77,80,80,61,54,83,86,89,89,89,89,89,89,89,92],"gold":-481,"neow_bonus":"","is_daily":false,"chose_seed":false,"campfire_upgraded":4,"win_rate":0.0,"timestamp":1613895465,"path_taken":["M","?","?","?","?","E","?","R","T","R","?","E","M","M","R","BOSS","M","AVR","M","$","M","E","?","E","T","?","E","R","?","?","R","BOSS","M","?","?","M","?","E","E","M","MIM","AVR","M","E","R","E","R_BF","BOSS"],"items_purchased_type":["Relic","Relic","Relic"],"build_version":"2020-12-22","purchased_purges":2,"victory":true,"max_hp_per_floor":[50,50,50,50,50,50,50,50,50,50,50,50,50,53,53,56,56,59,59,62,62,62,65,65,68,68,71,74,74,74,74,74,74,74,77,77,80,80,80,80,83,86,89,89,89,89,89,89,89,92],"card_choices":[{"not_picked":["ReplayUltimateDefense","MostiFishMod:Galeforce"],"picked":"Mayhem","floor":0},{"not_picked":["Good Instincts","Crow Ritual"],"picked":"Trip","floor":0},{"not_picked":["MostiFishMod:Awakening","Replay:Parry"],"picked":"ReplayTheSpireMod:Private Reserves","floor":0},{"not_picked":["beaked:Tweet","beaked:Pecker","beaked:BraceForImpact"],"picked":"SKIP","floor":1},{"not_picked":["beaked:Hexing","beaked:Flinch","beaked:Insight","beaked:FeelMyPain"],"picked":"beaked:AwakenedForm","floor":5},{"not_picked":["beaked:HuntressEssence","beaked:Cower","beaked:Insight","beaked:Overpower"],"picked":"beaked:Hexing","floor":6},{"not_picked":["beaked:FeelMyPain","beaked:DarkPact","beaked:Brace","beaked:TuckingFeathers"],"picked":"beaked:Evade","floor":12},{"not_picked":["beaked:DesperateSwing","beaked:CursingBlood","beaked:Cower","beaked:HuntressEssence"],"picked":"beaked:Sacrifice","floor":13},{"not_picked":["beaked:Insight","beaked:BounceBack","beaked:HuntressSpirit","beaked:VigorBurst"],"picked":"beaked:MachineSpirit","floor":14},{"not_picked":["beaked:MachineEssence","beaked:FullHouse","beaked:FakeOut","beaked:CheekyTricks"],"picked":"beaked:KnowThyFoe","floor":16},{"not_picked":["Amnesia","hubris:Sloth","Notoriety","downfall:Malfunctioning"],"picked":"Shame","floor":17},{"not_picked":["ReplayTheSpireMod:IOU","Amnesia","StuffTheSpire:GnomedCurse","Sickly"],"picked":"Injury","floor":17},{"not_picked":["hubris:Lust","Writhe","hubris:Disease","Normality"],"picked":"Injury","floor":17},{"not_picked":["beaked:BarbedWire+1","beaked:Replenish+1","beaked:Overpower","beaked:BraceForImpact+1"],"picked":"beaked:StickSmack","floor":18},{"not_picked":["beaked:BraceForImpact+1","beaked:DesperateSwing","beaked:TuckingFeathers+1","beaked:Devastation","beaked:Flinch+1"],"picked":"SKIP","floor":20},{"not_picked":["beaked:DigDeeper+1","beaked:StunningBlow","beaked:Daydream+1","beaked:Windmill","beaked:TuckingFeathers+1"],"picked":"SKIP","floor":22},{"not_picked":["beaked:Overexert+1","beaked:Molting+1","beaked:Struggle+1","beaked:MachineSpirit+1"],"picked":"beaked:MachineEssence","floor":23},{"not_picked":["beaked:BarbedWire+1","beaked:VigorBurst+1","beaked:Tradeoff+1","ReplayTheSpireMod:RavenHex+1"],"picked":"beaked:ScreechingChant+1","floor":25},{"not_picked":["beaked:Evade+1","beaked:DesperateSwing+1","beaked:Windmill","beaked:RuinSticks","beaked:Negation+1"],"picked":"SKIP","floor":27},{"not_picked":["beaked:SacrificialAttack","beaked:Tweet+1","beaked:Resilience+1","beaked:MimicMachine+1","beaked:BounceBack+1"],"picked":"SKIP","floor":28},{"not_picked":["ReplayTheSpireMod:Owlgaze+1","beaked:CheekyTricks","beaked:WildInstinct","beaked:VolatileMisfortune"],"picked":"beaked:ScreechingChant+1","floor":33},{"not_picked":["beaked:Daydream+1","beaked:FeelMyPain+1","beaked:Struggle","beaked:Brace+1","ReplayTheSpireMod:Prepare the Ceremony+1"],"picked":"SKIP","floor":35},{"not_picked":["beaked:WildInstinct","beaked:Resilience+1","beaked:Evade+1","beaked:Tradeoff+1"],"picked":"beaked:WarriorEssence","floor":37},{"not_picked":["beaked:RuinSticks+1","beaked:Cower+1","beaked:Pecker+1","beaked:DigDeep+1"],"picked":"beaked:CrazyRituals","floor":38},{"not_picked":["ReplayTheSpireMod:Black Plague","infinitespire:FinalStrike"],"picked":"infinitespire:Fortify","floor":39},{"not_picked":["beaked:Struggle+1","beaked:Redirect+1","beaked:DigDeep+1","beaked:DesperateSwing+1"],"picked":"beaked:CursingBlood+1","floor":40},{"not_picked":["beaked:SacrificialDive+1","beaked:VigorBurst+1","beaked:Overexert+1","beaked:Flinch+1"],"picked":"beaked:BloodRitual+1","floor":41},{"not_picked":["beaked:StunningBlow+1","beaked:Daydream+1","beaked:HuntressEssence+1","beaked:Mantra+1"],"picked":"beaked:Brace+1","floor":42},{"not_picked":["beaked:BarbedWire+1","beaked:VigorBurst+1","beaked:Resilience+1","beaked:MachineSpirit+1"],"picked":"beaked:Foresight+1","floor":43},{"not_picked":["beaked:StunningBlow+1","beaked:DigDeeper+1","beaked:BounceBack+1","beaked:DesperateSwing","beaked:Recite+1"],"picked":"SKIP","floor":45},{"not_picked":["beaked:Resilience+1","beaked:Tweet+1","beaked:DarkPact+1","beaked:Brace+1"],"picked":"beaked:ScreechingChant+1","floor":46},{"not_picked":["beaked:Overexert+1","beaked:WarriorEssence","beaked:Daydream+1","beaked:StickSmack+1"],"picked":"beaked:FeelMyPain+1","floor":48}],"player_experience":1950365,"relics_obtained":[{"floor":1,"key":"SynthV:TestCard"},{"floor":6,"key":"BicycleWheel"},{"floor":9,"key":"reliquary:JackalopeAntler"},{"floor":10,"key":"DianPoetry"},{"floor":12,"key":"StuffTheSpire:Mouthbags"},{"floor":23,"key":"Art of War"},{"floor":25,"key":"halation:AfternoonTea"},{"floor":26,"key":"infinitespire:PuzzleCube"},{"floor":28,"key":"BrokenLever"},{"floor":31,"key":"Enchiridion"},{"floor":40,"key":"reliquary:Buckler"},{"floor":41,"key":"hubris:DuctTape"},{"floor":43,"key":"Mercury Hourglass"},{"floor":46,"key":"Happy Flower"},{"floor":47,"key":"Girya"},{"floor":48,"key":"Oddly Smooth Stone"}],"event_choices":[{"damage_healed":0,"gold_gain":0,"player_choice":"Leave","damage_taken":0,"max_hp_gain":0,"max_hp_loss":0,"event_name":"The Cleric","floor":2,"gold_loss":0},{"damage_healed":0,"gold_gain":0,"player_choice":"Ignored","damage_taken":0,"max_hp_gain":0,"max_hp_loss":0,"event_name":"Golden Wing","floor":3,"gold_loss":0},{"damage_healed":0,"gold_gain":75,"player_choice":"Gold","damage_taken":11,"max_hp_gain":0,"max_hp_loss":0,"event_name":"betterThird:BetterGoop","floor":11,"gold_loss":0},{"damage_healed":0,"gold_gain":0,"player_choice":"Opened","damage_taken":0,"relics_obtained":["Bag of Preparation"],"max_hp_gain":0,"max_hp_loss":0,"event_name":"The Mausoleum","floor":24,"gold_loss":0,"cards_obtained":["Writhe"]},{"damage_healed":0,"gold_gain":0,"player_choice":"Simplicity","damage_taken":0,"max_hp_gain":0,"max_hp_loss":10,"event_name":"betterThird:BetterWriting","floor":30,"gold_loss":0},{"damage_healed":0,"gold_gain":0,"player_choice":"Obtained Book","damage_taken":16,"max_hp_gain":0,"max_hp_loss":0,"event_name":"Cursed Tome","floor":31,"gold_loss":0},{"cards_removed":["Writhe"],"damage_healed":0,"gold_gain":0,"player_choice":"Offered Curse","damage_taken":0,"relics_obtained":["Spirit Poop"],"max_hp_gain":0,"max_hp_loss":0,"event_name":"Bonfire Elementals","floor":36,"gold_loss":0}],"is_beta":false,"boss_relics":[{"not_picked":["conspire:RoyalGoblet","SlaversCollar"],"picked":"Replay:Ancient Bell"},{"not_picked":["Orichalcum","MealTicket"],"picked":"reliquary:PorcupineQuills"},{"not_picked":["conspire:DeflatedDodgeball","Molten Egg 2"],"picked":"Toxic Egg 2"},{"not_picked":["Dead Branch","hubris:MedicalManual"],"picked":"WingedGreaves"},{"not_picked":["halation:SmartPhone","halation:Risk"],"picked":"CosmicIsotope"}],"items_purged_floors":[19,44],"is_endless":false,"potions_floor_spawned":[5,13,14,18,20,27,28,37,38,40,45,48],"ascension_level":0}}