{"host":"d54lcqy5t45er8jx","time":1613875395,"event":{"mods":["2.2 Compatiblity","AchievementEnabler","BaseMod","CapriCore","Colored Powertips","DeckTracker","Defuse TimeMaze Blight","Hermit","Highlight Path","Hubris","Infinite Spire","Marisa£¨Ùöéë¡¡Øª×âÞÞ£©","Minty Spire (QoL Compilation)","Permanent Neow","Quick Restart","Rare Cards Sparkle","Relic Stats","Remilia£¨?Ú·×é?£©","StSLib","The Animator","The Cursed","The Immortal","The Servant 0.9.4","WarShipGirlsR/??á´Ò³R mod","Yakumo Yukari mod"],"gold_per_floor":[119,130,130,130,246,273,273,307,307,307,326,326,393,393,393,492,492,503,519,25,25,39,64,64,92,174,255,255,236,249,164,164,267,267,284,284,295,341,352,386,399,425,425,457,457,457,487,497,497,592,592,592],"floor_reached":51,"language":"ENG","playtime":24907,"items_purged":["Defend_RM"],"score":1237,"play_id":"367b6eb0-c2e9-47d9-bc72-5baa60eaf636","local_time":"20210221114315","is_ascension_mode":true,"campfire_choices":[{"data":"TransientEternity","floor":7.0,"key":"SMITH"},{"data":"VampireKiss","floor":10.0,"key":"SMITH"},{"data":"GlobalNightmare","floor":15.0,"key":"SMITH"},{"data":"ScarletMeister","floor":24.0,"key":"SMITH"},{"data":"VampirishNight","floor":28.0,"key":"SMITH"},{"data":"ScarletSymphony","floor":32.0,"key":"SMITH"},{"data":"EmergencyRegeneration","floor":46,"key":"SMITH"},{"data":"Maim","floor":49,"key":"SMITH"}],"circlet_count":0,"master_deck":["ScarletCoffin+1","Strike_RM+1","Strike_RM+1","Defend_RM","RedMoon","ScarletShoot+1","Stigmanizer","Ultimatum+1","SuperhumanBloodyKnife","Stigmanizer+1","TransientEternity+1","VampireKiss+1","VampirishNight","GlobalNightmare+1","infinitespire:Collect","ScarletMeister+1","Stigmanizer+1","BloodHunter+1","VampireSweep+1","ScarletSymphony+1","BloodHunter","VampireSweep+1","VampirishNight+1","Secret Technique","Gluttony_TH","ScarletSymphony+1","MiserableFate+1","BloodySeventeenLaser","BlasphemousPunishment+1","NightDance+1","BloodRain","BlasphemousPunishment+1","EmergencyRegeneration","BloodyMagicSquare+1","UnstableMagic","Maim+1","EmergencyRegeneration+1","ReincarnationDial","TransientEternity"],"relics":["ScarletHat","Turnip","hubris:Icosahedron","infinitespire:CursedDice","infinitespire:Bottled Soul","hubris:Metronome","Vajra","Bag of Preparation","hubris:TenFootPole","Astrolabe","FossilizedHelix","Nunchaku","Tiny Chest","hubris:MobiusCoin","Bag of Marbles","Shuriken","Toy Ornithopter","hubris:SphereOfDissonance","StrikeDummy","Ancient Tea Set","MealTicket","Coffee Dripper","CatCart","Darkstone Periapt","Meat on the Bone","Eternal Feather","Matryoshka","Centennial Puzzle","Pen Nib","Omamori","Oddly Smooth Stone","Busted Crown"],"acts_visited":["Exordium","TheCity","TheBeyond","Exordium"],"potions_floor_usage":[],"damage_taken":[{"damage":0.0,"enemies":"Small Slimes","floor":1.0,"turns":3.0},{"damage":0.0,"enemies":"2 Louse","floor":2.0,"turns":2.0},{"damage":0.0,"enemies":"Jaw Worm","floor":5.0,"turns":5.0},{"damage":0.0,"enemies":"3 Sentries","floor":6.0,"turns":5.0},{"damage":21.0,"enemies":"Lagavulin","floor":8.0,"turns":8.0},{"damage":0.0,"enemies":"Large Slime","floor":11.0,"turns":3.0},{"damage":12.0,"enemies":"3 Sentries","floor":13.0,"turns":6.0},{"damage":29.0,"enemies":"The Guardian","floor":16.0,"turns":7.0},{"damage":0.0,"enemies":"Shell Parasite","floor":18.0,"turns":2.0},{"damage":0.0,"enemies":"Chosen","floor":19.0,"turns":5.0},{"damage":6.0,"enemies":"Snake Plant","floor":22.0,"turns":2.0},{"damage":23.0,"enemies":"Gremlin Leader","floor":23.0,"turns":3.0},{"damage":30.0,"enemies":"Nightmare","floor":25.0,"turns":4.0},{"damage":4.0,"enemies":"Book of Stabbing","floor":27.0,"turns":2.0},{"damage":42.0,"enemies":"Gremlin Leader","floor":29.0,"turns":4.0},{"damage":0.0,"enemies":"Chosen and Byrds","floor":30.0,"turns":3.0},{"damage":4.0,"enemies":"Collector","floor":33.0,"turns":2.0},{"damage":8.0,"enemies":"3 Shapes","floor":35.0,"turns":2.0},{"damage":0.0,"enemies":"3 Darklings","floor":37.0,"turns":2.0},{"damage":54.0,"enemies":"Orin","floor":38.0,"turns":7.0},{"damage":37.0,"enemies":"Maw","floor":39.0,"turns":4.0},{"damage":33.0,"enemies":"Nemesis","floor":40.0,"turns":1.0},{"damage":0,"enemies":"Spire Growth","floor":41,"turns":2},{"damage":46,"enemies":"Reptomancer","floor":42,"turns":1},{"damage":23,"enemies":"Giant Head","floor":44,"turns":3},{"damage":41,"enemies":"Nemesis","floor":47,"turns":5},{"damage":1,"enemies":"Sphere and 2 Shapes","floor":48,"turns":2},{"damage":80,"enemies":"hubris:GrandSnecko","floor":50,"turns":5}],"seed_played":"-6605637325799176649","potions_obtained":[{"floor":2.0,"key":"AttackPotion"},{"floor":6.0,"key":"Ancient Potion"},{"floor":11.0,"key":"PowerPotion"},{"floor":13.0,"key":"Energy Potion"},{"floor":19.0,"key":"SpeedPotion"},{"floor":30.0,"key":"CultistPotion"}],"is_trial":false,"path_per_floor":["M","M","?","?","M","E","R","E","T","R","M","?","E","?","R","B",null,"M","M","$","?","M","E","R","NM","T","E","R","E","M","?","R","B",null,"M","?","M","?","M","E","M","E","T","E","T","R","E","M","R","B",null],"character_chosen":"REMILIA","items_purchased":["VampirishNight","Secret Technique","Nunchaku"],"campfire_rested":0,"item_purchase_floors":[20,20,20],"current_hp_per_floor":[56,56,49,49,51,52,52,35,35,35,39,39,43,34,34,18,75,75,75,75,90,87,83,83,69,69,72,72,60,78,78,78,89,90,82,82,90,56,78,45,54,54,54,90,90,90,59,70,90,90,90,90],"gold":592,"neow_bonus":"ONE_RARE_RELIC","is_daily":false,"chose_seed":false,"campfire_upgraded":8,"win_rate":0.0,"timestamp":1613875395,"path_taken":["M","M","?","?","M","E","R","E","T","R","M","?","E","?","R","BOSS","M","M","$","?","M","E","R","NM","T","E","R","E","M","?","R","BOSS","M","?","M","?","M","E","M","E","T","E","?","R","E","?","R","BOSS"],"items_purchased_type":["Card","Card","Relic"],"build_version":"2020-12-22","purchased_purges":1,"victory":false,"max_hp_per_floor":[75,75,75,75,75,75,75,75,75,75,75,75,75,75,75,75,75,75,75,75,90,90,90,90,90,90,90,90,90,90,90,90,90,90,90,90,90,90,90,90,90,90,90,90,90,90,90,90,90,90,90,90],"relic_stats":{"Darkstone Periapt":0,"counters":[28,100],"Astrolabe":["Stigmanizer","BloodHunter","VampireSweep"],"Eternal Feather":20,"Pen Nib":[4],"Bag of Preparation":[42],"Nunchaku":[17],"Centennial Puzzle":[6],"Busted Crown":0,"Shuriken":[33],"Tiny Chest":1,"MealTicket":0,"Turnip":[5],"obtain_stats":[{"Darkstone Periapt":40,"hubris:Metronome":9,"Vajra":12,"Bag of Preparation":13,"Ancient Tea Set":31,"ScarletHat":0,"Nunchaku":20,"Centennial Puzzle":44,"hubris:Icosahedron":4,"Matryoshka":43,"infinitespire:Bottled Soul":8,"Tiny Chest":23,"MealTicket":33,"hubris:MobiusCoin":23,"infinitespire:CursedDice":6,"Astrolabe":17,"hubris:SphereOfDissonance":29,"Oddly Smooth Stone":47,"Eternal Feather":42,"Pen Nib":45,"Omamori":45,"Busted Crown":51,"Shuriken":26,"Turnip":0,"hubris:TenFootPole":13,"Bag of Marbles":25,"Coffee Dripper":34,"CatCart":38,"StrikeDummy":30,"FossilizedHelix":19,"Toy Ornithopter":27,"Meat on the Bone":40},{"Darkstone Periapt":22,"hubris:Metronome":5,"Vajra":6,"Bag of Preparation":7,"Ancient Tea Set":16,"ScarletHat":0,"Nunchaku":10,"Centennial Puzzle":25,"hubris:Icosahedron":2,"Matryoshka":24,"infinitespire:Bottled Soul":5,"Tiny Chest":12,"MealTicket":17,"hubris:MobiusCoin":12,"infinitespire:CursedDice":4,"Astrolabe":8,"hubris:SphereOfDissonance":15,"Oddly Smooth Stone":26,"Eternal Feather":24,"Pen Nib":25,"Omamori":25,"Busted Crown":28,"Shuriken":13,"Turnip":0,"hubris:TenFootPole":7,"Bag of Marbles":13,"Coffee Dripper":17,"CatCart":20,"StrikeDummy":16,"FossilizedHelix":10,"Toy Ornithopter":14,"Meat on the Bone":22},{"Darkstone Periapt":82,"hubris:Metronome":23,"Vajra":26,"Bag of Preparation":32,"Ancient Tea Set":64,"ScarletHat":0,"Nunchaku":46,"Centennial Puzzle":88,"hubris:Icosahedron":5,"Matryoshka":85,"infinitespire:Bottled Soul":23,"Tiny Chest":51,"MealTicket":66,"hubris:MobiusCoin":51,"infinitespire:CursedDice":15,"Astrolabe":39,"hubris:SphereOfDissonance":61,"Oddly Smooth Stone":93,"Eternal Feather":85,"Pen Nib":88,"Omamori":88,"Busted Crown":100,"Shuriken":55,"Turnip":0,"hubris:TenFootPole":32,"Bag of Marbles":55,"Coffee Dripper":66,"CatCart":77,"StrikeDummy":64,"FossilizedHelix":46,"Toy Ornithopter":57,"Meat on the Bone":82}],"Toy Ornithopter":5,"Meat on the Bone":0},"card_choices":[{"not_picked":["UnderTheZenith","RedRainbow"],"picked":"Stigmanizer","floor":1.0},{"not_picked":["BlasphemousPunishment","MastersStateliness"],"picked":"Ultimatum","floor":2.0},{"not_picked":["FavorOfDestiny","UnstableMagic"],"picked":"SuperhumanBloodyKnife","floor":5.0},{"not_picked":["MastersStateliness","NightLord"],"picked":"Stigmanizer","floor":5.0},{"not_picked":["ScarletImprint","UltimateOffering"],"picked":"TransientEternity","floor":6.0},{"not_picked":["UnstableMagic","Septette"],"picked":"VampireKiss","floor":8.0},{"not_picked":["NightDance","BloodHunter"],"picked":"VampirishNight","floor":11.0},{"not_picked":["BloodyTrap","Septette"],"picked":"GlobalNightmare","floor":13.0},{"not_picked":["RedRainbow","MastersStateliness","RedMagic"],"picked":"SKIP","floor":13.0},{"not_picked":["infinitespire:Execution","hubris:Fate"],"picked":"infinitespire:Collect","floor":14.0},{"not_picked":["HeartBreak","ChaoticDestiny"],"picked":"ScarletMeister","floor":16.0},{"not_picked":["Septette","MastersStateliness"],"picked":"ScarletSymphony","floor":18.0},{"not_picked":["FavorOfDestiny+1","Stigmanizer"],"picked":"BloodHunter","floor":18.0},{"not_picked":["UnderTheZenith","CharismaGuard"],"picked":"VampireSweep","floor":19.0},{"not_picked":["ScarletGensokyo","Stigmanizer"],"picked":"ScarletSymphony","floor":22.0},{"not_picked":["FavorOfDestiny","MastersStateliness"],"picked":"MiserableFate+1","floor":23.0},{"not_picked":["Septette+1","FitfulNightmare+1","RedMagic"],"picked":"SKIP","floor":25.0},{"not_picked":["NightDance","HunterOfTheNight"],"picked":"BloodySeventeenLaser","floor":27.0},{"not_picked":["BloodyTrap","DiffusionOfMisfortune","StarOfDavid"],"picked":"SKIP","floor":29.0},{"not_picked":["ChainGang","UnderTheZenith"],"picked":"BlasphemousPunishment+1","floor":30.0},{"not_picked":["RedMagic","HunterOfTheNight+1"],"picked":"NightDance+1","floor":30.0},{"not_picked":["KillingBlow","HeartBreak"],"picked":"BloodRain","floor":33.0},{"not_picked":["HunterOfTheNight+1","StarOfDavid"],"picked":"BlasphemousPunishment+1","floor":35.0},{"not_picked":["FavorOfDestiny","BlasphemousPunishment"],"picked":"EmergencyRegeneration","floor":37.0},{"not_picked":["CharismaGuard+1","FavorOfDestiny","DiffusionOfMisfortune+1"],"picked":"SKIP","floor":39.0},{"not_picked":["VampireClaw","ScarletImprint"],"picked":"BloodyMagicSquare+1","floor":40.0},{"not_picked":["BombardNight+1","ChaoticDestiny"],"picked":"UnstableMagic","floor":41},{"not_picked":["NightDance+1","VampireKiss+1"],"picked":"Maim","floor":42},{"not_picked":["BloodyTrap+1","DiffusionOfMisfortune"],"picked":"EmergencyRegeneration","floor":44},{"not_picked":["TwelveNightmare+1","VampireSweep+1"],"picked":"ReincarnationDial","floor":47},{"not_picked":["CharismaGuard+1","StarOfDavid+1","ScarletImprint+1"],"picked":"SKIP","floor":48},{"not_picked":["ForecastOfChange","CeilingFear"],"picked":"TransientEternity","floor":50}],"player_experience":1021930,"relics_obtained":[{"floor":6.0,"key":"infinitespire:CursedDice"},{"floor":8.0,"key":"infinitespire:Bottled Soul"},{"floor":9.0,"key":"hubris:Metronome"},{"floor":12.0,"key":"Vajra"},{"floor":13.0,"key":"Bag of Preparation"},{"floor":13.0,"key":"hubris:TenFootPole"},{"floor":19.0,"key":"FossilizedHelix"},{"floor":23.0,"key":"Tiny Chest"},{"floor":23.0,"key":"hubris:MobiusCoin"},{"floor":25.0,"key":"Bag of Marbles"},{"floor":26.0,"key":"Shuriken"},{"floor":27.0,"key":"Toy Ornithopter"},{"floor":29.0,"key":"hubris:SphereOfDissonance"},{"floor":30.0,"key":"StrikeDummy"},{"floor":33.0,"key":"MealTicket"},{"floor":38.0,"key":"CatCart"},{"floor":40.0,"key":"Darkstone Periapt"},{"floor":40.0,"key":"Meat on the Bone"},{"floor":42,"key":"Eternal Feather"},{"floor":43,"key":"Matryoshka"},{"floor":44,"key":"Centennial Puzzle"},{"floor":45,"key":"Pen Nib"},{"floor":45,"key":"Omamori"},{"floor":47,"key":"Oddly Smooth Stone"}],"event_choices":[{"cards_removed":["Strike_RM"],"damage_healed":0.0,"max_hp_gain":0.0,"max_hp_loss":0.0,"gold_gain":0.0,"event_name":"Golden Wing","player_choice":"Card Removal","floor":3.0,"gold_loss":0.0,"damage_taken":7.0},{"damage_healed":0.0,"max_hp_gain":0.0,"max_hp_loss":0.0,"gold_gain":0.0,"event_name":"Addict","player_choice":"Obtained Relic","floor":31.0,"gold_loss":85.0,"damage_taken":0.0,"relics_obtained":["Ancient Tea Set"]},{"damage_healed":0.0,"max_hp_gain":0.0,"max_hp_loss":0.0,"gold_gain":0.0,"event_name":"SensoryStone","player_choice":"Memory 1","floor":36.0,"gold_loss":0.0,"damage_taken":0.0},{"damage_healed":0.0,"max_hp_gain":0.0,"max_hp_loss":0.0,"gold_gain":0.0,"event_name":"OrinTheCat","player_choice":"Fight","floor":38.0,"gold_loss":0.0,"damage_taken":0.0}],"is_beta":false,"boss_relics":[{"not_picked":["hubris:BlackHole","Philosopher\u0027s Stone"],"picked":"Astrolabe"},{"not_picked":["hubris:RunicObelisk","SlaversCollar"],"picked":"Coffee Dripper"},{"not_picked":["Fusion Hammer","APieceOfRedMist"],"picked":"Busted Crown"}],"items_purged_floors":[20],"is_endless":true,"potions_floor_spawned":[6,13,19,22,27,30,33,38,39,42,44,48],"ascension_level":2}}