{"host":"pifa3o3uv2a0m12r","time":1613947022,"event":{"mods":["AchievementEnabler","BaseMod","Colored Map","Minty Spire (QoL Compilation)","StSLib","SuperFastMode"],"gold_per_floor":[114,124,124,124,53,77,98,138,138,157,177,177,177,215,215,215,215],"floor_reached":16,"language":"FRA","playtime":521,"items_purged":[],"score":137,"play_id":"b2dda632-4c72-4736-a1e8-e7462f59858e","local_time":"20210221123702","is_ascension_mode":false,"campfire_choices":[{"floor":13,"key":"REST"},{"floor":15,"key":"REST"}],"circlet_count":0,"master_deck":["Strike_R","Strike_R","Strike_R","Strike_R","Defend_R","Defend_R","Defend_R","Defend_R","Bash","Hemokinesis","Rupture","Pommel Strike","Pummel","Cleave","Flex","Rampage","Flame Barrier"],"relics":["Burning Blood","Golden Idol","Strawberry","Omamori","White Beast Statue"],"acts_visited":["Exordium"],"potions_floor_usage":[8,16],"damage_taken":[{"damage":8,"enemies":"2 Louse","floor":1,"turns":3},{"damage":2,"enemies":"Small Slimes","floor":2,"turns":4},{"damage":1,"enemies":"Cultist","floor":6,"turns":4},{"damage":21,"enemies":"Large Slime","floor":7,"turns":7},{"damage":33,"enemies":"Gremlin Nob","floor":8,"turns":5},{"damage":16,"enemies":"Blue Slaver","floor":10,"turns":6},{"damage":14,"enemies":"2 Fungi Beasts","floor":11,"turns":3},{"damage":29,"enemies":"3 Sentries","floor":14,"turns":8},{"damage":58,"enemies":"Hexaghost","floor":16,"turns":10}],"seed_played":"-4644708616794836619","potions_obtained":[{"floor":1,"key":"BlessingOfTheForge"},{"floor":2,"key":"GamblersBrew"},{"floor":7,"key":"GamblersBrew"},{"floor":14,"key":"Weak Potion"}],"is_trial":false,"path_per_floor":["M","M","?","?","$","M","M","E","T","M","M","?","R","E","R","B"],"character_chosen":"IRONCLAD","items_purchased":["Dual Wield"],"campfire_rested":2,"item_purchase_floors":[5],"current_hp_per_floor":[86,88,66,66,66,71,56,36,36,26,18,18,46,23,51,0,0],"gold":215,"neow_bonus":"TEN_PERCENT_HP_BONUS","is_daily":false,"chose_seed":false,"campfire_upgraded":0,"win_rate":0.0,"timestamp":1613947022,"path_taken":["M","M","?","?","$","M","M","E","T","M","?","?","R","E","R","BOSS"],"items_purchased_type":["Card"],"build_version":"2020-12-22","purchased_purges":0,"victory":false,"max_hp_per_floor":[88,88,88,88,88,88,88,95,95,95,95,95,95,95,95,95,95],"card_choices":[{"not_picked":["Flame Barrier","Power Through"],"picked":"Hemokinesis","floor":1},{"not_picked":["Rage","Infernal Blade"],"picked":"Rupture","floor":2},{"not_picked":["True Grit","Clash"],"picked":"Pommel Strike","floor":6},{"not_picked":["Dual Wield","Sword Boomerang"],"picked":"Pummel","floor":7},{"not_picked":["Wild Strike","Sword Boomerang"],"picked":"Cleave","floor":8},{"not_picked":["Battle Trance","Clash"],"picked":"Flex","floor":10},{"not_picked":["Dropkick","Clash","Havoc"],"picked":"SKIP","floor":11},{"not_picked":["True Grit","Twin Strike"],"picked":"Flame Barrier","floor":14}],"player_experience":136088,"relics_obtained":[{"floor":8,"key":"Strawberry"},{"floor":9,"key":"Omamori"},{"floor":14,"key":"White Beast Statue"}],"event_choices":[{"damage_healed":0,"gold_gain":0,"player_choice":"Take Damage","damage_taken":22,"relics_obtained":["Golden Idol"],"max_hp_gain":0,"max_hp_loss":0,"event_name":"Golden Idol","floor":3,"gold_loss":0},{"cards_removed":["Strike_R"],"damage_healed":0,"gold_gain":0,"player_choice":"Purged","damage_taken":0,"max_hp_gain":0,"max_hp_loss":0,"event_name":"Purifier","floor":4,"gold_loss":0},{"damage_healed":0,"gold_gain":0,"cards_transformed":["Dual Wield"],"player_choice":"Change","damage_taken":0,"max_hp_gain":0,"max_hp_loss":0,"event_name":"Living Wall","floor":12,"gold_loss":0,"cards_obtained":["Rampage"]}],"is_beta":false,"boss_relics":[],"items_purged_floors":[],"is_endless":false,"potions_floor_spawned":[1,2,7,14],"killed_by":"Hexaghost","ascension_level":0}}