{"host":"rolltorest","time":1613892761,"event":{"mods":["BaseMod","Minty Spire (QoL Compilation)","Relic Stats","Slay the Relics Exporter","StSLib"],"gold_per_floor":[119,119,130,130,130,162,162,195,195,270,137,165,165,180,180,258,258,268,283,59,69,85,85,113,130,184,184,184,18,18,51,51,128,128,138,155,155,168,193,193,193,193],"floor_reached":41,"language":"ENG","playtime":1127,"items_purged":[],"score":969,"play_id":"64e871cf-35d0-4f22-ab5e-cc1b0f1b1b4e","local_time":"20210220233241","is_ascension_mode":true,"campfire_choices":[{"data":"TalkToTheHand","floor":13,"key":"SMITH"},{"data":"BattleHymn","floor":15,"key":"SMITH"},{"data":"Blasphemy","floor":23,"key":"SMITH"},{"data":"LikeWater","floor":27,"key":"SMITH"},{"data":"Fasting2","floor":32,"key":"SMITH"},{"data":"Fasting2","floor":40,"key":"SMITH"}],"circlet_count":0,"master_deck":["AscendersBane","Defend_P","Defend_P","Defend_P","Eruption+1","Vigilance","Consecrate","Consecrate+1","BowlingBash","BattleHymn+1","TalkToTheHand+1","EmptyFist","EmptyBody","CutThroughFate","Blasphemy+1","InnerPeace","Weave","CutThroughFate","CutThroughFate","LikeWater+1","Fasting2+1","Evaluate","Bite","Bite","Bite","Bite","Bite","Shame","DevaForm","FlurryOfBlows","Fasting2+1","Adaptation"],"relics":["PureWater","NeowsBlessing","Letter Opener","Meat on the Bone","Eternal Feather","TeardropLocket","Vajra","Coffee Dripper","Frozen Eye","Kunai","Bag of Preparation","ClockworkSouvenir","Unceasing Top","Toy Ornithopter","Cursed Key","Incense Burner"],"acts_visited":["Exordium","TheCity","TheBeyond"],"potions_floor_usage":[16,24,36,41],"damage_taken":[{"damage":0,"enemies":"Small Slimes","floor":1,"turns":1},{"damage":0,"enemies":"Cultist","floor":3,"turns":1},{"damage":0,"enemies":"3 Sentries","floor":6,"turns":1},{"damage":42,"enemies":"Lagavulin","floor":8,"turns":6},{"damage":5,"enemies":"3 Sentries","floor":12,"turns":4},{"damage":0,"enemies":"Jaw Worm","floor":14,"turns":2},{"damage":20,"enemies":"Hexaghost","floor":16,"turns":7},{"damage":0,"enemies":"Chosen","floor":18,"turns":3},{"damage":2,"enemies":"2 Thieves","floor":19,"turns":3},{"damage":18,"enemies":"Chosen and Byrds","floor":21,"turns":5},{"damage":12,"enemies":"Centurion and Healer","floor":22,"turns":3},{"damage":35,"enemies":"Slavers","floor":24,"turns":3},{"damage":5,"enemies":"Cultist and Chosen","floor":25,"turns":4},{"damage":10,"enemies":"Gremlin Leader","floor":31,"turns":4},{"damage":18,"enemies":"Champ","floor":33,"turns":8},{"damage":1,"enemies":"Orb Walker","floor":35,"turns":3},{"damage":14,"enemies":"3 Darklings","floor":36,"turns":4},{"damage":0,"enemies":"Spire Growth","floor":38,"turns":4},{"damage":5,"enemies":"Mind Bloom Boss Battle","floor":39,"turns":6},{"damage":78,"enemies":"Reptomancer","floor":41,"turns":2}],"seed_played":"-3868668075147356641","potions_obtained":[{"floor":8,"key":"SteroidPotion"},{"floor":14,"key":"Dexterity Potion"},{"floor":19,"key":"BottledMiracle"},{"floor":24,"key":"StancePotion"},{"floor":39,"key":"BlessingOfTheForge"}],"is_trial":false,"path_per_floor":["M","?","M","?","?","E","T","E","T","?","$","E","R","M","R","B",null,"M","M","$","M","M","R","E","M","T","R","?","$","?","E","R","B",null,"M","M","?","M","?","R","E"],"character_chosen":"WATCHER","items_purchased":["TalkToTheHand","EmptyFist","CutThroughFate","Frozen Eye","ClockworkSouvenir"],"campfire_rested":0,"item_purchase_floors":[11,11,20,20,29],"current_hp_per_floor":[61,61,61,61,66,66,66,36,36,25,25,32,41,41,50,42,65,65,63,63,45,45,60,37,44,44,59,51,51,51,51,51,49,51,51,44,44,51,51,51,0,0],"gold":193,"neow_bonus":"THREE_ENEMY_KILL","is_daily":false,"chose_seed":false,"campfire_upgraded":6,"win_rate":0.0,"timestamp":1613892761,"path_taken":["M","?","?","?","?","E","?","E","T","?","$","E","R","M","R","BOSS","M","M","$","M","M","R","E","M","T","R","?","?","?","E","R","BOSS","M","M","?","M","?","R","E"],"items_purchased_type":["Card","Card","Card","Relic","Relic"],"build_version":"2020-12-18","purchased_purges":0,"victory":false,"max_hp_per_floor":[68,68,68,68,73,73,73,73,73,73,73,73,73,73,73,73,73,73,73,73,73,73,73,73,73,73,73,51,51,51,51,51,51,51,51,51,51,51,51,51,51,51],"relic_stats":{"counters":[20,74],"Eternal Feather":48,"Bag of Preparation":[14],"Letter Opener":[75],"Kunai":[26],"Cursed Key":0,"obtain_stats":[{"NeowsBlessing":0,"Vajra":12,"Eternal Feather":8,"Bag of Preparation":26,"Incense Burner":39,"Letter Opener":6,"TeardropLocket":9,"Cursed Key":34,"ClockworkSouvenir":29,"Frozen Eye":20,"Coffee Dripper":17,"Kunai":24,"PureWater":0,"Unceasing Top":30,"Toy Ornithopter":31,"Meat on the Bone":7},{"NeowsBlessing":0,"Vajra":5,"Eternal Feather":4,"Bag of Preparation":13,"Incense Burner":19,"Letter Opener":3,"TeardropLocket":4,"Cursed Key":15,"ClockworkSouvenir":13,"Frozen Eye":9,"Coffee Dripper":7,"Kunai":12,"PureWater":0,"Unceasing Top":13,"Toy Ornithopter":14,"Meat on the Bone":3},{"NeowsBlessing":0,"Vajra":13,"Eternal Feather":9,"Bag of Preparation":43,"Incense Burner":72,"Letter Opener":3,"TeardropLocket":9,"Cursed Key":55,"ClockworkSouvenir":43,"Frozen Eye":28,"Coffee Dripper":22,"Kunai":39,"PureWater":0,"Unceasing Top":43,"Toy Ornithopter":47,"Meat on the Bone":3}],"Unceasing Top":[0],"Toy Ornithopter":10,"Meat on the Bone":72},"card_choices":[{"not_picked":["JustLucky","EmptyBody"],"picked":"Consecrate","floor":1},{"not_picked":["Crescendo","Vengeance"],"picked":"Consecrate","floor":3},{"not_picked":["Devotion","EmptyMind"],"picked":"BowlingBash","floor":6},{"not_picked":["Weave","Halt"],"picked":"BattleHymn","floor":8},{"not_picked":["BowlingBash","Brilliance"],"picked":"EmptyBody","floor":12},{"not_picked":["PathToVictory","EmptyFist"],"picked":"CutThroughFate","floor":14},{"not_picked":["Brilliance","Omniscience"],"picked":"Blasphemy","floor":16},{"not_picked":["BattleHymn","SashWhip"],"picked":"InnerPeace","floor":18},{"not_picked":["Evaluate","EmptyBody"],"picked":"Weave","floor":19},{"not_picked":["Prostrate","Halt"],"picked":"CutThroughFate","floor":21},{"not_picked":["Prostrate","CrushJoints"],"picked":"LikeWater","floor":22},{"not_picked":["FollowUp+1","ConjureBlade"],"picked":"Fasting2","floor":24},{"not_picked":["Vengeance","PathToVictory+1"],"picked":"Evaluate","floor":25},{"not_picked":["WindmillStrike","ClearTheMind","Protect"],"picked":"SKIP","floor":31},{"not_picked":["Omniscience","MasterReality"],"picked":"DevaForm","floor":33},{"not_picked":["Halt+1","JustLucky+1"],"picked":"FlurryOfBlows","floor":35},{"not_picked":["BowlingBash","CrushJoints","Protect"],"picked":"SKIP","floor":36},{"not_picked":["ThirdEye+1","Scrawl"],"picked":"Fasting2","floor":38},{"not_picked":["CrushJoints","ClearTheMind"],"picked":"Adaptation","floor":39}],"player_experience":2015371,"relics_obtained":[{"floor":6,"key":"Letter Opener"},{"floor":7,"key":"Meat on the Bone"},{"floor":8,"key":"Eternal Feather"},{"floor":9,"key":"TeardropLocket"},{"floor":12,"key":"Vajra"},{"floor":24,"key":"Kunai"},{"floor":26,"key":"Bag of Preparation"},{"floor":31,"key":"Toy Ornithopter"},{"floor":39,"key":"Incense Burner"}],"event_choices":[{"damage_healed":0,"gold_gain":0,"player_choice":"Upgraded","damage_taken":0,"max_hp_gain":0,"max_hp_loss":0,"event_name":"Upgrade Shrine","floor":2,"gold_loss":0,"cards_upgraded":["Eruption"]},{"damage_healed":0,"gold_gain":0,"player_choice":"Grow","damage_taken":0,"max_hp_gain":0,"max_hp_loss":0,"event_name":"Living Wall","floor":4,"gold_loss":0,"cards_upgraded":["Consecrate"]},{"damage_healed":0,"gold_gain":0,"player_choice":"Donut","damage_taken":0,"max_hp_gain":5,"max_hp_loss":0,"event_name":"Big Fish","floor":5,"gold_loss":0},{"damage_healed":0,"gold_gain":75,"player_choice":"Gather Gold","damage_taken":11,"max_hp_gain":0,"max_hp_loss":0,"event_name":"World of Goop","floor":10,"gold_loss":0},{"damage_healed":0,"gold_gain":0,"player_choice":"Became a vampire","damage_taken":0,"max_hp_gain":0,"max_hp_loss":22,"event_name":"Vampires","floor":28,"gold_loss":0,"cards_obtained":["Bite","Bite","Bite","Bite","Bite"]},{"damage_healed":0,"gold_gain":0,"player_choice":"Stole Relic","damage_taken":0,"relics_obtained":["Unceasing Top"],"max_hp_gain":0,"max_hp_loss":0,"event_name":"Addict","floor":30,"gold_loss":0,"cards_obtained":["Shame"]},{"cards_removed":["Defend_P"],"damage_healed":0,"gold_gain":0,"player_choice":"Removed Skill","damage_taken":0,"max_hp_gain":0,"max_hp_loss":0,"event_name":"Falling","floor":37,"gold_loss":0},{"damage_healed":0,"gold_gain":0,"player_choice":"Fight","damage_taken":0,"max_hp_gain":0,"max_hp_loss":0,"event_name":"MindBloom","floor":39,"gold_loss":0}],"is_beta":true,"boss_relics":[{"not_picked":["Sozu","Velvet Choker"],"picked":"Coffee Dripper"},{"not_picked":["Pandora\u0027s Box","Tiny House"],"picked":"Cursed Key"}],"items_purged_floors":[],"is_endless":false,"potions_floor_spawned":[8,14,19,24,31,35,39],"killed_by":"Reptomancer","ascension_level":20}}