{"host":"ju1b3c4x8n2jtjm7","time":1613951113,"event":{"mods":["AchievementEnabler","BaseMod","Colored Map","Colored Powertips","Highlight Path","Minty Spire (QoL Compilation)","Quick Restart","Rare Cards Sparkle","Relic Stats"],"gold_per_floor":[363,132,143,50,68,68,104,104,104,104,148,9,25,50,50,148,148,161,18,37,37,37,37,37,37],"floor_reached":24,"language":"ENG","playtime":1353,"items_purged":["Strike_B","Strike_B"],"score":316,"play_id":"b5b82d61-13bc-4cc2-90fc-71153d6f23db","local_time":"20210222004513","is_ascension_mode":true,"campfire_choices":[{"data":"Defragment","floor":6.0,"key":"SMITH"},{"data":"Defragment","floor":8.0,"key":"SMITH"},{"data":"Loop","floor":15.0,"key":"SMITH"},{"data":"Tempest","floor":23,"key":"SMITH"}],"circlet_count":0,"master_deck":["AscendersBane","Strike_B","Defend_B","Defend_B","Defend_B","Defend_B","Zap","Dualcast","Defragment+1","Tempest+1","Cold Snap","Defragment+1","Hologram","Gash","Impatience","Loop+1","Sweeping Beam"],"relics":["Cracked Core","Oddly Smooth Stone","CeramicFish","Kunai","Mango","Runic Pyramid"],"acts_visited":["Exordium","TheCity"],"potions_floor_usage":[],"damage_taken":[{"damage":1.0,"enemies":"Cultist","floor":1.0,"turns":4.0},{"damage":1.0,"enemies":"Jaw Worm","floor":3.0,"turns":4.0},{"damage":0.0,"enemies":"2 Louse","floor":5.0,"turns":2.0},{"damage":20.0,"enemies":"3 Sentries","floor":7.0,"turns":5.0},{"damage":16.0,"enemies":"Gremlin Nob","floor":11.0,"turns":4.0},{"damage":0.0,"enemies":"Large Slime","floor":13.0,"turns":4.0},{"damage":0.0,"enemies":"Exordium Wildlife","floor":14.0,"turns":5.0},{"damage":1.0,"enemies":"The Guardian","floor":16.0,"turns":9.0},{"damage":20.0,"enemies":"2 Thieves","floor":18.0,"turns":3.0},{"damage":0,"enemies":"Chosen","floor":20,"turns":6},{"damage":59,"enemies":"Slavers","floor":24,"turns":3}],"seed_played":"6742098140444023270","potions_obtained":[{"floor":5.0,"key":"Explosive Potion"},{"floor":7.0,"key":"Block Potion"},{"floor":13.0,"key":"DistilledChaos"},{"floor":16.0,"key":"Energy Potion"},{"floor":20,"key":"PotionOfCapacity"}],"is_trial":false,"path_per_floor":["M","$","M","$","M","R","E","R","T","?","E","$","M","M","R","B",null,"M","$","M","?","?","R","E"],"character_chosen":"DEFECT","items_purchased":["Oddly Smooth Stone","Cold Snap","Defragment","Impatience","AttackPotion","Sweeping Beam"],"campfire_rested":0,"item_purchase_floors":[2,4,4,12,12,19],"current_hp_per_floor":[67,67,66,66,66,66,46,46,46,46,44,44,44,44,44,43,72,52,52,52,52,52,52,0,0],"gold":37,"neow_bonus":"TWO_FIFTY_GOLD","is_daily":false,"chose_seed":false,"campfire_upgraded":4,"win_rate":0.0,"timestamp":1613951113,"path_taken":["M","$","?","$","?","R","E","R","T","?","E","?","M","M","R","BOSS","M","$","M","?","?","R","E"],"items_purchased_type":["Relic","Card","Card","Card","Potion","Card"],"build_version":"2020-12-22","purchased_purges":2,"victory":false,"max_hp_per_floor":[68,68,68,68,68,68,68,68,68,68,82,82,82,82,82,82,82,82,82,82,82,82,82,82,82],"relic_stats":{"counters":[11,47],"CeramicFish":45,"Kunai":[3],"obtain_stats":[{"CeramicFish":7,"Oddly Smooth Stone":2,"Mango":11,"Kunai":9,"Cracked Core":0,"Runic Pyramid":17},{"CeramicFish":4,"Oddly Smooth Stone":1,"Mango":5,"Kunai":4,"Cracked Core":0,"Runic Pyramid":8},{"CeramicFish":15,"Oddly Smooth Stone":4,"Mango":19,"Kunai":15,"Cracked Core":0,"Runic Pyramid":36}]},"card_choices":[{"not_picked":["Go for the Eyes","Barrage"],"picked":"Defragment","floor":1.0},{"not_picked":["Sweeping Beam","FTL"],"picked":"Tempest","floor":3.0},{"not_picked":["Ball Lightning","Rebound","Conserve Battery"],"picked":"SKIP","floor":5.0},{"not_picked":["Auto Shields","Barrage"],"picked":"Hologram","floor":7.0},{"not_picked":["Hello World","Darkness"],"picked":"Gash","floor":11.0},{"not_picked":["Scrape","Aggregate","Barrage"],"picked":"SKIP","floor":13.0},{"not_picked":["Barrage","Biased Cognition"],"picked":"Loop","floor":14.0},{"not_picked":["Cold Snap","Steam Power","Rebound+1"],"picked":"SKIP","floor":18.0},{"not_picked":["Barrage+1","Stack","Hologram"],"picked":"SKIP","floor":20}],"player_experience":462847,"relics_obtained":[{"floor":7.0,"key":"CeramicFish"},{"floor":9.0,"key":"Kunai"},{"floor":11.0,"key":"Mango"}],"event_choices":[{"cards_removed":["Strike_B"],"damage_healed":0.0,"max_hp_gain":0.0,"max_hp_loss":0.0,"gold_gain":0.0,"event_name":"Living Wall","player_choice":"Forget","floor":10.0,"gold_loss":0.0,"damage_taken":0.0},{"damage_healed":0,"gold_gain":0,"player_choice":"Ignored","damage_taken":0,"max_hp_gain":0,"max_hp_loss":0,"event_name":"Vampires","floor":21,"gold_loss":0},{"damage_healed":0,"gold_gain":0,"player_choice":"Ignored","damage_taken":0,"max_hp_gain":0,"max_hp_loss":0,"event_name":"Ghosts","floor":22,"gold_loss":0}],"is_beta":false,"boss_relics":[{"not_picked":["SacredBark","Busted Crown"],"picked":"Runic Pyramid"}],"items_purged_floors":[2,19],"is_endless":false,"potions_floor_spawned":[5,7,13,16,20],"killed_by":"Slavers","ascension_level":11}}