{"host":"yfdtuf6ojcxn06xg","time":1613869472,"event":{"mods":["2.2 Compatiblity","AchievementEnabler","BaseMod","Colored Map","Colored Powertips","Curses Come First","Hermit","JesterMod","Jorbs\u0027s Wanderer Trilogy","Minty Spire (QoL Compilation)","Quick Restart","Rare Cards Sparkle","Relic Stats","Replay The Spire","StSLib","The Cursed","The Disciple","The Hierophant","The Jungle","The Marked","The Necromancer","The Servant 0.9.4"],"gold_per_floor":[215,215,37,52,29,44,54,72,72,147,176,176,193,193,193,297,297,308,308,308,6,16,16,29,42,66,80,111,111,26,26,26,26,26],"floor_reached":33,"language":"ENG","playtime":1259,"items_purged":["Strike_R"],"score":336,"play_id":"f3995d7c-ea0a-4d46-9322-32413e12ab67","local_time":"20210220200432","is_ascension_mode":true,"campfire_choices":[{"data":"Demon Form","floor":12,"key":"SMITH"},{"data":"ReplayTheSpireMod:Corrosion Curse","floor":15,"key":"SMITH"},{"data":"Fiend Fire","floor":23,"key":"SMITH"},{"floor":29,"key":"REST"},{"data":"Feel No Pain","floor":32,"key":"SMITH"}],"circlet_count":0,"master_deck":["Strike_R","Strike_R","Strike_R","Strike_R","Defend_R","Defend_R","Defend_R","Defend_R","Bash","Fire Breathing","Iron Wave+1","Feel No Pain+1","Havoc","ReplayTheSpireMod:Strike From Hell","Power Through","Flame Barrier","Demon Form+1","ReplayTheSpireMod:Corrosion Curse+1","Fiend Fire+1","Abandon","J.A.X.","Pot Of Greed","Pot Of Greed","Disarm","ReplayTheSpireMod:Corrosion Curse","Warcry","Pot Of Greed","Shrug It Off","Headbutt","True Grit","True Grit"],"relics":["Burning Blood","CultistMask","Bronze Scales","Pen Nib","Red Skull","Velvet Choker","Grinning Jar","Replay:Wax Seal","Onion Ring","Replay:Ringing Soul"],"acts_visited":["Exordium","TheCity"],"potions_floor_usage":[11,13,13,22,24,24,25,28],"damage_taken":[{"damage":13,"enemies":"Small Slimes","floor":1,"turns":4},{"damage":1,"enemies":"Cultist","floor":4,"turns":3},{"damage":10,"enemies":"2 Louse","floor":6,"turns":2},{"damage":9,"enemies":"Looter","floor":7,"turns":3},{"damage":8,"enemies":"Exordium Wildlife","floor":8,"turns":3},{"damage":10,"enemies":"Lagavulin","floor":11,"turns":6},{"damage":9,"enemies":"Exordium Thugs","floor":13,"turns":4},{"damage":39,"enemies":"The Guardian","floor":16,"turns":9},{"damage":15,"enemies":"2 Thieves","floor":18,"turns":4},{"damage":12,"enemies":"3 Byrds","floor":22,"turns":4},{"damage":42,"enemies":"Sentry and Sphere","floor":24,"turns":7},{"damage":9,"enemies":"Centurion and Healer","floor":25,"turns":8},{"damage":3,"enemies":"Snecko","floor":27,"turns":4},{"damage":15,"enemies":"Slavers","floor":28,"turns":2},{"damage":66,"enemies":"Collector","floor":33,"turns":5}],"seed_played":"-6539362444476031874","potions_obtained":[{"floor":1,"key":"ColorlessPotion"},{"floor":6,"key":"LiquidMemories"},{"floor":8,"key":"Energy Potion"},{"floor":11,"key":"DistilledChaos"},{"floor":16,"key":"Toxic Potion"},{"floor":22,"key":"Weak Potion"},{"floor":24,"key":"Regen Potion"},{"floor":27,"key":"Death Potion"},{"floor":28,"key":"Swift Potion"}],"is_trial":false,"path_per_floor":["M","?","$","M","$","M","M","M","T","?","E","R","M","?","R","B",null,"M","?","?","$","M","R","M","M","T","M","E","R","?","?","R","B"],"character_chosen":"IRONCLAD","items_purchased":["Bronze Scales","Iron Wave+1","Havoc","Grinning Jar","Disarm"],"campfire_rested":1,"item_purchase_floors":[3,3,5,21,21],"current_hp_per_floor":[73,73,73,78,78,74,71,69,69,58,54,54,51,51,51,18,80,71,71,71,71,65,65,29,41,41,44,35,59,59,62,62,0,0],"gold":26,"neow_bonus":"HUNDRED_GOLD","is_daily":false,"chose_seed":false,"campfire_upgraded":4,"win_rate":0.0,"timestamp":1613869472,"path_taken":["M","?","$","M","?","M","?","M","T","?","E","R","M","?","R","BOSS","M","?","?","$","M","R","M","?","T","M","E","R","?","?","R","BOSS"],"items_purchased_type":["Relic","Card","Card","Relic","Card"],"build_version":"2020-12-22","purchased_purges":1,"victory":false,"max_hp_per_floor":[80,80,80,80,80,80,80,80,80,80,80,80,80,80,80,80,80,80,80,80,80,80,80,80,80,80,80,80,80,80,83,83,83,83],"relic_stats":{"counters":[15,68],"Bronze Scales":[184],"Pen Nib":[6],"obtain_stats":[{"Replay:Ringing Soul":30,"Bronze Scales":3,"Velvet Choker":17,"Onion Ring":28,"CultistMask":2,"Pen Nib":9,"Grinning Jar":21,"Replay:Wax Seal":26,"Burning Blood":0,"Red Skull":11},{"Replay:Ringing Soul":14,"Bronze Scales":1,"Velvet Choker":8,"Onion Ring":14,"CultistMask":1,"Pen Nib":5,"Grinning Jar":9,"Replay:Wax Seal":12,"Burning Blood":0,"Red Skull":6},{"Replay:Ringing Soul":63,"Bronze Scales":4,"Velvet Choker":34,"Onion Ring":63,"CultistMask":4,"Pen Nib":15,"Grinning Jar":38,"Replay:Wax Seal":57,"Burning Blood":0,"Red Skull":21}],"Burning Blood":84},"card_choices":[{"not_picked":["Clothesline","Run Through"],"picked":"Fire Breathing","floor":1},{"not_picked":["Clash","Havoc"],"picked":"Feel No Pain","floor":4},{"not_picked":["Thunderclap","Run Through"],"picked":"ReplayTheSpireMod:Strike From Hell","floor":6},{"not_picked":["Inflame","Iron Wave"],"picked":"Power Through","floor":7},{"not_picked":["Clothesline","Twin Strike"],"picked":"Flame Barrier","floor":8},{"not_picked":["Pommel Strike","Flex"],"picked":"Demon Form","floor":11},{"not_picked":["Body Slam","Perfected Strike"],"picked":"ReplayTheSpireMod:Corrosion Curse","floor":13},{"not_picked":["Replay:Many Hands","Corruption"],"picked":"Fiend Fire","floor":16},{"not_picked":["Flex","Havoc"],"picked":"Abandon","floor":18},{"not_picked":["Havoc","Iron Wave"],"picked":"ReplayTheSpireMod:Corrosion Curse","floor":22},{"not_picked":["Blood for Blood","Clash"],"picked":"Warcry","floor":24},{"not_picked":["Sword Boomerang","Fiend Fire"],"picked":"Shrug It Off","floor":25},{"not_picked":["Armaments","Body Slam+1"],"picked":"Headbutt","floor":27},{"not_picked":["ReplayTheSpireMod:LeadingStrike+1","Wild Strike"],"picked":"True Grit","floor":28}],"player_experience":274150,"relics_obtained":[{"floor":9,"key":"Pen Nib"},{"floor":11,"key":"Red Skull"},{"floor":26,"key":"Replay:Wax Seal"},{"floor":28,"key":"Onion Ring"}],"event_choices":[{"damage_healed":0,"gold_gain":0,"player_choice":"Trade","damage_taken":0,"relics_obtained":["CultistMask"],"max_hp_gain":0,"max_hp_loss":0,"event_name":"FaceTrader","floor":2,"gold_loss":0},{"damage_healed":0,"gold_gain":75,"player_choice":"Gather Gold","damage_taken":11,"max_hp_gain":0,"max_hp_loss":0,"event_name":"World of Goop","floor":10,"gold_loss":0},{"damage_healed":0,"gold_gain":0,"player_choice":"Ignored","damage_taken":0,"max_hp_gain":0,"max_hp_loss":0,"event_name":"Vampires","floor":19,"gold_loss":0},{"damage_healed":0,"gold_gain":0,"player_choice":"Obtain J.A.X.","damage_taken":0,"max_hp_gain":0,"max_hp_loss":0,"event_name":"Drug Dealer","floor":20,"gold_loss":0,"cards_obtained":["J.A.X."]},{"damage_healed":0,"gold_gain":0,"player_choice":"Obtained Relic","damage_taken":0,"relics_obtained":["Replay:Ringing Soul"],"max_hp_gain":0,"max_hp_loss":0,"event_name":"Addict","floor":30,"gold_loss":85},{"damage_healed":0,"gold_gain":0,"player_choice":"Copied","damage_taken":0,"max_hp_gain":0,"max_hp_loss":0,"event_name":"Duplicator","floor":31,"gold_loss":0,"cards_obtained":["True Grit"]}],"is_beta":false,"boss_relics":[{"not_picked":["Replay:Drink Me","Ectoplasm"],"picked":"Velvet Choker"}],"items_purged_floors":[21],"is_endless":false,"potions_floor_spawned":[1,6,8,11,16,22,24,27,28],"killed_by":"Collector","ascension_level":3}}