{"host":"cmyud3of70k6t1eo","time":1613874353,"event":{"mods":["BaseMod","Conspire","Downfall","Infinite Spire","Minty Spire (QoL Compilation)","Morshu Shopkeeper","Morshu Shopkeeper - ENHANCED","Quick Restart","StSLib","The Blue Laboratory","UnlockEverythingMod","Wide Potions"],"gold_per_floor":[99,137,157,172,182,182,182,82,82,113,130,130,130,150,167,265,265,265,282,293,306,320,320,320,320],"floor_reached":23,"language":"ENG","playtime":1331,"items_purged":[],"score":195,"play_id":"fcb5bd4f-ce25-4f96-b4ee-e8a82af393b5","local_time":"20210220212553","is_ascension_mode":false,"campfire_choices":[{"floor":1,"key":"RECALL"},{"floor":8,"key":"REST"},{"floor":13,"key":"REST"},{"data":"champ:StanceDance","floor":18,"key":"SMITH"}],"circlet_count":0,"master_deck":["champ:Strike","champ:Strike","champ:Strike","champ:Strike","champ:Defend","champ:Defend","champ:Defend","champ:Defend","champ:Execute","champ:Taunt","champ:Haymaker","champ:PerfectedStrike","champ:StanceDance+1","champ:FancyFootwork","champ:FancyFootwork","champ:DefensiveShout","champ:EnGarde","champ:Encircle","champ:Improvising","champ:Encircle+1","champ:EnGarde","champ:DefensiveShout","champ:BringItOn+1"],"relics":["champ:ChampionCrown","Bronze Scales","Darkstone Periapt","Omamori","downfall:HeartBlessingRed","infinitespire:Eraser","Philosopher\u0027s Stone"],"acts_visited":["Exordium","TheCity"],"potions_floor_usage":[16],"damage_taken":[{"damage":72,"enemies":"conspire:MimicChest","floor":2,"turns":7},{"damage":11,"enemies":"Jaw Worm","floor":3,"turns":4},{"damage":4,"enemies":"2 Louse","floor":4,"turns":2},{"damage":0,"enemies":"Small Slimes","floor":5,"turns":2},{"damage":38,"enemies":"3 Sentries","floor":10,"turns":7},{"damage":15,"enemies":"3 Louse","floor":11,"turns":2},{"damage":15,"enemies":"Large Slime","floor":14,"turns":4},{"damage":4,"enemies":"2 Fungi Beasts","floor":15,"turns":2},{"damage":7,"enemies":"SI_SHIV_ARCHETYPE","floor":16,"turns":5},{"damage":30,"enemies":"3 Byrds","floor":19,"turns":4},{"damage":42,"enemies":"conspire:FuzzyDice","floor":20,"turns":5},{"damage":50,"enemies":"Cultist and Chosen","floor":21,"turns":7},{"damage":29,"enemies":"conspire:HollyBat","floor":22,"turns":5},{"damage":4,"enemies":"Snecko","floor":23,"turns":3}],"seed_played":"7634615143978974298","potions_obtained":[{"floor":4,"key":"Fire Potion"},{"floor":5,"key":"blueLaboratory:SavagePotion"},{"floor":11,"key":"Regen Potion"},{"floor":19,"key":"SpeedPotion"}],"is_trial":false,"path_per_floor":["R","?","M","M","M","T","T","R","?","E","M","?","R","M","M","B",null,"R","M","M","M","M","M"],"character_chosen":"THE_CHAMP","items_purchased":[],"campfire_rested":2,"item_purchase_floors":[],"current_hp_per_floor":[99,62,61,57,57,57,57,86,86,68,63,63,92,92,88,81,99,99,79,57,17,1,0,0,0],"gold":320,"neow_bonus":"TEN_PERCENT_HP_BONUS","is_daily":false,"chose_seed":false,"campfire_upgraded":1,"win_rate":0.0,"timestamp":1613874353,"path_taken":["R","?","M","M","M","?","T","R","?","E","M","?","R","M","M","BOSS","R","M","M","M","M","M"],"items_purchased_type":[],"build_version":"2020-12-22","purchased_purges":0,"victory":false,"max_hp_per_floor":[99,99,99,99,99,99,99,99,99,99,99,99,99,99,99,99,99,99,99,99,99,99,99,99,99],"card_choices":[{"not_picked":["champ:FanOfKnives","champ:HeartStrike"],"picked":"champ:Haymaker","floor":2},{"not_picked":["champ:AdrenalArmor","champ:Backstep"],"picked":"champ:PerfectedStrike","floor":3},{"not_picked":["champ:FalseCounter","champ:PreemptiveStrike"],"picked":"champ:StanceDance","floor":4},{"not_picked":["champ:FocusedDefense","champ:PerfectedStrike"],"picked":"champ:FancyFootwork","floor":5},{"not_picked":["champ:EnragedBash","champ:GutPunch"],"picked":"champ:FancyFootwork","floor":10},{"not_picked":["champ:Devastate","champ:EnragedBash"],"picked":"champ:DefensiveShout","floor":11},{"not_picked":["champ:Circumvent","champ:Backstep"],"picked":"champ:EnGarde","floor":14},{"not_picked":["champ:GutPunch","champ:CrookedStrike"],"picked":"champ:Encircle","floor":15},{"not_picked":["champ:HeavySlash","champ:MurderStrike"],"picked":"champ:Improvising","floor":16},{"not_picked":["champ:Haymaker","champ:PreciseThrust"],"picked":"champ:Encircle+1","floor":19},{"not_picked":["champ:CrownThrow","champ:StrikeOfGenius"],"picked":"champ:EnGarde","floor":20},{"not_picked":["champ:TornadoPunch","champ:EnragedBash+1"],"picked":"champ:DefensiveShout","floor":21},{"not_picked":["champ:RisingSlash","champ:FocusedBerserking"],"picked":"champ:BringItOn+1","floor":22}],"player_experience":133835,"relics_obtained":[{"floor":2,"key":"Bronze Scales"},{"floor":6,"key":"Darkstone Periapt"},{"floor":7,"key":"Omamori"},{"floor":10,"key":"infinitespire:Eraser"}],"event_choices":[],"is_beta":false,"boss_relics":[{"not_picked":["Astrolabe","Snecko Eye"],"picked":"Philosopher\u0027s Stone"}],"items_purged_floors":[],"is_endless":false,"potions_floor_spawned":[4,5,10,11,19],"killed_by":"Snecko","ascension_level":0}}