{"host":"snampf0t8p8psf53","time":1613897015,"event":{"mods":["AchievementEnabler","BaseMod","Bestiary","DeckTracker","Minty Spire (QoL Compilation)","Permanent Neow","SuperFastMode"],"gold_per_floor":[116,135,150,150,170,170,195,195,195,222,222,222],"floor_reached":11,"language":"ENG","playtime":384,"items_purged":[],"score":133,"play_id":"284f93b1-71d5-4cf1-aa97-f95fe2012b67","local_time":"20210221004335","daily_mods":["Vintage","Heirloom","Time Dilation","Flight","DeadlyEvents","Elite Swarm"],"is_ascension_mode":false,"campfire_choices":[{"floor":8,"key":"REST"}],"circlet_count":0,"master_deck":["Strike_G","Strike_G","Strike_G","Strike_G","Strike_G","Defend_G","Defend_G","Defend_G","Defend_G","Defend_G","Survivor","Neutralize","After Image","Corpse Explosion"],"relics":["Ring of the Snake","Tingsha","Sundial","Singing Bowl","Shuriken","Potion Belt","Du-Vu Doll","Pear","Dream Catcher"],"acts_visited":["Exordium"],"potions_floor_usage":[7],"damage_taken":[{"damage":3.0,"enemies":"Jaw Worm","floor":1.0,"turns":4.0},{"damage":9.0,"enemies":"Cultist","floor":2.0,"turns":4.0},{"damage":0.0,"enemies":"Small Slimes","floor":3.0,"turns":3.0},{"damage":23.0,"enemies":"Exordium Wildlife","floor":5.0,"turns":6.0},{"damage":22,"enemies":"Gremlin Nob","floor":7,"turns":4},{"damage":26,"enemies":"Lagavulin","floor":10,"turns":8},{"damage":28,"enemies":"Gremlin Nob","floor":11,"turns":4}],"seed_played":"-7680699516436483661","potions_obtained":[{"floor":3.0,"key":"Poison Potion"},{"floor":10,"key":"Explosive Potion"}],"is_trial":true,"path_per_floor":["M","M","M","$","M","$","E","R","T","E","E"],"character_chosen":"THE_SILENT","items_purchased":[],"campfire_rested":1,"item_purchase_floors":[],"current_hp_per_floor":[67,58,58,58,35,35,13,34,44,18,0,0],"gold":222,"neow_bonus":"","is_daily":false,"chose_seed":false,"campfire_upgraded":0,"win_rate":0.0,"timestamp":1613897015,"path_taken":["M","M","M","$","M","$","E","R","T","E","E"],"items_purchased_type":[],"build_version":"2020-12-22","purchased_purges":0,"victory":false,"max_hp_per_floor":[70,70,70,70,70,70,70,70,80,80,80,80],"card_choices":[{"not_picked":["Phantasmal Killer","Grand Finale"],"picked":"After Image","floor":7},{"not_picked":["Burst","Phantasmal Killer"],"picked":"Corpse Explosion","floor":10}],"player_experience":144096,"relics_obtained":[{"floor":1.0,"key":"Sundial"},{"floor":2.0,"key":"Singing Bowl"},{"floor":3.0,"key":"Shuriken"},{"floor":5.0,"key":"Potion Belt"},{"floor":7,"key":"Du-Vu Doll"},{"floor":9,"key":"Pear"},{"floor":10,"key":"Dream Catcher"}],"event_choices":[],"is_beta":false,"boss_relics":[],"items_purged_floors":[],"is_endless":true,"potions_floor_spawned":[3,10],"killed_by":"Gremlin Nob","ascension_level":0}}