{"host":"xp5rvh2jwe2ejyfm","time":1613939599,"event":{"mods":["2.2 Compatiblity","Aspiration","Bard","BaseMod","Beaked The Cultist","Better Altar","Better Match","Better Note","Better Sensory Stone","Better Skull","BetterRewards","Colored Powertips","Conspire","Downfall","GifTheSpireLib","Gremlin Mod","GungeonMod","Hermit","Hubris","Jorbs\u0027s Wanderer Trilogy","Mad Scientist","Minty Spire (QoL Compilation)","Potionbrewer","Quick Restart","Replay The Spire","Robot Space Explorer","Shade Mod","Somnambulant","StSLib","The Bug Knight","The Clintock","The Construct","The Cursed","The Disciple","The Forsaken","The Hierophant","The Marked","The Mystic","The Necromancer","The Runesmith","The Servant 0.9.4","The Valiant","The Witch","TheFirefly","TheVacant","thorton"],"gold_per_floor":[110,10,26,26,26,26,26],"floor_reached":6,"language":"ENG","playtime":242,"items_purged":[],"score":34,"play_id":"bce7d576-fbd9-48e5-b7d0-cc9d7c6b5f34","local_time":"20210221153319","is_ascension_mode":false,"campfire_choices":[],"circlet_count":0,"master_deck":["MadScienceMod:Strike_MadScience","MadScienceMod:Strike_MadScience","MadScienceMod:Strike_MadScience","MadScienceMod:Strike_MadScience","MadScienceMod:Defend_MadScience","MadScienceMod:Defend_MadScience","MadScienceMod:Defend_MadScience","MadScienceMod:Defend_MadScience","MadScienceMod:PoweredStrike","MadScienceMod:HideBehindJunk","MadScienceMod:ExtractOil","MadScienceMod:MinatureWeapons","MadScienceMod:EnergyBarrier","MadScienceMod:MechanicalClaw","Injury"],"relics":["MadScienceMod:FuelTank","Art of War","Golden Idol"],"acts_visited":["Exordium"],"potions_floor_usage":[],"damage_taken":[{"damage":7,"enemies":"Jaw Worm","floor":1,"turns":5},{"damage":6,"enemies":"Small Slimes","floor":3,"turns":4},{"damage":73,"enemies":"Lagavulin","floor":6,"turns":9}],"seed_played":"-8607668768570007074","potions_obtained":[],"is_trial":false,"path_per_floor":["M","$","M","$","?","E"],"character_chosen":"MAD_SCIENTIST","items_purchased":["MadScienceMod:MinatureWeapons","MadScienceMod:EnergyBarrier"],"campfire_rested":0,"item_purchase_floors":[2,2],"current_hp_per_floor":[68,68,62,62,62,0,0],"gold":26,"neow_bonus":"RANDOM_COMMON_RELIC","is_daily":false,"chose_seed":false,"campfire_upgraded":0,"win_rate":0.0,"timestamp":1613939599,"path_taken":["M","$","M","$","?","E"],"items_purchased_type":["Card","Card"],"build_version":"2020-12-22","purchased_purges":0,"victory":false,"max_hp_per_floor":[75,75,75,75,75,75,75],"card_choices":[{"not_picked":["MadScienceMod:AcidSpray","MadScienceMod:Redesign"],"picked":"MadScienceMod:ExtractOil","floor":1},{"not_picked":["MadScienceMod:FlammableWall","MadScienceMod:AntimatterBomb"],"picked":"MadScienceMod:MechanicalClaw","floor":3}],"player_experience":552470,"relics_obtained":[],"event_choices":[{"damage_healed":0,"gold_gain":0,"player_choice":"Take Wound","damage_taken":0,"relics_obtained":["Golden Idol"],"max_hp_gain":0,"max_hp_loss":0,"event_name":"Golden Idol","floor":5,"gold_loss":0,"cards_obtained":["Injury"]}],"is_beta":false,"boss_relics":[],"items_purged_floors":[],"is_endless":false,"potions_floor_spawned":[],"killed_by":"Lagavulin","ascension_level":0}}