{"host":"ilhhjx796p2x2wmd","time":1613931643,"event":{"mods":["AchievementEnabler","BaseMod","BetterRewards","Colored Map","Colored Powertips","DeckTracker","Highlight Path","Minty Spire (QoL Compilation)","Permanent Neow","Rare Cards Sparkle","Shop Mod"],"gold_per_floor":[364,377,396,19,43,68,68,85,85,98,131,148,167,167,167,271,271,271,226,29,29,29,29,29,29,29,29,29,29,29,29,29,29,29,29,29,29,0,0,0,0,0,0,0,0,0,0,0,0,0],"floor_reached":51,"language":"KOR","playtime":1943,"items_purged":["Defend_R","Defend_R"],"score":1024,"play_id":"9384f8ee-eb75-4fb3-b007-e99a4f18ed45","local_time":"20210222032043","is_ascension_mode":true,"campfire_choices":[{"data":"Searing Blow","floor":7.0,"key":"SMITH"},{"data":"Searing Blow+1","floor":15.0,"key":"SMITH"},{"data":"Searing Blow+2","floor":23.0,"key":"SMITH"},{"data":"Searing Blow+3","floor":27.0,"key":"SMITH"},{"data":"Searing Blow+4","floor":32.0,"key":"SMITH"},{"data":"Searing Blow+5","floor":40.0,"key":"SMITH"},{"data":"Searing Blow+6","floor":44.0,"key":"SMITH"},{"data":"Searing Blow+8","floor":49.0,"key":"SMITH"}],"circlet_count":0,"master_deck":["Strike_R","Strike_R","Strike_R","Strike_R","Defend_R","Defend_R","Bash","Shrug It Off","Sword Boomerang","Armaments","Searing Blow+9","Thinking Ahead","Shrug It Off","Cleave","Offering","Perfected Strike","Necronomicurse","Battle Trance","Evolve","Burning Pact","RitualDagger","Pommel Strike","Reaper","CurseOfTheBell","Shrug It Off+1"],"relics":["Burning Blood","Ancient Tea Set","FossilizedHelix","Self Forming Clay","Oddly Smooth Stone","Ectoplasm","Necronomicon","The Courier","Calling Bell","Vajra","Eternal Feather","Du-Vu Doll","Red Mask","Pear","Bronze Scales","Bottled Lightning"],"acts_visited":["Exordium","TheCity","TheBeyond"],"potions_floor_usage":[50,50],"damage_taken":[{"damage":1.0,"enemies":"Cultist","floor":1.0,"turns":4.0},{"damage":14.0,"enemies":"Small Slimes","floor":2.0,"turns":4.0},{"damage":0.0,"enemies":"2 Louse","floor":3.0,"turns":3.0},{"damage":32.0,"enemies":"Gremlin Nob","floor":6.0,"turns":4.0},{"damage":0.0,"enemies":"Exordium Wildlife","floor":8.0,"turns":4.0},{"damage":19.0,"enemies":"Lots of Slimes","floor":10.0,"turns":5.0},{"damage":20.0,"enemies":"Lagavulin","floor":11.0,"turns":6.0},{"damage":0.0,"enemies":"Large Slime","floor":12.0,"turns":5.0},{"damage":0.0,"enemies":"Blue Slaver","floor":13.0,"turns":3.0},{"damage":48.0,"enemies":"Slime Boss","floor":16.0,"turns":16.0},{"damage":8.0,"enemies":"3 Byrds","floor":18.0,"turns":5.0},{"damage":6.0,"enemies":"2 Thieves","floor":19.0,"turns":4.0},{"damage":17.0,"enemies":"Centurion and Healer","floor":22.0,"turns":5.0},{"damage":0.0,"enemies":"Sentry and Sphere","floor":25.0,"turns":3.0},{"damage":0.0,"enemies":"3 Cultists","floor":28.0,"turns":3.0},{"damage":0.0,"enemies":"Shelled Parasite and Fungi","floor":30.0,"turns":2.0},{"damage":14.0,"enemies":"Champ","floor":33.0,"turns":6.0},{"damage":6.0,"enemies":"3 Darklings","floor":35.0,"turns":5.0},{"damage":0.0,"enemies":"Orb Walker","floor":36.0,"turns":2.0},{"damage":6.0,"enemies":"Transient","floor":37.0,"turns":5.0},{"damage":25.0,"enemies":"Sphere and 2 Shapes","floor":41.0,"turns":3.0},{"damage":26.0,"enemies":"Nemesis","floor":42.0,"turns":3.0},{"damage":26.0,"enemies":"Giant Head","floor":45.0,"turns":6.0},{"damage":0.0,"enemies":"Jaw Worm Horde","floor":48.0,"turns":3.0},{"damage":67,"enemies":"Awakened One","floor":50,"turns":12}],"seed_played":"3776697810382711544","potions_obtained":[{"floor":3.0,"key":"AttackPotion"},{"floor":8.0,"key":"Energy Potion"},{"floor":11.0,"key":"BlessingOfTheForge"},{"floor":13.0,"key":"BloodPotion"},{"floor":19.0,"key":"Weak Potion"},{"floor":28.0,"key":"Swift Potion"},{"floor":30.0,"key":"Swift Potion"},{"floor":36.0,"key":"Block Potion"},{"floor":37.0,"key":"Weak Potion"},{"floor":42.0,"key":"EssenceOfSteel"}],"is_trial":false,"path_per_floor":["M","M","M","$","T","E","R","M","T","M","E","M","M","?","R","B",null,"M","M","$","?","M","R","?","M","T","R","M","?","M","$","R","B",null,"M","M","M","?","?","R","M","E","T","R","E","?","$","M","R","B",null],"character_chosen":"IRONCLAD","items_purchased":["Searing Blow","Thinking Ahead","Shrug It Off","Perfected Strike","Explosive Potion"],"campfire_rested":0,"item_purchase_floors":[4,4,4,20,20],"current_hp_per_floor":[72,64,70,70,70,44,44,50,50,37,23,29,35,35,35,7,56,54,54,54,38,27,27,27,33,33,33,39,33,39,39,39,31,62,72,72,72,72,72,72,64,54,54,69,49,49,49,55,70,21],"gold":0,"neow_bonus":"TWO_FIFTY_GOLD","is_daily":false,"chose_seed":false,"campfire_upgraded":8,"win_rate":0.0,"timestamp":1613931643,"path_taken":["M","M","M","$","?","E","R","M","T","M","E","M","M","?","R","BOSS","M","M","$","?","M","R","?","?","T","R","M","?","M","$","R","BOSS","M","M","M","?","?","R","?","E","T","R","E","?","?","M","R","BOSS"],"items_purchased_type":["Card","Card","Card","Card","Potion"],"build_version":"2020-12-22","purchased_purges":2,"victory":true,"max_hp_per_floor":[72,72,72,72,72,72,72,72,72,72,72,72,72,72,72,72,72,72,72,72,72,72,72,72,72,72,72,72,72,72,72,72,72,72,72,72,72,72,72,72,72,82,82,82,82,82,82,82,82,82],"card_choices":[{"not_picked":["Pummel","Thunderclap"],"picked":"Shrug It Off","floor":1.0},{"not_picked":["Combust","True Grit"],"picked":"Sword Boomerang","floor":2.0},{"not_picked":["Disarm","Combust"],"picked":"Armaments","floor":3.0},{"not_picked":["Exhume","Rage","Flame Barrier"],"picked":"SKIP","floor":6.0},{"not_picked":["Searing Blow","Flex","Dual Wield"],"picked":"SKIP","floor":8.0},{"not_picked":["Warcry","Iron Wave","Sever Soul"],"picked":"SKIP","floor":10.0},{"not_picked":["Anger","True Grit"],"picked":"Cleave","floor":11.0},{"not_picked":["Searing Blow","Barricade","Rage"],"picked":"SKIP","floor":12.0},{"not_picked":["Clash","Heavy Blade","Iron Wave"],"picked":"SKIP","floor":13.0},{"not_picked":["Exhume","Double Tap"],"picked":"Offering","floor":16.0},{"not_picked":["Sword Boomerang","Headbutt","Body Slam"],"picked":"SKIP","floor":18.0},{"not_picked":["Dark Embrace","Flame Barrier+1","Body Slam+1"],"picked":"SKIP","floor":19.0},{"not_picked":["Twin Strike","Anger"],"picked":"Battle Trance","floor":22.0},{"not_picked":["Perfected Strike+1","Burning Pact"],"picked":"Evolve","floor":25.0},{"not_picked":["Pummel","Juggernaut"],"picked":"Burning Pact","floor":28.0},{"not_picked":["Havoc","Iron Wave"],"picked":"Pommel Strike","floor":30.0},{"not_picked":["Brutality","Fiend Fire"],"picked":"Reaper","floor":33.0},{"not_picked":["Uppercut+1","Flame Barrier"],"picked":"Shrug It Off+1","floor":35.0},{"not_picked":["Armaments","True Grit","Twin Strike+1"],"picked":"SKIP","floor":36.0},{"not_picked":["Dropkick+1","Metallicize","Shrug It Off+1"],"picked":"SKIP","floor":37.0},{"not_picked":["Thunderclap","Clash+1","Flex+1"],"picked":"SKIP","floor":41.0},{"not_picked":["Thunderclap","Clash+1","Flex+1"],"picked":"SKIP","floor":41.0},{"not_picked":["Clash+1","Ghostly Armor+1","Flame Barrier+1"],"picked":"SKIP","floor":42.0},{"not_picked":["Havoc","Carnage+1","Limit Break"],"picked":"SKIP","floor":45.0},{"not_picked":["Cleave+1","Body Slam+1","Twin Strike+1"],"picked":"SKIP","floor":48.0}],"player_experience":348797,"relics_obtained":[{"floor":5.0,"key":"Ancient Tea Set"},{"floor":6.0,"key":"FossilizedHelix"},{"floor":9.0,"key":"Self Forming Clay"},{"floor":11.0,"key":"Oddly Smooth Stone"},{"floor":21.0,"key":"Necronomicon"},{"floor":26.0,"key":"The Courier"},{"floor":34.0,"key":"Vajra"},{"floor":34.0,"key":"Eternal Feather"},{"floor":34.0,"key":"Du-Vu Doll"},{"floor":42.0,"key":"Pear"},{"floor":43.0,"key":"Bronze Scales"},{"floor":45.0,"key":"Bottled Lightning"}],"event_choices":[{"damage_healed":0.0,"max_hp_gain":0.0,"max_hp_loss":0.0,"gold_gain":0.0,"event_name":"Dead Adventurer","player_choice":"Searched \u00270\u0027 times","floor":14.0,"gold_loss":0.0,"damage_taken":0.0},{"damage_healed":0.0,"max_hp_gain":0.0,"max_hp_loss":0.0,"gold_gain":0.0,"event_name":"Cursed Tome","player_choice":"Obtained Book","floor":21.0,"gold_loss":0.0,"damage_taken":16.0},{"damage_healed":0.0,"max_hp_gain":0.0,"max_hp_loss":0.0,"gold_gain":0.0,"event_name":"WeMeetAgain","player_choice":"Ignored","floor":24.0,"gold_loss":0.0,"damage_taken":0.0},{"damage_healed":0.0,"max_hp_gain":0.0,"max_hp_loss":0.0,"gold_gain":0.0,"event_name":"Nest","player_choice":"Joined the Cult","floor":29.0,"gold_loss":0.0,"damage_taken":6.0,"cards_obtained":["RitualDagger"]},{"damage_healed":0.0,"max_hp_gain":0.0,"max_hp_loss":0.0,"gold_gain":0.0,"event_name":"Tomb of Lord Red Mask","player_choice":"Paid","floor":38.0,"gold_loss":29.0,"damage_taken":0.0,"relics_obtained":["Red Mask"]},{"cards_removed":["Strike_R"],"damage_healed":0.0,"max_hp_gain":0.0,"max_hp_loss":0.0,"gold_gain":0.0,"event_name":"Purifier","player_choice":"Purged","floor":39.0,"gold_loss":0.0,"damage_taken":0.0},{"damage_healed":0.0,"max_hp_gain":0.0,"max_hp_loss":0.0,"gold_gain":0.0,"event_name":"Accursed Blacksmith","player_choice":"Forge","floor":46.0,"gold_loss":0.0,"damage_taken":0.0,"cards_upgraded":["Searing Blow"]}],"is_beta":false,"boss_relics":[{"not_picked":["Snecko Eye","Pandora\u0027s Box"],"picked":"Ectoplasm"},{"not_picked":["Runic Cube","Black Star"],"picked":"Calling Bell"}],"items_purged_floors":[4,20],"is_endless":false,"potions_floor_spawned":[3,8,11,13,19,28,30,36,37,42],"ascension_level":8}}