{"host":"nsxzlb359hv0da5z","time":1613874487,"event":{"mods":["BaseMod","Bestiary","Colored Map","Minty Spire (QoL Compilation)","Permanent Neow","Relic Stats","Slay the Relics Exporter","ojb\u0027s Info Mod"],"gold_per_floor":[117,117,136,52,127,127,127,127,127,147,147,178,196,32,32,109,109,124,49,49,49,49,49,72,84,84,84,118,118,143,163,163,237,237,253,128,128,148,109,109,156,156,181,206,240,240,273,293,293,293,293,293,293,11,38,38],"floor_reached":57,"language":"ENG","playtime":5678,"items_purged":["Strike_G","Strike_G","Strike_G"],"score":2680,"play_id":"84598865-bc58-45d4-a1c4-aedab2b94f65","local_time":"20210220182807","is_ascension_mode":true,"campfire_choices":[{"data":"Crippling Poison","floor":6,"key":"SMITH"},{"floor":8,"key":"REST"},{"data":"Deadly Poison","floor":11,"key":"SMITH"},{"data":"Neutralize","floor":15,"key":"SMITH"},{"data":"Glass Knife","floor":23,"key":"SMITH"},{"data":"Ghostly","floor":27,"key":"SMITH"},{"floor":32,"key":"REST"},{"data":"Wraith Form v2","floor":40,"key":"SMITH"},{"data":"Catalyst","floor":42,"key":"SMITH"},{"floor":46,"key":"RECALL"},{"floor":49,"key":"REST"},{"data":"Wraith Form v2","floor":53,"key":"SMITH"}],"circlet_count":0,"master_deck":["AscendersBane","Strike_G+1","Defend_G","Defend_G","Defend_G","Defend_G+1","Survivor","Neutralize+1","Dagger Throw+1","Crippling Poison+1","Backstab","Deadly Poison+1","Bouncing Flask","Calculated Gamble","Glass Knife+1","Bouncing Flask","Ghostly+1","Ghostly","Ghostly","Dash","Acrobatics+1","Riddle With Holes","Corpse Explosion","Wraith Form v2+1","Dash","PiercingWail","Catalyst+1","Wraith Form v2+1","Well Laid Plans","After Image"],"relics":["Ring of the Snake","Juzu Bracelet","Singing Bowl","Mango","Snecko Eye","Happy Flower","Question Card","Nloth\u0027s Gift","Ancient Tea Set","SlaversCollar","Turnip","Tingsha","Omamori","Nunchaku","Snake Skull","Bottled Tornado"],"acts_visited":["Exordium","TheCity","TheBeyond","TheEnding"],"potions_floor_usage":[12,18,28,33,45,56],"damage_taken":[{"damage":1,"enemies":"Jaw Worm","floor":1,"turns":4},{"damage":0,"enemies":"2 Louse","floor":3,"turns":4},{"damage":0,"enemies":"Cultist","floor":10,"turns":2},{"damage":2,"enemies":"Gremlin Nob","floor":12,"turns":3},{"damage":10,"enemies":"Lots of Slimes","floor":13,"turns":3},{"damage":23,"enemies":"The Guardian","floor":16,"turns":8},{"damage":9,"enemies":"2 Thieves","floor":18,"turns":4},{"damage":0,"enemies":"Spheric Guardian","floor":25,"turns":2},{"damage":2,"enemies":"Gremlin Leader","floor":28,"turns":6},{"damage":24,"enemies":"Slavers","floor":30,"turns":4},{"damage":2,"enemies":"Cultist and Chosen","floor":31,"turns":5},{"damage":6,"enemies":"Collector","floor":33,"turns":7},{"damage":15,"enemies":"3 Darklings","floor":35,"turns":2},{"damage":2,"enemies":"Orb Walker","floor":38,"turns":4},{"damage":2,"enemies":"2 Orb Walkers","floor":41,"turns":5},{"damage":0,"enemies":"Mind Bloom Boss Battle","floor":44,"turns":4},{"damage":1,"enemies":"Giant Head","floor":45,"turns":7},{"damage":0,"enemies":"Reptomancer","floor":47,"turns":5},{"damage":0,"enemies":"Maw","floor":48,"turns":5},{"damage":5,"enemies":"Time Eater","floor":50,"turns":7},{"damage":10,"enemies":"Donu and Deca","floor":51,"turns":8},{"damage":7,"enemies":"Shield and Spear","floor":55,"turns":6},{"damage":17,"enemies":"The Heart","floor":56,"turns":5}],"seed_played":"7741912367647478885","potions_obtained":[{"floor":10,"key":"FearPotion"},{"floor":12,"key":"Weak Potion"},{"floor":13,"key":"SkillPotion"},{"floor":28,"key":"FairyPotion"},{"floor":31,"key":"SteroidPotion"},{"floor":33,"key":"BlessingOfTheForge"},{"floor":47,"key":"Swift Potion"},{"floor":48,"key":"DuplicationPotion"}],"is_trial":false,"path_per_floor":["M","?","M","$","?","R","?","R","T","M","R","E","M","$","R","B",null,"M","?","?","?","?","R","T","M","T","R","E","?","E","M","R","B",null,"M","$","?","M","$","R","?","R","T","?","E","R","E","M","R","B","B",null,"R","$","E","B",null],"character_chosen":"THE_SILENT","items_purchased":["Backstab","Calculated Gamble","PiercingWail","Catalyst","Snake Skull"],"campfire_rested":3,"item_purchase_floors":[4,14,36,39,54],"current_hp_per_floor":[58,38,38,38,27,27,27,46,46,46,46,60,50,50,50,27,68,59,59,41,41,41,41,41,41,41,41,39,39,15,15,27,21,38,23,23,23,23,23,23,23,23,23,25,26,26,26,26,41,36,26,45,45,45,38,21],"gold":38,"neow_bonus":"RANDOM_COMMON_RELIC","is_daily":false,"chose_seed":false,"campfire_upgraded":8,"win_rate":0.0,"timestamp":1613874487,"path_taken":["M","?","M","$","?","R","?","R","T","M","R","E","M","?","R","BOSS","M","?","?","?","?","R","?","M","T","R","E","?","E","M","R","BOSS","M","$","?","M","$","R","?","R","T","?","E","R","E","M","R","BOSS","BOSS","R","$","E","BOSS"],"items_purchased_type":["Card","Card","Card","Card","Relic"],"build_version":"2020-12-22","purchased_purges":3,"victory":true,"max_hp_per_floor":[66,66,66,66,66,66,66,66,66,66,66,82,82,82,82,82,82,82,82,41,41,41,41,41,41,41,41,41,41,41,43,43,43,43,43,43,43,45,45,45,47,47,47,49,51,51,51,51,51,51,51,51,51,51,51,51],"relic_stats":{"Singing Bowl":12,"Happy Flower":[27],"counters":[23,110],"Tingsha":[109],"Snake Skull":[19],"Juzu Bracelet":2,"Question Card":11,"Nunchaku":[3],"Snecko Eye":[180,183,169,161],"Turnip":[9],"Nloth\u0027s Gift":5,"obtain_stats":[{"Singing Bowl":9,"Happy Flower":24,"Vajra":26,"Mango":12,"Tingsha":44,"Snake Skull":54,"Juzu Bracelet":0,"Omamori":45,"Bottled Tornado":55,"Question Card":28,"Ancient Tea Set":30,"SlaversCollar":34,"Nunchaku":47,"Snecko Eye":17,"Turnip":41,"Nloth\u0027s Gift":29,"Ring of the Snake":0},{"Singing Bowl":2,"Happy Flower":7,"Vajra":8,"Mango":4,"Tingsha":16,"Snake Skull":21,"Juzu Bracelet":0,"Omamori":17,"Bottled Tornado":22,"Question Card":9,"Ancient Tea Set":10,"SlaversCollar":12,"Nunchaku":18,"Snecko Eye":6,"Turnip":15,"Nloth\u0027s Gift":9,"Ring of the Snake":0},{"Singing Bowl":8,"Happy Flower":28,"Vajra":30,"Mango":13,"Tingsha":67,"Snake Skull":99,"Juzu Bracelet":0,"Omamori":74,"Bottled Tornado":105,"Question Card":36,"Ancient Tea Set":40,"SlaversCollar":52,"Nunchaku":79,"Snecko Eye":24,"Turnip":63,"Nloth\u0027s Gift":36,"Ring of the Snake":0}],"Ring of the Snake":[46]},"card_choices":[{"not_picked":["Prepared","Dodge and Roll"],"picked":"Dagger Throw","floor":1},{"not_picked":["Dodge and Roll","Bane"],"picked":"Crippling Poison","floor":3},{"not_picked":["Bullet Time","Underhanded Strike"],"picked":"Deadly Poison","floor":10},{"not_picked":["Deflect","Prepared","Storm of Steel"],"picked":"Singing Bowl","floor":12},{"not_picked":["Escape Plan","Backflip"],"picked":"Bouncing Flask","floor":13},{"not_picked":["Storm of Steel","A Thousand Cuts"],"picked":"Glass Knife","floor":16},{"not_picked":["Accuracy","All Out Attack"],"picked":"Bouncing Flask","floor":18},{"not_picked":["Escape Plan","Flying Knee"],"picked":"Acrobatics+1","floor":25},{"not_picked":["Outmaneuver+1","Caltrops"],"picked":"Riddle With Holes","floor":28},{"not_picked":["Choke","Dagger Throw","Dodge and Roll+1"],"picked":"Corpse Explosion","floor":30},{"not_picked":["Quick Slash","Tactician","Setup","Slice"],"picked":"Singing Bowl","floor":31},{"not_picked":["Burst","Malaise","Unload"],"picked":"Wraith Form v2","floor":33},{"not_picked":["Masterful Stab","All Out Attack","Poisoned Stab"],"picked":"Dash","floor":35},{"not_picked":["Quick Slash","Blade Dance","Deadly Poison","Bane"],"picked":"Singing Bowl","floor":38},{"not_picked":["Outmaneuver","Quick Slash+1","Deadly Poison","Expertise+1"],"picked":"Singing Bowl","floor":41},{"not_picked":["Escape Plan","Acrobatics","Flying Knee","Accuracy"],"picked":"Singing Bowl","floor":44},{"not_picked":["Doppelganger","Dagger Throw","Underhanded Strike","Terror+1"],"picked":"Singing Bowl","floor":45},{"not_picked":["A Thousand Cuts","Blade Dance+1","Doppelganger"],"picked":"Wraith Form v2","floor":47},{"not_picked":["Noxious Fumes","Heel Hook","Deadly Poison"],"picked":"Well Laid Plans","floor":48},{"not_picked":["Deflect","Finisher+1","Doppelganger"],"picked":"After Image","floor":55}],"player_experience":2039266,"relics_obtained":[{"floor":9,"key":"Singing Bowl"},{"floor":12,"key":"Mango"},{"floor":24,"key":"Happy Flower"},{"floor":26,"key":"Vajra"},{"floor":28,"key":"Question Card"},{"floor":30,"key":"Ancient Tea Set"},{"floor":41,"key":"Turnip"},{"floor":44,"key":"Tingsha"},{"floor":45,"key":"Omamori"},{"floor":47,"key":"Nunchaku"},{"floor":55,"key":"Bottled Tornado"}],"event_choices":[{"damage_healed":0,"gold_gain":0,"player_choice":"Entered Light","damage_taken":20,"max_hp_gain":0,"max_hp_loss":0,"event_name":"Shining Light","floor":2,"gold_loss":0,"cards_upgraded":["Defend_G","Strike_G"]},{"damage_healed":0,"gold_gain":75,"player_choice":"Gather Gold","damage_taken":11,"max_hp_gain":0,"max_hp_loss":0,"event_name":"World of Goop","floor":5,"gold_loss":0},{"damage_healed":0,"gold_gain":0,"player_choice":"Grow","damage_taken":0,"max_hp_gain":0,"max_hp_loss":0,"event_name":"Living Wall","floor":7,"gold_loss":0,"cards_upgraded":["Dagger Throw"]},{"cards_removed":["Strike_G"],"damage_healed":0,"gold_gain":0,"player_choice":"Gave Gold","damage_taken":0,"max_hp_gain":0,"max_hp_loss":0,"event_name":"Beggar","floor":19,"gold_loss":75},{"damage_healed":0,"gold_gain":0,"player_choice":"Became a Ghost","damage_taken":0,"max_hp_gain":0,"max_hp_loss":41,"event_name":"Ghosts","floor":20,"gold_loss":0,"cards_obtained":["Ghostly","Ghostly","Ghostly"]},{"damage_healed":0,"gold_gain":0,"player_choice":"Ignored","damage_taken":0,"max_hp_gain":0,"max_hp_loss":0,"event_name":"Vampires","floor":21,"gold_loss":0},{"damage_healed":0,"gold_gain":0,"player_choice":"Read","damage_taken":0,"max_hp_gain":0,"max_hp_loss":0,"event_name":"The Library","floor":22,"gold_loss":0,"cards_obtained":["Dash"]},{"damage_healed":0,"gold_gain":0,"player_choice":"Traded Relic","damage_taken":0,"relics_obtained":["Nloth\u0027s Gift"],"max_hp_gain":0,"max_hp_loss":0,"event_name":"N\u0027loth","floor":29,"relics_lost":["Vajra"],"gold_loss":0},{"cards_removed":["Defend_G"],"damage_healed":0,"gold_gain":0,"player_choice":"Removed Skill","damage_taken":0,"max_hp_gain":0,"max_hp_loss":0,"event_name":"Falling","floor":37,"gold_loss":0},{"damage_healed":0,"gold_gain":0,"player_choice":"Fight","damage_taken":0,"max_hp_gain":0,"max_hp_loss":0,"event_name":"Mysterious Sphere","floor":41,"gold_loss":0},{"damage_healed":0,"gold_gain":0,"player_choice":"Fight","damage_taken":0,"max_hp_gain":0,"max_hp_loss":0,"event_name":"MindBloom","floor":44,"gold_loss":0}],"is_beta":false,"boss_relics":[{"not_picked":["Ectoplasm","WristBlade"],"picked":"Snecko Eye"},{"not_picked":["Runic Dome","Busted Crown"],"picked":"SlaversCollar"}],"items_purged_floors":[14,36,54],"is_endless":false,"potions_floor_spawned":[10,12,13,28,31,33,47,48,55],"ascension_level":20}}