{"host":"ovivighfa421z0zp","time":1613881528,"event":{"mods":["BaseMod","Colored Map","DeckTracker","Keyboard Shortcuts","Minty Spire (QoL Compilation)","Permanent Neow","Quick Restart","Replay The Spire","StSLib","SuperFastMode","The Cursed"],"gold_per_floor":[368,387,387,192,205,205,232,7,7,21,47,47,109,119,119,222,222,236,252,265,284,559,559,589,589,589],"floor_reached":25,"language":"KOR","playtime":1495,"items_purged":["TheCursedMod:Strike_TheCursed","TheCursedMod:Strike_TheCursed"],"score":361,"play_id":"6ae489cc-df0d-4ce6-b3f5-43882336b258","local_time":"20210221132528","is_ascension_mode":true,"campfire_choices":[{"floor":6.0,"key":"REST"},{"data":"TheCursedMod:CleanUpWorkshop","floor":12.0,"key":"SMITH"},{"floor":23,"key":"REST"}],"circlet_count":0,"master_deck":["AscendersBane","TheCursedMod:Strike_TheCursed","TheCursedMod:Strike_TheCursed","TheCursedMod:Defend_TheCursed","TheCursedMod:Defend_TheCursed","TheCursedMod:Defend_TheCursed","TheCursedMod:CursedWand","TheCursedMod:CleanUpWorkshop+1","TheCursedMod:Dregs","TheCursedMod:FuryStrike","TheCursedMod:RapidMovement","TheCursedMod:CursedStaff","TheCursedMod:HellsGateOpen","TheCursedMod:HellsGateOpen","TheCursedMod:CursedStaff","TheCursedMod:DarkBarrier","TheCursedMod:ManaBullet","TheCursedMod:SpitefulStrike","TheCursedMod:Obscuration","TheCursedMod:Evocation","TheCursedMod:DoubleShield","TheCursedMod:Wield","TheCursedMod:CursedRelics","TheCursedMod:CollectTribute","TheCursedMod:AshesToAshes","TheCursedMod:CursedBoomerang","TheCursedMod:StingEye","TheCursedMod:SpitefulStrike+1","Regret","TheCursedMod:ReleasedStrength"],"relics":["TheCursedMod:BlackMagic101","Pantograph","Replay:Accelerometer","Pet Ghost","Du-Vu Doll","SlaversCollar","Replay:Rubber Ducky"],"acts_visited":["Exordium","TheCity"],"potions_floor_usage":[24],"damage_taken":[{"damage":10.0,"enemies":"Cultist","floor":1.0,"turns":5.0},{"damage":1.0,"enemies":"2 Louse","floor":2.0,"turns":2.0},{"damage":1.0,"enemies":"Small Slimes","floor":5.0,"turns":4.0},{"damage":16.0,"enemies":"Gremlin Nob","floor":7.0,"turns":3.0},{"damage":0.0,"enemies":"Looter","floor":10.0,"turns":2.0},{"damage":6.0,"enemies":"Lagavulin","floor":11.0,"turns":7.0},{"damage":6.0,"enemies":"3 Sentries","floor":13.0,"turns":6.0},{"damage":0.0,"enemies":"Large Slime","floor":14.0,"turns":4.0},{"damage":41.0,"enemies":"Hexaghost","floor":16.0,"turns":9.0},{"damage":7.0,"enemies":"Chosen","floor":18.0,"turns":3.0},{"damage":0.0,"enemies":"Spheric Guardian","floor":19.0,"turns":2.0},{"damage":0.0,"enemies":"Snecko","floor":20.0,"turns":3.0},{"damage":43,"enemies":"Centurion and Healer","floor":21,"turns":8},{"damage":4,"enemies":"Slavers","floor":24,"turns":4},{"damage":28,"enemies":"Snake Plant","floor":25,"turns":2}],"seed_played":"-4301100110819987566","potions_obtained":[{"floor":1.0,"key":"PowerPotion"},{"floor":5.0,"key":"SteroidPotion"},{"floor":11.0,"key":"SteroidPotion"},{"floor":14.0,"key":"Fire Potion"},{"floor":21,"key":"ColorlessPotion"}],"is_trial":false,"path_per_floor":["M","M","?","$","M","R","E","$","T","M","E","R","?","M","R_BF","B",null,"M","M","M","M","?","R","E","M"],"character_chosen":"THE_CURSED","items_purchased":["TheCursedMod:CursedStaff","TheCursedMod:HellsGateOpen","TheCursedMod:ManaBullet","TheCursedMod:SpitefulStrike"],"campfire_rested":2,"item_purchase_floors":[4,4,8,8],"current_hp_per_floor":[40,39,39,39,38,60,44,44,44,44,38,38,32,32,32,16,60,53,53,53,10,10,32,28,0,0],"gold":589,"neow_bonus":"TWO_FIFTY_GOLD","is_daily":false,"chose_seed":false,"campfire_upgraded":1,"win_rate":0.0,"timestamp":1613881528,"path_taken":["M","M","?","$","M","R","E","?","T","M","E","R","?","M","R_BF","BOSS","M","M","M","M","?","R","E","?"],"items_purchased_type":["Card","Card","Card","Card"],"build_version":"2020-12-22","purchased_purges":2,"victory":false,"max_hp_per_floor":[75,75,75,75,75,75,75,75,75,75,75,75,75,75,75,75,75,75,75,75,75,75,75,75,75,75],"card_choices":[{"not_picked":["TheCursedMod:ReleasedKnowledge","TheCursedMod:TacticalStrike"],"picked":"TheCursedMod:FuryStrike","floor":1.0},{"not_picked":["TheCursedMod:SurpriseAttack","TheCursedMod:CursedBlade"],"picked":"TheCursedMod:RapidMovement","floor":2.0},{"not_picked":["TheCursedMod:HellsGateOpen","TheCursedMod:VitalStrike"],"picked":"TheCursedMod:CursedStaff","floor":5.0},{"not_picked":["TheCursedMod:CursedBlade","TheCursedMod:Wield"],"picked":"TheCursedMod:DarkBarrier","floor":7.0},{"not_picked":["TheCursedMod:PrepareRite","TheCursedMod:SurpriseAttack"],"picked":"TheCursedMod:Obscuration","floor":10.0},{"not_picked":["TheCursedMod:CircleOfWindfury","TheCursedMod:CursedRelics"],"picked":"TheCursedMod:Evocation","floor":11.0},{"not_picked":["TheCursedMod:VitalStrike","TheCursedMod:EmpowerCircles"],"picked":"TheCursedMod:DoubleShield","floor":13.0},{"not_picked":["TheCursedMod:CursedAmulet","TheCursedMod:Mangle"],"picked":"TheCursedMod:Wield","floor":14.0},{"not_picked":["TheCursedMod:DarkBarrier","TheCursedMod:ShockAndAwe"],"picked":"TheCursedMod:CollectTribute","floor":16.0},{"not_picked":["TheCursedMod:CircleOfCorruption+1","TheCursedMod:CircleOfFlame"],"picked":"TheCursedMod:AshesToAshes","floor":18.0},{"not_picked":["TheCursedMod:CircleOfWindfury","TheCursedMod:CircleOfAmplification"],"picked":"TheCursedMod:CursedBoomerang","floor":19.0},{"not_picked":["TheCursedMod:VitalStrike+1","TheCursedMod:CursedShiv"],"picked":"TheCursedMod:StingEye","floor":20.0},{"not_picked":["TheCursedMod:ManaBullet","TheCursedMod:Wield"],"picked":"TheCursedMod:SpitefulStrike+1","floor":21},{"not_picked":["TheCursedMod:WearCloak","TheCursedMod:TroublousMinions"],"picked":"TheCursedMod:ReleasedStrength","floor":24}],"player_experience":775937,"relics_obtained":[{"floor":7.0,"key":"Pantograph"},{"floor":9.0,"key":"Replay:Accelerometer"},{"floor":11.0,"key":"Pet Ghost"},{"floor":13.0,"key":"Du-Vu Doll"},{"floor":24,"key":"Replay:Rubber Ducky"}],"event_choices":[{"damage_healed":0.0,"max_hp_gain":0.0,"max_hp_loss":0.0,"gold_gain":0.0,"event_name":"The Woman in Blue","player_choice":"Bought 0 Potions","floor":3.0,"gold_loss":0.0,"damage_taken":0.0},{"damage_healed":0.0,"max_hp_gain":0.0,"max_hp_loss":0.0,"gold_gain":30.0,"event_name":"Dead Adventurer","player_choice":"Searched \u00273\u0027 times","floor":13.0,"gold_loss":0.0,"damage_taken":0.0},{"damage_healed":0,"gold_gain":275,"player_choice":"Desecrate","damage_taken":0,"max_hp_gain":0,"max_hp_loss":0,"event_name":"Golden Shrine","floor":22,"gold_loss":0,"cards_obtained":["Regret"]}],"is_beta":false,"boss_relics":[{"not_picked":["Empty Cage","Tiny House"],"picked":"SlaversCollar"}],"items_purged_floors":[4,8],"is_endless":false,"potions_floor_spawned":[1,5,11,14,21],"killed_by":"Snake Plant","ascension_level":11}}