{"host":"ij84le5dz5iaw1mq","time":1613917060,"event":{"mods":["AchievementEnabler","BaseMod","Better Altar","Better Match","Better Note","Better Sensory Stone","Better Skull","Better Third Choice","BetterRewards","Colored Map","Colored Powertips","DeckTracker","Hermit","Hubris","Infinite Spire","Minty Spire (QoL Compilation)","Permanent Neow","Quick Restart","Rare Cards Sparkle","Replay The Spire","Shop Mod","Somnambulant","StSLib","The Cursed","The Disciple","The Elementalist","The Runesmith","The Spell Scribe"],"gold_per_floor":[209,221,235,248,267,294,294,310,310,341,359,372,372,372,386,404,404,502,502,502],"floor_reached":19,"language":"ENG","playtime":1464,"items_purged":[],"score":235,"play_id":"0e114bb7-422d-417d-b6b9-909c0e2dfa97","local_time":"20210221091740","is_ascension_mode":false,"campfire_choices":[{"data":"Runesmith:CraftFirestone","floor":7,"key":"SMITH"},{"floor":17,"key":"REST"}],"circlet_count":0,"master_deck":["Runesmith:Strike_RS","Runesmith:Strike_RS","Runesmith:Strike_RS","Runesmith:Strike_RS","Runesmith:Defend_RS","Runesmith:Defend_RS","Runesmith:Defend_RS","Runesmith:Defend_RS","Runesmith:CraftFirestone+1","Runesmith:Fortify","Runesmith:ChiselStab","Runesmith:EnergizedChisel","Runesmith:EnergizedChisel","Runesmith:CraftProtectio","Runesmith:CraftMagma","Runesmith:Prism","Runesmith:ChiselStab","Runesmith:HeatedChisel+1","Runesmith:Permafrost","Runesmith:EnergizedChisel+1","Runesmith:CraftIndustria"],"relics":["Runesmith:BrokenRuby","hubris:DeckOfHolding","Molten Egg 2","hubris:Metronome","Philosopher\u0027s Stone"],"acts_visited":["Exordium","TheCity"],"potions_floor_usage":[8,8,10,18,18],"damage_taken":[{"damage":0,"enemies":"Cultist","floor":1,"turns":3},{"damage":2,"enemies":"Small Slimes","floor":2,"turns":4},{"damage":3,"enemies":"infinitespire:Voidling","floor":3,"turns":4},{"damage":7,"enemies":"3 Louse","floor":4,"turns":4},{"damage":18,"enemies":"Gremlin Gang","floor":5,"turns":6},{"damage":1,"enemies":"Lagavulin","floor":6,"turns":8},{"damage":0,"enemies":"Exordium Thugs","floor":8,"turns":5},{"damage":6,"enemies":"Gremlin Nob","floor":10,"turns":5},{"damage":0,"enemies":"3 Louse","floor":11,"turns":4},{"damage":0,"enemies":"Red Slaver","floor":12,"turns":2},{"damage":0,"enemies":"Looter","floor":15,"turns":2},{"damage":0,"enemies":"3 Louse","floor":16,"turns":2},{"damage":0,"enemies":"The Guardian","floor":18,"turns":10}],"seed_played":"-8554762276203555568","potions_obtained":[{"floor":1,"key":"Adrenaline Potion"},{"floor":4,"key":"BlessingOfTheForge"},{"floor":5,"key":"LiquidMemories"},{"floor":11,"key":"ColorlessPotion"},{"floor":12,"key":"BlessingOfTheForge"},{"floor":18,"key":"Block Potion"}],"is_trial":false,"path_per_floor":["M","M","M","M","M","E","R","M","T","E","M","M","PTL","PTL","M","M","R","B",null],"character_chosen":"RUNESMITH_CLASS","items_purchased":[],"campfire_rested":1,"item_purchase_floors":[],"current_hp_per_floor":[70,68,65,58,40,39,39,39,39,33,33,33,33,33,33,33,54,54,70,70],"gold":502,"neow_bonus":"HUNDRED_GOLD","is_daily":false,"chose_seed":false,"campfire_upgraded":1,"win_rate":0.0,"timestamp":1613917060,"path_taken":["M","M","M","M","M","E","R","?","T","E","M","M","PTL","PTL","M","M","R","BOSS"],"items_purchased_type":[],"build_version":"2020-12-22","purchased_purges":0,"victory":false,"max_hp_per_floor":[70,70,70,70,70,70,70,70,70,70,70,70,70,70,70,70,70,70,70,70],"card_choices":[{"not_picked":["Runesmith:RuneHurl","Runesmith:BackupBattery"],"picked":"Runesmith:ChiselStab","floor":1},{"not_picked":["Runesmith:GoWithTheFlow","Runesmith:RunicBlueprint"],"picked":"Runesmith:EnergizedChisel","floor":2},{"not_picked":["Runesmith:MakeshiftArmor","Runesmith:NanitesCloud"],"picked":"Runesmith:EnergizedChisel","floor":3},{"not_picked":["Runesmith:CraftMagma","Runesmith:EnergizedChisel"],"picked":"Runesmith:CraftProtectio","floor":4},{"not_picked":["Runesmith:ShiftingStrike","Runesmith:EnergizedChisel"],"picked":"Runesmith:CraftMagma","floor":5},{"not_picked":["Runesmith:CraftSpiculum","Runesmith:HeatExchange"],"picked":"Runesmith:Prism","floor":6},{"not_picked":["Runesmith:HeatExchange","Runesmith:Accelerate"],"picked":"Runesmith:ChiselStab","floor":8},{"not_picked":["Runesmith:MetallurgicalResearch","Runesmith:Repurpose"],"picked":"Runesmith:HeatedChisel+1","floor":10},{"not_picked":["Runesmith:HammerAndChisel","Runesmith:Grindstone","Runesmith:StaticCage"],"picked":"SKIP","floor":11},{"not_picked":["Runesmith:PerfectChisel+1","Runesmith:RunicBlueprint"],"picked":"Runesmith:Permafrost","floor":12},{"not_picked":["Runesmith:UnstableHammer+1","Runesmith:RunicBlueprint"],"picked":"Runesmith:EnergizedChisel+1","floor":15},{"not_picked":["Runesmith:HeatExchange+1","Runesmith:ShiftingStrike+1","Runesmith:Prism"],"picked":"SKIP","floor":16},{"not_picked":["Runesmith:GenerateForcefield","Runesmith:LastStand"],"picked":"Runesmith:CraftIndustria","floor":18}],"player_experience":148468,"relics_obtained":[{"floor":6,"key":"hubris:DeckOfHolding"},{"floor":9,"key":"Molten Egg 2"},{"floor":10,"key":"hubris:Metronome"}],"event_choices":[],"is_beta":false,"boss_relics":[{"not_picked":["Astrolabe","Replay:Drink Me"],"picked":"Philosopher\u0027s Stone"}],"items_purged_floors":[],"is_endless":false,"potions_floor_spawned":[1,4,5,6,11,12,18],"ascension_level":0}}