{"host":"v0dnu0zs4qo0v13s","time":1613879734,"event":{"mods":["BaseMod","Colored Map","Colored Powertips","Minty Spire (QoL Compilation)","Relic Stats","StSLib","SuperFastMode","everything is the same but u backflip on backflip"],"gold_per_floor":[110,35,35,0,75,75,109,121,133,145,190,216,228,256,268,280,280],"floor_reached":16,"language":"ENG","playtime":690,"items_purged":["Strike_R"],"score":186,"play_id":"eb3b403f-e884-4df7-a7b4-df7c46befc08","local_time":"20210220225534","is_ascension_mode":true,"campfire_choices":[{"data":"Armaments","floor":6.0,"key":"SMITH"},{"floor":8.0,"key":"REST"},{"floor":13,"key":"REST"},{"data":"Rampage","floor":15,"key":"SMITH"}],"circlet_count":0,"master_deck":["AscendersBane","Strike_R","Strike_R","Strike_R","Defend_R","Defend_R","Defend_R","Defend_R","Bash","Armaments+1","Feel No Pain","Flex+1","Searing Blow","Rampage+1"],"relics":["Black Star","PreservedInsect","MawBank","Kunai","HornCleat","Toxic Egg 2"],"acts_visited":["Exordium"],"potions_floor_usage":[12],"damage_taken":[{"damage":10.0,"enemies":"Cultist","floor":1.0,"turns":5.0},{"damage":50.0,"enemies":"Gremlin Nob","floor":7.0,"turns":5.0},{"damage":22.0,"enemies":"Lagavulin","floor":11.0,"turns":7.0},{"damage":3,"enemies":"Small Slimes","floor":12,"turns":5},{"damage":0,"enemies":"2 Louse","floor":14,"turns":4},{"damage":26,"enemies":"Hexaghost","floor":16,"turns":8}],"seed_played":"1298518577994766571","potions_obtained":[{"floor":11.0,"key":"ColorlessPotion"},{"floor":14,"key":"Strength Potion"}],"is_trial":false,"path_per_floor":["M","$","?","?","?","R","E","R","T","$","E","M","R","M","R","B"],"character_chosen":"IRONCLAD","items_purchased":[],"campfire_rested":2,"item_purchase_floors":[],"current_hp_per_floor":[58,58,51,69,58,58,8,30,30,30,8,5,27,27,27,1,1],"gold":280,"neow_bonus":"BOSS_RELIC","is_daily":false,"chose_seed":false,"campfire_upgraded":2,"win_rate":0.0,"timestamp":1613879734,"path_taken":["M","$","?","?","?","R","E","R","T","$","E","M","R","M","R","BOSS"],"items_purchased_type":[],"build_version":"2020-12-22","purchased_purges":1,"victory":false,"max_hp_per_floor":[75,75,75,75,75,75,75,75,75,75,75,75,75,75,75,75,75],"relic_stats":{"counters":[6,34],"PreservedInsect":28,"Black Star":2,"Kunai":[1],"MawBank":108,"obtain_stats":[{"HornCleat":11,"PreservedInsect":7,"Black Star":0,"Kunai":9,"Toxic Egg 2":11,"MawBank":7,"Burning Blood":0},{"HornCleat":3,"PreservedInsect":2,"Black Star":0,"Kunai":2,"Toxic Egg 2":3,"MawBank":2,"Burning Blood":0},{"HornCleat":17,"PreservedInsect":10,"Black Star":0,"Kunai":10,"Toxic Egg 2":17,"MawBank":10,"Burning Blood":0}]},"card_choices":[{"not_picked":["Pommel Strike","Pummel"],"picked":"Armaments","floor":1.0},{"not_picked":["Intimidate","Shrug It Off"],"picked":"Feel No Pain","floor":7.0},{"not_picked":["Body Slam","Combust"],"picked":"Flex+1","floor":11.0},{"not_picked":["Feel No Pain","Infernal Blade+1"],"picked":"Searing Blow","floor":12},{"not_picked":["Pommel Strike","Inflame"],"picked":"Rampage","floor":14}],"player_experience":764481,"relics_obtained":[{"floor":7.0,"key":"PreservedInsect"},{"floor":7.0,"key":"MawBank"},{"floor":9.0,"key":"Kunai"},{"floor":11.0,"key":"HornCleat"},{"floor":11.0,"key":"Toxic Egg 2"}],"event_choices":[{"cards_removed":["Strike_R"],"damage_healed":0.0,"max_hp_gain":0.0,"max_hp_loss":0.0,"gold_gain":0.0,"event_name":"Golden Wing","player_choice":"Card Removal","floor":3.0,"gold_loss":0.0,"damage_taken":7.0},{"damage_healed":18.0,"max_hp_gain":0.0,"max_hp_loss":0.0,"gold_gain":0.0,"event_name":"The Cleric","player_choice":"Healed","floor":4.0,"gold_loss":35.0,"damage_taken":0.0},{"damage_healed":0.0,"max_hp_gain":0.0,"max_hp_loss":0.0,"gold_gain":75.0,"event_name":"World of Goop","player_choice":"Gather Gold","floor":5.0,"gold_loss":0.0,"damage_taken":11.0}],"is_beta":false,"boss_relics":[],"items_purged_floors":[2],"is_endless":false,"potions_floor_spawned":[11,14],"killed_by":"Hexaghost","ascension_level":15}}