{"host":"08xvxt5w1s7zc7e5","time":1613882077,"event":{"mods":["AchievementEnabler","BaseMod","DeckTracker","Minty Spire (QoL Compilation)","Quick Restart","StSLib","SuperFastMode"],"gold_per_floor":[115,133,133,133,58,89,89,108,108,183,215,215,226,244,244,347,347,366,4,103,135,147,147,147,147,173,173,56,72,102,118,118,118,118],"floor_reached":33,"language":"KOR","playtime":835,"items_purged":["Strike_G"],"score":447,"play_id":"c10c2f49-24a9-491d-adc8-2be2bf31a6f3","local_time":"20210221133437","is_ascension_mode":true,"campfire_choices":[{"data":"Neutralize","floor":7.0,"key":"SMITH"},{"data":"Blade Dance","floor":12.0,"key":"SMITH"},{"data":"Bane","floor":15.0,"key":"SMITH"},{"data":"Burst","floor":23.0,"key":"SMITH"},{"data":"Cloak And Dagger","floor":25.0,"key":"SMITH"},{"data":"Well Laid Plans","floor":27.0,"key":"SMITH"},{"floor":32,"key":"REST"}],"circlet_count":0,"master_deck":["AscendersBane","Strike_G","Strike_G","Strike_G","Defend_G","Defend_G","Defend_G+1","Defend_G","Survivor","Neutralize+1","All Out Attack","Poisoned Stab+1","Blade Dance+1","Dagger Spray","Expertise","Bane+1","Burst+1","Tactician","Terror","Well Laid Plans+1","Cloak And Dagger+1","Skewer","Glass Knife","Acrobatics","Accuracy","Outmaneuver+1","Cloak And Dagger+1","Noxious Fumes+1"],"relics":["Ring of the Snake","NeowsBlessing","Mercury Hourglass","InkBottle","Oddly Smooth Stone","HoveringKite","Mummified Hand","Red Mask","Anchor","Paper Crane"],"acts_visited":["Exordium","TheCity"],"potions_floor_usage":[31],"damage_taken":[{"damage":0.0,"enemies":"2 Louse","floor":1.0,"turns":1.0},{"damage":0.0,"enemies":"Small Slimes","floor":2.0,"turns":1.0},{"damage":0.0,"enemies":"Lagavulin","floor":6.0,"turns":1.0},{"damage":0.0,"enemies":"Jaw Worm","floor":8.0,"turns":3.0},{"damage":7.0,"enemies":"Gremlin Nob","floor":11.0,"turns":3.0},{"damage":12.0,"enemies":"Large Slime","floor":13.0,"turns":4.0},{"damage":0.0,"enemies":"Looter","floor":14.0,"turns":2.0},{"damage":4.0,"enemies":"The Guardian","floor":16.0,"turns":8.0},{"damage":16.0,"enemies":"Spheric Guardian","floor":18.0,"turns":4.0},{"damage":3.0,"enemies":"Masked Bandits","floor":21.0,"turns":3.0},{"damage":8.0,"enemies":"2 Thieves","floor":22.0,"turns":4.0},{"damage":12.0,"enemies":"3 Cultists","floor":29.0,"turns":4.0},{"damage":13.0,"enemies":"Gremlin Leader","floor":30.0,"turns":4.0},{"damage":2,"enemies":"Centurion and Healer","floor":31,"turns":5},{"damage":34,"enemies":"Collector","floor":33,"turns":3}],"seed_played":"-1799111719851334649","potions_obtained":[{"floor":1.0,"key":"SpeedPotion"},{"floor":6.0,"key":"LiquidBronze"},{"floor":11.0,"key":"ColorlessPotion"},{"floor":21.0,"key":"Energy Potion"},{"floor":22.0,"key":"Dexterity Potion"}],"is_trial":false,"path_per_floor":["M","M","?","?","$","E","R","M","T","?","E","R","M","M","R","B",null,"M","$","?","?","M","R","?","R","T","R","$","M","E","M","R","B"],"character_chosen":"THE_SILENT","items_purchased":["Terror","Mummified Hand","Well Laid Plans","Acrobatics","Accuracy"],"campfire_rested":1,"item_purchase_floors":[19,19,19,28,28],"current_hp_per_floor":[63,63,49,49,49,49,49,49,49,38,31,31,19,19,19,15,56,40,40,40,37,29,29,29,29,29,29,29,17,4,2,23,0,0],"gold":118,"neow_bonus":"THREE_ENEMY_KILL","is_daily":false,"chose_seed":false,"campfire_upgraded":6,"win_rate":0.0,"timestamp":1613882077,"path_taken":["M","M","?","?","$","E","R","M","T","?","E","R","M","M","R","BOSS","M","$","?","?","M","R","?","R","T","R","?","M","E","?","R","BOSS"],"items_purchased_type":["Card","Relic","Card","Card","Card"],"build_version":"2020-12-22","purchased_purges":1,"victory":false,"max_hp_per_floor":[70,70,70,70,70,70,70,70,70,70,70,70,70,70,70,70,70,70,70,70,70,70,70,70,70,70,70,70,70,70,70,70,70,70],"card_choices":[{"not_picked":["Infinite Blades","Bane"],"picked":"All Out Attack","floor":1.0},{"not_picked":["Bouncing Flask","Heel Hook"],"picked":"Poisoned Stab","floor":2.0},{"not_picked":["Quick Slash","Outmaneuver"],"picked":"Blade Dance","floor":6.0},{"not_picked":["Dodge and Roll","Underhanded Strike"],"picked":"Dagger Spray","floor":8.0},{"not_picked":["Heel Hook","Grand Finale"],"picked":"Expertise","floor":11.0},{"not_picked":["Prepared","Dagger Spray","Blade Dance"],"picked":"SKIP","floor":13.0},{"not_picked":["Poisoned Stab","Quick Slash"],"picked":"Bane","floor":14.0},{"not_picked":["Glass Knife","Corpse Explosion"],"picked":"Burst","floor":16.0},{"not_picked":["Blade Dance","Flying Knee+1"],"picked":"Tactician","floor":18.0},{"not_picked":["Prepared","Dagger Spray+1"],"picked":"Cloak And Dagger","floor":22.0},{"not_picked":["Catalyst","Sucker Punch"],"picked":"Outmaneuver+1","floor":29.0},{"not_picked":["Caltrops","Backstab"],"picked":"Cloak And Dagger+1","floor":30.0},{"not_picked":["Crippling Poison","Masterful Stab"],"picked":"Noxious Fumes+1","floor":31}],"player_experience":416844,"relics_obtained":[{"floor":6.0,"key":"Mercury Hourglass"},{"floor":9.0,"key":"InkBottle"},{"floor":11.0,"key":"Oddly Smooth Stone"},{"floor":21.0,"key":"Red Mask"},{"floor":26.0,"key":"Anchor"},{"floor":30.0,"key":"Paper Crane"}],"event_choices":[{"damage_healed":0.0,"max_hp_gain":0.0,"max_hp_loss":0.0,"gold_gain":0.0,"event_name":"Shining Light","player_choice":"Entered Light","floor":3.0,"gold_loss":0.0,"damage_taken":14.0,"cards_upgraded":["Poisoned Stab","Defend_G"]},{"damage_healed":0.0,"max_hp_gain":0.0,"max_hp_loss":0.0,"gold_gain":0.0,"event_name":"Liars Game","player_choice":"Ignored","floor":4.0,"gold_loss":0.0,"damage_taken":0.0},{"damage_healed":0.0,"max_hp_gain":0.0,"max_hp_loss":0.0,"gold_gain":75.0,"event_name":"World of Goop","player_choice":"Gather Gold","floor":10.0,"gold_loss":0.0,"damage_taken":11.0},{"damage_healed":0.0,"max_hp_gain":0.0,"max_hp_loss":0.0,"gold_gain":99.0,"event_name":"Nest","player_choice":"Stole From Cult","floor":20.0,"gold_loss":0.0,"damage_taken":0.0},{"damage_healed":0.0,"max_hp_gain":0.0,"max_hp_loss":0.0,"gold_gain":0.0,"event_name":"Masked Bandits","player_choice":"Fought Bandits","floor":21.0,"gold_loss":0.0,"damage_taken":0.0},{"damage_healed":0.0,"max_hp_gain":0.0,"max_hp_loss":0.0,"gold_gain":0.0,"cards_transformed":["Strike_G","Defend_G"],"event_name":"Drug Dealer","player_choice":"Became Test Subject","floor":24.0,"gold_loss":0.0,"damage_taken":0.0,"cards_obtained":["Skewer","Glass Knife"]}],"is_beta":false,"boss_relics":[{"not_picked":["Coffee Dripper","Fusion Hammer"],"picked":"HoveringKite"}],"items_purged_floors":[5],"is_endless":false,"potions_floor_spawned":[1,6,11,21,22],"killed_by":"Collector","ascension_level":10}}