{"host":"qz0goigh82dax5l2","time":1613902901,"event":{"mods":["Act Like it!","Alarm Clock","BaseMod","Energized Spire","Hallownest","Minty Spire (QoL Compilation)","Quick Restart","Reliquary","StSLib","Youmu£®ªÍ∆«—˝√Œ£©","°æ“≈ŒÔø®≈∆°øREMEMod"],"gold_per_floor":[110,110,128,8,8,34,34,65,111,139,139,139,157,173,173,295,295,311,386,402,402,72,72,103,103,129,160,160,180,206,15,15,113,113,129,15,31,31,51,84,84,99,99,118,118,152,167,201,201,201,201,201,6,36,36],"floor_reached":56,"language":"ZHS","playtime":9790,"items_purged":[],"score":1586,"play_id":"35ec86a2-512a-482b-a87f-208d4117aa61","local_time":"20210221182141","is_ascension_mode":false,"campfire_choices":[{"data":"SlashOfMeditation","floor":7,"key":"SMITH"},{"floor":12,"key":"REST"},{"floor":15,"key":"REST"},{"floor":23,"key":"REST"},{"floor":25,"key":"REST"},{"floor":28,"key":"REST"},{"floor":32,"key":"REST"},{"floor":41,"key":"RECALL"},{"floor":49,"key":"REST"},{"floor":52,"key":"REST"}],"circlet_count":0,"master_deck":["Strike_YM","Strike_YM","Strike_YM","Strike_YM","Defend_YM","Defend_YM","Defend_YM","Defend_YM","SlashOfPresentWorld","WheelOfPainOfLivingAndDead","Feed","TwoHundredYojanaInOneSlash","Regret","ThreeKonsSevenHakus","DoubleWheelOfPain","SlashClearingTheSixSenses","SlashOfMeditation+1","ASingleThoughtAndInfiniteKalpas","CrescentMoonSlash","SanzenSekai","SpiderLilyBurial","HeavenGodSword","DispleasureOfTheSevenHakus+1","LotusPostureSlash","HesitationCuttingSword","SuddenPhantomFormationSlashOfKarmicWind","FourBirthsSword","SlashOfTheEternalFuture","AsTheSilentNirvana+1","HeavenlyHaloSlash","GhostSword","StrangeHalfBody","SwordExtraction+1","TransmigrationSlash","HellFireSword","SwordOfBindingDesires","PhosphoricSlash+1","HeartExcerptSlash","HumanGodSword","ASingleThoughtAndInfiniteKalpas","HeartExcerptSlash","SanzenSekai+1","ThreeKonsSevenHakus+1","SlashOfSaigyouSpringWind","HumanKnowledgeSword","SpiritCuttingSword","SwordExtraction","BizarrenessOfSixRealms","HellFireSword","CrescentMoonSlash","RapidSlash","PhosphoricSlash+1"],"relics":["REME_ComplimentaryCards","Black Star","REME_PuzzleBoxRelic","Turnip","reliquary:TatteredRug","Question Card","reliquary:GummyVitamins","Calipers","REME_HandOfSuture","reliquary:Aerogel","Fusion Hammer","reliquary:TuningFork","Roukanken","reliquary:ExpiredCoupon","reliquary:FerryPass","reliquary:Knoch","Kunai","Nunchaku","Ginger","Pantograph","SlaversCollar","Toy Ornithopter","Prayer Wheel","reliquary:OuijaBoard","REME_HourglassOfDeath","Du-Vu Doll","Ice Cream","reliquary:WeakTea","Gambling Chip","Oddly Smooth Stone","FossilizedHelix"],"acts_visited":["Exordium","TheCity","TheBeyond","TheEnding"],"potions_floor_usage":[39,54],"damage_taken":[{"damage":0,"enemies":"Jaw Worm","floor":1,"turns":4},{"damage":0,"enemies":"Small Slimes","floor":3,"turns":2},{"damage":10,"enemies":"Gremlin Nob","floor":6,"turns":4},{"damage":4,"enemies":"Lagavulin","floor":8,"turns":5},{"damage":23,"enemies":"3 Sentries","floor":10,"turns":8},{"damage":0,"enemies":"Cultist","floor":13,"turns":5},{"damage":0,"enemies":"Blue Slaver","floor":14,"turns":1},{"damage":35,"enemies":"The Guardian","floor":16,"turns":8},{"damage":10,"enemies":"Chosen","floor":18,"turns":4},{"damage":22,"enemies":"2 Thieves","floor":20,"turns":3},{"damage":57,"enemies":"REME_1_Revenger","floor":24,"turns":4},{"damage":15,"enemies":"Slavers","floor":27,"turns":3},{"damage":10,"enemies":"3 Cultists","floor":29,"turns":4},{"damage":13,"enemies":"REME_1_Revenger","floor":30,"turns":4},{"damage":3,"enemies":"Automaton","floor":33,"turns":9},{"damage":6,"enemies":"3 Shapes","floor":35,"turns":2},{"damage":3,"enemies":"Orb Walker","floor":37,"turns":3},{"damage":0,"enemies":"Transient","floor":39,"turns":5},{"damage":0,"enemies":"Reptomancer","floor":40,"turns":3},{"damage":41,"enemies":"4 Shapes","floor":42,"turns":4},{"damage":12,"enemies":"Sphere and 2 Shapes","floor":44,"turns":4},{"damage":0,"enemies":"Nemesis","floor":46,"turns":5},{"damage":0,"enemies":"3 Darklings","floor":47,"turns":3},{"damage":0,"enemies":"Reptomancer","floor":48,"turns":2},{"damage":0,"enemies":"Donu and Deca","floor":50,"turns":5},{"damage":4,"enemies":"Shield and Spear","floor":54,"turns":4},{"damage":43,"enemies":"The Heart","floor":55,"turns":6}],"seed_played":"5724681269288356948","potions_obtained":[{"floor":1,"key":"SpeedPotion"},{"floor":3,"key":"CausticAgent"},{"floor":18,"key":"FairyPotion"},{"floor":20,"key":"SteroidPotion"},{"floor":33,"key":"SpeedPotion"},{"floor":35,"key":"ColorlessPotion"},{"floor":37,"key":"LiquidMemories"},{"floor":40,"key":"SneckoOil"},{"floor":46,"key":"SteroidPotion"},{"floor":54,"key":"SteroidPotion"}],"is_trial":false,"path_per_floor":["M","?","M","$","?","E","R","E","T","E","?","R","M","M","R","B",null,"M","?","M","?","$","R","E","R","T","E","R","M","E","$","R","B",null,"M","$","M","?","M","E","R","M","T","M","?","E","M","E","R","B",null,"R","$","E","B",null],"character_chosen":"YOUMU","items_purchased":["DoubleWheelOfPain","SlashClearingTheSixSenses","reliquary:TuningFork","Roukanken","HesitationCuttingSword","SuddenPhantomFormationSlashOfKarmicWind","HeavenlyHaloSlash","Regen Potion","GhostSword","TransmigrationSlash","HellFireSword","SwordOfBindingDesires","Strength Potion","EssenceOfSteel","BizarrenessOfSixRealms","HellFireSword","CrescentMoonSlash","RapidSlash"],"campfire_rested":8,"item_purchase_floors":[4,4,22,22,22,22,31,31,31,36,36,36,53,53,53,53,53,53],"current_hp_per_floor":[75,75,78,78,78,68,68,64,64,41,34,57,57,57,78,62,78,68,61,42,42,42,66,9,33,33,21,46,39,26,26,52,74,87,84,84,81,81,90,90,90,61,61,49,90,90,93,93,93,93,93,93,93,93,50],"gold":36,"neow_bonus":"BOSS_RELIC","is_daily":false,"chose_seed":false,"campfire_upgraded":1,"win_rate":0.0,"timestamp":1613902901,"path_taken":["M","?","M","$","?","E","R","E","T","E","?","R","M","M","R","BOSS","M","?","?","?","$","R","E","R","T","E","R","M","E","$","R","BOSS","M","$","?","?","M","E","R","M","T","?","?","E","M","E","R","BOSS","R","$","E","BOSS"],"items_purchased_type":["Card","Card","Relic","Relic","Card","Card","Card","Potion","Card","Card","Card","Card","Potion","Potion","Card","Card","Card","Card"],"build_version":"2020-12-22","purchased_purges":0,"victory":true,"max_hp_per_floor":[75,75,78,78,78,78,78,78,78,78,78,78,78,78,78,78,78,78,78,81,81,81,81,81,81,81,84,84,87,87,87,87,87,87,90,90,90,90,90,90,90,90,90,90,90,90,93,93,93,93,93,93,93,93,93],"card_choices":[{"not_picked":["CherryBlossomFlashing","DispleasureOfTheSevenHakus"],"picked":"TwoHundredYojanaInOneSlash","floor":1},{"not_picked":["ConstancyOfTheConventionalTruth","DispleasureOfTheSevenHakus"],"picked":"ThreeKonsSevenHakus","floor":3},{"not_picked":["LowerRealmReflectionSlash","ObsessionWithThePresentWorld"],"picked":"SlashOfMeditation","floor":6},{"not_picked":["ObsessionSword","PretaSword"],"picked":"ASingleThoughtAndInfiniteKalpas","floor":8},{"not_picked":["LifeCuttingSword","CherryBlossomFlashing","LowerRealmReflectionSlash"],"picked":"CrescentMoonSlash","floor":10},{"not_picked":["TenKingsRetributionOnThePreta","FlashingScatteredFlowers","LowerRealmReflectionSlash"],"picked":"SanzenSekai","floor":13},{"not_picked":["SwordOfBindingDesires","PhosphoricSlash","FourBirthsSword"],"picked":"SpiderLilyBurial","floor":14},{"not_picked":["WickedSoul","IrresoluteSoul","DeadlyForm"],"picked":"HeavenGodSword","floor":16},{"not_picked":["ThreeKonsSevenHakus","FlashingScatteredFlowers","TwoHundredYojanaInOneSlash"],"picked":"DispleasureOfTheSevenHakus+1","floor":18},{"not_picked":["PretaSword","BloodOfAsura+1","TwoHundredYojanaInOneSlash"],"picked":"LotusPostureSlash","floor":20},{"not_picked":["CrescentMoonSlash","ThreeKonsSevenHakus","SlashOfDelusionalInnerEye"],"picked":"FourBirthsSword","floor":24},{"not_picked":["HesitationCuttingSword","DispleasureOfTheSevenHakus","TenKingsRetributionOnThePreta"],"picked":"SlashOfTheEternalFuture","floor":27},{"not_picked":["TwoHundredYojanaInOneSlash","HeavenlyHaloSlash+1","HeartExcerptSlash"],"picked":"FiveSignsOfTheDyingDeva","floor":29},{"not_picked":["CrescentMoonSlash","HesitationCuttingSword","PhosphoricSlash"],"picked":"AsTheSilentNirvana+1","floor":30},{"not_picked":["SlashOfTheEternalFuture","CelestialStarSword","HeavenGodSword"],"picked":"StrangeHalfBody","floor":33},{"not_picked":["LotusPostureSlash+1","SanzenSekai","PhosphoricSlash+1"],"picked":"SwordExtraction+1","floor":35},{"not_picked":["TwoHundredYojanaInOneSlash","SlashOfMeditation","LowerRealmReflectionSlash"],"picked":"PhosphoricSlash+1","floor":37},{"not_picked":["ThoughtCuttingSword+1","PhosphoricSlash+1","FantasyOfEnteringEnlightenment"],"picked":"HeartExcerptSlash","floor":39},{"not_picked":["CrescentMoonSlash+1","TwoHundredYojanaInOneSlash","CherryBlossomFlashing+1"],"picked":"HumanGodSword","floor":40},{"not_picked":["SanzenSekai+1","LifeCuttingSword+1","LowerRealmReflectionSlash"],"picked":"ASingleThoughtAndInfiniteKalpas","floor":42},{"not_picked":["LightFlashOfTheNetherworld","BloodOfAsura","DispleasureOfTheSevenHakus"],"picked":"HeartExcerptSlash","floor":42},{"not_picked":["ConstancyOfTheConventionalTruth","LowerRealmReflectionSlash","SlashOfMeditation+1"],"picked":"SanzenSekai+1","floor":44},{"not_picked":["HumanGodSword","LowerRealmReflectionSlash","FlashingScatteredFlowers"],"picked":"ThreeKonsSevenHakus+1","floor":44},{"not_picked":["SlashClearingTheSixSenses+1","SlashOfMeditation","ThoughtCuttingSword"],"picked":"SlashOfSaigyouSpringWind","floor":46},{"not_picked":["ObsessionSword","SlashOfMeditation+1","SanzenSekai"],"picked":"HumanKnowledgeSword","floor":47},{"not_picked":["ThreeKonsSevenHakus+1","LotusPostureSlash","TwoHundredYojanaInOneSlash"],"picked":"SpiritCuttingSword","floor":47},{"not_picked":["BloodOfAsura+1","LowerRealmReflectionSlash","ObsessionWithThePresentWorld+1"],"picked":"SwordExtraction","floor":48},{"not_picked":["CrescentMoonSlash+1","BizarrenessOfSixRealms","HumanKnowledgeSword"],"picked":"PhosphoricSlash+1","floor":54}],"player_experience":82674,"relics_obtained":[{"floor":6,"key":"Turnip"},{"floor":6,"key":"reliquary:TatteredRug"},{"floor":8,"key":"Question Card"},{"floor":8,"key":"reliquary:GummyVitamins"},{"floor":10,"key":"Calipers"},{"floor":10,"key":"REME_HandOfSuture"},{"floor":24,"key":"reliquary:ExpiredCoupon"},{"floor":24,"key":"reliquary:FerryPass"},{"floor":26,"key":"reliquary:Knoch"},{"floor":27,"key":"Kunai"},{"floor":27,"key":"Nunchaku"},{"floor":30,"key":"Ginger"},{"floor":30,"key":"Pantograph"},{"floor":40,"key":"Prayer Wheel"},{"floor":40,"key":"reliquary:OuijaBoard"},{"floor":43,"key":"REME_HourglassOfDeath"},{"floor":46,"key":"Du-Vu Doll"},{"floor":46,"key":"Ice Cream"},{"floor":48,"key":"reliquary:WeakTea"},{"floor":48,"key":"Gambling Chip"},{"floor":54,"key":"Oddly Smooth Stone"},{"floor":54,"key":"FossilizedHelix"}],"event_choices":[{"damage_healed":0,"gold_gain":0,"player_choice":"Box","damage_taken":0,"relics_obtained":["REME_PuzzleBoxRelic"],"max_hp_gain":0,"max_hp_loss":0,"event_name":"Big Fish","floor":2,"gold_loss":0,"cards_obtained":["Regret"]},{"damage_healed":0,"gold_gain":0,"player_choice":"Ignored","damage_taken":0,"max_hp_gain":0,"max_hp_loss":0,"event_name":"Shining Light","floor":5,"gold_loss":0},{"damage_healed":0,"gold_gain":0,"player_choice":"Success","damage_taken":7,"relics_obtained":["reliquary:Aerogel"],"max_hp_gain":0,"max_hp_loss":0,"event_name":"Scrap Ooze","floor":11,"gold_loss":0},{"damage_healed":0,"gold_gain":75,"player_choice":"Touch","damage_taken":7,"max_hp_gain":0,"max_hp_loss":0,"event_name":"FaceTrader","floor":19,"gold_loss":0},{"damage_healed":0,"gold_gain":0,"player_choice":"Bought 0 Potions","damage_taken":0,"max_hp_gain":0,"max_hp_loss":0,"event_name":"The Woman in Blue","floor":21,"gold_loss":0},{"cards_removed":["FiveSignsOfTheDyingDeva"],"damage_healed":0,"gold_gain":0,"player_choice":"Gave Card","damage_taken":0,"relics_obtained":["Toy Ornithopter"],"max_hp_gain":0,"max_hp_loss":0,"event_name":"WeMeetAgain","floor":38,"gold_loss":0},{"damage_healed":41,"gold_gain":0,"player_choice":"Full Heal","damage_taken":0,"max_hp_gain":0,"max_hp_loss":0,"event_name":"Wheel of Change","floor":45,"gold_loss":0}],"is_beta":false,"boss_relics":[{"not_picked":["Coffee Dripper","REME_ChargedStone"],"picked":"Fusion Hammer"},{"not_picked":["energizedSpire:OgreHead","Runic Dome"],"picked":"SlaversCollar"}],"items_purged_floors":[],"is_endless":false,"potions_floor_spawned":[1,3,18,20,33,35,37,40,46,54],"ascension_level":0}}