{"host":"p0hktren06injwdf","time":1613878276,"event":{"mods":["AchievementEnabler","BaseMod","Colored Map","DeckTracker","Minty Spire (QoL Compilation)","Permanent Neow","StSLib","SuperFastMode"],"gold_per_floor":[211,231,250,269,279,279,305,46,96,96,96,67,102,115,115,189,189,201,201,29,42,56,56,56,6,6,6,6],"floor_reached":27,"language":"KOR","playtime":449,"items_purged":[],"score":446,"play_id":"f26ee14f-72b0-4467-955c-2db4cab02781","local_time":"20210221123116","is_ascension_mode":true,"campfire_choices":[{"data":"Blade Dance","floor":6.0,"key":"SMITH"},{"data":"Panache","floor":10.0,"key":"SMITH"},{"data":"Neutralize","floor":15.0,"key":"SMITH"},{"data":"Footwork","floor":23.0,"key":"SMITH"}],"circlet_count":0,"master_deck":["AscendersBane","Strike_G","Strike_G","Strike_G","Strike_G","Defend_G","Defend_G","Defend_G","Defend_G","Defend_G","Survivor","Neutralize+1","Backstab","Finisher","Footwork+1","Dagger Spray","Blade Dance+1","Accuracy","Panache+1","Dodge and Roll","Dash","After Image","Acrobatics+1"],"relics":["Ring of the Snake","Singing Bowl","MealTicket","Bottled Tornado","HoveringKite","PreservedInsect","Orichalcum","Centennial Puzzle"],"acts_visited":["Exordium","TheCity"],"potions_floor_usage":[],"damage_taken":[{"damage":1.0,"enemies":"Cultist","floor":1.0,"turns":6.0},{"damage":2.0,"enemies":"Jaw Worm","floor":2.0,"turns":4.0},{"damage":0.0,"enemies":"Small Slimes","floor":3.0,"turns":2.0},{"damage":11.0,"enemies":"Exordium Thugs","floor":4.0,"turns":9.0},{"damage":0.0,"enemies":"2 Fungi Beasts","floor":5.0,"turns":4.0},{"damage":19.0,"enemies":"3 Sentries","floor":7.0,"turns":7.0},{"damage":14.0,"enemies":"Lagavulin","floor":13.0,"turns":7.0},{"damage":0.0,"enemies":"Lots of Slimes","floor":14.0,"turns":1.0},{"damage":18.0,"enemies":"Slime Boss","floor":16.0,"turns":7.0},{"damage":2.0,"enemies":"3 Byrds","floor":18.0,"turns":5.0},{"damage":13.0,"enemies":"2 Thieves","floor":21.0,"turns":4.0},{"damage":30.0,"enemies":"Centurion and Healer","floor":22.0,"turns":9.0},{"damage":45,"enemies":"Book of Stabbing","floor":27,"turns":5}],"seed_played":"-755794914594874847","potions_obtained":[{"floor":1.0,"key":"Swift Potion"},{"floor":3.0,"key":"LiquidBronze"},{"floor":13.0,"key":"Weak Potion"}],"is_trial":false,"path_per_floor":["M","M","M","M","M","R","E","$","T","R","?","$","E","M","R","B",null,"M","?","$","M","M","R","$","?","T","E"],"character_chosen":"THE_SILENT","items_purchased":["Accuracy","Panache","Dodge and Roll","PreservedInsect"],"campfire_rested":0,"item_purchase_floors":[8,8,12,20],"current_hp_per_floor":[58,56,56,45,45,45,28,28,28,28,28,43,29,31,31,13,56,56,56,71,60,30,30,45,45,45,0,0],"gold":6,"neow_bonus":"HUNDRED_GOLD","is_daily":false,"chose_seed":false,"campfire_upgraded":4,"win_rate":0.0,"timestamp":1613878276,"path_taken":["M","M","M","M","M","R","E","$","T","R","?","$","E","M","R","BOSS","M","?","$","?","M","R","$","?","T","E"],"items_purchased_type":["Card","Card","Card","Relic"],"build_version":"2020-12-22","purchased_purges":0,"victory":false,"max_hp_per_floor":[66,66,66,66,66,66,68,68,68,68,68,68,68,70,70,70,70,72,72,72,74,74,74,74,74,74,74,74],"card_choices":[{"not_picked":["Riddle With Holes","Quick Slash"],"picked":"Backstab","floor":1.0},{"not_picked":["Tactician","Dodge and Roll"],"picked":"Finisher","floor":2.0},{"not_picked":["Quick Slash","Setup"],"picked":"Footwork","floor":3.0},{"not_picked":["Infinite Blades","Deadly Poison"],"picked":"Dagger Spray","floor":4.0},{"not_picked":["Prepared","Malaise"],"picked":"Blade Dance","floor":5.0},{"not_picked":["Deflect","Bane","Footwork"],"picked":"Singing Bowl","floor":7.0},{"not_picked":["Quick Slash","Sucker Punch"],"picked":"Dash","floor":13.0},{"not_picked":["Deflect","Deadly Poison","Backflip"],"picked":"Singing Bowl","floor":14.0},{"not_picked":["Night Terror","Unload"],"picked":"After Image","floor":16.0},{"not_picked":["Slice","Setup","Deflect"],"picked":"Singing Bowl","floor":18.0},{"not_picked":["Sucker Punch","Poisoned Stab","Deadly Poison"],"picked":"Singing Bowl","floor":21.0},{"not_picked":["Bane","Infinite Blades"],"picked":"Acrobatics+1","floor":22.0}],"player_experience":1097115,"relics_obtained":[{"floor":7.0,"key":"Singing Bowl"},{"floor":9.0,"key":"MealTicket"},{"floor":13.0,"key":"Bottled Tornado"},{"floor":26.0,"key":"Centennial Puzzle"}],"event_choices":[{"damage_healed":0.0,"max_hp_gain":0.0,"max_hp_loss":0.0,"gold_gain":0.0,"event_name":"Scrap Ooze","player_choice":"Fled","floor":11.0,"gold_loss":0.0,"damage_taken":0.0},{"cards_removed":["Strike_G"],"damage_healed":0.0,"max_hp_gain":0.0,"max_hp_loss":0.0,"gold_gain":0.0,"event_name":"Purifier","player_choice":"Purged","floor":19.0,"gold_loss":0.0,"damage_taken":0.0},{"damage_healed":0.0,"max_hp_gain":0.0,"max_hp_loss":0.0,"gold_gain":0.0,"event_name":"WeMeetAgain","player_choice":"Paid Gold","floor":25.0,"gold_loss":50.0,"damage_taken":0.0,"relics_obtained":["Orichalcum"]}],"is_beta":false,"boss_relics":[{"not_picked":["Runic Pyramid","Ring of the Serpent"],"picked":"HoveringKite"}],"items_purged_floors":[],"is_endless":false,"potions_floor_spawned":[1,3,5,13],"killed_by":"Book of Stabbing","ascension_level":20}}