{"host":"qv0ilctqn0ifp2gd","time":1613868113,"event":{"mods":["AchievementEnabler","BaseMod","Minty Spire (QoL Compilation)","Weighted Paths"],"gold_per_floor":[118,135,65,78,91,122,122,122,147,187,210,223,4,40,40,181,181,220,263,263,263],"floor_reached":20,"language":"ENG","playtime":1006,"items_purged":[],"score":188,"play_id":"3aae6249-5070-4b1b-8ab1-0a46ee4d9c33","local_time":"20210220164153","is_ascension_mode":false,"campfire_choices":[{"floor":8,"key":"REST"},{"floor":15,"key":"REST"}],"circlet_count":0,"master_deck":["Strike_P","Strike_P","Strike_P","Strike_P","Defend_P","Defend_P","Defend_P","Defend_P","Eruption","Vigilance","Prostrate","Conclude","Wallop","Evaluate","Collect","Indignation","MasterReality","Tantrum","HandOfGreed","Devotion","FlyingSleeves+1","DeceiveReality"],"relics":["SlaversCollar","Anchor","Golden Idol","Boot","Pen Nib","Busted Crown"],"acts_visited":["Exordium","TheCity"],"potions_floor_usage":[6,16,16,18,20,20],"damage_taken":[{"damage":1,"enemies":"Cultist","floor":1,"turns":4},{"damage":1,"enemies":"Jaw Worm","floor":2,"turns":3},{"damage":0,"enemies":"2 Louse","floor":4,"turns":2},{"damage":9,"enemies":"Lots of Slimes","floor":5,"turns":4},{"damage":52,"enemies":"Gremlin Nob","floor":6,"turns":5},{"damage":3,"enemies":"3 Sentries","floor":10,"turns":3},{"damage":0,"enemies":"Blue Slaver","floor":11,"turns":3},{"damage":5,"enemies":"Looter","floor":12,"turns":2},{"damage":1,"enemies":"Gremlin Gang","floor":14,"turns":4},{"damage":28,"enemies":"Hexaghost","floor":16,"turns":7},{"damage":30,"enemies":"3 Byrds","floor":18,"turns":4},{"damage":18,"enemies":"2 Thieves","floor":19,"turns":5},{"damage":19,"enemies":"Snecko","floor":20,"turns":4}],"seed_played":"-7088147546951089027","potions_obtained":[{"floor":5,"key":"SkillPotion"},{"floor":10,"key":"SmokeBomb"},{"floor":12,"key":"Ancient Potion"},{"floor":14,"key":"StancePotion"},{"floor":16,"key":"BlessingOfTheForge"},{"floor":19,"key":"Dexterity Potion"}],"is_trial":false,"path_per_floor":["M","M","$","M","M","E","?","R","T","E","M","M","$","M","R","B",null,"M","M","M"],"character_chosen":"WATCHER","items_purchased":["Wallop","HandOfGreed","PowerPotion"],"campfire_rested":2,"item_purchase_floors":[3,13,13],"current_hp_per_floor":[71,70,70,70,61,9,9,29,29,26,26,21,21,20,40,12,67,37,19,0,0],"gold":263,"neow_bonus":"BOSS_RELIC","is_daily":false,"chose_seed":false,"campfire_upgraded":0,"win_rate":0.0,"timestamp":1613868113,"path_taken":["M","M","$","M","M","E","?","R","T","E","M","M","$","M","R","BOSS","M","M","M"],"items_purchased_type":["Card","Card","Potion"],"build_version":"2020-12-22","purchased_purges":0,"victory":false,"max_hp_per_floor":[72,72,72,72,72,72,67,67,67,67,67,67,67,67,67,67,67,67,67,67,67],"card_choices":[{"not_picked":["ClearTheMind","LikeWater"],"picked":"Prostrate","floor":1},{"not_picked":["DeceiveReality","FlyingSleeves"],"picked":"Conclude","floor":2},{"not_picked":["FlyingSleeves","DeceiveReality"],"picked":"Evaluate","floor":4},{"not_picked":["CutThroughFate","Indignation"],"picked":"Collect","floor":5},{"not_picked":["CutThroughFate","Vengeance"],"picked":"Indignation","floor":6},{"not_picked":["EmptyFist","Protect"],"picked":"MasterReality","floor":10},{"not_picked":["Protect","EmptyFist","BowlingBash"],"picked":"SKIP","floor":11},{"not_picked":["CutThroughFate","Protect"],"picked":"Tantrum","floor":12},{"not_picked":["SignatureMove","ThirdEye","EmptyBody"],"picked":"SKIP","floor":14},{"not_picked":["Vault","DeusExMachina"],"picked":"Devotion","floor":16},{"not_picked":[],"picked":"FlyingSleeves+1","floor":18},{"not_picked":[],"picked":"DeceiveReality","floor":19}],"player_experience":45312,"relics_obtained":[{"floor":6,"key":"Anchor"},{"floor":9,"key":"Boot"},{"floor":10,"key":"Pen Nib"}],"event_choices":[{"damage_healed":0,"gold_gain":0,"player_choice":"Lose Max HP","damage_taken":0,"relics_obtained":["Golden Idol"],"max_hp_gain":0,"max_hp_loss":5,"event_name":"Golden Idol","floor":7,"gold_loss":0}],"is_beta":false,"boss_relics":[{"not_picked":["Coffee Dripper","Runic Pyramid"],"picked":"Busted Crown"}],"items_purged_floors":[],"is_endless":false,"potions_floor_spawned":[5,10,12,14,16,19],"killed_by":"Snecko","ascension_level":0}}