{"host":"d6oxvn0vsgxeumax","time":1613934556,"event":{"mods":["BaseMod","Better Altar","Better Match","Better Note","Better Sensory Stone","Better Skull","Better Third Choice","BetterRewards","Bossed Relics","Colored Map","Colored Powertips","Defuse TimeMaze Blight","Downfall","Hubris","Infinite Spire","Minty Spire (QoL Compilation)","Relic Sorter","Replay The Spire","Shop Mod","Spicy Shops","Spire Arcade","StSLib","The Bug Knight","Uncapped"],"gold_per_floor":[99,117,117,31,50,35,60,60,72,8,8,40,40,60,74,178,178,178,191,202,202,202,228,228,99,99,99,115,215,115,145,157,261,261,261,273,273,285,301,301,301,42,61,61,73,73,73],"floor_reached":45,"language":"ENG","playtime":3592,"items_purged":["Guardian:Strike_Guardian","Languid"],"score":526,"play_id":"b99e69b3-908e-4c5a-a7a7-f226cd55a1d2","local_time":"20210221130916","is_ascension_mode":true,"campfire_choices":[{"data":"Guardian:GemFinder","floor":1.0,"key":"SMITH"},{"floor":11,"key":"REST"},{"data":"Guardian:BodySlam","floor":13,"key":"SMITH"},{"data":"Guardian:CompilePackage","floor":18,"key":"SMITH"},{"floor":26,"key":"REST"},{"floor":30,"key":"REST"},{"data":"hubris:EnhanceAbility","floor":35,"key":"SMITH"},{"data":"Guardian:BodySlam","floor":40,"key":"SMITH"},{"data":"Guardian:GemFire","floor":44,"key":"SMITH"}],"circlet_count":0,"master_deck":["Guardian:Strike_Guardian","Guardian:Strike_Guardian","Guardian:Strike_Guardian","Guardian:Defend_Guardian","Guardian:Defend_Guardian+1","Guardian:Defend_Guardian","Guardian:Defend_Guardian","Guardian:CurlUp","Guardian:TwinSlam","Guardian:GemFinder+1","Guardian:BodySlam+1","Guardian:GuardianWhirl","Guardian:PrismaticBeam","Guardian:VentSteam","Guardian:Planning+1","Guardian:Orbwalk","Guardian:SentryBeam","Guardian:CompilePackage+1","Guardian:MultiBeam+1","ReplayTheSpireMod:Book of Names+1","hubris:EnhanceAbility+1","Guardian:BodySlam+1","Guardian:ArmoredProtocol+1","Guardian:CrystalBeam","Guardian:CrystalBeam","Guardian:RollAttack","infinitespire:TheBestDefense","Guardian:PrismaticBarrier","Guardian:RollAttack","Guardian:PiercingHide","Guardian:RevengeProtocol","CurseOfTheBell","Guardian:ShieldSpikes+1","Guardian:PolyBeam+1","infinitespire:Fortify","Guardian:PrismaticBarrier","Guardian:GemFire+1","Guardian:PrismaticBeam"],"relics":["Guardian:ModeShifter","Boot","Replay:Bottled Flurry","Shuriken","Garlic","MerchantsRug","downfall:HeartBlessingGreen","infinitespire:Beetle Shell","Meat on the Bone","hubris:FunFungus","infinitespire:Bottled Soul","ReplayTheSpireMod:CursedCoin","Replay:WaspNest","Mummified Hand","sneckomod:BlankCard"],"acts_visited":["Exordium","TheCity","TheBeyond"],"potions_floor_usage":[12,16,39],"damage_taken":[{"damage":0.0,"enemies":"Cultist","floor":2.0,"turns":5.0},{"damage":10.0,"enemies":"downfall:FleeingMerchant","floor":4.0,"turns":4.0},{"damage":7.0,"enemies":"Jaw Worm","floor":5.0,"turns":4.0},{"damage":10.0,"enemies":"downfall:FleeingMerchant","floor":6.0,"turns":4.0},{"damage":3,"enemies":"Small Slimes","floor":9,"turns":3},{"damage":17,"enemies":"downfall:FleeingMerchant","floor":10,"turns":4},{"damage":8,"enemies":"Gremlin Nob","floor":12,"turns":3},{"damage":4,"enemies":"downfall:LooterAlt","floor":14,"turns":2},{"damage":12,"enemies":"Blue Slaver","floor":15,"turns":3},{"damage":8,"enemies":"WA_ARCHETYPE_RETAIN","floor":16,"turns":5},{"damage":2,"enemies":"Spheric Guardian","floor":19,"turns":3},{"damage":14,"enemies":"downfall:LooterAlt2","floor":20,"turns":3},{"damage":40,"enemies":"Slavers","floor":23,"turns":5},{"damage":0,"enemies":"downfall:FleeingMerchant","floor":25,"turns":4},{"damage":5,"enemies":"Centurion and Healer","floor":28,"turns":3},{"damage":10,"enemies":"Nightmare","floor":31,"turns":7},{"damage":0,"enemies":"Chosen and Byrds","floor":32,"turns":2},{"damage":11,"enemies":"SI_MIRROR_ARCHETYPE","floor":33,"turns":7},{"damage":8,"enemies":"Orb Walker","floor":36,"turns":3},{"damage":15,"enemies":"3 Shapes","floor":38,"turns":4},{"damage":8,"enemies":"3 Darklings","floor":39,"turns":7},{"damage":0,"enemies":"downfall:FleeingMerchant","floor":42,"turns":1},{"damage":0,"enemies":"Sphere and 2 Shapes","floor":43,"turns":1},{"damage":0,"enemies":"Maw","floor":45,"turns":1}],"seed_played":"-3098948420767605798","potions_obtained":[{"floor":2.0,"key":"Strength Potion"},{"floor":5.0,"key":"AttackPotion"},{"floor":9,"key":"Strength Potion"},{"floor":15,"key":"ColorlessPotion"},{"floor":19,"key":"Energy Potion"},{"floor":31,"key":"FearPotion"},{"floor":32,"key":"Adrenaline Potion"},{"floor":38,"key":"DistilledChaos"},{"floor":43,"key":"DuplicationPotion"}],"is_trial":false,"path_per_floor":["R","M","?","$","M","$","T","?","M","$","R","E","R","M","M","B",null,"R","M","M","?","?","E","T","$","R","?","M","?","R","NM","M","B",null,"R","M","AVR","M","M","R","T","$","M","R","M"],"character_chosen":"GUARDIAN","items_purchased":["Guardian:PrismaticBeam","Guardian:Planning","MerchantsRug","Guardian:CrystalBeam","Guardian:RollAttack","ReplayTheSpireMod:CursedCoin","Replay:WaspNest","Mummified Hand","sneckomod:BlankCard","Guardian:Gem_White"],"campfire_rested":3,"item_purchase_floors":[4,10,25,25,25,42,42,42,42,42],"current_hp_per_floor":[72,72,72,62,55,45,45,45,42,25,46,38,38,34,22,14,72,72,70,56,56,56,16,16,16,37,20,15,15,36,26,26,15,72,72,64,64,49,41,41,41,41,41,41,41,41,41],"gold":73,"neow_bonus":"THREE_RARE_CARDS","is_daily":false,"chose_seed":false,"campfire_upgraded":6,"win_rate":0.0,"timestamp":1613934556,"path_taken":["R","M","?","$","M","?","T","?","M","?","R","E","R","?","M","BOSS","R","M","M","?","?","E","T","$","R","?","?","?","R","NM","M","BOSS","R","M","AVR","M","?","R","T","$","M","R","?"],"items_purchased_type":["Card","Card","Relic","Card","Card","Relic","Relic","Relic","Relic","Card"],"build_version":"2020-12-22","purchased_purges":2,"victory":false,"max_hp_per_floor":[72,72,72,72,72,72,72,72,72,72,72,72,72,72,72,72,72,72,72,72,72,72,72,72,72,72,72,72,72,72,72,72,72,72,72,72,72,72,72,72,72,72,72,72,72,72,72],"card_choices":[{"not_picked":["Guardian:Gem_Synthetic","Guardian:GemFire"],"picked":"Guardian:GemFinder","floor":0.0},{"not_picked":["Guardian:Gem_Cyan","Guardian:Gem_Green"],"picked":"Guardian:Gem_Red","floor":2.0},{"not_picked":["Guardian:Recover","Guardian:CrystalBeam"],"picked":"Guardian:BodySlam","floor":2.0},{"not_picked":["Guardian:Gem_Lightblue","Guardian:Gem_Green"],"picked":"Guardian:Gem_Red","floor":4.0},{"not_picked":["Guardian:ChargeCore","Guardian:Gem_Green"],"picked":"Guardian:GuardianWhirl","floor":4.0},{"not_picked":["Guardian:Gem_Green","Guardian:Gem_Lightblue"],"picked":"Guardian:Gem_Cyan","floor":5.0},{"not_picked":["Guardian:Gem_Lightblue","Guardian:ChargeCore"],"picked":"Guardian:Gem_Cyan","floor":5.0},{"not_picked":["Guardian:Gem_Cyan","Guardian:Gem_Lightblue"],"picked":"Guardian:Gem_Red","floor":6.0},{"not_picked":["Guardian:StasisEngine","Guardian:Gem_Red"],"picked":"Guardian:VentSteam","floor":6.0},{"not_picked":["Guardian:Gem_Cyan","Guardian:Gem_Lightblue"],"picked":"Guardian:Gem_Red","floor":9},{"not_picked":["Guardian:WalkerClaw","Guardian:Recover","Guardian:TemporalStrike"],"picked":"SKIP","floor":9},{"not_picked":["Guardian:Gem_Green","Guardian:Gem_Red"],"picked":"Guardian:Gem_Cyan","floor":10},{"not_picked":["Guardian:DecasProtection","Guardian:TemporalStrike","Guardian:ShieldCharger"],"picked":"SKIP","floor":10},{"not_picked":["Guardian:Gem_Cyan","Guardian:Gem_Lightblue"],"picked":"Guardian:Gem_Green","floor":12},{"not_picked":["Guardian:ChargeCore","Guardian:WalkerClaw","Guardian:Suspension"],"picked":"SKIP","floor":12},{"not_picked":["Guardian:Suspension","Guardian:Recover"],"picked":"Guardian:Orbwalk","floor":14},{"not_picked":["Guardian:AncientConstruct","Guardian:Clone"],"picked":"Guardian:SentryBeam","floor":15},{"not_picked":["Guardian:Gem_Green","Guardian:Gem_Cyan"],"picked":"Guardian:Gem_Red","floor":16},{"not_picked":["Guardian:BaubleBeam","Guardian:RevengeProtocol"],"picked":"Guardian:CompilePackage","floor":16},{"not_picked":["Guardian:Gem_Lightblue","Guardian:Gem_Cyan"],"picked":"Guardian:Gem_Red","floor":19},{"not_picked":["Guardian:FuturePlans","Guardian:Repulse","Guardian:SentryBeam+1"],"picked":"SKIP","floor":19},{"not_picked":["Guardian:Gem_Green","Guardian:Gem_Cyan"],"picked":"Guardian:Gem_Red","floor":20},{"not_picked":["Guardian:Incinerate","Guardian:WalkerClaw+1"],"picked":"Guardian:MultiBeam+1","floor":20},{"not_picked":["Replay:Sssssssssstrike","Discovery"],"picked":"hubris:EnhanceAbility","floor":22},{"not_picked":["Guardian:Gem_Cyan","Guardian:Gem_Green"],"picked":"Guardian:Gem_Red","floor":23},{"not_picked":["Guardian:Emergency+1","Guardian:PolyBeam+1"],"picked":"Guardian:BodySlam","floor":23},{"not_picked":["Guardian:Gem_Cyan","Guardian:Gem_Lightblue"],"picked":"Guardian:Gem_Red","floor":25},{"not_picked":["Guardian:CrystalBeam+1","Guardian:RollAttack"],"picked":"Guardian:ArmoredProtocol+1","floor":25},{"not_picked":["infinitespire:FutureSight","ReplayTheSpireMod:Book of Names"],"picked":"infinitespire:TheBestDefense","floor":27},{"not_picked":["Guardian:Reroute+1","Guardian:Gem_Green"],"picked":"Guardian:PrismaticBarrier","floor":28},{"not_picked":["Guardian:Gem_Lightblue","Guardian:Gem_Red"],"picked":"Guardian:Gem_Green","floor":28},{"not_picked":["Guardian:Incinerate","Guardian:TimeBomb"],"picked":"Guardian:RollAttack","floor":31},{"not_picked":["Guardian:ShieldCharger","Guardian:BronzeOrb"],"picked":"Guardian:PiercingHide","floor":32},{"not_picked":["Guardian:Gem_Green","Guardian:Gem_Red"],"picked":"Guardian:Gem_Cyan","floor":33},{"not_picked":["Guardian:Gem_Orange","Guardian:FastForward"],"picked":"Guardian:RevengeProtocol","floor":33},{"not_picked":["Guardian:ChargeCore+1","Guardian:Gem_Green"],"picked":"Guardian:ShieldSpikes+1","floor":36},{"not_picked":["Guardian:TemporalShield+1","Guardian:VentSteam"],"picked":"Guardian:PolyBeam+1","floor":37},{"not_picked":["Guardian:ShieldCharger+1","Guardian:WalkerClaw+1"],"picked":"Guardian:PrismaticBarrier","floor":38},{"not_picked":["Guardian:Gem_Red","Guardian:Gem_Lightblue"],"picked":"Guardian:Gem_Green","floor":38},{"not_picked":["Guardian:Incinerate","Guardian:Gem_Green"],"picked":"Guardian:GemFire","floor":39},{"not_picked":["Guardian:Gem_Red","Guardian:Gem_Lightblue"],"picked":"Guardian:Gem_Green","floor":39},{"not_picked":["Guardian:CrystalBeam","Guardian:ChargeCore+1","Guardian:Reroute"],"picked":"SKIP","floor":42},{"not_picked":["Guardian:Preprogram","Guardian:Gem_Cyan"],"picked":"Guardian:PrismaticBeam","floor":43}],"player_experience":1141293,"relics_obtained":[{"floor":7.0,"key":"Boot"},{"floor":12,"key":"Replay:Bottled Flurry"},{"floor":23,"key":"Shuriken"},{"floor":24,"key":"Garlic"},{"floor":31,"key":"War Paint"},{"floor":34,"key":"infinitespire:Beetle Shell"},{"floor":34,"key":"Meat on the Bone"},{"floor":34,"key":"hubris:FunFungus"},{"floor":41,"key":"infinitespire:Bottled Soul"}],"event_choices":[{"cards_removed":["ReplayTheSpireMod:Book of Names"],"damage_healed":0,"gold_gain":0,"player_choice":"Take \u0026 Give","damage_taken":0,"max_hp_gain":0,"max_hp_loss":0,"event_name":"betterNote:BetterNote","floor":21,"gold_loss":0,"cards_obtained":["ReplayTheSpireMod:Book of Names"]},{"damage_healed":0,"gold_gain":2,"player_choice":"1","damage_taken":0,"max_hp_gain":0,"max_hp_loss":0,"event_name":"betterStone:BetterStone","floor":22,"gold_loss":0}],"is_beta":false,"boss_relics":[{"not_picked":["Velvet Choker","Snecko Eye"],"picked":"hubris:CrackedHourglass"},{"not_picked":["Honey Jar","Ring of Chaos"],"picked":"Calling Bell"}],"items_purged_floors":[37,42],"is_endless":true,"potions_floor_spawned":[2,5,9,15,19,31,32,33,36,38,43],"killed_by":"Maw","ascension_level":1}}