{"host":"pletss163z7s8pvv","time":1613887613,"event":{"mods":["AchievementEnabler","BaseMod","Better Altar","Better Match","Better Note","Better Sensory Stone","Better Skull","Better Third Choice","BetterRewards","CapriCore","ChefMod","Colored Map","Colored Powertips","Conspire","Energized Spire","Evolution","GifTheSpireLib","Hermit","Ironclad Rager","Jedi Mod","Marked Mod","Minty Spire (QoL Compilation)","Retaliation","Spicy Shops","StS++","StSLib","The Alterego","The Blue Laboratory","The Cursed","The Disciple","The Forsaken"],"gold_per_floor":[109,119,17,17,17,17,17,17,17,17,17,17,17,17,17,17,17,17,17,17,17,17,17,17,17,17,17,17,17,17,17,17,17,17,17,17,17,37,47,47,59,59,59,77,88,102,116,42,42,42],"floor_reached":51,"language":"ENG","playtime":1548,"items_purged":[],"score":881,"play_id":"b1a3e6fe-409a-418d-a61f-ad77afc3887f","local_time":"20210221000653","daily_mods":["Shiny","Red Cards","DeadlyEvents"],"is_ascension_mode":false,"campfire_choices":[{"data":"chefmod:TwoForOne","floor":6,"key":"SMITH"},{"data":"chefmod:Mince","floor":10,"key":"SMITH"},{"floor":15,"key":"REST"},{"floor":23,"key":"REST"},{"floor":28,"key":"REST"},{"data":"chefmod:CandyBowl","floor":30,"key":"SMITH"},{"data":"chefmod:DeepFreeze","floor":32,"key":"SMITH"},{"floor":40,"key":"REST"},{"floor":42,"key":"REST"},{"floor":49,"key":"REST"}],"circlet_count":0,"master_deck":["chefmod:Mince+1","chefmod:Canape","chefmod:OrderUp","chefmod:RisingDough","chefmod:TastyDistraction","chefmod:PrepCook","chefmod:SushiPlatter","chefmod:Tenderizer","chefmod:TwoForOne+1","chefmod:DeathByChocolate","chefmod:DeepFreeze+1","chefmod:CandyBowl+1","chefmod:FrozenTuna","chefmod:BananaSplit","chefmod:CapreseSalad","chefmod:RaidPantry","chefmod:FullCourseMeal","chefmod:Chop","chefmod:FullBurn","chefmod:AlooGobi","chefmod:TonkotsuRamen","chefmod:DinoKale","chefmod:FireUp","chefmod:Fillet","chefmod:Julienne","chefmod:VegetableTart","chefmod:Gelato","chefmod:CandyBowl","chefmod:Cleavers","chefmod:FreezerBurn","chefmod:TastyDistraction","chefmod:ColdSteel+1","StSpp:StrikeFirst","chefmod:FiveAlarmChili+1","chefmod:FreezerBurn","chefmod:Sorbet+1","chefmod:BleedOut","chefmod:FullBurn","chefmod:RaidPantry","chefmod:CandyBowl","chefmod:FarmersMarket+1","chefmod:Fillet","Discovery","Good Instincts","chefmod:HotSoup+1","chefmod:OldCookbook","chefmod:IcePick+1","chefmod:FreezerBurn","chefmod:SliceAndDice+1","chefmod:Sorbet","chefmod:IceCreamCone+1","Mind Blast"],"relics":["chefmod:TrustyPot","EVO:Axolotl","jedi:ominousloannote","Orrery","jedi:archwizardhat","Akabeko","Meat on the Bone","The Courier","chefmod:RollingPin","conspire:TopHat","chefmod:Spatula","SacredBark","Regal Pillow","conspire:BottledYoYo","Blood Vial","StSpp:SailingBoat","conspire:DeflatedDodgeball","Pear"],"acts_visited":["Exordium","TheCity","TheBeyond"],"potions_floor_usage":[33,33,39,39,50,50],"damage_taken":[{"damage":6,"enemies":"Cultist","floor":1,"turns":3},{"damage":3,"enemies":"Small Slimes","floor":2,"turns":3},{"damage":0,"enemies":"2 Louse","floor":5,"turns":2},{"damage":13,"enemies":"Gremlin Nob","floor":7,"turns":3},{"damage":0,"enemies":"2 Fungi Beasts","floor":8,"turns":1},{"damage":4,"enemies":"3 Sentries","floor":11,"turns":2},{"damage":0,"enemies":"3 Louse","floor":12,"turns":2},{"damage":9,"enemies":"Lagavulin","floor":14,"turns":3},{"damage":0,"enemies":"Hexaghost","floor":16,"turns":2},{"damage":0,"enemies":"conspire:FuzzyDice","floor":18,"turns":2},{"damage":0,"enemies":"Spheric Guardian","floor":20,"turns":2},{"damage":22,"enemies":"Slavers","floor":21,"turns":2},{"damage":40,"enemies":"Book of Stabbing","floor":22,"turns":4},{"damage":28,"enemies":"Centurion and Healer","floor":24,"turns":6},{"damage":16,"enemies":"conspire:HollyBat","floor":25,"turns":7},{"damage":10,"enemies":"conspire:SneckoGhost","floor":31,"turns":5},{"damage":26,"enemies":"conspire:MysteriousRune","floor":33,"turns":8},{"damage":0,"enemies":"3 Darklings","floor":35,"turns":3},{"damage":29,"enemies":"3 Shapes","floor":36,"turns":3},{"damage":44,"enemies":"Transient","floor":38,"turns":5},{"damage":31,"enemies":"Spire Growth","floor":39,"turns":5},{"damage":31,"enemies":"Maw","floor":41,"turns":8},{"damage":38,"enemies":"4 Shapes","floor":44,"turns":4},{"damage":15,"enemies":"Jaw Worm Horde","floor":45,"turns":4},{"damage":19,"enemies":"Spire Growth","floor":46,"turns":3},{"damage":27,"enemies":"Sphere and 2 Shapes","floor":47,"turns":3},{"damage":23,"enemies":"Donu and Deca","floor":50,"turns":5}],"seed_played":"-5854735159258305451","potions_obtained":[{"floor":5,"key":"BlessingOfTheForge"},{"floor":11,"key":"FearPotion"},{"floor":12,"key":"FearPotion"},{"floor":16,"key":"Ancient Potion"},{"floor":31,"key":"ColorlessPotion"},{"floor":33,"key":"blueLaboratory:StoneskinPotion"},{"floor":36,"key":"Weak Potion"},{"floor":41,"key":"Explosive Potion"},{"floor":44,"key":"DDmod:CleansePotion"},{"floor":47,"key":"SkillPotion"}],"is_trial":true,"path_per_floor":["M","M","$","?","M","R","E","M","T","R","E","M","T","E","R","B",null,"M","?","M","E","E","R","M","M","T","$","R","T","R","E","R","B",null,"M","M","?","M","M","R","M","R","T","M","M","M","M","$","R","B",null],"character_chosen":"THE_CHEF","items_purchased":["jedi:ominousloannote","Orrery","jedi:archwizardhat","Akabeko","chefmod:Fillet","Mind Blast"],"campfire_rested":6,"item_purchase_floors":[3,3,3,3,3,48],"current_hp_per_floor":[76,73,73,92,92,92,79,79,79,79,75,75,75,66,92,92,92,92,92,92,70,42,84,56,52,52,52,92,92,92,82,82,70,92,92,63,63,33,16,58,41,83,93,57,56,51,38,38,83,62],"gold":42,"neow_bonus":"","is_daily":false,"chose_seed":false,"campfire_upgraded":4,"win_rate":0.0,"timestamp":1613887613,"path_taken":["M","?","$","?","M","R","E","M","T","R","?","?","?","E","R","BOSS","M","?","?","?","?","R","M","?","T","$","R","?","R","?","R","BOSS","M","M","?","M","M","R","M","R","T","M","M","M","?","?","R","BOSS"],"items_purchased_type":["Relic","Relic","Relic","Relic","Card","Card"],"build_version":"2020-12-22","purchased_purges":0,"victory":true,"max_hp_per_floor":[82,82,82,92,92,92,92,92,92,92,92,92,92,92,92,92,92,92,92,92,92,92,92,92,92,92,92,92,92,92,92,92,92,92,92,92,92,92,92,92,92,92,102,102,102,102,102,102,102,102],"card_choices":[{"not_picked":["chefmod:ZaruSoba","chefmod:HotSoup"],"picked":"chefmod:Chop","floor":1},{"not_picked":["chefmod:Fillet","chefmod:HotSoup"],"picked":"chefmod:FullBurn","floor":2},{"not_picked":["chefmod:FreezeSolid","chefmod:Canape"],"picked":"chefmod:SushiPlatter","floor":3},{"not_picked":["chefmod:IcePick","chefmod:DinoKale"],"picked":"chefmod:AlooGobi","floor":3},{"not_picked":["chefmod:LocoMoco","chefmod:ZaruSoba"],"picked":"chefmod:TonkotsuRamen","floor":3},{"not_picked":["chefmod:ZaruSoba","chefmod:GroceryDelivery"],"picked":"chefmod:DinoKale","floor":3},{"not_picked":["chefmod:SliceAndDice","chefmod:ZaruSoba"],"picked":"chefmod:FireUp","floor":3},{"not_picked":["chefmod:Gelato","chefmod:SliceAndDice"],"picked":"chefmod:Julienne","floor":5},{"not_picked":["chefmod:HotSoup","chefmod:SaveForLater"],"picked":"chefmod:VegetableTart","floor":7},{"not_picked":["chefmod:AlooGobi","chefmod:Chop"],"picked":"chefmod:Gelato","floor":8},{"not_picked":["chefmod:Defrost","chefmod:CayenneCloud"],"picked":"chefmod:CandyBowl","floor":11},{"not_picked":["chefmod:Granita","chefmod:DinoKale"],"picked":"chefmod:Cleavers","floor":12},{"not_picked":["chefmod:IceCreamCone","chefmod:Granita"],"picked":"chefmod:FreezerBurn","floor":14},{"not_picked":["chefmod:Canape","chefmod:RaidPantry"],"picked":"chefmod:TastyDistraction","floor":16},{"not_picked":["chefmod:FarmersMarket","chefmod:FreezeSolid"],"picked":"chefmod:ColdSteel+1","floor":18},{"not_picked":["chefmod:AllYouCanEat","chefmod:Fillet"],"picked":"chefmod:FiveAlarmChili+1","floor":20},{"not_picked":["chefmod:FryPan+1","chefmod:FreezeSolid"],"picked":"chefmod:FreezerBurn","floor":21},{"not_picked":["chefmod:RisingDough","chefmod:Granita"],"picked":"chefmod:Sorbet+1","floor":22},{"not_picked":["chefmod:Defrost","chefmod:IcePick"],"picked":"chefmod:BleedOut","floor":24},{"not_picked":["chefmod:FryPan+1","chefmod:HotSoup"],"picked":"chefmod:FullBurn","floor":25},{"not_picked":["chefmod:SaveForLater","chefmod:PotatoGratin"],"picked":"chefmod:RaidPantry","floor":31},{"not_picked":["chefmod:TastyDistraction","chefmod:FullCourseMeal"],"picked":"chefmod:CandyBowl","floor":33},{"not_picked":["chefmod:QuickChop","chefmod:Omelette+1"],"picked":"chefmod:FarmersMarket+1","floor":35},{"not_picked":["chefmod:SliceAndDice","chefmod:FryPan"],"picked":"chefmod:Fillet","floor":36},{"not_picked":["Flash of Steel","Magnetism"],"picked":"Discovery","floor":37},{"not_picked":["StSpp:Resilience","StSpp:Panic"],"picked":"Good Instincts","floor":37},{"not_picked":["chefmod:FreezerBurn","chefmod:Defrost+1"],"picked":"chefmod:HotSoup+1","floor":38},{"not_picked":["chefmod:BaoBuns+1","chefmod:Omelette"],"picked":"chefmod:OldCookbook","floor":39},{"not_picked":["chefmod:Fillet","chefmod:Chop"],"picked":"chefmod:IcePick+1","floor":41},{"not_picked":["chefmod:FullBurn+1","chefmod:NoSoupForYou+1"],"picked":"chefmod:FreezerBurn","floor":44},{"not_picked":["chefmod:CleanHouse","chefmod:Sorbet"],"picked":"chefmod:SliceAndDice+1","floor":45},{"not_picked":["chefmod:HotSoup","chefmod:Gelato"],"picked":"chefmod:Sorbet","floor":46},{"not_picked":["chefmod:Granita+1","chefmod:PrepCook"],"picked":"chefmod:IceCreamCone+1","floor":47}],"player_experience":524679,"relics_obtained":[{"floor":7,"key":"Meat on the Bone"},{"floor":9,"key":"The Courier"},{"floor":11,"key":"chefmod:RollingPin"},{"floor":13,"key":"conspire:TopHat"},{"floor":14,"key":"chefmod:Spatula"},{"floor":21,"key":"Regal Pillow"},{"floor":22,"key":"conspire:BottledYoYo"},{"floor":26,"key":"Blood Vial"},{"floor":29,"key":"StSpp:SailingBoat"},{"floor":31,"key":"conspire:DeflatedDodgeball"},{"floor":43,"key":"Pear"}],"event_choices":[{"cards_removed":["chefmod:SushiPlatter"],"damage_healed":9,"gold_gain":0,"player_choice":"Offered Rare","damage_taken":0,"max_hp_gain":10,"max_hp_loss":0,"event_name":"Bonfire Elementals","floor":4,"gold_loss":0},{"cards_removed":["chefmod:FullCourseMeal"],"damage_healed":0,"gold_gain":0,"player_choice":"Take \u0026 Give","damage_taken":0,"max_hp_gain":0,"max_hp_loss":0,"event_name":"betterNote:BetterNote","floor":19,"gold_loss":0,"cards_obtained":["StSpp:StrikeFirst"]},{"damage_healed":0,"gold_gain":3,"player_choice":"1","damage_taken":0,"max_hp_gain":0,"max_hp_loss":0,"event_name":"betterStone:BetterStone","floor":37,"gold_loss":0}],"is_beta":false,"boss_relics":[{"not_picked":["Velvet Choker","energizedSpire:SpiderWeb"],"picked":"SacredBark"},{"not_picked":["theForsaken:PaleLantern","jedi:battlestandard","jedi:paperlyon"]}],"items_purged_floors":[],"is_endless":false,"potions_floor_spawned":[5,11,12,16,18,31,33,36,38,41,44,47],"ascension_level":0}}