{"host":"qc1sjgtdjonvdsd8","time":1613896131,"event":{"mods":["BaseMod","Colored Map","Colored Powertips","Curses Come First","Minty Spire (QoL Compilation)","Replay The Spire","StSLib"],"gold_per_floor":[116,116,116,133,17,46,46,58,112,37,57,57,46,63,63,63,63],"floor_reached":16,"language":"ENG","playtime":1070,"items_purged":["Strike_G"],"score":165,"play_id":"d1435ae8-f240-4b6f-b756-d2f86f327c72","local_time":"20210221002851","is_ascension_mode":true,"campfire_choices":[{"data":"Venomology","floor":7,"key":"SMITH"},{"data":"Footwork","floor":12,"key":"SMITH"},{"floor":15,"key":"REST"}],"circlet_count":0,"master_deck":["Strike_G","Strike_G","Strike_G","Defend_G","Defend_G","Defend_G","Defend_G","Defend_G","Survivor","Neutralize","PiercingWail","Dodge and Roll","Footwork+1","Backflip","Venomology+1","Concentrate","Blade Dance","Dodge and Roll"],"relics":["Ring of the Snake","NeowsBlessing","Happy Flower","Onion Ring","ReplayTheSpireMod:Lightbulb"],"acts_visited":["Exordium"],"potions_floor_usage":[8,11,13,14,14],"damage_taken":[{"damage":0,"enemies":"Small Slimes","floor":1,"turns":1},{"damage":0,"enemies":"2 Louse","floor":4,"turns":2},{"damage":0,"enemies":"Gremlin Nob","floor":6,"turns":1},{"damage":0,"enemies":"Jaw Worm","floor":8,"turns":3},{"damage":6,"enemies":"Red Slaver","floor":11,"turns":3},{"damage":2,"enemies":"Exordium Thugs","floor":13,"turns":5},{"damage":0,"enemies":"Lots of Slimes","floor":14,"turns":3},{"damage":58,"enemies":"Hexaghost","floor":16,"turns":21}],"seed_played":"-2287635764284909973","potions_obtained":[{"floor":6,"key":"Venom Potion"},{"floor":11,"key":"SkillPotion"}],"is_trial":false,"path_per_floor":["M","?","?","M","$","E","R","M","T","$","M","R","M","M","R","B"],"character_chosen":"THE_SILENT","items_purchased":["Footwork","Backflip"],"campfire_rested":1,"item_purchase_floors":[5,5],"current_hp_per_floor":[63,56,49,49,49,49,49,49,49,49,43,43,41,41,62,4,4],"gold":63,"neow_bonus":"THREE_ENEMY_KILL","is_daily":false,"chose_seed":false,"campfire_upgraded":2,"win_rate":0.0,"timestamp":1613896131,"path_taken":["M","?","?","?","?","E","R","M","T","?","?","R","M","M","R","BOSS"],"items_purchased_type":["Card","Card"],"build_version":"2020-12-22","purchased_purges":1,"victory":false,"max_hp_per_floor":[70,70,70,70,70,70,70,70,70,70,70,70,70,70,70,70,70],"card_choices":[{"not_picked":["Cloak And Dagger","Underhanded Strike"],"picked":"PiercingWail","floor":1},{"not_picked":["Outmaneuver","Poisoned Stab"],"picked":"Dodge and Roll","floor":4},{"not_picked":["Catalyst","Sucker Punch"],"picked":"Venomology","floor":6},{"not_picked":["Dagger Spray","ReplayTheSpireMod:Shiv Toss"],"picked":"Concentrate","floor":8},{"not_picked":["Distraction","Quick Slash","Deadly Poison"],"picked":"SKIP","floor":11},{"not_picked":["Distraction","Quick Slash"],"picked":"Blade Dance","floor":13},{"not_picked":["Fluid Movement","Dagger Spray"],"picked":"Dodge and Roll","floor":14}],"player_experience":330975,"relics_obtained":[{"floor":6,"key":"Onion Ring"},{"floor":9,"key":"ReplayTheSpireMod:Lightbulb"}],"event_choices":[{"cards_removed":["Strike_G"],"damage_healed":0,"gold_gain":0,"player_choice":"Card Removal","damage_taken":7,"max_hp_gain":0,"max_hp_loss":0,"event_name":"Golden Wing","floor":2,"gold_loss":0},{"damage_healed":0,"gold_gain":0,"player_choice":"Success","damage_taken":7,"relics_obtained":["Happy Flower"],"max_hp_gain":0,"max_hp_loss":0,"event_name":"Scrap Ooze","floor":3,"gold_loss":0}],"is_beta":false,"boss_relics":[],"items_purged_floors":[10],"is_endless":false,"potions_floor_spawned":[6,11],"killed_by":"Hexaghost","ascension_level":6}}