{"host":"bp6b47iftb3mluh0","time":1613909945,"event":{"mods":["100% Spire Juice","Act Like it!","Alarm Clock","Aspiration","Astrologer","BaseMod","Bestiary","Better Third Choice","Better Vampires","Challenge The Spire","Colored Powertips","Conspire","Curses Come First","Dota2Spire","Downfall","Friendly Minions","Gensokyo","Hallownest","Hermit","Kiyohime£®«Âºß£©","Lobotomy","LobotomyExtend","Marisa£®ÏF”Í°°ƒß¿Ì…≥£©","Marked Mod","Minty Spire (QoL Compilation)","Quick Restart","Rare Cards Sparkle","Red Circlet Mod","Relic Filter Mod","Relic Stats","Remilia£®¿Ÿ√◊¿Ú—«£©","Replay The Spire","Reworked Bosses","Ruina","Ryuuou¡˙Õı","Shop Mod","Spicy Shops","StSLib","The Bug Knight","The Invoker Mod","Uncapped","Waifu the Spire","Youmu£®ªÍ∆«—˝√Œ£©","°æ“≈ŒÔø®≈∆°øREMEMod","≤–¡Ù÷ÆŒÔ"],"gold_per_floor":[115,115,125,125,125,125,141,141,195,195,220,220,258,433,433,561,561,576,590,608,40,63,104,165,264,264,298,312,312,328,341,341,467,467,481,481,500,44,44,44,62,62,110,141,141,154,16,60,60,183],"floor_reached":17,"language":"ZHS","playtime":2118,"items_purged":["Doubt","Strike_P+1"],"score":625,"play_id":"fb3845e4-281c-4827-a221-b5aee7011b25","local_time":"20210221201905","is_ascension_mode":false,"campfire_choices":[{"data":"LessonLearned","floor":6.0,"key":"SMITH"},{"floor":8.0,"key":"REST"},{"data":"Strike_P","floor":10.0,"key":"SMITH"},{"data":"Strike_P","floor":12.0,"key":"SMITH"},{"data":"Strike_P","floor":15.0,"key":"SMITH"},{"floor":29.0,"key":"REST"},{"floor":32.0,"key":"REST"},{"floor":6.0,"key":"RECALL"},{"data":"Replay:DivineShield","floor":15,"key":"SMITH"}],"circlet_count":0,"master_deck":["Strike_P+1","Strike_P+1","Strike_P+1","Defend_P+1","Defend_P+1","Defend_P+1","Defend_P+1","Eruption+1","Vigilance+1","LessonLearned+1","BlueStar","OSAHOGD","conspire:Banana+1","EmptyBody+1","ForeignInfluence+1","Protect+1","REME_Repentance+1","WreathOfFlame","Replay:DivineShield+1","REME_MawOfCthun","Blasphemy"],"relics":["PureWater","REME_ComplimentaryCards","CogitoBucket","Golden Idol","PlaceholderMod:DeVermisMysteriis","PreservedInsect","Black Star","TreeSap","MerchantsRug","Onion Ring","Lantern","Dota2Spire:OctarineCore","Snack Pack","Dota2Spire:AssaultCuirass","InkBottle","Dota2Spire:EchoSabre","Dota2Spire:RefresherOrb","Gaze_r","LetterFromLob","SkinProphecy","Meat on the Bone","theInvoker:AghanimShardRelic","Heaven_r","ShedSkin_r","ReplayTheSpireMod:TigerMarble","Dota2Spire:Desolator","ClockworkSouvenir","Pen Nib","Dota2Spire:LinkenSphere"],"acts_visited":["Exordium","TheCity","Hallownest:KingdomsEdge"],"potions_floor_usage":[],"damage_taken":[{"damage":3.0,"enemies":"Jaw Worm","floor":1.0,"turns":2.0},{"damage":8.0,"enemies":"Cultist","floor":3.0,"turns":7.0},{"damage":0.0,"enemies":"2 Louse","floor":7.0,"turns":2.0},{"damage":0.0,"enemies":"2 Fungi Beasts","floor":11.0,"turns":5.0},{"damage":0.0,"enemies":"Gremlin Nob","floor":13.0,"turns":2.0},{"damage":4.0,"enemies":"Slime Boss","floor":16.0,"turns":7.0},{"damage":0.0,"enemies":"Shell Parasite","floor":18.0,"turns":5.0},{"damage":0.0,"enemies":"Spheric Guardian","floor":19.0,"turns":2.0},{"damage":18.0,"enemies":"Snake Plant","floor":20.0,"turns":4.0},{"damage":4.0,"enemies":"Shelled Parasite and Fungi","floor":22.0,"turns":7.0},{"damage":15.0,"enemies":"REME_1_Revenger","floor":23.0,"turns":3.0},{"damage":20.0,"enemies":"HollowMod:Nosk","floor":27.0,"turns":8.0},{"damage":16.0,"enemies":"Centurion and Healer","floor":28.0,"turns":5.0},{"damage":0.0,"enemies":"Snecko","floor":30.0,"turns":2.0},{"damage":8.0,"enemies":"Shelled Parasite and Fungi","floor":31.0,"turns":5.0},{"damage":27.0,"enemies":"bossMod:newCollector","floor":33.0,"turns":8.0},{"damage":0.0,"enemies":"Hallownest:3_Siblings","floor":35.0,"turns":3.0},{"damage":0.0,"enemies":"Jaw Worm","floor":1.0,"turns":3.0},{"damage":36.0,"enemies":"Cultist","floor":3.0,"turns":5.0},{"damage":0.0,"enemies":"Cultist","floor":5.0,"turns":3.0},{"damage":0.0,"enemies":"Small Slimes","floor":7.0,"turns":3.0},{"damage":0.0,"enemies":"Looter","floor":8.0,"turns":2.0},{"damage":0.0,"enemies":"Looter","floor":8.0,"turns":1.0},{"damage":0.0,"enemies":"conspire:MimicChest","floor":10.0,"turns":3.0},{"damage":0.0,"enemies":"Looter","floor":12.0,"turns":1.0},{"damage":0,"enemies":"3 Sentries","floor":14,"turns":2},{"damage":0,"enemies":"The Guardian","floor":16,"turns":4}],"seed_played":"-665344995043383343","potions_obtained":[{"floor":11.0,"key":"Strength Potion"},{"floor":16.0,"key":"champ:CounterPotion"},{"floor":18.0,"key":"champ:CounterPotion"},{"floor":23.0,"key":"PlaceholderMod:PlaceholderPotion"},{"floor":28.0,"key":"Ancient Potion"},{"floor":31.0,"key":"Block Potion"},{"floor":1.0,"key":"LiquidBronze"},{"floor":14,"key":"SteroidPotion"}],"is_trial":false,"path_per_floor":["M","?","M","?","?","R","M","R","T","R","M","R","E","?","R","B",null,"M","M","M","$","M","E","?","?","T","E","M","R","M","M","R","B",null,"M","M","?","M","$","?","R","M","M","T","?","?","M","$","E","R","B",null],"character_chosen":"WATCHER","items_purchased":["MerchantsRug","Onion Ring","conspire:Banana","Meat on the Bone","aspiration:Nostalgia","ClockworkSouvenir","REME_MawOfCthun"],"campfire_rested":3,"item_purchase_floors":[21,21,21,4,4,13,13],"current_hp_per_floor":[69,72,64,50,32,32,32,53,53,53,53,53,53,53,53,49,72,72,72,54,54,51,38,38,38,38,22,12,35,37,33,57,38,83,85,85,53,53,53,53,51,41,41,53,53,65,65,63,63,65],"gold":183,"neow_bonus":"","is_daily":false,"chose_seed":false,"campfire_upgraded":5,"win_rate":0.0,"timestamp":1613909945,"path_taken":["M","?","?","?","?","R","M","R","T","R","M","R","E","?","R","BOSS","M","?","M","$","M","E","?","?","T","E","M","R","M","M","R","BOSS","M","M","?","M","$","?","R","?","?","T","?","?","M","?","E","R","BOSS"],"items_purchased_type":["Relic","Relic","Card","Relic","Relic","Relic","Card"],"build_version":"2020-12-22","purchased_purges":2,"victory":true,"max_hp_per_floor":[72,72,72,72,72,72,72,72,72,72,72,72,72,72,72,72,72,72,72,72,72,73,75,75,75,75,77,79,79,79,81,81,83,83,85,85,87,87,91,91,95,99,99,103,103,107,107,111,111,115],"relic_stats":{"counters":[30,107],"Golden Idol":172,"PreservedInsect":80,"Pen Nib":[1],"Black Star":3,"obtain_stats":[{"Dota2Spire:EchoSabre":27,"Lantern":23,"PlaceholderMod:DeVermisMysteriis":9,"Dota2Spire:RefresherOrb":34,"SkinProphecy":3,"ClockworkSouvenir":13,"CogitoBucket":0,"TreeSap":18,"Dota2Spire:AssaultCuirass":26,"InkBottle":27,"theInvoker:AghanimShardRelic":4,"MerchantsRug":21,"Golden Idol":5,"aspiration:Nostalgia":4,"PreservedInsect":13,"Pen Nib":14,"Gaze_r":35,"Heaven_r":5,"Onion Ring":21,"Dota2Spire:LinkenSphere":14,"LetterFromLob":1,"Black Star":17,"Dota2Spire:OctarineCore":23,"Snack Pack":24,"ReplayTheSpireMod:TigerMarble":9,"PureWater":0,"ShedSkin_r":8,"REME_ComplimentaryCards":0,"Meat on the Bone":4,"Dota2Spire:Desolator":10},{"Dota2Spire:EchoSabre":13,"Lantern":12,"PlaceholderMod:DeVermisMysteriis":3,"Dota2Spire:RefresherOrb":18,"SkinProphecy":22,"ClockworkSouvenir":28,"CogitoBucket":0,"TreeSap":8,"Dota2Spire:AssaultCuirass":12,"InkBottle":13,"theInvoker:AghanimShardRelic":22,"MerchantsRug":10,"Golden Idol":2,"aspiration:Nostalgia":22,"PreservedInsect":5,"Pen Nib":29,"Gaze_r":19,"Heaven_r":23,"Onion Ring":10,"Dota2Spire:LinkenSphere":29,"LetterFromLob":1,"Black Star":6,"Dota2Spire:OctarineCore":12,"Snack Pack":12,"ReplayTheSpireMod:TigerMarble":26,"PureWater":0,"ShedSkin_r":26,"REME_ComplimentaryCards":0,"Meat on the Bone":22,"Dota2Spire:Desolator":27},{"Dota2Spire:EchoSabre":55,"Lantern":47,"PlaceholderMod:DeVermisMysteriis":11,"Dota2Spire:RefresherOrb":76,"SkinProphecy":88,"ClockworkSouvenir":101,"CogitoBucket":0,"TreeSap":31,"Dota2Spire:AssaultCuirass":47,"InkBottle":55,"theInvoker:AghanimShardRelic":88,"MerchantsRug":37,"Golden Idol":9,"aspiration:Nostalgia":88,"PreservedInsect":18,"Pen Nib":103,"Gaze_r":79,"Heaven_r":91,"Onion Ring":37,"Dota2Spire:LinkenSphere":103,"LetterFromLob":2,"Black Star":25,"Dota2Spire:OctarineCore":47,"Snack Pack":47,"ReplayTheSpireMod:TigerMarble":97,"PureWater":0,"ShedSkin_r":97,"REME_ComplimentaryCards":0,"Meat on the Bone":88,"Dota2Spire:Desolator":100}],"InkBottle":[22],"Meat on the Bone":36},"card_choices":[{"not_picked":["WaveOfTheHand","Consecrate","REME_MusicOfDeath"],"picked":"SKIP","floor":1.0},{"not_picked":["Replay:ManipulateFuture","ThirdEye","Weave"],"picked":"SKIP","floor":3.0},{"not_picked":["MarkedMod:GentlePulse","FollowUp","MarkedMod:FirstStrike"],"picked":"SKIP","floor":7.0},{"not_picked":["ThirdEye","SashWhip","Collect"],"picked":"SKIP","floor":11.0},{"not_picked":["ThirdEye","SashWhip","Collect"],"picked":"SKIP","floor":11.0},{"not_picked":["MentalFortress","MarkedMod:GracefulMovements","Meditate"],"picked":"SKIP","floor":13.0},{"not_picked":["Scarecrow","MeatLantern"],"picked":"BlueStar","floor":16.0},{"not_picked":["CrushJoints","MarkedMod:GentlePulse","Consecrate"],"picked":"SKIP","floor":18.0},{"not_picked":["Fasting2","CutThroughFate","MarkedMod:FirstStrike"],"picked":"SKIP","floor":19.0},{"not_picked":["FairyFestival","UniverseFragment"],"picked":"OSAHOGD","floor":20.0},{"not_picked":["Halt","JustLucky","Evaluate"],"picked":"SKIP","floor":20.0},{"not_picked":["ThirdEye+1","Replay:ManipulateFuture"],"picked":"EmptyBody+1","floor":22.0},{"not_picked":["EmptyFist","FollowUp"],"picked":"ForeignInfluence","floor":23.0},{"not_picked":["EmptyBody+1","LikeWater"],"picked":"Protect","floor":24.0},{"not_picked":["FlyingSleeves","EmptyBody"],"picked":"REME_Repentance+1","floor":24.0},{"not_picked":["CutThroughFate","Consecrate","ClearTheMind+1"],"picked":"SKIP","floor":27.0},{"not_picked":["ForeignInfluence","FlurryOfBlows","Wireheading"],"picked":"SKIP","floor":28.0},{"not_picked":["PathToVictory","ThirdEye","ReachHeaven"],"picked":"SKIP","floor":30.0},{"not_picked":["MarkedMod:GentlePulse+1","MarkedMod:FirstStrike","MarkedMod:OneThousandNeedles"],"picked":"SKIP","floor":31.0},{"not_picked":["CarveReality","MarkedMod:FirstStrike","FearNoEvil"],"picked":"SKIP","floor":1.0},{"not_picked":["CarveReality","MarkedMod:FirstStrike","FearNoEvil"],"picked":"SKIP","floor":1.0},{"not_picked":["MarkedMod:FirstStrike","TalkToTheHand","Replay:AtTheReady"],"picked":"SKIP","floor":3.0},{"not_picked":["Replay:ManipulateFuture","Indignation","Vengeance"],"picked":"SKIP","floor":7.0},{"not_picked":["Tantrum","Replay:Cycle"],"picked":"WreathOfFlame","floor":10.0},{"not_picked":["EmptyFist","Tantrum"],"picked":"Replay:DivineShield","floor":12.0},{"not_picked":["MarkedMod:Acupuncture","CarveReality","Collect"],"picked":"SKIP","floor":14},{"not_picked":["REME_CRH","DevaForm"],"picked":"Blasphemy","floor":16}],"player_experience":222254,"relics_obtained":[{"floor":1.0,"key":"LetterFromLob"},{"floor":9.0,"key":"PlaceholderMod:DeVermisMysteriis"},{"floor":13.0,"key":"PreservedInsect"},{"floor":23.0,"key":"Lantern"},{"floor":23.0,"key":"Dota2Spire:OctarineCore"},{"floor":24.0,"key":"Snack Pack"},{"floor":26.0,"key":"Dota2Spire:AssaultCuirass"},{"floor":27.0,"key":"InkBottle"},{"floor":27.0,"key":"Dota2Spire:EchoSabre"},{"floor":1.0,"key":"LetterFromLob"},{"floor":9.0,"key":"ReplayTheSpireMod:TigerMarble"},{"floor":10.0,"key":"Dota2Spire:Desolator"},{"floor":14,"key":"Pen Nib"},{"floor":14,"key":"Dota2Spire:LinkenSphere"}],"event_choices":[{"damage_healed":3.0,"max_hp_gain":0.0,"max_hp_loss":0.0,"gold_gain":0.0,"event_name":"Wheel of Change","player_choice":"Full Heal","floor":2.0,"gold_loss":0.0,"damage_taken":0.0},{"damage_healed":64.0,"max_hp_gain":0.0,"max_hp_loss":72.0,"gold_gain":0.0,"event_name":"betterThird:BetterShining","player_choice":"Upgrade","floor":4.0,"gold_loss":0.0,"damage_taken":14.0,"cards_upgraded":["Defend_P","Strike_P"]},{"damage_healed":0.0,"max_hp_gain":0.0,"max_hp_loss":0.0,"gold_gain":0.0,"event_name":"Golden Idol","player_choice":"Take Damage","floor":5.0,"gold_loss":0.0,"damage_taken":18.0,"relics_obtained":["Golden Idol"]},{"damage_healed":0.0,"max_hp_gain":0.0,"max_hp_loss":0.0,"gold_gain":175.0,"event_name":"betterThird:BetterSerpent","player_choice":"AGREE","floor":14.0,"gold_loss":0.0,"damage_taken":258.0},{"damage_healed":0.0,"max_hp_gain":0.0,"max_hp_loss":0.0,"gold_gain":99.0,"event_name":"betterThird:BetterNest","player_choice":"Steal","floor":25.0,"gold_loss":0.0,"damage_taken":0.0},{"damage_healed":0.0,"max_hp_gain":0.0,"max_hp_loss":0.0,"gold_gain":0.0,"event_name":"conspire:Investor","player_choice":"Leave","floor":11.0,"gold_loss":0.0,"damage_taken":0.0}],"is_beta":false,"boss_relics":[{"not_picked":["Runic Dome","aspiration:RunicSpoon"],"picked":"Black Star"},{"not_picked":["conspire:RoyalGoblet","Velvet Choker"],"picked":"Dota2Spire:RefresherOrb"}],"items_purged_floors":[21,4],"is_endless":false,"potions_floor_spawned":[11,16,18,23,28,31,1,8,8,14],"ascension_level":0}}