{"host":"kzdd4m4bvg6y0ylx","time":1613921271,"event":{"mods":["AchievementEnabler","Aspiration","BaseMod","Colored Powertips","FoggyMod","Grow up Mod","Ironclad Rager","Minty Spire (QoL Compilation)","Remove Card Discount Mod","Replay The Spire","RumiaBox-露米娅的神秘盒子","Shop Mod","StSLib","SuperFastMode","TestMod","UnlockEverythingMod","[JumpMod]舞动尖塔","【功能Mod】混沌之环修复补丁"],"gold_per_floor":[114,2,52,164,217,259,271,313,325,337,379,466,508,550,562,674,686,713,640,602,614,626,638,650,692,779,791,783,795,593,533,533,789,789,834,914,914,465,465,609,609,609,609,609,609,609,786,336,336,336],"floor_reached":51,"language":"ZHS","playtime":1088,"items_purged":["Sickly","Bite","RitualDagger+1","Bite","Bite","Bite","Bite","Brutality","Perfected Strike"],"score":1091,"play_id":"156a9912-a771-49dd-a8d7-b3253ffba022","local_time":"20210221232751","daily_mods":["SealedDeck","Flight","Elite Swarm"],"is_ascension_mode":false,"campfire_choices":[{"data":"Replay:Many Hands","floor":7,"key":"SMITH"},{"data":"Replay:Many Hands","floor":10,"key":"SMITH"},{"data":"ReplayTheSpireMod:Splinters","floor":15,"key":"PURGE"},{"data":"RitualDagger","floor":23,"key":"SMITH"},{"data":"Immolate","floor":24,"key":"SMITH"},{"data":"Dark Embrace","floor":27,"key":"SMITH"},{"data":"Berserk","floor":29,"key":"SMITH"},{"data":"Twin Strike","floor":32,"key":"SMITH"},{"data":"Sword Boomerang","floor":41,"key":"SMITH"},{"data":"Thunderclap","floor":42,"key":"SMITH"},{"data":"Clothesline","floor":44,"key":"SMITH"}],"circlet_count":0,"master_deck":["Cleave+1","Thunderclap+1","Twin Strike","Thunderclap","Cleave+1","Replay:Undeath\u0027s Touch+1","Cleave+1","Twin Strike+1","Thunderclap","Clothesline+1","Searing Blow+1","Twin Strike+1","Dark Embrace+1","Replay:Many Hands+1","Replay:Many Hands+1","Berserk+1","Immolate+1","Uppercut+1","Replay:Undeath\u0027s Touch+1","Sword Boomerang+1","Demon Form"],"relics":["Burning Blood","testmod-TestBox","HowToJump","testmod-SaigiyounoYou","Ring of Peace","MealTicket","MawBank","aspiration:DSix","testmod-TurbochargingSystem","Juzu Bracelet","Replay:Bottled Eggs","Matryoshka","Vajra","Chameleon Ring","Painkiller Herb","Blood Vial","SumBook","ReplayFunnel","Self Forming Clay","ReplayTheSpireMod:CursedCoin","ReplayTheSpireMod:Lightbulb","Replay:Bandana","Philosopher\u0027s Stone","Replay:Multitool","testmod-Register","Blue Candle","Bottled Flame","Ccalipers","Mercury Hourglass","Replay:Towering Pillar of Hats","testmod-Charity","King of Hearts","testmod-Acrobat"],"acts_visited":["Exordium","TheCity","TheBeyond"],"potions_floor_usage":[8,14,50,50,50],"damage_taken":[{"damage":0,"enemies":"Small Slimes","floor":1,"turns":2},{"damage":29,"enemies":"Gremlin Nob","floor":6,"turns":5},{"damage":32,"enemies":"Lagavulin","floor":8,"turns":6},{"damage":18,"enemies":"Gremlin Nob","floor":11,"turns":4},{"damage":37,"enemies":"Lagavulin","floor":13,"turns":4},{"damage":14,"enemies":"Gremlin Nob","floor":14,"turns":3},{"damage":55,"enemies":"The Guardian","floor":16,"turns":6},{"damage":7,"enemies":"2 Thieves","floor":18,"turns":2},{"damage":22,"enemies":"Book of Stabbing","floor":25,"turns":4},{"damage":29,"enemies":"Pondfish","floor":33,"turns":10},{"damage":0,"enemies":"3 Darklings","floor":35,"turns":1},{"damage":31,"enemies":"2 Orb Walkers","floor":36,"turns":3},{"damage":20,"enemies":"Reptomancer","floor":40,"turns":4},{"damage":9,"enemies":"Giant Head","floor":47,"turns":5},{"damage":31,"enemies":"Awakened One","floor":50,"turns":8}],"seed_played":"-7397021786818157212","potions_obtained":[{"floor":6,"key":"DistilledChaos"},{"floor":13,"key":"BlessingOfTheForge"},{"floor":18,"key":"SpeedPotion"},{"floor":28,"key":"LifebloodPotion"},{"floor":33,"key":"SteroidPotion"}],"is_trial":false,"path_per_floor":["M","$","?","?","?","E","R","E","T","R","E","?","E","E","R","B",null,"?","?","?","?","?","T","T","E","T","T","?","T","T","?","T","B",null,"?","?","?","T","?","E","T","T","T","T","T","?","E","T","T","B",null],"character_chosen":"IRONCLAD","items_purchased":["Searing Blow+1","Twin Strike","ReplayTheSpireMod:CursedCoin","ReplayTheSpireMod:Lightbulb","Replay:Bandana","testmod-Register","Blue Candle","Sword Boomerang","testmod-Charity","King of Hearts","testmod-Acrobat"],"campfire_rested":0,"item_purchase_floors":[2,2,30,30,30,38,38,38,48,48,48],"current_hp_per_floor":[100,110,120,130,140,134,144,152,162,172,187,186,183,201,211,204,260,270,280,290,294,220,230,240,244,254,264,274,284,300,310,320,330,340,350,345,355,380,390,400,410,420,430,440,450,460,470,480,490,682],"gold":336,"neow_bonus":"","is_daily":true,"chose_seed":false,"campfire_upgraded":10,"win_rate":0.0,"timestamp":1613921271,"path_taken":["M","$","?","?","?","E","R","E","T","R","E","?","E","E","R","BOSS","?","?","?","?","?","T","T","E","T","T","?","T","T","?","T","BOSS","?","?","?","T","?","E","T","T","T","T","T","?","E","T","T","BOSS"],"items_purchased_type":["Card","Card","Relic","Relic","Relic","Relic","Relic","Card","Relic","Relic","Relic"],"build_version":"2020-12-22","purchased_purges":9,"victory":true,"max_hp_per_floor":[100,110,120,130,140,150,160,170,180,190,200,210,220,230,240,250,260,270,280,290,300,220,230,240,250,260,270,280,290,300,310,320,330,340,350,360,370,380,390,400,410,420,430,440,450,460,470,480,490,682],"card_choices":[{"not_picked":["Rage","Run Through"],"picked":"Clothesline","floor":1},{"not_picked":["Massacre","Abandon"],"picked":"Dark Embrace","floor":5},{"not_picked":["Offering","Demonic Infusion"],"picked":"Replay:Many Hands","floor":6},{"not_picked":["Offering","Hemogenesis"],"picked":"Replay:Many Hands","floor":8},{"not_picked":["Double Tap","Impervious"],"picked":"Berserk","floor":11},{"not_picked":["Exhume","Fiend Fire","Double Tap"],"picked":"SKIP","floor":13},{"not_picked":["Eclipse","Demonic Infusion"],"picked":"Immolate","floor":14},{"not_picked":["True Grit+1","Battle Trance+1"],"picked":"Uppercut+1","floor":18},{"not_picked":["Offering","Exhume","Juggernaut"],"picked":"SKIP","floor":25},{"not_picked":["Eclipse","Corruption"],"picked":"Brutality","floor":33},{"not_picked":["Reckless Charge+1","Blood for Blood"],"picked":"Replay:Undeath\u0027s Touch+1","floor":35},{"not_picked":["Replay:Many Hands","Feed","Barricade"],"picked":"SKIP","floor":40},{"not_picked":["Feed","Double Tap"],"picked":"Demon Form","floor":47}],"player_experience":77389,"relics_obtained":[{"floor":3,"key":"Ring of Greed"},{"floor":3,"key":"Ring of Peace"},{"floor":3,"key":"MealTicket"},{"floor":3,"key":"MawBank"},{"floor":5,"key":"aspiration:DSix"},{"floor":6,"key":"testmod-TurbochargingSystem"},{"floor":8,"key":"Juzu Bracelet"},{"floor":9,"key":"Replay:Bottled Eggs"},{"floor":11,"key":"Matryoshka"},{"floor":13,"key":"Vajra"},{"floor":14,"key":"Chameleon Ring"},{"floor":25,"key":"SumBook"},{"floor":26,"key":"ReplayFunnel"},{"floor":26,"key":"Self Forming Clay"},{"floor":36,"key":"Replay:Multitool"},{"floor":40,"key":"Bottled Flame"},{"floor":43,"key":"Ccalipers"},{"floor":43,"key":"Mercury Hourglass"},{"floor":47,"key":"Replay:Towering Pillar of Hats"}],"event_choices":[{"damage_healed":0,"gold_gain":100,"player_choice":"Sell","damage_taken":0,"max_hp_gain":0,"max_hp_loss":0,"event_name":"恩洛斯的盘子","floor":4,"relics_lost":["Ring of Greed"],"gold_loss":0},{"damage_healed":0,"gold_gain":75,"player_choice":"Gather Gold","damage_taken":11,"max_hp_gain":0,"max_hp_loss":0,"event_name":"World of Goop","floor":12,"gold_loss":0},{"damage_healed":0,"gold_gain":0,"player_choice":"Obtained Relic","damage_taken":0,"relics_obtained":["Blood Vial"],"max_hp_gain":0,"max_hp_loss":0,"event_name":"Addict","floor":19,"gold_loss":85},{"damage_healed":0,"gold_gain":0,"player_choice":"Bet on Owner","damage_taken":0,"max_hp_gain":0,"max_hp_loss":0,"event_name":"The Joust","floor":20,"gold_loss":50},{"damage_healed":0,"gold_gain":0,"player_choice":"Joined the Cult","damage_taken":6,"max_hp_gain":0,"max_hp_loss":0,"event_name":"Nest","floor":21,"gold_loss":0,"cards_obtained":["RitualDagger"]},{"damage_healed":0,"gold_gain":0,"player_choice":"Became a vampire","damage_taken":0,"max_hp_gain":0,"max_hp_loss":90,"event_name":"Vampires","floor":22,"gold_loss":0,"cards_obtained":["Bite","Bite","Bite","Bite","Bite"]},{"damage_healed":0,"gold_gain":0,"player_choice":"Bought 1 Potion","damage_taken":0,"max_hp_gain":0,"max_hp_loss":0,"event_name":"The Woman in Blue","floor":28,"gold_loss":0},{"damage_healed":0,"gold_gain":0,"player_choice":"Fight","damage_taken":0,"max_hp_gain":0,"max_hp_loss":0,"event_name":"Mysterious Sphere","floor":36,"gold_loss":0},{"damage_healed":0,"gold_gain":0,"player_choice":"Memory 1","damage_taken":0,"max_hp_gain":0,"max_hp_loss":0,"event_name":"SensoryStone","floor":37,"gold_loss":0},{"damage_healed":0,"gold_gain":0,"player_choice":"Ignored","damage_taken":0,"max_hp_gain":0,"max_hp_loss":0,"event_name":"给自己的盒子","floor":39,"gold_loss":0}],"is_beta":false,"boss_relics":[{"not_picked":["Replay:Bronze Core","testmod-KeyOfTheVoid"],"picked":"Painkiller Herb"},{"not_picked":["Kintsugi","Black Blood"],"picked":"Philosopher\u0027s Stone"}],"items_purged_floors":[30,30,30,30,30,30,30,38,38],"is_endless":false,"potions_floor_spawned":[6,13,18,33,36],"ascension_level":0}}