{"host":"bf5upntvbdompq33","time":1613886509,"event":{"mods":["BaseMod","Bestiary","Colored Map","Colored Powertips","Curses Come First","Highlight Path","Minty Spire (QoL Compilation)","StSLib","ojb\u0027s Info Mod"],"gold_per_floor":[116,116,116,133,144,144,159,159,186,206,240,415,415,442,442,547,547,565,565,244,254,353,353,387,387,387,337,353,353,379,395,395,492,492,511,334,350,350,40,40,40,40],"floor_reached":41,"language":"ENG","playtime":2865,"items_purged":["Doubt","Strike_B"],"score":667,"play_id":"615a60e6-9287-4b43-b59e-e1c3d3d1de81","local_time":"20210220224829","is_ascension_mode":true,"campfire_choices":[{"data":"Self Repair","floor":6,"key":"SMITH"},{"data":"Dualcast","floor":8,"key":"SMITH"},{"floor":13,"key":"REST"},{"floor":15,"key":"REST"},{"data":"Consume","floor":23,"key":"SMITH"},{"data":"Fusion","floor":25,"key":"SMITH"},{"floor":29,"key":"REST"},{"floor":32,"key":"REST"},{"floor":40,"key":"REST"}],"circlet_count":0,"master_deck":["AscendersBane","Strike_B+1","Strike_B","Strike_B","Defend_B+1","Defend_B","Defend_B+1","Zap+1","Dualcast+1","Rainbow+1","Skim","Compile Driver","Self Repair+1","Turbo","Consume+1","Electrodynamics","Conserve Battery","Biased Cognition","Doom and Gloom","Rainbow","Coolheaded","Doom and Gloom","Coolheaded","Redo+1","Fusion+1","Reinforced Body+1","Steam","Aggregate","Loop","Echo Form","Lockon","Defragment"],"relics":["Cracked Core","Dream Catcher","Juzu Bracelet","Emotion Chip","Runic Pyramid","Blood Vial","Red Mask","Pocketwatch","War Paint","Snecko Eye","TungstenRod"],"acts_visited":["Exordium","TheCity","TheBeyond"],"potions_floor_usage":[24,30,33,35],"damage_taken":[{"damage":4,"enemies":"2 Louse","floor":1,"turns":2},{"damage":5,"enemies":"Jaw Worm","floor":4,"turns":3},{"damage":0,"enemies":"Small Slimes","floor":5,"turns":2},{"damage":12,"enemies":"2 Fungi Beasts","floor":7,"turns":3},{"damage":26,"enemies":"Large Slime","floor":10,"turns":5},{"damage":20,"enemies":"Lagavulin","floor":11,"turns":7},{"damage":34,"enemies":"Gremlin Nob","floor":14,"turns":4},{"damage":11,"enemies":"Slime Boss","floor":16,"turns":6},{"damage":15,"enemies":"Chosen","floor":18,"turns":5},{"damage":17,"enemies":"2 Thieves","floor":21,"turns":4},{"damage":33,"enemies":"Masked Bandits","floor":24,"turns":5},{"damage":21,"enemies":"Snake Plant","floor":28,"turns":4},{"damage":36,"enemies":"Book of Stabbing","floor":30,"turns":5},{"damage":8,"enemies":"Sentry and Sphere","floor":31,"turns":4},{"damage":35,"enemies":"Collector","floor":33,"turns":13},{"damage":64,"enemies":"3 Darklings","floor":35,"turns":9},{"damage":2,"enemies":"Orb Walker","floor":37,"turns":2},{"damage":59,"enemies":"3 Darklings","floor":41,"turns":6}],"seed_played":"-151748534716558622","potions_obtained":[{"floor":4,"key":"DuplicationPotion"},{"floor":5,"key":"FairyPotion"},{"floor":28,"key":"DistilledChaos"},{"floor":30,"key":"AttackPotion"},{"floor":33,"key":"BlessingOfTheForge"},{"floor":37,"key":"Dexterity Potion"}],"is_trial":false,"path_per_floor":["M","?","?","M","M","R","M","R","T","M","E","?","R","E","R","B",null,"M","?","$","M","?","R","?","R","T","?","M","R","E","M","R","B",null,"M","$","M","?","$","R","M"],"character_chosen":"DEFECT","items_purchased":["Doom and Gloom","Coolheaded","Blood Vial","Lockon","TungstenRod"],"campfire_rested":5,"item_purchase_floors":[20,20,20,36,39],"current_hp_per_floor":[64,49,49,44,44,44,42,42,42,26,16,16,38,14,36,25,63,58,58,58,53,53,53,32,32,32,32,23,45,21,25,47,24,62,32,32,32,32,32,54,0,0],"gold":40,"neow_bonus":"THREE_RARE_CARDS","is_daily":false,"chose_seed":false,"campfire_upgraded":4,"win_rate":0.0,"timestamp":1613886509,"path_taken":["M","?","?","M","M","R","M","R","T","M","E","?","R","E","R","BOSS","M","?","$","M","?","R","?","R","T","?","M","R","E","M","R","BOSS","M","$","M","?","$","R","M"],"items_purchased_type":["Card","Card","Relic","Card","Relic"],"build_version":"2020-12-22","purchased_purges":2,"victory":false,"max_hp_per_floor":[75,75,75,75,75,75,75,75,75,75,75,75,75,75,75,75,75,75,75,75,75,75,75,75,75,75,75,75,75,75,75,75,75,75,75,75,75,75,75,75,75,75],"card_choices":[{"not_picked":["Thunder Strike","Reboot"],"picked":"Rainbow","floor":0},{"not_picked":["Auto Shields","Double Energy"],"picked":"Skim","floor":1},{"not_picked":["Rebound","Redo"],"picked":"Compile Driver","floor":4},{"not_picked":["Coolheaded","Turbo"],"picked":"Self Repair","floor":5},{"not_picked":["Melter","Chill"],"picked":"Turbo","floor":7},{"not_picked":["Reprogram","Redo"],"picked":"Consume","floor":10},{"not_picked":["Reboot","Ball Lightning"],"picked":"Electrodynamics","floor":11},{"not_picked":["Hologram","Stack"],"picked":"Conserve Battery","floor":13},{"not_picked":["Chaos","Creative AI"],"picked":"Biased Cognition","floor":14},{"not_picked":["Gash","Cold Snap"],"picked":"Doom and Gloom","floor":15},{"not_picked":["Hyperbeam","Machine Learning"],"picked":"Rainbow","floor":16},{"not_picked":["Cold Snap","Compile Driver"],"picked":"Coolheaded","floor":18},{"not_picked":["Ball Lightning","Streamline"],"picked":"Redo+1","floor":21},{"not_picked":["Conserve Battery+1","Barrage"],"picked":"Fusion","floor":24},{"not_picked":["Gash","Hologram"],"picked":"Reinforced Body+1","floor":28},{"not_picked":["Reprogram","Redo"],"picked":"Steam","floor":29},{"not_picked":["Chaos","Go for the Eyes"],"picked":"Aggregate","floor":30},{"not_picked":["Compile Driver","Reboot"],"picked":"Loop","floor":31},{"not_picked":["Rainbow","Fission"],"picked":"Echo Form","floor":33},{"not_picked":["Coolheaded+1","Streamline+1","Rebound"],"picked":"SKIP","floor":35},{"not_picked":["Gash","Steam Power","Storm"],"picked":"SKIP","floor":37},{"not_picked":["Recycle","Compile Driver"],"picked":"Defragment","floor":40}],"player_experience":1681020,"relics_obtained":[{"floor":9,"key":"Dream Catcher"},{"floor":11,"key":"Juzu Bracelet"},{"floor":14,"key":"Emotion Chip"},{"floor":24,"key":"Red Mask"},{"floor":26,"key":"Pocketwatch"},{"floor":30,"key":"War Paint"}],"event_choices":[{"damage_healed":0,"gold_gain":0,"player_choice":"Entered Light","damage_taken":15,"max_hp_gain":0,"max_hp_loss":0,"event_name":"Shining Light","floor":2,"gold_loss":0,"cards_upgraded":["Zap","Strike_B"]},{"damage_healed":0,"gold_gain":0,"player_choice":"Grow","damage_taken":0,"max_hp_gain":0,"max_hp_loss":0,"event_name":"Living Wall","floor":3,"gold_loss":0,"cards_upgraded":["Rainbow"]},{"damage_healed":0,"gold_gain":175,"player_choice":"AGREE","damage_taken":0,"max_hp_gain":0,"max_hp_loss":0,"event_name":"Liars Game","floor":12,"gold_loss":0,"cards_obtained":["Doubt"]},{"cards_removed":["Doubt"],"damage_healed":0,"gold_gain":0,"player_choice":"Elegance","damage_taken":0,"max_hp_gain":0,"max_hp_loss":0,"event_name":"Back to Basics","floor":19,"gold_loss":0},{"damage_healed":0,"gold_gain":99,"player_choice":"Stole From Cult","damage_taken":0,"max_hp_gain":0,"max_hp_loss":0,"event_name":"Nest","floor":22,"gold_loss":0},{"damage_healed":0,"gold_gain":0,"player_choice":"Fought Bandits","damage_taken":0,"max_hp_gain":0,"max_hp_loss":0,"event_name":"Masked Bandits","floor":24,"gold_loss":0},{"damage_healed":0,"gold_gain":0,"player_choice":"Bet on Murderer","damage_taken":0,"max_hp_gain":0,"max_hp_loss":0,"event_name":"The Joust","floor":27,"gold_loss":50},{"cards_removed":["Defend_B"],"damage_healed":0,"gold_gain":0,"player_choice":"Removed Skill","damage_taken":0,"max_hp_gain":0,"max_hp_loss":0,"event_name":"Falling","floor":38,"gold_loss":0}],"is_beta":false,"boss_relics":[{"not_picked":["Astrolabe","Philosopher\u0027s Stone"],"picked":"Runic Pyramid"},{"not_picked":["Busted Crown","Sozu"],"picked":"Snecko Eye"}],"items_purged_floors":[20,36],"is_endless":false,"potions_floor_spawned":[4,5,7,14,28,30,33,37],"killed_by":"3 Darklings","ascension_level":12}}