{"host":"6q8ox9h5d7sk3bhp","time":1613866185,"event":{"mods":["Aspiration","BaseMod","Better Third Choice","BetterRewards","ChefMod","Conspire","FruityMod","Halation","Hubris","Infinite Spire","Lobotomy","Minty Spire (QoL Compilation)","Rare Cards Sparkle","Relic Stats","Replay The Spire","Shop Mod","Spicy Shops","Spikes Relics","Spire Arcade","StSLib","The Clintock","The Hayseed","The Judge","The Kombatant","The Sage","The Senshi","The Showman","thorton"],"gold_per_floor":[114,126,126,139,151,151,25,37,61,61,73,18,33,51,51,155,155,124,124,124,134,147,172,172,182,236,236,236,253,272,272,272],"floor_reached":31,"language":"ENG","playtime":3092,"items_purged":[],"score":252,"play_id":"a2368849-c87e-4438-870e-2eb91d0f02c6","local_time":"20210220190945","is_ascension_mode":false,"campfire_choices":[{"data":"chefmod:CuttingBoard","floor":6,"key":"SMITH"},{"floor":10,"key":"REST"},{"floor":15,"key":"REST"},{"floor":24,"key":"REST"},{"floor":27,"key":"REST"}],"circlet_count":0,"master_deck":["chefmod:Strike","chefmod:Strike","chefmod:Strike","chefmod:Strike","chefmod:QuickThaw","chefmod:Defend","chefmod:Defend","chefmod:Defend","chefmod:Defend","chefmod:TodaysSpecial","chefmod:Julienne","chefmod:CuttingBoard+1","chefmod:Defrost","chefmod:IcePick","chefmod:BananaSplit","chefmod:DinoKale","chefmod:HotSoup","chefmod:QuickChop","chefmod:Granita","chefmod:SliceAndDice","chefmod:Chop","chefmod:SushiPlatter","chefmod:Escargot","chefmod:FryPan","chefmod:AllYouCanEat","chefmod:IceCreamCone","chefmod:FullBurn+1","chefmod:Escargot+1","chefmod:Sorbet"],"relics":["chefmod:TrustyPot","Happy Flower","hubris:HollowSoul","Spirit Poop","halation:BottledLove","RollingBoulder"],"acts_visited":["Exordium","TheCity"],"potions_floor_usage":[3,16,22,23,23,31,31],"damage_taken":[{"damage":4,"enemies":"conspire:RoseBush","floor":1,"turns":4},{"damage":3,"enemies":"Jaw Worm","floor":2,"turns":6},{"damage":3,"enemies":"Cultist","floor":4,"turns":4},{"damage":9,"enemies":"conspire:2 RoseBushes","floor":5,"turns":7},{"damage":11,"enemies":"Exordium Thugs","floor":8,"turns":7},{"damage":9,"enemies":"2 Fungi Beasts","floor":11,"turns":6},{"damage":5,"enemies":"Gremlin Gang","floor":13,"turns":5},{"damage":7,"enemies":"Exordium Thugs","floor":14,"turns":5},{"damage":62,"enemies":"The Guardian","floor":16,"turns":13},{"damage":32,"enemies":"2 Thieves","floor":18,"turns":5},{"damage":25,"enemies":"Shell Parasite","floor":21,"turns":7},{"damage":46,"enemies":"Centurion and Healer","floor":22,"turns":8},{"damage":13,"enemies":"Book of Stabbing","floor":23,"turns":4},{"damage":46,"enemies":"Snake Plant","floor":25,"turns":6},{"damage":20,"enemies":"Cultist and Chosen","floor":29,"turns":7},{"damage":11,"enemies":"3 Cultists","floor":30,"turns":4},{"damage":18,"enemies":"Replay:Snechameleon","floor":31,"turns":8}],"seed_played":"-8492582858204612950","potions_obtained":[{"floor":1,"key":"Adrenaline Potion"},{"floor":2,"key":"SpeedPotion"},{"floor":3,"key":"Fruit Juice"},{"floor":3,"key":"chefmod:AntifreezePotion"},{"floor":3,"key":"FearPotion"},{"floor":14,"key":"BlessingOfTheForge"},{"floor":18,"key":"Elixir"},{"floor":22,"key":"Strength Potion"},{"floor":29,"key":"Dexterity Potion"},{"floor":30,"key":"Block Potion"}],"is_trial":false,"path_per_floor":["M","M","?","M","M","R","$","M","T","R","M","$","M","M","R","B",null,"M","?","?","M","M","E","R","M","T","R","?","M","M","E"],"character_chosen":"THE_CHEF","items_purchased":["chefmod:BananaSplit","chefmod:DinoKale","chefmod:Granita"],"campfire_rested":4,"item_purchase_floors":[7,7,12],"current_hp_per_floor":[72,69,74,71,62,62,62,51,51,75,66,66,61,54,78,16,81,49,76,76,51,5,40,64,18,18,42,42,22,11,0,0],"gold":272,"neow_bonus":"RANDOM_EVENT","is_daily":false,"chose_seed":false,"campfire_upgraded":1,"win_rate":0.0,"timestamp":1613866185,"path_taken":["M","?","?","?","M","R","$","M","T","R","?","?","?","M","R","BOSS","M","?","?","?","M","E","R","M","T","R","?","M","M","E"],"items_purchased_type":["Card","Card","Card"],"build_version":"2020-12-22","purchased_purges":0,"victory":false,"max_hp_per_floor":[76,76,81,81,81,81,81,81,81,81,81,81,81,81,81,81,81,81,81,81,81,81,81,81,81,81,81,81,81,81,81,81],"relic_stats":{"Happy Flower":[36],"counters":[17,110],"obtain_stats":[{"chefmod:TrustyPot":0,"Happy Flower":0,"halation:BottledLove":23,"Spirit Poop":20,"RollingBoulder":26,"hubris:HollowSoul":17},{"chefmod:TrustyPot":0,"Happy Flower":0,"halation:BottledLove":13,"Spirit Poop":10,"RollingBoulder":14,"hubris:HollowSoul":9},{"chefmod:TrustyPot":0,"Happy Flower":0,"halation:BottledLove":82,"Spirit Poop":62,"RollingBoulder":88,"hubris:HollowSoul":57}]},"card_choices":[{"not_picked":["chefmod:Sorbet","chefmod:BaoBuns"],"picked":"chefmod:Julienne","floor":1},{"not_picked":["chefmod:Chop","chefmod:Sorbet"],"picked":"chefmod:CuttingBoard","floor":2},{"not_picked":["chefmod:Chop","chefmod:Gelato"],"picked":"chefmod:Defrost","floor":4},{"not_picked":["chefmod:BaoBuns","chefmod:CuttingBoard"],"picked":"chefmod:IcePick","floor":5},{"not_picked":["chefmod:SliceAndDice","chefmod:FarmersMarket"],"picked":"chefmod:HotSoup","floor":8},{"not_picked":["chefmod:DinoKale","chefmod:Gelato"],"picked":"chefmod:QuickChop","floor":11},{"not_picked":["chefmod:SpaghettiCarbonara","chefmod:ColdSteel"],"picked":"chefmod:SliceAndDice","floor":13},{"not_picked":["chefmod:Fillet","chefmod:BleedOut"],"picked":"chefmod:Chop","floor":14},{"not_picked":["chefmod:RisingDough","chefmod:Tenderizer"],"picked":"chefmod:SushiPlatter","floor":16},{"not_picked":["chefmod:Gelato","chefmod:Chop"],"picked":"chefmod:Escargot","floor":18},{"not_picked":["chefmod:DinoKale","chefmod:ZaruSoba"],"picked":"chefmod:FryPan","floor":21},{"not_picked":["chefmod:AlooGobi+1","chefmod:FryPan+1"],"picked":"chefmod:AllYouCanEat","floor":22},{"not_picked":["chefmod:ColdSteel","chefmod:IcePick+1"],"picked":"chefmod:IceCreamCone","floor":23},{"not_picked":["chefmod:CayenneCloud","chefmod:SliceAndDice+1"],"picked":"chefmod:FullBurn+1","floor":25},{"not_picked":["chefmod:KnifeFlurry","chefmod:CuttingBoard+1"],"picked":"chefmod:Escargot+1","floor":29},{"not_picked":["chefmod:QuickChop","chefmod:IcePick"],"picked":"chefmod:Sorbet","floor":30}],"player_experience":63823,"relics_obtained":[{"floor":23,"key":"halation:BottledLove"},{"floor":26,"key":"RollingBoulder"}],"event_choices":[{"damage_healed":0,"gold_gain":0,"player_choice":"Box","damage_taken":0,"relics_obtained":["Happy Flower"],"max_hp_gain":0,"max_hp_loss":0,"event_name":"Big Fish","floor":0,"gold_loss":0,"cards_obtained":["Regret"]},{"damage_healed":0,"gold_gain":0,"player_choice":"Got Potions","damage_taken":0,"max_hp_gain":0,"max_hp_loss":0,"event_name":"Lab","floor":3,"gold_loss":0},{"damage_healed":27,"gold_gain":0,"player_choice":"Heal","damage_taken":0,"max_hp_gain":0,"max_hp_loss":0,"event_name":"The Library","floor":19,"gold_loss":0},{"cards_removed":["Regret"],"damage_healed":0,"gold_gain":0,"player_choice":"Offered Curse","damage_taken":0,"relics_obtained":["Spirit Poop"],"max_hp_gain":0,"max_hp_loss":0,"event_name":"Bonfire Elementals","floor":20,"gold_loss":0},{"damage_healed":0,"gold_gain":0,"player_choice":"Ignored","damage_taken":0,"max_hp_gain":0,"max_hp_loss":0,"event_name":"Vampires","floor":28,"gold_loss":0}],"is_beta":false,"boss_relics":[{"not_picked":["CosmicIsotope","hubris:VirtuousBlindfold"],"picked":"hubris:HollowSoul"}],"items_purged_floors":[],"is_endless":false,"potions_floor_spawned":[1,2,13,14,18,22,29,30],"killed_by":"Replay:Snechameleon","ascension_level":0}}