{"host":"s41rn2jhghpwfrvz","time":1613929035,"event":{"mods":["BaseMod","Minty Spire (QoL Compilation)","Quick Restart","Relic Stats","SuperFastMode"],"gold_per_floor":[115,125,125,125,50,83,147,180,203,247,270,308,332,375,387,473,485,515,527,539,567,579,620,632,679,765,806,718,729,729,756,756,842,842,857,869,380,393,418,446,446,478,478,478,503,531,558,585,585,585,585,585,585,94,138,138],"floor_reached":57,"language":"ENG","playtime":1816,"items_purged":["Noxious Fumes","Expertise"],"score":4355,"play_id":"24dc37a0-e831-424b-9008-d635cc77a5dd","local_time":"20210221193715","daily_mods":["SealedDeck","Diverse","Elite Swarm"],"is_ascension_mode":true,"campfire_choices":[{"data":"Scrawl","floor":15,"key":"SMITH"},{"data":"Prostrate","floor":24,"key":"SMITH"},{"data":"Venomology","floor":32,"key":"SMITH"},{"floor":41,"key":"RECALL"},{"data":"Acrobatics","floor":44,"key":"SMITH"},{"data":"Barricade","floor":49,"key":"SMITH"},{"data":"Uppercut","floor":53,"key":"SMITH"}],"circlet_count":0,"master_deck":["AscendersBane","Heel Hook","Quick Slash","Heel Hook","Burning Pact+1","Uppercut+1","Acrobatics+1","Prostrate+1","Tactician+1","Evolve","Scrawl+1","Scrawl+1","Venomology+1","Barricade+1","Core Surge","After Image"],"relics":["Black Blood","Art of War","Eternal Feather","Bag of Preparation","MawBank","Juzu Bracelet","PreservedInsect","Red Skull","Black Star","Vajra","Turnip","Potion Belt","Bottled Flame","Letter Opener","Singing Bowl","TungstenRod","CeramicFish","Oddly Smooth Stone","ClockworkSouvenir","Ice Cream","WingedGreaves","Mango","Self Forming Clay","Pen Nib","Bronze Scales","Kunai","Mummified Hand","Anchor","Du-Vu Doll","Ginger","Gambling Chip","Smiling Mask","Unceasing Top","Membership Card","Pear","Strawberry","Centennial Puzzle","Paper Frog"],"acts_visited":["Exordium","TheCity","TheBeyond","TheEnding"],"potions_floor_usage":[29,31,33,33,36,38,39,40,40,42,45,47,48,50,51,55,56,56,56,56],"damage_taken":[{"damage":3,"enemies":"Small Slimes","floor":1,"turns":3},{"damage":12,"enemies":"Jaw Worm","floor":2,"turns":3},{"damage":29,"enemies":"Gremlin Nob","floor":6,"turns":4},{"damage":0,"enemies":"Lagavulin Event","floor":7,"turns":1},{"damage":0,"enemies":"3 Sentries","floor":8,"turns":1},{"damage":0,"enemies":"Gremlin Nob","floor":10,"turns":1},{"damage":0,"enemies":"Cultist","floor":11,"turns":1},{"damage":0,"enemies":"Lagavulin","floor":12,"turns":2},{"damage":0,"enemies":"3 Louse","floor":13,"turns":1},{"damage":0,"enemies":"3 Sentries","floor":14,"turns":3},{"damage":0,"enemies":"Hexaghost","floor":16,"turns":1},{"damage":0,"enemies":"Shell Parasite","floor":18,"turns":1},{"damage":0,"enemies":"2 Thieves","floor":21,"turns":1},{"damage":0,"enemies":"Book of Stabbing","floor":23,"turns":1},{"damage":0,"enemies":"Slavers","floor":25,"turns":1},{"damage":0,"enemies":"Book of Stabbing","floor":27,"turns":1},{"damage":0,"enemies":"Centurion and Healer","floor":29,"turns":1},{"damage":0,"enemies":"Slavers","floor":31,"turns":1},{"damage":0,"enemies":"Champ","floor":33,"turns":3},{"damage":0,"enemies":"3 Darklings","floor":35,"turns":1},{"damage":0,"enemies":"3 Shapes","floor":36,"turns":1},{"damage":0,"enemies":"Jaw Worm Horde","floor":38,"turns":1},{"damage":0,"enemies":"Mind Bloom Boss Battle","floor":39,"turns":1},{"damage":8,"enemies":"Giant Head","floor":40,"turns":3},{"damage":0,"enemies":"Reptomancer","floor":42,"turns":1},{"damage":0,"enemies":"Giant Head","floor":45,"turns":1},{"damage":0,"enemies":"Nemesis","floor":46,"turns":1},{"damage":0,"enemies":"Reptomancer","floor":47,"turns":1},{"damage":0,"enemies":"Nemesis","floor":48,"turns":1},{"damage":0,"enemies":"Time Eater","floor":50,"turns":3},{"damage":0,"enemies":"Awakened One","floor":51,"turns":2},{"damage":0,"enemies":"Shield and Spear","floor":55,"turns":1},{"damage":0,"enemies":"The Heart","floor":56,"turns":4}],"seed_played":"-242412727468514834","potions_obtained":[{"floor":2,"key":"Weak Potion"},{"floor":8,"key":"ColorlessPotion"},{"floor":11,"key":"PowerPotion"},{"floor":14,"key":"DuplicationPotion"},{"floor":25,"key":"AttackPotion"},{"floor":35,"key":"PowerPotion"}],"is_trial":true,"path_per_floor":["M","M","?","?","$","E","?","E","T","E","M","E","M","E","R","B",null,"M","?","?","M","?","E","R","E","T","E","$","M","$","E","R","B",null,"M","M","$","M","?","E","R","E","T","R","E","E","E","E","R","B","B",null,"R","$","E","B",null],"character_chosen":"IRONCLAD","items_purchased":["ClockworkSouvenir","Ice Cream","Membership Card","LiquidBronze","Core Surge","Pear","Strawberry"],"campfire_rested":0,"item_purchase_floors":[37,37,54,54,54,54,54],"current_hp_per_floor":[71,65,42,47,47,24,30,36,36,42,48,54,60,66,72,78,80,80,80,80,80,80,80,80,80,80,82,82,84,84,86,86,86,86,88,90,90,92,94,110,110,112,112,112,114,116,118,120,120,120,120,120,120,137,137,137],"gold":138,"neow_bonus":"","is_daily":false,"chose_seed":false,"campfire_upgraded":6,"win_rate":0.0,"timestamp":1613929035,"path_taken":["M","M","?","?","?","E","?","E","T","E","M","E","M","E","R","BOSS","M","?","?","M","?","E","R","E","T","E","$","M","$","E","R","BOSS","M","M","$","M","?","E","R","E","T","R","E","E","E","E","R","BOSS","BOSS","R","$","E","BOSS"],"items_purchased_type":["Relic","Relic","Relic","Potion","Card","Relic","Relic"],"build_version":"2020-12-22","purchased_purges":2,"victory":true,"max_hp_per_floor":[75,75,75,80,80,80,80,80,80,80,80,80,80,80,80,80,80,80,80,80,80,80,80,80,80,80,82,82,84,84,86,86,86,86,88,90,90,92,94,110,110,112,112,112,114,116,118,120,120,120,120,120,120,137,137,137],"relic_stats":{"Singing Bowl":26,"CeramicFish":27,"Black Blood":74,"Bag of Preparation":[56],"Juzu Bracelet":1,"Ginger":[3],"Smiling Mask":0,"Centennial Puzzle":[0],"Mummified Hand":[13],"Gambling Chip":[3],"Kunai":[32],"counters":[33,53],"Self Forming Clay":[0],"Eternal Feather":6,"PreservedInsect":767,"Pen Nib":[11],"Letter Opener":[608],"MawBank":228,"Bronze Scales":[57],"Turnip":[5],"Art of War":[2],"Black Star":11,"obtain_stats":[{"Ice Cream":37,"Singing Bowl":27,"CeramicFish":31,"Vajra":23,"Black Blood":34,"Mango":40,"Bag of Preparation":8,"Juzu Bracelet":10,"Ginger":47,"Smiling Mask":48,"Burning Blood":0,"ClockworkSouvenir":37,"Centennial Puzzle":55,"Mummified Hand":45,"Gambling Chip":47,"Strawberry":54,"WingedGreaves":39,"Kunai":45,"Red Skull":14,"Paper Frog":55,"Potion Belt":25,"Pear":54,"Self Forming Clay":40,"Oddly Smooth Stone":31,"Eternal Feather":7,"PreservedInsect":12,"Pen Nib":42,"Letter Opener":26,"MawBank":9,"Du-Vu Doll":46,"Bottled Flame":25,"Anchor":46,"Bronze Scales":42,"Turnip":23,"Art of War":6,"Black Star":17,"Membership Card":54,"TungstenRod":27,"Unceasing Top":48},{"Ice Cream":21,"Singing Bowl":16,"CeramicFish":18,"Vajra":14,"Black Blood":19,"Mango":24,"Bag of Preparation":5,"Juzu Bracelet":6,"Ginger":28,"Smiling Mask":29,"Burning Blood":0,"ClockworkSouvenir":21,"Centennial Puzzle":32,"Mummified Hand":26,"Gambling Chip":28,"Strawberry":31,"WingedGreaves":23,"Kunai":26,"Red Skull":10,"Paper Frog":32,"Potion Belt":15,"Pear":31,"Self Forming Clay":24,"Oddly Smooth Stone":18,"Eternal Feather":4,"PreservedInsect":8,"Pen Nib":25,"Letter Opener":15,"MawBank":5,"Du-Vu Doll":27,"Bottled Flame":15,"Anchor":27,"Bronze Scales":25,"Turnip":14,"Art of War":3,"Black Star":11,"Membership Card":31,"TungstenRod":16,"Unceasing Top":29},{"Ice Cream":33,"Singing Bowl":26,"CeramicFish":28,"Vajra":24,"Black Blood":31,"Mango":38,"Bag of Preparation":12,"Juzu Bracelet":13,"Ginger":42,"Smiling Mask":43,"Burning Blood":0,"ClockworkSouvenir":33,"Centennial Puzzle":49,"Mummified Hand":40,"Gambling Chip":42,"Strawberry":48,"WingedGreaves":35,"Kunai":40,"Red Skull":20,"Paper Frog":49,"Potion Belt":25,"Pear":48,"Self Forming Clay":38,"Oddly Smooth Stone":28,"Eternal Feather":11,"PreservedInsect":16,"Pen Nib":39,"Letter Opener":25,"MawBank":12,"Du-Vu Doll":41,"Bottled Flame":25,"Anchor":41,"Bronze Scales":39,"Turnip":24,"Art of War":10,"Black Star":21,"Membership Card":48,"TungstenRod":26,"Unceasing Top":43}],"TungstenRod":1,"Unceasing Top":[0]},"card_choices":[{"not_picked":["Halt","Poisoned Stab","Battle Trance"],"picked":"SKIP","floor":1},{"not_picked":["Prepared","BootSequence"],"picked":"Tactician","floor":2},{"not_picked":["Feed","Storm of Steel","Omniscience"],"picked":"SKIP","floor":6},{"not_picked":["Amplify","Bludgeon","Devotion"],"picked":"SKIP","floor":8},{"not_picked":["Bullet Time","Meteor Strike","Biased Cognition"],"picked":"SKIP","floor":10},{"not_picked":["Hello World","FlyingSleeves"],"picked":"Evolve","floor":11},{"not_picked":["Brutality","Machine Learning"],"picked":"Scrawl","floor":12},{"not_picked":["Outmaneuver","Cloak And Dagger","Burning Pact"],"picked":"SKIP","floor":13},{"not_picked":["Creative AI","Burst","Seek"],"picked":"SKIP","floor":14},{"not_picked":["Consume","Fasting2","WindmillStrike+1"],"picked":"SKIP","floor":18},{"not_picked":["FlyingSleeves","EmptyFist","Turbo"],"picked":"SKIP","floor":21},{"not_picked":["A Thousand Cuts","MasterReality","Exhume"],"picked":"SKIP","floor":23},{"not_picked":["Multi-Cast","DevaForm"],"picked":"Venomology","floor":25},{"not_picked":["Rainbow","Envenom","Biased Cognition"],"picked":"Singing Bowl","floor":27},{"not_picked":["Havoc","Protect","Clothesline"],"picked":"Singing Bowl","floor":29},{"not_picked":["Brutality","Impervious","MasterReality"],"picked":"Singing Bowl","floor":31},{"not_picked":["Tools of the Trade","Ragnarok"],"picked":"Barricade","floor":33},{"not_picked":["Rebound","Beam Cell+1","WindmillStrike"],"picked":"Singing Bowl","floor":35},{"not_picked":["EmptyFist","Evolve","Eviscerate"],"picked":"Singing Bowl","floor":36},{"not_picked":["FlyingSleeves+1","Cloak And Dagger","Beam Cell+1"],"picked":"Singing Bowl","floor":38},{"not_picked":["PiercingWail","Go for the Eyes","Armaments"],"picked":"Singing Bowl","floor":39},{"not_picked":["Establishment","Vault","A Thousand Cuts"],"picked":"Singing Bowl","floor":40},{"not_picked":["Die Die Die","Machine Learning","Buffer"],"picked":"Singing Bowl","floor":42},{"not_picked":["Immolate","Demon Form","Vault"],"picked":"Singing Bowl","floor":45},{"not_picked":["Omniscience","Glass Knife","Multi-Cast"],"picked":"Singing Bowl","floor":46},{"not_picked":["Bullet Time","Reaper","Doppelganger"],"picked":"Singing Bowl","floor":47},{"not_picked":["Buffer","A Thousand Cuts","Scrawl"],"picked":"Singing Bowl","floor":48},{"not_picked":["Grand Finale","Corpse Explosion"],"picked":"After Image","floor":55}],"player_experience":1988137,"relics_obtained":[{"floor":6,"key":"Art of War"},{"floor":7,"key":"Eternal Feather"},{"floor":8,"key":"Bag of Preparation"},{"floor":9,"key":"MawBank"},{"floor":10,"key":"Juzu Bracelet"},{"floor":12,"key":"PreservedInsect"},{"floor":14,"key":"Red Skull"},{"floor":23,"key":"Vajra"},{"floor":23,"key":"Turnip"},{"floor":25,"key":"Potion Belt"},{"floor":25,"key":"Bottled Flame"},{"floor":26,"key":"Letter Opener"},{"floor":27,"key":"Singing Bowl"},{"floor":27,"key":"TungstenRod"},{"floor":31,"key":"CeramicFish"},{"floor":31,"key":"Oddly Smooth Stone"},{"floor":39,"key":"WingedGreaves"},{"floor":40,"key":"Mango"},{"floor":40,"key":"Self Forming Clay"},{"floor":42,"key":"Pen Nib"},{"floor":42,"key":"Bronze Scales"},{"floor":45,"key":"Kunai"},{"floor":45,"key":"Mummified Hand"},{"floor":46,"key":"Anchor"},{"floor":46,"key":"Du-Vu Doll"},{"floor":47,"key":"Ginger"},{"floor":47,"key":"Gambling Chip"},{"floor":48,"key":"Smiling Mask"},{"floor":48,"key":"Unceasing Top"},{"floor":55,"key":"Centennial Puzzle"},{"floor":55,"key":"Paper Frog"}],"event_choices":[{"damage_healed":0,"gold_gain":0,"player_choice":"Entered Light","damage_taken":23,"max_hp_gain":0,"max_hp_loss":0,"event_name":"Shining Light","floor":3,"gold_loss":0,"cards_upgraded":["Tactician","Burning Pact"]},{"damage_healed":0,"gold_gain":0,"player_choice":"Donut","damage_taken":0,"max_hp_gain":5,"max_hp_loss":0,"event_name":"Big Fish","floor":4,"gold_loss":0},{"damage_healed":0,"gold_gain":0,"player_choice":"Searched \u00271\u0027 times","damage_taken":0,"max_hp_gain":0,"max_hp_loss":0,"event_name":"Dead Adventurer","floor":7,"gold_loss":0},{"damage_healed":16,"gold_gain":0,"player_choice":"Heal","damage_taken":0,"max_hp_gain":0,"max_hp_loss":0,"event_name":"The Library","floor":19,"gold_loss":0},{"damage_healed":0,"gold_gain":0,"player_choice":"Copied","damage_taken":0,"max_hp_gain":0,"max_hp_loss":0,"event_name":"Duplicator","floor":20,"gold_loss":0,"cards_obtained":["Scrawl"]},{"cards_removed":["ForeignInfluence"],"damage_healed":0,"gold_gain":0,"player_choice":"Elegance","damage_taken":0,"max_hp_gain":0,"max_hp_loss":0,"event_name":"Back to Basics","floor":22,"gold_loss":0},{"damage_healed":0,"gold_gain":0,"player_choice":"Fight","damage_taken":0,"max_hp_gain":0,"max_hp_loss":0,"event_name":"MindBloom","floor":39,"gold_loss":0}],"is_beta":false,"boss_relics":[{"not_picked":["Busted Crown","Philosopher\u0027s Stone"],"picked":"Black Star"},{"not_picked":["Mark of Pain","Cursed Key"],"picked":"Black Blood"}],"items_purged_floors":[5,28],"is_endless":false,"potions_floor_spawned":[2,8,11,12,14,16,21,25,27,35,38,39,42,46],"ascension_level":20}}