{"host":"egwexuw5uvnxf11j","time":1613886007,"event":{"mods":["2.2 Compatiblity","Aspiration","BaseMod","Better Note","Better Sensory Stone","Better Third Choice","Displayed Cursed Tome","Downfall","Hermit","Key Reminder","Koishi","Marisa????????","Minty Spire (QoL Compilation)","Quick Restart","Shade Mod","Spicy Shops","StSLib","The Construct","The Cursed","The Runesmith","The Senshi","The Servant 0.9.4","Transform Curses"],"gold_per_floor":[110,122,122,43,62,88,88,116,116,291,291,307,331,347,347,445,445,461,461,80,97,115,141,141,141,141,141,141,141],"floor_reached":28,"language":"ENG","playtime":1446,"items_purged":[],"score":258,"play_id":"d9b25227-5628-4d17-ae7e-eb13e6e46407","local_time":"20210221004007","is_ascension_mode":true,"campfire_choices":[{"floor":7,"key":"REST"},{"floor":11,"key":"REST"},{"floor":15,"key":"REST"},{"floor":25,"key":"REST"}],"circlet_count":0,"master_deck":["hermit:Strike_Hermit","hermit:Strike_Hermit","hermit:Strike_Hermit","hermit:Strike_Hermit","hermit:Defend_Hermit","hermit:Defend_Hermit","hermit:Defend_Hermit","hermit:Defend_Hermit","hermit:Snapshot+1","hermit:Covet","hermit:SprayPray","hermit:Snipe","Injury","hermit:Enervate+1","hermit:Vantage","hermit:GoldenBullet+1","hermit:Brawl","Doubt","hermit:Showdown+1","hermit:WideOpen+1","hermit:BlackWind+1","hermit:GhostlyPresence","Pain","hermit:ShadowCloak","hermit:Misfire+1","Mind Blast+1","hermit:WideOpen+1","hermit:Dive+1","hermit:TakeAim","Decay"],"relics":["hermit:Momento","Molten Egg 2","aspiration:HiddenCompartment","hermit:RyeStalk","keyreminder:keyreminder","Centennial Puzzle","bronze:MakeshiftBattery","Pen Nib","PreservedInsect","ClockworkSouvenir","Runesmith:AutoHammer","aspiration:SeaSaltIceCream","White Beast Statue","aspiration:Stabinomicon"],"acts_visited":["Exordium","TheCity"],"potions_floor_usage":[8,12,16,23],"damage_taken":[{"damage":0.0,"enemies":"Small Slimes","floor":1.0,"turns":3.0},{"damage":1.0,"enemies":"2 Louse","floor":2.0,"turns":2.0},{"damage":8,"enemies":"Jaw Worm","floor":5,"turns":3},{"damage":18,"enemies":"Gremlin Nob","floor":6,"turns":4},{"damage":36,"enemies":"3 Sentries","floor":8,"turns":12},{"damage":19,"enemies":"Exordium Thugs","floor":12,"turns":3},{"damage":5,"enemies":"Looter","floor":14,"turns":3},{"damage":49,"enemies":"The Guardian","floor":16,"turns":8},{"damage":5,"enemies":"Chosen","floor":18,"turns":3},{"damage":18,"enemies":"2 Thieves","floor":21,"turns":3},{"damage":1,"enemies":"Shelled Parasite and Fungi","floor":22,"turns":2},{"damage":10,"enemies":"Book of Stabbing","floor":23,"turns":3},{"damage":48,"enemies":"Gremlin Leader","floor":28,"turns":2}],"seed_played":"-1385015355589802063","potions_obtained":[{"floor":6,"key":"LiquidMemories"},{"floor":8,"key":"ColorlessPotion"},{"floor":12,"key":"Block Potion"},{"floor":18,"key":"FearPotion"},{"floor":22,"key":"Weak Potion"}],"is_trial":false,"path_per_floor":["M","M","?","$","M","E","R","E","T","?","R","M","T","M","R","B",null,"M","?","$","M","M","E","?","R","T","?","E"],"character_chosen":"HERMIT","items_purchased":["hermit:Enervate+1","PreservedInsect","hermit:ShadowCloak","hermit:Misfire+1","ClockworkSouvenir","Mind Blast+1"],"campfire_rested":4,"item_purchase_floors":[4,20,20,20,20,20],"current_hp_per_floor":[75,74,74,74,66,48,70,34,34,34,56,37,37,32,54,5,75,70,70,70,52,51,41,41,63,63,47,0,0],"gold":141,"neow_bonus":"UPGRADE_CARD","is_daily":false,"chose_seed":false,"campfire_upgraded":0,"win_rate":0.0,"timestamp":1613886007,"path_taken":["M","M","?","$","M","E","R","E","T","?","R","M","?","M","R","BOSS","M","?","$","M","M","E","?","R","T","?","E"],"items_purchased_type":["Card","Relic","Card","Card","Relic","Card"],"build_version":"2020-12-22","purchased_purges":0,"victory":false,"max_hp_per_floor":[75,75,75,75,75,75,75,75,75,75,75,75,75,75,75,75,75,75,75,75,75,75,75,75,75,75,75,75,75],"card_choices":[{"not_picked":["hermit:Feint","hermit:Malice"],"picked":"hermit:SprayPray","floor":1.0},{"not_picked":["hermit:Horror","hermit:BodyArmor"],"picked":"hermit:Snipe","floor":2.0},{"not_picked":["hermit:Manifest","hermit:LoneWolf"],"picked":"hermit:Vantage","floor":5},{"not_picked":["hermit:Manifest","hermit:FlashPowder"],"picked":"hermit:GoldenBullet+1","floor":6},{"not_picked":["hermit:Shortfuse+1","hermit:HoleUp"],"picked":"hermit:Brawl","floor":8},{"not_picked":["hermit:Coalescence","hermit:Brawl"],"picked":"hermit:Showdown+1","floor":12},{"not_picked":["hermit:LowProfile","hermit:HoleUp"],"picked":"hermit:WideOpen+1","floor":14},{"not_picked":["hermit:Roughhouse+1","hermit:RoundhouseKick+1"],"picked":"hermit:BlackWind+1","floor":16},{"not_picked":["hermit:WideOpen+1","hermit:Coalescence"],"picked":"hermit:GhostlyPresence","floor":18},{"not_picked":["hermit:GoldenBullet+1","hermit:LoneWolf"],"picked":"hermit:WideOpen+1","floor":21},{"not_picked":["hermit:GhostlyPresence","hermit:SprayPray+1"],"picked":"hermit:Dive+1","floor":22},{"not_picked":["hermit:Midnight","hermit:LoneWolf+1"],"picked":"hermit:TakeAim","floor":23}],"player_experience":2110671,"relics_obtained":[{"floor":6,"key":"aspiration:HiddenCompartment"},{"floor":8,"key":"hermit:RyeStalk"},{"floor":13,"key":"Centennial Puzzle"},{"floor":23,"key":"Runesmith:AutoHammer"},{"floor":26,"key":"aspiration:SeaSaltIceCream"}],"event_choices":[{"damage_healed":0,"gold_gain":175,"player_choice":"AGREE","damage_taken":116,"max_hp_gain":0,"max_hp_loss":0,"event_name":"betterThird:BetterSerpent","floor":10,"gold_loss":0},{"damage_healed":0,"gold_gain":0,"player_choice":"Opened","damage_taken":0,"relics_obtained":["Pen Nib"],"max_hp_gain":0,"max_hp_loss":0,"event_name":"The Mausoleum","floor":19,"gold_loss":0},{"damage_healed":0,"gold_gain":0,"player_choice":"Smashed Altar","damage_taken":0,"max_hp_gain":0,"max_hp_loss":0,"event_name":"Forgotten Altar","floor":24,"gold_loss":0,"cards_obtained":["Decay"]},{"damage_healed":0,"gold_gain":0,"player_choice":"Obtained Book","damage_taken":16,"max_hp_gain":0,"max_hp_loss":0,"event_name":"Cursed Tome","floor":27,"gold_loss":0}],"is_beta":false,"boss_relics":[{"not_picked":["Coffee Dripper","Philosopher\u0027s Stone"],"picked":"bronze:MakeshiftBattery"}],"items_purged_floors":[],"is_endless":false,"potions_floor_spawned":[6,8,12,18,22],"killed_by":"Gremlin Leader","ascension_level":1}}