{"host":"z4s4qib7mdvdkfud","time":1613922403,"event":{"mods":["BaseMod","Colored Map","Colored Powertips","Curses Come First","DeckTracker","Downfall","Highlight Path","Minty Spire (QoL Compilation)","Permanent Neow","StSLib"],"gold_per_floor":[99,99,99,99,112,12,12,38,57,57,19,19,51,51,67,171,171,171,187,187,387,407,507,507,540,559,459,34,34,65,81,98,196,196,196,209,68,68,159,159,159,59,59,86,105,35,35,62,80,80,80,112,24,24,24,24],"floor_reached":57,"language":"ENG","playtime":4841,"items_purged":["Guardian:Defend_Guardian"],"score":1247,"play_id":"996a9bd8-adf3-484d-88a9-3c252194126e","local_time":"20210222024643","is_ascension_mode":false,"campfire_choices":[{"floor":1,"key":"RECALL"},{"data":"Guardian:TwinSlam","floor":6,"key":"SMITH"},{"data":"Guardian:PiercingHide","floor":18,"key":"SMITH"},{"data":"Guardian:BaubleBeam","floor":29,"key":"SMITH"},{"data":"Guardian:TemporalShield","floor":35,"key":"SMITH"},{"data":"Guardian:Incinerate","floor":42,"key":"SMITH"},{"data":"Guardian:Reroute","floor":47,"key":"SMITH"},{"floor":54,"key":"REST"}],"circlet_count":0,"master_deck":["Guardian:Strike_Guardian","Guardian:Defend_Guardian","Guardian:Defend_Guardian","Guardian:CurlUp","Guardian:TwinSlam+1","Guardian:PiercingHide+1","bronze:Defend+1","Guardian:SphericShield","Guardian:Incinerate+1","Guardian:Planning+1","Guardian:Reroute+1","Guardian:BaubleBeam+1","Guardian:CrystalBeam+1","Guardian:TemporalShield+1","Guardian:AncientConstruct+1","Guardian:Incinerate+1","Guardian:TwinSlam+1","Guardian:FloatingOrbs+1","Guardian:Orbwalk+1","Guardian:PiercingHide+1"],"relics":["Busted Crown","Guardian:PickAxe","Pear","downfall:HeartBlessingRed","Juzu Bracelet","Pantograph","Matryoshka","Philosopher\u0027s Stone","Question Card","Art of War","Frozen Egg 2","downfall:HeartBlessingGreen","ClockworkSouvenir","Vajra","Shuriken","SacredBark","downfall:TeleportStone","Bottled Flame","Omamori","downfall:HeartBlessingBlue","Whetstone","Ancient Tea Set","Letter Opener"],"acts_visited":["Exordium","TheCity","TheBeyond","TheEnding"],"potions_floor_usage":[16,25,36,48,56,56,56],"damage_taken":[{"damage":12,"floor":2,"turns":6},{"damage":2,"enemies":"Jaw Worm","floor":5,"turns":4},{"damage":20,"enemies":"Lagavulin","floor":8,"turns":8},{"damage":1,"enemies":"2 Louse","floor":9,"turns":2},{"damage":0,"enemies":"downfall:FleeingMerchant","floor":11,"turns":4},{"damage":7,"enemies":"3 Sentries","floor":13,"turns":11},{"damage":0,"enemies":"Small Slimes","floor":15,"turns":3},{"damage":33,"enemies":"DF_ARCHETYPE_STREAMLINE","floor":16,"turns":14},{"damage":0,"enemies":"3 Byrds","floor":19,"turns":3},{"damage":7,"enemies":"3 Byrds","floor":21,"turns":8},{"damage":0,"enemies":"Chosen","floor":22,"turns":6},{"damage":27,"enemies":"Slavers","floor":25,"turns":8},{"damage":20,"enemies":"Centurion and Healer","floor":26,"turns":10},{"damage":0,"enemies":"downfall:FleeingMerchant","floor":28,"turns":4},{"damage":0,"enemies":"Gremlin Leader","floor":30,"turns":4},{"damage":0,"enemies":"Chosen and Byrds","floor":31,"turns":4},{"damage":0,"enemies":"3 Cultists","floor":32,"turns":5},{"damage":10,"enemies":"SI_MIRROR_ARCHETYPE","floor":33,"turns":9},{"damage":0,"enemies":"3 Darklings","floor":36,"turns":5},{"damage":0,"enemies":"downfall:FleeingMerchant","floor":37,"turns":4},{"damage":0,"enemies":"downfall:FleeingMerchant","floor":39,"turns":4},{"damage":0,"enemies":"3 Shapes","floor":45,"turns":4},{"damage":36,"enemies":"Reptomancer","floor":48,"turns":5},{"damage":9,"enemies":"Writhing Mass","floor":49,"turns":5},{"damage":38,"enemies":"WA_ARCHETYPE_DIVINITY","floor":50,"turns":8},{"damage":40,"enemies":"downfall:CharBossMerchant","floor":52,"turns":8},{"damage":15,"enemies":"downfall:NeowBoss","floor":55,"turns":16},{"damage":40,"enemies":"downfall:NeowBossFinal","floor":56,"turns":11}],"seed_played":"-604488824940029754","potions_obtained":[{"floor":5,"key":"GamblersBrew"},{"floor":15,"key":"Explosive Potion"},{"floor":16,"key":"Guardian:AcceleratePotion"},{"floor":19,"key":"champ:CounterPotion"},{"floor":25,"key":"bronze:BurnAndBuffPotion"},{"floor":26,"key":"sneckomod:MuddlingPotion"},{"floor":32,"key":"LiquidBronze"},{"floor":36,"key":"Regen Potion"},{"floor":48,"key":"Slimebound:ThreeZeroPotion"}],"is_trial":false,"path_per_floor":["R","?","?","?","M","R","T","E","M","?","$","?","E","?","M","B",null,"R","M","?","?","M","?","T","E","M","R","$","R","E","M","M","B",null,"R","M","$","?","$","?","T","R","?","T","M","$","R","E","M","B",null,"E","$","R","B","B",null],"character_chosen":"GUARDIAN","items_purchased":["Guardian:PiercingHide","Guardian:CrystalBeam","Guardian:Gem_Purple","ClockworkSouvenir","Vajra","Guardian:Incinerate","Bottled Flame","Guardian:FloatingOrbs+1","Guardian:Gem_Crimson","Dexterity Potion"],"campfire_rested":1,"item_purchase_floors":[11,28,28,28,28,37,39,46,53,53],"current_hp_per_floor":[80,50,50,60,58,58,58,38,37,37,37,37,30,30,30,22,90,90,90,90,83,83,83,83,56,36,36,36,36,36,36,36,51,90,90,90,90,90,90,90,90,100,92,92,92,92,92,56,47,34,100,60,60,90,85,79],"gold":24,"neow_bonus":"BOSS_RELIC","is_daily":false,"chose_seed":false,"campfire_upgraded":6,"win_rate":0.0,"timestamp":1613922403,"path_taken":["R","?","?","?","M","R","T","E","M","?","$","?","E","?","M","BOSS","R","M","?","?","M","?","T","E","M","R","?","R","E","M","M","BOSS","R","M","$","?","?","?","T","R","?","?","M","$","R","E","M","BOSS","E","$","R","BOSS","BOSS"],"items_purchased_type":["Card","Card","Card","Relic","Relic","Card","Relic","Card","Card","Potion"],"build_version":"2020-12-22","purchased_purges":1,"victory":true,"max_hp_per_floor":[80,80,80,90,90,90,90,90,90,90,90,90,90,90,90,90,90,90,90,90,90,90,90,90,90,90,90,90,90,90,90,90,90,90,90,90,90,90,90,90,90,100,100,100,100,100,100,100,100,100,100,100,100,100,100,100],"card_choices":[{"not_picked":["Guardian:Gem_Cyan"],"picked":"SKIP","floor":5},{"not_picked":["Guardian:Gem_Lightblue"],"picked":"SKIP","floor":8},{"not_picked":["Guardian:Suspension"],"picked":"SKIP","floor":9},{"not_picked":["Guardian:BodySlam"],"picked":"SKIP","floor":11},{"not_picked":["Guardian:Gem_Cyan"],"picked":"SKIP","floor":13},{"not_picked":["Guardian:Gem_Cyan"],"picked":"SKIP","floor":15},{"not_picked":[],"picked":"Guardian:SphericShield","floor":16},{"not_picked":["Guardian:Incinerate"],"picked":"SKIP","floor":19},{"not_picked":[],"picked":"Guardian:Incinerate","floor":22},{"not_picked":["Guardian:VentSteam"],"picked":"Guardian:Planning+1","floor":25},{"not_picked":["Guardian:ChargeCore+1"],"picked":"Guardian:Reroute","floor":26},{"not_picked":["Guardian:PiercingHide"],"picked":"Guardian:BaubleBeam","floor":28},{"not_picked":["Guardian:SpikerProtocol+1","Guardian:RollAttack+1"],"picked":"SKIP","floor":30},{"not_picked":["Guardian:Planning+1"],"picked":"Guardian:Gem_Green","floor":31},{"not_picked":["Guardian:Planning"],"picked":"Guardian:TemporalShield","floor":32},{"not_picked":["Guardian:BaubleBeam"],"picked":"Guardian:AncientConstruct+1","floor":33},{"not_picked":["Guardian:CrystalBeam+1","Guardian:SpikerProtocol+1"],"picked":"SKIP","floor":36},{"not_picked":["Guardian:BronzeOrb+1","Guardian:RefractedBeam+1"],"picked":"SKIP","floor":37},{"not_picked":["Guardian:CrystalBeam","Guardian:StasisField"],"picked":"SKIP","floor":39},{"not_picked":["Guardian:SpikerProtocol+1","Guardian:ChargeCore+1"],"picked":"SKIP","floor":45},{"not_picked":["Guardian:Gem_Purple"],"picked":"Guardian:Orbwalk+1","floor":48},{"not_picked":["Guardian:MultiBeam+1","Guardian:Gem_Green"],"picked":"SKIP","floor":49},{"not_picked":["Guardian:RollAttack+1"],"picked":"Guardian:PiercingHide+1","floor":52}],"player_experience":69034,"relics_obtained":[{"floor":7,"key":"Juzu Bracelet"},{"floor":8,"key":"Pantograph"},{"floor":13,"key":"Matryoshka"},{"floor":24,"key":"Question Card"},{"floor":24,"key":"Art of War"},{"floor":25,"key":"Frozen Egg 2"},{"floor":30,"key":"Shuriken"},{"floor":41,"key":"Omamori"},{"floor":44,"key":"Whetstone"},{"floor":48,"key":"Ancient Tea Set"},{"floor":52,"key":"Letter Opener"}],"event_choices":[{"cards_removed":["Guardian:Strike_Guardian"],"damage_healed":0,"gold_gain":0,"player_choice":"Card Removal","damage_taken":0,"max_hp_gain":0,"max_hp_loss":0,"event_name":"The Cleric","floor":3,"gold_loss":0},{"cards_removed":["Guardian:Defend_Guardian"],"damage_healed":0,"gold_gain":0,"player_choice":"Took Card","damage_taken":0,"max_hp_gain":0,"max_hp_loss":0,"event_name":"NoteForYourself","floor":14,"gold_loss":0,"cards_obtained":["bronze:Defend"]}],"is_beta":false,"boss_relics":[{"not_picked":["Sozu","Snecko Eye"],"picked":"Philosopher\u0027s Stone"},{"not_picked":["Pandora\u0027s Box","Coffee Dripper"],"picked":"SacredBark"}],"items_purged_floors":[37],"is_endless":false,"potions_floor_spawned":[5,15,16,19,25,26,32,36,45,48,52],"ascension_level":0}}