{"host":"ex9ev9v5sog028vn","time":1613931208,"event":{"mods":["BaseMod","Block Reminder","Minty Spire (QoL Compilation)","Quick Restart","Relic Stats"],"gold_per_floor":[117,134,134,134,5,5,36,51,51,51,79,79,79,54,54,129,129,144,10,10,25,25,25,55,55,78,108,128,145,172,204,216,299,311,333,365,392,43,57,82,82,99,123,168,168,168,196,207,207,207,207,207,33,61,61,61],"floor_reached":55,"language":"SPA","playtime":7120,"items_purged":["Strike_G","Strike_G"],"score":1542,"play_id":"21677d20-962f-4d72-8a9c-f82a3ddd85d9","local_time":"20210221151328","is_ascension_mode":true,"campfire_choices":[{"data":"Blade Dance","floor":6.0,"key":"SMITH"},{"data":"Footwork","floor":10.0,"key":"SMITH"},{"floor":13.0,"key":"REST"},{"data":"Cloak And Dagger","floor":15.0,"key":"SMITH"},{"floor":23.0,"key":"RECALL"},{"floor":25.0,"key":"REST"},{"floor":32.0,"key":"REST"},{"floor":41.0,"key":"REST"},{"floor":46.0,"key":"REST"},{"floor":49.0,"key":"REST"},{"floor":52.0,"key":"REST"}],"circlet_count":0,"master_deck":["AscendersBane","Strike_G","Strike_G","Defend_G","Defend_G","Defend_G","Defend_G","Defend_G","Survivor","Neutralize+1","Flying Knee","Riddle With Holes+1","Blade Dance+1","Quick Slash","Footwork+1","Cloak And Dagger+1","Corpse Explosion","Deadly Poison","Well Laid Plans+1","PiercingWail","Blur","Calculated Gamble+1","Terror+1","Malaise","Doppelganger","Cloak And Dagger+1","Choke+1","PiercingWail","Caltrops","Blade Dance","Backflip","Backflip","Noxious Fumes","Footwork","Caltrops"],"relics":["Ring of the Snake","Potion Belt","Matryoshka","Fusion Hammer","Vajra","Shuriken","Bag of Preparation","Happy Flower","MawBank","Snecko Eye","Medical Kit","Art of War","Omamori","Boot","Calipers","WarpedTongs","Lizard Tail","Pen Nib"],"acts_visited":["Exordium","TheCity","TheBeyond","TheEnding"],"potions_floor_usage":[55,55],"damage_taken":[{"damage":0.0,"enemies":"2 Louse","floor":1.0,"turns":4.0},{"damage":2.0,"enemies":"Small Slimes","floor":2.0,"turns":5.0},{"damage":12.0,"enemies":"3 Sentries","floor":7.0,"turns":6.0},{"damage":2.0,"enemies":"Jaw Worm","floor":8.0,"turns":2.0},{"damage":12.0,"enemies":"Gremlin Nob","floor":11.0,"turns":4.0},{"damage":15.0,"enemies":"The Guardian","floor":16.0,"turns":17.0},{"damage":0.0,"enemies":"Spheric Guardian","floor":18.0,"turns":3.0},{"damage":4.0,"enemies":"Shell Parasite","floor":21.0,"turns":5.0},{"damage":23.0,"enemies":"Book of Stabbing","floor":24.0,"turns":6.0},{"damage":0.0,"enemies":"Gremlin Leader","floor":27.0,"turns":5.0},{"damage":1.0,"enemies":"3 Cultists","floor":28.0,"turns":3.0},{"damage":0.0,"enemies":"Snecko","floor":29.0,"turns":3.0},{"damage":0.0,"enemies":"Slavers","floor":30.0,"turns":3.0},{"damage":19.0,"enemies":"Sentry and Sphere","floor":31.0,"turns":7.0},{"damage":11.0,"enemies":"Champ","floor":33.0,"turns":11.0},{"damage":0.0,"enemies":"3 Shapes","floor":35.0,"turns":2.0},{"damage":10.0,"enemies":"3 Darklings","floor":36.0,"turns":3.0},{"damage":25.0,"enemies":"Writhing Mass","floor":37.0,"turns":6.0},{"damage":0.0,"enemies":"4 Shapes","floor":39.0,"turns":6.0},{"damage":9.0,"enemies":"Reptomancer","floor":40.0,"turns":5.0},{"damage":1.0,"enemies":"3 Darklings","floor":42.0,"turns":2.0},{"damage":13.0,"enemies":"2 Orb Walkers","floor":44.0,"turns":3.0},{"damage":0.0,"enemies":"Nemesis","floor":47.0,"turns":5.0},{"damage":6.0,"enemies":"Writhing Mass","floor":48.0,"turns":6.0},{"damage":34.0,"enemies":"Donu and Deca","floor":50.0,"turns":7.0},{"damage":66.0,"enemies":"Shield and Spear","floor":54.0,"turns":6.0},{"damage":50,"enemies":"The Heart","floor":55,"turns":5}],"seed_played":"-2477441594082958866","potions_obtained":[{"floor":2.0,"key":"CultistPotion"},{"floor":8.0,"key":"LiquidBronze"},{"floor":16.0,"key":"CunningPotion"},{"floor":18.0,"key":"Dexterity Potion"},{"floor":29.0,"key":"SteroidPotion"},{"floor":30.0,"key":"Explosive Potion"},{"floor":33.0,"key":"BlessingOfTheForge"},{"floor":36.0,"key":"Poison Potion"},{"floor":37.0,"key":"SkillPotion"},{"floor":39.0,"key":"Strength Potion"},{"floor":42.0,"key":"AttackPotion"}],"is_trial":false,"path_per_floor":["M","M","?","?","$","R","E","M","T","R","E","?","R","$","R","B",null,"M","$","?","M","$","R","E","R","T","E","M","M","E","M","R","B",null,"M","M","M","$","M","E","R","M","T","?","?","R","E","M","R","B",null,"R","$","E","B"],"character_chosen":"THE_SILENT","items_purchased":["Blade Dance","Cloak And Dagger","Well Laid Plans","PiercingWail","Medical Kit","Caltrops","Blade Dance","Footwork","DuplicationPotion"],"campfire_rested":7,"item_purchase_floors":[5,14,19,19,38,38,38,53,53],"current_hp_per_floor":[59,57,57,57,57,57,45,43,43,43,31,24,43,43,43,28,57,57,57,57,53,53,53,30,49,49,49,48,48,48,29,48,37,59,59,49,24,24,24,15,34,33,33,20,20,39,39,33,52,18,54,66,66,33,0,0],"gold":61,"neow_bonus":"UPGRADE_CARD","is_daily":false,"chose_seed":false,"campfire_upgraded":3,"win_rate":0.0,"timestamp":1613931208,"path_taken":["M","M","?","?","$","R","E","M","T","R","E","?","R","?","R","BOSS","M","$","?","?","?","R","E","R","T","E","M","M","E","M","R","BOSS","M","M","M","$","M","E","R","M","T","?","?","R","E","?","R","BOSS","R","$","E","BOSS"],"items_purchased_type":["Card","Card","Card","Card","Relic","Card","Card","Card","Potion"],"build_version":"2020-12-22","purchased_purges":2,"victory":false,"max_hp_per_floor":[66,66,66,66,66,66,66,66,66,66,66,66,66,66,66,66,66,66,66,66,66,66,66,66,66,66,66,66,66,66,66,66,66,66,66,66,66,66,66,66,66,66,66,66,66,66,66,66,66,66,66,66,66,66,66,66],"relic_stats":{"Happy Flower":[27],"counters":[27,140],"Pen Nib":[1],"Bag of Preparation":[24],"MawBank":96,"Medical Kit":[13],"Boot":[22],"WarpedTongs":[29],"Lizard Tail":33,"Shuriken":[52],"Snecko Eye":[106,114,122,127],"Art of War":[8],"obtain_stats":[{"Potion Belt":7,"Calipers":44,"Happy Flower":27,"Vajra":24,"Pen Nib":54,"Bag of Preparation":26,"Omamori":43,"MawBank":30,"Medical Kit":38,"Boot":43,"WarpedTongs":45,"Lizard Tail":47,"Matryoshka":11,"Shuriken":26,"Snecko Eye":34,"Fusion Hammer":17,"Art of War":40,"Ring of the Snake":0},{"Potion Belt":3,"Calipers":22,"Happy Flower":10,"Vajra":9,"Pen Nib":26,"Bag of Preparation":9,"Omamori":21,"MawBank":13,"Medical Kit":18,"Boot":21,"WarpedTongs":22,"Lizard Tail":23,"Matryoshka":5,"Shuriken":9,"Snecko Eye":15,"Fusion Hammer":6,"Art of War":20,"Ring of the Snake":0},{"Potion Belt":15,"Calipers":111,"Happy Flower":57,"Vajra":52,"Pen Nib":135,"Bag of Preparation":52,"Omamori":108,"MawBank":66,"Medical Kit":95,"Boot":108,"WarpedTongs":111,"Lizard Tail":116,"Matryoshka":21,"Shuriken":52,"Snecko Eye":84,"Fusion Hammer":38,"Art of War":106,"Ring of the Snake":0}],"Ring of the Snake":[54]},"card_choices":[{"not_picked":["Backflip","Dodge and Roll"],"picked":"Flying Knee","floor":1.0},{"not_picked":["Masterful Stab","Underhanded Strike"],"picked":"Riddle With Holes","floor":2.0},{"not_picked":["Slice","Riddle With Holes"],"picked":"Quick Slash","floor":7.0},{"not_picked":["Leg Sweep","Expertise"],"picked":"Footwork","floor":8.0},{"not_picked":["Heel Hook","Backflip","Distraction"],"picked":"SKIP","floor":11.0},{"not_picked":["Storm of Steel","After Image"],"picked":"Corpse Explosion","floor":16.0},{"not_picked":["Flying Knee+1","Sucker Punch"],"picked":"Deadly Poison","floor":18.0},{"not_picked":["Underhanded Strike","Outmaneuver","Distraction"],"picked":"SKIP","floor":21.0},{"not_picked":["Bane","Skewer"],"picked":"Blur","floor":24.0},{"not_picked":["Underhanded Strike","Deadly Poison","Flechettes+1"],"picked":"SKIP","floor":27.0},{"not_picked":["Endless Agony","Choke"],"picked":"Calculated Gamble+1","floor":28.0},{"not_picked":["Deadly Poison","Underhanded Strike"],"picked":"Terror+1","floor":29.0},{"not_picked":["Dagger Throw","Masterful Stab","Flying Knee"],"picked":"SKIP","floor":30.0},{"not_picked":["Escape Plan","Cloak And Dagger"],"picked":"Malaise","floor":31.0},{"not_picked":["Storm of Steel","Unload"],"picked":"Doppelganger","floor":33.0},{"not_picked":["Accuracy","Dagger Spray"],"picked":"Cloak And Dagger+1","floor":35.0},{"not_picked":["Dash","Caltrops"],"picked":"Choke+1","floor":36.0},{"not_picked":["Cloak And Dagger+1","Poisoned Stab"],"picked":"PiercingWail","floor":37.0},{"not_picked":["PiercingWail","Deflect+1"],"picked":"Backflip","floor":39.0},{"not_picked":["Finisher","Backstab","Escape Plan+1"],"picked":"SKIP","floor":40.0},{"not_picked":["Glass Knife","Bane","Deadly Poison"],"picked":"SKIP","floor":42.0},{"not_picked":["Dodge and Roll","Expertise"],"picked":"Backflip","floor":44.0},{"not_picked":["Poisoned Stab","Eviscerate","Slice+1"],"picked":"SKIP","floor":47.0},{"not_picked":["Flying Knee","Bouncing Flask"],"picked":"Noxious Fumes","floor":48.0},{"not_picked":["Bullet Time","Dodge and Roll"],"picked":"Caltrops","floor":54.0}],"player_experience":720284,"relics_obtained":[{"floor":7.0,"key":"Potion Belt"},{"floor":11.0,"key":"Matryoshka"},{"floor":24.0,"key":"Vajra"},{"floor":26.0,"key":"Shuriken"},{"floor":26.0,"key":"Bag of Preparation"},{"floor":27.0,"key":"Happy Flower"},{"floor":30.0,"key":"MawBank"},{"floor":40.0,"key":"Art of War"},{"floor":43.0,"key":"Omamori"},{"floor":43.0,"key":"Boot"},{"floor":44.0,"key":"Calipers"},{"floor":47.0,"key":"Lizard Tail"},{"floor":54.0,"key":"Pen Nib"}],"event_choices":[{"damage_healed":0.0,"max_hp_gain":0.0,"max_hp_loss":0.0,"gold_gain":0.0,"event_name":"Living Wall","player_choice":"Grow","floor":3.0,"gold_loss":0.0,"damage_taken":0.0,"cards_upgraded":["Riddle With Holes"]},{"damage_healed":0.0,"max_hp_gain":0.0,"max_hp_loss":0.0,"gold_gain":0.0,"event_name":"Shining Light","player_choice":"Ignored","floor":4.0,"gold_loss":0.0,"damage_taken":0.0},{"cards_removed":["Strike_G"],"damage_healed":0.0,"max_hp_gain":0.0,"max_hp_loss":0.0,"gold_gain":0.0,"event_name":"Golden Wing","player_choice":"Card Removal","floor":12.0,"gold_loss":0.0,"damage_taken":7.0},{"damage_healed":0.0,"max_hp_gain":0.0,"max_hp_loss":0.0,"gold_gain":0.0,"event_name":"Upgrade Shrine","player_choice":"Upgraded","floor":20.0,"gold_loss":0.0,"damage_taken":0.0,"cards_upgraded":["Well Laid Plans"]},{"damage_healed":0.0,"max_hp_gain":0.0,"max_hp_loss":0.0,"gold_gain":0.0,"event_name":"Mysterious Sphere","player_choice":"Fight","floor":44.0,"gold_loss":0.0,"damage_taken":0.0},{"damage_healed":0.0,"max_hp_gain":0.0,"max_hp_loss":0.0,"gold_gain":0.0,"event_name":"Accursed Blacksmith","player_choice":"Rummage","floor":45.0,"gold_loss":0.0,"damage_taken":0.0,"relics_obtained":["WarpedTongs"],"cards_obtained":["Pain"]}],"is_beta":false,"boss_relics":[{"not_picked":["Busted Crown","Astrolabe"],"picked":"Fusion Hammer"},{"not_picked":["Empty Cage","Ring of the Serpent"],"picked":"Snecko Eye"}],"items_purged_floors":[5,38],"is_endless":false,"potions_floor_spawned":[2,8,16,18,29,30,33,36,37,39,42],"killed_by":"The Heart","ascension_level":16}}