{"host":"kag8mfq4or8nkqb2","time":1613930711,"event":{"mods":["2.2 Compatiblity","BaseMod","Colored Map","Colored Powertips","Downfall","Minty Spire (QoL Compilation)","Relic Stats","StSLib"],"gold_per_floor":[0,19,19,19,34,484,484,498,508,255,268,295,195,228,243,243,243,243],"floor_reached":16,"language":"ENG","playtime":3190,"items_purged":["downfall:Icky"],"score":118,"play_id":"991c52c6-9bfd-4634-958c-4cf5323e4cf1","local_time":"20210221180511","is_ascension_mode":true,"campfire_choices":[{"data":"bronze:FindAndReplace","floor":1,"key":"SMITH"},{"data":"bronze:ClassDefault","floor":13,"key":"SMITH"}],"circlet_count":0,"master_deck":["bronze:Strike","bronze:Strike","bronze:Strike","bronze:Strike","bronze:Defend+1","bronze:Defend","bronze:Defend","bronze:Defend","bronze:Replicate+1","bronze:Goto+1","bronze:FindAndReplace+1","bronze:Constructor","bronze:OilSpill","downfall:Icky","downfall:Icky","bronze:WhirlingStrike","bronze:BronzeArmor","bronze:Overheat","Purity","bronze:ClassDefault+1","bronze:BugBarrage","bronze:Deprecate","bronze:Philosophize"],"relics":["bronze:BronzeCore","Gremlin Horn","Ancient Tea Set","downfall:HeartBlessingGreen","Bag of Marbles"],"acts_visited":["Exordium"],"potions_floor_usage":[9,12,16,16],"damage_taken":[{"damage":1,"enemies":"Jaw Worm","floor":2,"turns":4},{"damage":1,"enemies":"2 Louse","floor":5,"turns":3},{"damage":2,"enemies":"Small Slimes","floor":8,"turns":4},{"damage":0,"enemies":"Exordium Wildlife","floor":9,"turns":3},{"damage":0,"enemies":"downfall:FleeingMerchant","floor":10,"turns":4},{"damage":0,"enemies":"2 Fungi Beasts","floor":11,"turns":3},{"damage":15,"enemies":"3 Sentries","floor":12,"turns":9},{"damage":36,"enemies":"Gremlin Nob","floor":14,"turns":4},{"damage":0,"enemies":"downfall:LooterAlt","floor":15,"turns":1},{"damage":23,"enemies":"WA_ARCHETYPE_RETAIN","floor":16,"turns":6}],"seed_played":"4755186520626105645","potions_obtained":[{"floor":2,"key":"AttackPotion"},{"floor":8,"key":"hexamod:SoulburnPotion"},{"floor":9,"key":"Block Potion"},{"floor":11,"key":"SkillPotion"}],"is_trial":false,"path_per_floor":["R","M","?","?","M","?","T","M","M","$","M","E","R","E","M","B"],"character_chosen":"THE_AUTOMATON","items_purchased":["Purity","bronze:ClassDefault"],"campfire_rested":0,"item_purchase_floors":[10,10],"current_hp_per_floor":[70,69,69,69,68,68,68,66,66,66,66,51,51,15,15,0,0,0],"gold":243,"neow_bonus":"THREE_RARE_CARDS","is_daily":false,"chose_seed":false,"campfire_upgraded":2,"win_rate":0.0,"timestamp":1613930711,"path_taken":["R","M","?","?","M","?","T","M","M","$","?","E","R","E","M","BOSS"],"items_purchased_type":["Card","Card"],"build_version":"2020-12-22","purchased_purges":1,"victory":false,"max_hp_per_floor":[70,70,70,70,70,70,70,70,70,70,70,70,70,70,70,70,70,70],"relic_stats":{"Gremlin Horn":[5,5],"counters":[10,41],"obtain_stats":[{"bronze:BronzeCore":0,"Gremlin Horn":7,"downfall:HeartBlessingGreen":13,"Bag of Marbles":14,"Ancient Tea Set":12},{"bronze:BronzeCore":0,"Gremlin Horn":2,"downfall:HeartBlessingGreen":7,"Bag of Marbles":8,"Ancient Tea Set":7},{"bronze:BronzeCore":0,"Gremlin Horn":7,"downfall:HeartBlessingGreen":30,"Bag of Marbles":34,"Ancient Tea Set":30}]},"card_choices":[{"not_picked":["bronze:HyperBeam","bronze:HardenedForm"],"picked":"bronze:FindAndReplace","floor":0},{"not_picked":["bronze:CutThrough","bronze:Frontload"],"picked":"bronze:Constructor","floor":2},{"not_picked":["bronze:BronzeArmor","bronze:Frontload"],"picked":"bronze:OilSpill","floor":5},{"not_picked":["bronze:Overheat","bronze:WildBeam"],"picked":"bronze:WhirlingStrike","floor":8},{"not_picked":["bronze:Shield","bronze:DarkDash"],"picked":"bronze:BronzeArmor","floor":9},{"not_picked":["bronze:BitShift","bronze:Deprecate"],"picked":"bronze:Overheat","floor":10},{"not_picked":["bronze:DelayedSlice","bronze:ChildClass"],"picked":"bronze:BugBarrage","floor":11},{"not_picked":["bronze:SpaghettiCode","bronze:DelayedGuard"],"picked":"bronze:Deprecate","floor":12},{"not_picked":["bronze:WildBeam","bronze:Constructor"],"picked":"bronze:Philosophize","floor":14},{"not_picked":["bronze:GetLatest","bronze:WhirlingStrike","bronze:Separator"],"picked":"SKIP","floor":15}],"player_experience":1114165,"relics_obtained":[{"floor":7,"key":"Gremlin Horn"},{"floor":12,"key":"Ancient Tea Set"},{"floor":14,"key":"Bag of Marbles"}],"event_choices":[{"cards_removed":["downfall:Malfunctioning"],"damage_healed":0,"gold_gain":0,"player_choice":"Card Removal","damage_taken":0,"max_hp_gain":0,"max_hp_loss":0,"event_name":"The Cleric","floor":4,"gold_loss":0}],"is_beta":false,"boss_relics":[],"items_purged_floors":[10],"is_endless":false,"potions_floor_spawned":[2,8,9,11],"killed_by":"WA_ARCHETYPE_RETAIN","ascension_level":1}}