{"host":"2820e8i2y38gm4bp","time":1613875390,"event":{"mods":["2.2 Compatiblity","Act Like it!","BaseMod","Better Note","BetterRewards","Downfall","Elementarium","Gensokyo","GungeonMod","Hermit","Hubris","Marisa????????","Minty Spire (QoL Compilation)","Rare Cards Sparkle","Replay The Spire","StSLib","The Cursed","The Jungle","The Servant 0.9.4"],"gold_per_floor":[112,130,130,147,159,194,194,224,224,224,235,235,263,263,263,362,362,380,380,260,260,13,48,48,80,80,96,107,9,9,25,25,127,127,139,139,71,83,23,51,69,82,157,192,211,211,211,279,279,279],"floor_reached":51,"language":"ENG","playtime":3562,"items_purged":["Pride"],"score":1056,"play_id":"7eb34295-6e83-403a-a883-182a7043b5c9","local_time":"20210220214310","is_ascension_mode":true,"campfire_choices":[{"data":"ReplayTheSpireMod:Brewmster","floor":7,"key":"SMITH"},{"floor":10,"key":"REST"},{"data":"GalacticHalo","floor":12,"key":"SMITH"},{"floor":15,"key":"REST"},{"floor":24,"key":"REST"},{"floor":32,"key":"REST"},{"floor":46,"key":"REST"}],"circlet_count":0,"master_deck":["Strike_MRS","Strike_MRS","Strike_MRS","Strike_MRS","Defend_MRS","Defend_MRS","Defend_MRS","MasterSpark+1","UpSweep","ReplayTheSpireMod:Brewmster+1","WitchLeyline","ShootingEcho","GalacticHalo+1","PowerUp","UltimateShortwave","EscapeVelocity","OrrerysSun+1","Gensokyo:AllTheWorldsEvil","Gensokyo:TekeTeke","PropBag","GrandCross","hubris:EnhanceAbility","6A+1","BinaryStars","Gensokyo:PrivateSquare","PropBag","PropBag","Gensokyo:CustomPotion","LuminesStrike+1","MachineGunSpark","DarkSpark"],"relics":["MiniHakkero","Membership Card","hubris:TenFootPole","Pondfish Scales","Ring of Searing","Strawberry","Snack Pack","ReplayTheSpireMod:TigerMarble","AmplifyWand","Gensokyo:CelestialsFlawlessClothing","RampagingMagicTools","Gensokyo:ConquerorOfFear","Gensokyo:MaskOfHope","Pen Nib","Darkstone Periapt","DemoMod:BlueGuonStone","ReplayTheSpireMod:DimensionalGlitch","DemoMod:PoisonVial","BreadOfAWashokuLover","DemoMod:WeirdEgg","Blue Candle"],"acts_visited":["Gensokyo:Gensokyo","Gensokyo:Gensokyoer","Gensokyo:Gensokyoest"],"potions_floor_usage":[5,6,8,8,8,13,13,13,16,16,16,18,18,23,23,23,23,25,33,35,38,38,44,45,50,50,50,50,50,50],"damage_taken":[{"damage":1,"enemies":"Gensokyo:Python","floor":1,"turns":3},{"damage":6,"enemies":"Gensokyo:Gryphon","floor":2,"turns":3},{"damage":6,"enemies":"Gensokyo:3_Fairies","floor":4,"turns":4},{"damage":11,"enemies":"Gensokyo:Gryphon_and_Rabbit","floor":5,"turns":3},{"damage":0,"enemies":"Gensokyo:Mamizou","floor":6,"turns":6},{"damage":21,"enemies":"Gensokyo:Cirno","floor":8,"turns":7},{"damage":0,"enemies":"Gensokyo:Python_and_Kodama","floor":11,"turns":2},{"damage":19,"enemies":"Gensokyo:Mamizou","floor":13,"turns":4},{"damage":117,"enemies":"Gensokyo:Reimu","floor":16,"turns":8},{"damage":21,"enemies":"Gensokyo:CosmicMonolith","floor":18,"turns":3},{"damage":58,"enemies":"Gensokyo:Koishi","floor":23,"turns":5},{"damage":0,"enemies":"Gensokyo:Reisen","floor":25,"turns":3},{"damage":3,"enemies":"Gensokyo:3_Dogs","floor":27,"turns":3},{"damage":4,"enemies":"Gensokyo:Chomper_and_Gloop","floor":28,"turns":3},{"damage":0,"enemies":"Gensokyo:Wraith","floor":31,"turns":2},{"damage":4,"enemies":"Gensokyo:Eternal_Rivals","floor":33,"turns":5},{"damage":7,"enemies":"Gensokyo:3_Bats","floor":35,"turns":3},{"damage":8,"enemies":"Gensokyo:AncientGuardian","floor":38,"turns":3},{"damage":19,"enemies":"Gensokyo:Kasen","floor":40,"turns":4},{"damage":0,"enemies":"Gensokyo:AtlasGolem","floor":41,"turns":4},{"damage":1,"enemies":"Gensokyo:4_Bats","floor":42,"turns":4},{"damage":14,"enemies":"Gensokyo:Marisa","floor":44,"turns":6},{"damage":26,"enemies":"Gensokyo:SeedOfUnknown","floor":45,"turns":5},{"damage":43,"enemies":"Gensokyo:Yuyuko","floor":50,"turns":7}],"seed_played":"-7562959013463437444","potions_obtained":[{"floor":16,"key":"Energy Potion"},{"floor":18,"key":"BlessingOfTheForge"},{"floor":27,"key":"SteroidPotion"},{"floor":28,"key":"LiquidBronze"},{"floor":31,"key":"AttackPotion"},{"floor":40,"key":"Swift Potion"},{"floor":42,"key":"Regen Potion"}],"is_trial":false,"path_per_floor":["M","M","?","M","M","E","R","E","T","R","M","R","E","?","R","B",null,"M","?","?","?","COS","E","R","E","T","M","M","$","$","M","R","B",null,"M","?","$","M","?","E","M","M","T","E","M","R","?","T","R","B",null],"character_chosen":"MARISA","items_purchased":["Membership Card","hubris:TenFootPole","ReplayTheSpireMod:Brewmster","hubris:EnhanceAbility","PropBag"],"campfire_rested":5,"item_purchase_floors":[0,0,0,29,37],"current_hp_per_floor":[52,46,46,40,29,40,40,19,19,43,47,47,30,20,44,19,82,63,63,63,63,63,5,29,31,31,28,26,26,26,26,50,52,82,75,81,81,75,75,57,58,61,61,60,35,61,61,61,61,61],"gold":279,"neow_bonus":"","is_daily":false,"chose_seed":false,"campfire_upgraded":2,"win_rate":0.0,"timestamp":1613875390,"path_taken":["M","M","?","M","M","E","R","E","T","R","M","R","E","?","R","BOSS","M","?","?","?","COS","E","R","E","T","?","?","?","$","M","R","BOSS","M","?","$","M","?","E","M","?","T","E","M","R","?","?","R","BOSS"],"items_purchased_type":["Relic","Relic","Card","Card","Card"],"build_version":"2020-12-22","purchased_purges":1,"victory":true,"max_hp_per_floor":[75,75,75,75,75,82,82,82,82,82,82,82,82,82,82,82,82,82,82,82,82,82,82,82,82,82,82,82,82,82,82,82,82,82,82,88,88,88,88,88,88,88,88,88,88,88,88,88,88,88],"card_choices":[{"not_picked":["GrandCross","GravityBeat"],"picked":"WitchLeyline","floor":1},{"not_picked":["MeteoricShower","GalacticHalo"],"picked":"ShootingEcho","floor":2},{"not_picked":["MilkyWay","DarkSpark"],"picked":"GalacticHalo","floor":4},{"not_picked":["ChargeUpSpray","WitchOfGreed"],"picked":"PowerUp","floor":5},{"not_picked":["SatelliteIllusion","MagicAbsorber","6A"],"picked":"SKIP","floor":6},{"not_picked":["MilkyWay","MeteoricShower","SporeBomb"],"picked":"SKIP","floor":8},{"not_picked":["GravityBeat","NonDirectionalLaser","MysteriousBeam"],"picked":"SKIP","floor":11},{"not_picked":["DoubleSpark","6A"],"picked":"UltimateShortwave","floor":13},{"not_picked":["MaximisePower","StarDustReverie"],"picked":"EscapeVelocity","floor":16},{"not_picked":["DoubleSpark","Singularity"],"picked":"OrrerysSun+1","floor":18},{"not_picked":["PulseMagic","SporeBomb"],"picked":"PropBag","floor":23},{"not_picked":["EnergyFlow","Robbery","EnergyRecoil+1"],"picked":"SKIP","floor":25},{"not_picked":["OneTimeOff+1","SporeBomb"],"picked":"GrandCross","floor":27},{"not_picked":["ChargeUpSpray+1","OneTimeOff","IllusionStar"],"picked":"SKIP","floor":28},{"not_picked":["NonDirectionalLaser","DeepEcoloBomb"],"picked":"6A+1","floor":31},{"not_picked":["CollectingQuirk","BigCrunch"],"picked":"BinaryStars","floor":33},{"not_picked":["OneTimeOff+1","IllusionStar","LuminesStrike+1"],"picked":"SKIP","floor":35},{"not_picked":["AlicesGift+1","GrandCross+1","Acceleration+1"],"picked":"SKIP","floor":38},{"not_picked":["ChargeUpSpray+1","WitchLeyline"],"picked":"LuminesStrike+1","floor":40},{"not_picked":["SporeBomb+1","EnergyFlow","PropBag"],"picked":"SKIP","floor":41},{"not_picked":["DC","DarkMatter","MysteriousBeam+1"],"picked":"SKIP","floor":42},{"not_picked":["PowerUp+1","GrandCross+1"],"picked":"MachineGunSpark","floor":44},{"not_picked":["ShootTheMoon+1","StarlightTyphoon+1","PowerUp"],"picked":"SKIP","floor":45}],"player_experience":572007,"relics_obtained":[{"floor":3,"key":"Ring of Searing"},{"floor":6,"key":"Strawberry"},{"floor":8,"key":"Snack Pack"},{"floor":9,"key":"ReplayTheSpireMod:TigerMarble"},{"floor":13,"key":"AmplifyWand"},{"floor":23,"key":"Gensokyo:ConquerorOfFear"},{"floor":23,"key":"Pen Nib"},{"floor":25,"key":"Darkstone Periapt"},{"floor":26,"key":"DemoMod:BlueGuonStone"},{"floor":40,"key":"DemoMod:PoisonVial"},{"floor":43,"key":"BreadOfAWashokuLover"},{"floor":44,"key":"DemoMod:WeirdEgg"},{"floor":48,"key":"Blue Candle"}],"event_choices":[],"is_beta":false,"boss_relics":[{"not_picked":["ExperimentalFamiliar","Honey Jar"],"picked":"RampagingMagicTools"},{"not_picked":["SacredBark","Sozu"],"picked":"ReplayTheSpireMod:DimensionalGlitch"}],"items_purged_floors":[37],"is_endless":false,"potions_floor_spawned":[6,11,16,18,27,28,31,35,40,42,44],"ascension_level":1}}