{"host":"m2qkn877fkm57m2k","time":1613939049,"event":{"mods":["AchievementEnabler","Bartender","BaseMod","Colored Map","Magitek Elite","Minty Spire (QoL Compilation)","Permanent Neow","Relic Sorter","StSLib"],"gold_per_floor":[117,127,143,162,174,174,190,223,223,398,417,417,146,174,174,276,276,288,303,335,346,143,143,168,184,184,184,216,216,216,232,232,333,333,348,362,212,223,239,239,239,239,239,239,239,239],"floor_reached":45,"language":"ENG","playtime":4881,"items_purged":["Doubt","Strike_L"],"score":567,"play_id":"4b25dcfc-af7d-456d-83fd-27c7f7b822ea","local_time":"20210221212409","is_ascension_mode":false,"campfire_choices":[{"data":"Minerva_Bustier","floor":6.0,"key":"SMITH"},{"data":"Tornado","floor":12.0,"key":"SMITH"},{"data":"Esuna","floor":15.0,"key":"SMITH"},{"data":"Fake_Moustache","floor":23.0,"key":"SMITH"},{"data":"Circlet","floor":27.0,"key":"SMITH"},{"data":"Might","floor":32.0,"key":"SMITH"},{"data":"Esuna","floor":40.0,"key":"SMITH"},{"data":"Mirage_Vest","floor":42.0,"key":"SMITH"},{"data":"Mirage_Vest","floor":44.0,"key":"SMITH"}],"circlet_count":0,"master_deck":["Strike_L","Strike_L","Strike_L","Defend_L","Defend_L","Defend_L","Defend_L","Defend_L","Fire2","Cure","Minerva_Bustier+1","Tornado+1","Focus","Mirage_Vest+1","Magnus_Hat","Aero","Might+1","Circlet+1","Esuna","Thousand_Needles","Fake_Moustache+1","Mirage_Vest+1","Rune_Blade","Trance","Blizzard_P+2","Magnus_Hat+1","Strike_L","Strike_L","Strike_L","Strike_L","Strike_L"],"relics":["Pendant","Pocketwatch","StoneCalendar","Kunai","Ice Cream","Gem_Box","Red Mask","Letter Opener","Mercury Hourglass","CaptainsWheel","MutagenicStrength","Memories","Medical Kit","Mythril_Glove"],"acts_visited":["Exordium","TheCity","TheBeyond"],"potions_floor_usage":[],"damage_taken":[{"damage":5.0,"enemies":"Jaw Worm","floor":1.0,"turns":5.0},{"damage":2.0,"enemies":"2 Louse","floor":2.0,"turns":5.0},{"damage":6.0,"enemies":"Cultist","floor":3.0,"turns":6.0},{"damage":2.0,"enemies":"Large Slime","floor":4.0,"turns":6.0},{"damage":15.0,"enemies":"Exordium Thugs","floor":5.0,"turns":5.0},{"damage":1.0,"enemies":"Blue Slaver","floor":7.0,"turns":6.0},{"damage":18.0,"enemies":"3 Sentries","floor":8.0,"turns":7.0},{"damage":1.0,"enemies":"2 Fungi Beasts","floor":11.0,"turns":4.0},{"damage":1.0,"enemies":"Lagavulin","floor":14.0,"turns":7.0},{"damage":0.0,"enemies":"The Guardian","floor":16.0,"turns":10.0},{"damage":6.0,"enemies":"3 Byrds","floor":18.0,"turns":5.0},{"damage":6.0,"enemies":"Spheric Guardian","floor":19.0,"turns":6.0},{"damage":14.0,"enemies":"Masked Bandits","floor":20.0,"turns":7.0},{"damage":0.0,"enemies":"Snecko","floor":21.0,"turns":6.0},{"damage":10.0,"enemies":"Book of Stabbing","floor":24.0,"turns":7.0},{"damage":22.0,"enemies":"Shelled Parasite and Fungi","floor":25.0,"turns":8.0},{"damage":16.0,"enemies":"Slavers","floor":28.0,"turns":6.0},{"damage":0.0,"enemies":"Centurion and Healer","floor":31.0,"turns":7.0},{"damage":0.0,"enemies":"Champ","floor":33.0,"turns":10.0},{"damage":0.0,"enemies":"Orb Walker","floor":35.0,"turns":6.0},{"damage":0.0,"enemies":"3 Darklings","floor":36.0,"turns":5.0},{"damage":4.0,"enemies":"Spire Growth","floor":38.0,"turns":5.0},{"damage":0.0,"enemies":"Writhing Mass","floor":39.0,"turns":6.0}],"seed_played":"4812062732287301130","potions_obtained":[{"floor":1.0,"key":"FairyPotion"},{"floor":5.0,"key":"SteroidPotion"},{"floor":7.0,"key":"SpeedPotion"},{"floor":11.0,"key":"Energy Potion"},{"floor":14.0,"key":"Regen Potion"},{"floor":31.0,"key":"AttackPotion"},{"floor":36.0,"key":"EssenceOfSteel"},{"floor":38.0,"key":"SkillPotion"}],"is_trial":false,"path_per_floor":["M","M","M","M","M","R","M","E","T","?","M","R","$","E","R","B",null,"M","M","?","M","$","R","E","M","T","R","E","?","?","M","R","B",null,"M","M","$","M","M","R","$","R","T","R","?"],"character_chosen":"MAGITEKELITE","items_purchased":["Might","Circlet","Esuna","Fruit Juice","Medical Kit"],"campfire_rested":0,"item_purchase_floors":[13,13,13,22,37],"current_hp_per_floor":[46,50,50,54,45,45,50,32,32,32,37,37,37,42,42,48,63,57,63,61,63,63,63,64,53,53,53,49,49,49,61,61,67,68,68,68,68,64,64,64,64,64,64,64,64,64],"gold":239,"neow_bonus":"ONE_RARE_RELIC","is_daily":false,"chose_seed":false,"campfire_upgraded":9,"win_rate":0.0,"timestamp":1613939049,"path_taken":["M","M","M","M","M","R","M","E","T","?","M","R","$","E","R","BOSS","M","M","?","M","$","R","E","M","T","R","E","?","?","?","R","BOSS","M","M","$","M","?","R","$","R","T","R","?"],"items_purchased_type":["Card","Card","Card","Potion","Relic"],"build_version":"2020-12-22","purchased_purges":2,"victory":false,"max_hp_per_floor":[63,63,63,63,63,63,63,63,63,63,63,63,63,63,63,63,63,63,63,63,63,63,63,68,68,68,68,68,68,68,68,68,68,68,68,68,68,68,68,68,68,68,68,68,68,68],"card_choices":[{"not_picked":["Meteor","Thunder_Blade"],"picked":"Minerva_Bustier","floor":1.0},{"not_picked":["Transpose_P","Water"],"picked":"Tornado","floor":2.0},{"not_picked":["Barrier","Cursed_Shield"],"picked":"Focus","floor":3.0},{"not_picked":["Transpose_P","Man_Eater"],"picked":"Mirage_Vest","floor":4.0},{"not_picked":["Wall","Water"],"picked":"Magnus_Hat","floor":5.0},{"not_picked":["Heavy_Shield","Dark","Poisona"],"picked":"SKIP","floor":7.0},{"not_picked":["Flare","Magnus_Hat"],"picked":"Aero","floor":8.0},{"not_picked":["Mythril_Knife","Heavy_Shield","Gladius"],"picked":"SKIP","floor":11.0},{"not_picked":["Cursed_Shield","Quake"],"picked":"Thousand_Needles","floor":14.0},{"not_picked":["Gravity","Remember"],"picked":"Fake_Moustache","floor":16.0},{"not_picked":["Thunder_P","Wall","Float2_Spell"],"picked":"SKIP","floor":18.0},{"not_picked":["Throw+1","Mythril_Knife"],"picked":"Mirage_Vest","floor":19.0},{"not_picked":["Gaia_Gear","Mythril_Knife","Astra"],"picked":"SKIP","floor":21.0},{"not_picked":["Mythril_Knife","Enhancer"],"picked":"Rune_Blade","floor":24.0},{"not_picked":["Gravity","Gladius","Magnus_Hat"],"picked":"SKIP","floor":25.0},{"not_picked":["Flametongue","Aero","Thunder_P"],"picked":"SKIP","floor":28.0},{"not_picked":["Faith","Heavy_Shield","Rune_Blade"],"picked":"SKIP","floor":31.0},{"not_picked":["Mystery_Veil","Gravity"],"picked":"Trance","floor":33.0},{"not_picked":["Vox","Man_Eater+1"],"picked":"Magnus_Hat+1","floor":35.0},{"not_picked":["Circlet","Gaia_Gear+1","Heavy_Shield+1"],"picked":"SKIP","floor":36.0},{"not_picked":["Vox+1","Break+1","Throw+1"],"picked":"SKIP","floor":38.0},{"not_picked":["Gladius+1","Flametongue","Balance"],"picked":"SKIP","floor":39.0}],"player_experience":0,"relics_obtained":[{"floor":8.0,"key":"Kunai"},{"floor":9.0,"key":"Ice Cream"},{"floor":14.0,"key":"Pocketwatch"},{"floor":20.0,"key":"Red Mask"},{"floor":24.0,"key":"Letter Opener"},{"floor":26.0,"key":"Mercury Hourglass"},{"floor":28.0,"key":"CaptainsWheel"},{"floor":43.0,"key":"Mythril_Glove"}],"event_choices":[{"damage_healed":0.0,"max_hp_gain":0.0,"max_hp_loss":0.0,"gold_gain":175.0,"event_name":"Liars Game","player_choice":"AGREE","floor":10.0,"gold_loss":0.0,"damage_taken":0.0,"cards_obtained":["Doubt"]},{"damage_healed":0.0,"max_hp_gain":0.0,"max_hp_loss":0.0,"gold_gain":0.0,"event_name":"Masked Bandits","player_choice":"Fought Bandits","floor":20.0,"gold_loss":0.0,"damage_taken":0.0},{"damage_healed":0.0,"max_hp_gain":0.0,"max_hp_loss":0.0,"gold_gain":0.0,"event_name":"Drug Dealer","player_choice":"Inject Mutagens","floor":29.0,"gold_loss":0.0,"damage_taken":0.0,"relics_obtained":["MutagenicStrength"]},{"damage_healed":0.0,"max_hp_gain":0.0,"max_hp_loss":0.0,"gold_gain":0.0,"event_name":"Ghosts","player_choice":"Ignored","floor":30.0,"gold_loss":0.0,"damage_taken":0.0}],"is_beta":false,"boss_relics":[{"not_picked":["Sozu","Snecko Eye"],"picked":"Gem_Box"},{"not_picked":["Runic Dome","Tiny House"],"picked":"Memories"}],"items_purged_floors":[13,22],"is_endless":false,"potions_floor_spawned":[1,5,7,11,14,19,20,31,36,38],"ascension_level":0}}