{"host":"u9h06qdlnp3wgzsw","time":1613903341,"event":{"mods":["Act Like it!","BaseMod","Conspire","Curses Come First","Custom Start","Downfall","Hallownest","Hermit","Hubris","Minty Spire (QoL Compilation)","Quick Restart","Rare Cards Sparkle","Reliquary","Replay The Spire","Ruina","Shop Mod","StSLib","The Bug Knight","The Disciple","The Servant 0.9.4"],"gold_per_floor":[112,112,157,157,107,139,139,139,139,152,26,53,68,98,98,202,202,212,212,212,225,237,237,266,266,314,332,6,6,6,31,31,136,136,156,65,89,106,106,106,106,106,106,106,176,254,2,23,23,27],"floor_reached":51,"language":"ENG","playtime":4602,"items_purged":["Defend_Br","Strike_Br"],"score":804,"play_id":"0b2926a3-8586-4e77-86e2-4f26f9586461","local_time":"20210221052901","is_ascension_mode":false,"campfire_choices":[{"data":"HandsUpC","floor":7,"key":"SMITH"},{"data":"LockedScales","floor":15,"key":"SMITH"},{"data":"SecondHand","floor":23,"key":"SMITH"},{"data":"Accruing","floor":25,"key":"SMITH"},{"floor":32,"key":"DIG"},{"floor":40,"key":"REST"}],"circlet_count":0,"master_deck":["Strike_Br","Strike_Br","Defend_Br","Defend_Br","Defend_Br","SecondHand+1","PatternShift","LockedScales+1","HandsUpC+1","HandsUpC+1","LockedUrn","LockedScales+1","LockedPlans","Fragmentalize","LockedScales","Accruing+1","ruina:Nihil+1","Allegro","LockedThread","MasterKey","Facsimile+1","LockedThread+1","BlueShift+1","LockedTurtyl+1","HandsUpC+1","LockedScales+1","Spreading Infection"],"relics":["Chronometer","Chronograph","The Courier","HollowMod:StagPassRelic","Smiling Mask","MealTicket","Bird Faced Urn","Mango","hubris:BundleOfHerbs","hubris:HollowSoul","Durian","Juzu Bracelet","reliquary:Firecrackers","hubris:Towel","Pear","hubris:BottledRain","reliquary:Spinner","Mirror","CaptainsWheel","ruina:Goodbye","Blue Candle","Replay:Kaleidoscope","Replay:Bandana","Membership Card","Bird Faced Urn","Unceasing Top","SlaversCollar","bronze:BronzeIdol","Thread and Needle","reliquary:IridiumChain","Torii","hubris:FunFungus","bronze:DecasWashers","Quantum Egg","BranchBurnRelic","Ring of Searing","ReplayTheSpireMod:Ring of Addiction","Toy Ornithopter","White Beast Statue"],"acts_visited":["Exordium","Exordium","TheBeyond"],"potions_floor_usage":[14,16,18,24,31,33,33,35,37,45,50,50],"damage_taken":[{"damage":0,"enemies":"Cultist","floor":1,"turns":6},{"damage":1,"enemies":"conspire:MimicChest","floor":3,"turns":6},{"damage":16,"enemies":"3 Sentries","floor":6,"turns":7},{"damage":0,"enemies":"Small Slimes","floor":10,"turns":3},{"damage":11,"enemies":"Lagavulin","floor":12,"turns":5},{"damage":0,"enemies":"conspire:RoseBush","floor":13,"turns":4},{"damage":5,"enemies":"Replay:BlueRogue","floor":14,"turns":5},{"damage":4,"enemies":"Fading Forest","floor":16,"turns":11},{"damage":11,"enemies":"ruina:BadWolf","floor":18,"turns":3},{"damage":23,"enemies":"ruina:Nosferatu","floor":21,"turns":5},{"damage":15,"enemies":"ruina:KingOfGreed","floor":22,"turns":6},{"damage":14,"enemies":"ruina:ServantOfWrath","floor":24,"turns":7},{"damage":15,"enemies":"ruina:Nos_and_Bat","floor":27,"turns":6},{"damage":22,"enemies":"ruina:QueenOfHate","floor":31,"turns":3},{"damage":19,"enemies":"ruina:Red_and_Wolf","floor":33,"turns":12},{"damage":20,"enemies":"3 Shapes","floor":35,"turns":8},{"damage":27,"enemies":"3 Darklings","floor":37,"turns":6},{"damage":71,"enemies":"Spire Growth","floor":38,"turns":7},{"damage":16,"enemies":"2 Orb Walkers","floor":45,"turns":3},{"damage":41,"enemies":"Mind Bloom Boss Battle","floor":46,"turns":4},{"damage":12,"enemies":"Writhing Mass","floor":48,"turns":4},{"damage":55,"enemies":"conspire:OrnateMirror","floor":50,"turns":3}],"seed_played":"-2801963587179372334","potions_obtained":[{"floor":3,"key":"conspire:TimeTravelPotion"},{"floor":10,"key":"Weak Potion"},{"floor":16,"key":"hexamod:SoulburnPotion"},{"floor":18,"key":"Doom Potion"},{"floor":31,"key":"Regen Potion"},{"floor":33,"key":"Energy Potion"},{"floor":38,"key":"Explosive Potion"},{"floor":48,"key":"Dexterity Potion"},{"floor":49,"key":"Swift Potion"},{"floor":49,"key":"CultistPotion"}],"is_trial":true,"path_per_floor":["M","?","?","?","$","E","R","T","T","M","$","E","M","E","R","B",null,"M","?","?","M","M","R","E","R","T","M","$","?","?","M","R","B",null,"M","$","M","M","?","R","?","T","T","?","?","?","$","M","R","B",null],"character_chosen":"CHRONO_CLASS","items_purchased":["LockedScales","Dexterity Potion","Membership Card","reliquary:SculptingSteel","ruina:Nihil","Adrenaline Potion","Energy Potion","bronze:BronzeIdol","Facsimile","bronze:DecasWashers","Quantum Egg","SteroidPotion","LiquidMemories"],"campfire_rested":1,"item_purchase_floors":[11,11,28,28,28,28,28,36,36,47,47,47,47],"current_hp_per_floor":[84,84,83,83,84,78,78,78,78,80,94,92,94,94,94,94,94,85,85,80,69,70,70,72,72,72,75,90,90,90,81,81,87,94,92,94,88,47,47,75,45,45,45,45,94,94,94,94,94,83],"gold":27,"neow_bonus":"","is_daily":false,"chose_seed":false,"campfire_upgraded":4,"win_rate":0.0,"timestamp":1613903341,"path_taken":["M","?","?","?","?","E","R","?","T","M","$","E","M","E","R","BOSS","M","?","?","M","M","R","E","R","T","M","$","?","?","M","R","BOSS","M","$","M","M","?","R","?","?","T","?","?","?","?","M","R","BOSS"],"items_purchased_type":["Card","Potion","Relic","Relic","Card","Potion","Potion","Relic","Card","Relic","Relic","Potion","Potion"],"build_version":"2020-12-22","purchased_purges":2,"victory":true,"max_hp_per_floor":[84,84,84,84,84,94,94,94,94,94,94,94,94,94,94,94,94,94,94,94,94,94,94,94,94,94,94,94,94,94,94,94,94,94,94,94,94,94,94,94,94,94,94,94,94,94,94,94,94,94],"card_choices":[{"not_picked":["LockedAnchor","WakeUpCall"],"picked":"LockedScales","floor":1},{"not_picked":["LockedTornado","Engulf"],"picked":"HandsUpC","floor":3},{"not_picked":["PrimeTime","Break","Echoward"],"picked":"SKIP","floor":6},{"not_picked":["OverTime","LockedBlood"],"picked":"LockedUrn","floor":10},{"not_picked":["Fragmentalize","LockedLightning"],"picked":"LockedPlans","floor":12},{"not_picked":["LockedWarPaint","BiteCommand","Echoward"],"picked":"SKIP","floor":13},{"not_picked":["LockedScales","LockedFlame","Tempo"],"picked":"SKIP","floor":14},{"not_picked":["OverTime","LockedFlame"],"picked":"Fragmentalize","floor":16},{"not_picked":["Parity","Keepsakes"],"picked":"LockedScales","floor":18},{"not_picked":["WakeUpCall","LockedScales"],"picked":"LockedThread+1","floor":21},{"not_picked":["Tempo","ReapSow","LockedAnchor+1"],"picked":"SKIP","floor":22},{"not_picked":["CrunchTime+1","DaylightSavings"],"picked":"Accruing","floor":24},{"not_picked":["CrunchTime","Echoward"],"picked":"Tempo","floor":27},{"not_picked":["BlueShift+1","Analog+1"],"picked":"LockedThread","floor":31},{"not_picked":["LockedAstrolabe","Flay"],"picked":"MasterKey","floor":33},{"not_picked":["WindUp+1","AlternateTimeline+1","TiringSlam"],"picked":"SKIP","floor":35},{"not_picked":["EscortCommand+1","PrimeTime"],"picked":"LockedThread+1","floor":37},{"not_picked":["CrunchTime+1","AlternateTimeline+1"],"picked":"BlueShift+1","floor":38},{"not_picked":["PrimeTime+1","LockedWarPaint"],"picked":"LockedTurtyl+1","floor":45},{"not_picked":["Parity","LockedBlood+1"],"picked":"HandsUpC+1","floor":46},{"not_picked":["PrimeTime","Break+1"],"picked":"LockedScales+1","floor":48}],"player_experience":1066927,"relics_obtained":[{"floor":3,"key":"reliquary:Firecrackers"},{"floor":6,"key":"Pear"},{"floor":8,"key":"hubris:BottledRain"},{"floor":9,"key":"reliquary:Spinner"},{"floor":12,"key":"Mirror"},{"floor":14,"key":"CaptainsWheel"},{"floor":24,"key":"Replay:Kaleidoscope"},{"floor":26,"key":"Replay:Bandana"},{"floor":32,"key":"Unceasing Top"},{"floor":42,"key":"reliquary:IridiumChain"},{"floor":43,"key":"Dead Branch"},{"floor":45,"key":"Torii"},{"floor":46,"key":"hubris:FunFungus"},{"floor":49,"key":"Ring of Searing"},{"floor":49,"key":"ReplayTheSpireMod:Ring of Addiction"},{"floor":49,"key":"Toy Ornithopter"},{"floor":49,"key":"White Beast Statue"}],"event_choices":[{"damage_healed":0,"gold_gain":0,"player_choice":"Leave","damage_taken":0,"max_hp_gain":0,"max_hp_loss":0,"event_name":"conspire:Investor","floor":30,"gold_loss":0},{"damage_healed":0,"gold_gain":0,"player_choice":"Memory 1","damage_taken":0,"max_hp_gain":0,"max_hp_loss":0,"event_name":"SensoryStone","floor":44,"gold_loss":0},{"damage_healed":0,"gold_gain":0,"player_choice":"Fight","damage_taken":0,"max_hp_gain":0,"max_hp_loss":0,"event_name":"Mysterious Sphere","floor":45,"gold_loss":0},{"damage_healed":0,"gold_gain":0,"player_choice":"Fight","damage_taken":0,"max_hp_gain":0,"max_hp_loss":0,"event_name":"MindBloom","floor":46,"gold_loss":0}],"is_beta":false,"boss_relics":[{"not_picked":["Astrolabe","reliquary:Craggleroot","conspire:RunicOctahedron"]},{"not_picked":["Runic Dome","Chronograph"],"picked":"SlaversCollar"}],"items_purged_floors":[5,11],"is_endless":false,"potions_floor_spawned":[3,10,13,16,18,31,33,38,48],"ascension_level":0}}