{"host":"CottonTail234","time":1613878500,"event":{"mods":["BaseMod","Colored Map","Minty Spire (QoL Compilation)","StSLib"],"gold_per_floor":[118,128,128,128,43,43,84,84,135,135,155,155,176,199,199,290,290,313,327,327,327,347,382,382,420,444,180,180,180,211,211,211,211,211],"floor_reached":33,"language":"ENG","playtime":1072,"items_purged":["Strike_P"],"score":599,"play_id":"e4a7fb2b-2a0b-4c28-bec9-696b83867eb9","local_time":"20210220203500","is_ascension_mode":true,"campfire_choices":[{"data":"Tantrum","floor":6,"key":"SMITH"},{"data":"TalkToTheHand","floor":8,"key":"SMITH"},{"data":"FlurryOfBlows","floor":12,"key":"SMITH"},{"data":"WaveOfTheHand","floor":15,"key":"SMITH"},{"data":"Writhe","floor":24,"key":"PURGE"},{"data":"Wish","floor":28,"key":"SMITH"},{"floor":32,"key":"REST"}],"circlet_count":0,"master_deck":["AscendersBane","Strike_P","Strike_P","Strike_P","Defend_P","Defend_P","Defend_P","Defend_P","Eruption","Vigilance","Meditate","Tantrum+1","TalkToTheHand+1","FlurryOfBlows+1","CutThroughFate","Sanctity","WaveOfTheHand+1","Halt+1","Tantrum+1","FearNoEvil","Wish+1","Conclude","FlurryOfBlows","ClearTheMind","Fasting2","JustLucky"],"relics":["HolyWater","NeowsBlessing","Golden Idol","Mummified Hand","Bronze Scales","Pen Nib","Yang","Peace Pipe","Tiny Chest","Anchor","Oddly Smooth Stone","Matryoshka"],"acts_visited":["Exordium","TheCity"],"potions_floor_usage":[11,13,16,23,23,30,33],"damage_taken":[{"damage":0,"enemies":"Jaw Worm","floor":1,"turns":1},{"damage":0,"enemies":"2 Louse","floor":2,"turns":1},{"damage":0,"enemies":"Lagavulin","floor":7,"turns":1},{"damage":0,"enemies":"Small Slimes","floor":11,"turns":2},{"damage":0,"enemies":"3 Louse","floor":13,"turns":3},{"damage":0,"enemies":"Exordium Thugs","floor":14,"turns":2},{"damage":18,"enemies":"Hexaghost","floor":16,"turns":7},{"damage":0,"enemies":"3 Byrds","floor":18,"turns":3},{"damage":0,"enemies":"Chosen","floor":19,"turns":3},{"damage":6,"enemies":"Snecko","floor":22,"turns":5},{"damage":0,"enemies":"Book of Stabbing","floor":23,"turns":4},{"damage":8,"enemies":"Centurion and Healer","floor":25,"turns":4},{"damage":7,"enemies":"Slavers","floor":30,"turns":3},{"damage":80,"enemies":"Automaton","floor":33,"turns":6}],"seed_played":"-4969086888997787192","potions_obtained":[{"floor":1,"key":"Strength Potion"},{"floor":7,"key":"Explosive Potion"},{"floor":11,"key":"SteroidPotion"},{"floor":14,"key":"StancePotion"},{"floor":19,"key":"PowerPotion"},{"floor":23,"key":"SteroidPotion"},{"floor":30,"key":"Weak Potion"}],"is_trial":false,"path_per_floor":["M","M","?","?","$","R","E","R","T","T","M","R","M","M","R","B",null,"M","M","?","?","M","E","R","M","T","$","R","?","E","T","R","B"],"character_chosen":"WATCHER","items_purchased":["TalkToTheHand","FlurryOfBlows","ClearTheMind","Fasting2"],"campfire_rested":1,"item_purchase_floors":[5,27,27,27],"current_hp_per_floor":[61,61,61,50,50,50,50,50,50,50,50,50,50,50,50,32,55,55,55,55,55,49,49,49,41,41,41,41,41,34,34,52,0,0],"gold":211,"neow_bonus":"THREE_ENEMY_KILL","is_daily":false,"chose_seed":false,"campfire_upgraded":5,"win_rate":0.0,"timestamp":1613878500,"path_taken":["M","M","?","?","?","R","E","R","T","?","M","R","M","M","R","BOSS","M","M","?","?","?","E","R","M","T","$","R","?","E","?","R","BOSS"],"items_purchased_type":["Card","Card","Card","Card"],"build_version":"2020-12-18","purchased_purges":1,"victory":false,"max_hp_per_floor":[68,68,62,62,62,62,62,62,62,62,62,62,62,62,62,62,62,62,62,62,62,62,62,62,62,62,62,62,62,62,62,62,62,62],"card_choices":[{"not_picked":["Consecrate","Wireheading"],"picked":"Meditate","floor":1},{"not_picked":["Adaptation","InnerPeace"],"picked":"Tantrum","floor":2},{"not_picked":["WreathOfFlame","ClearTheMind"],"picked":"FlurryOfBlows","floor":7},{"not_picked":["FollowUp","SandsOfTime"],"picked":"CutThroughFate","floor":11},{"not_picked":["ReachHeaven","Crescendo"],"picked":"Sanctity","floor":13},{"not_picked":["LikeWater","FlyingSleeves"],"picked":"WaveOfTheHand","floor":14},{"not_picked":["Perseverance+1","Prostrate"],"picked":"Halt+1","floor":18},{"not_picked":["Prostrate","Nirvana"],"picked":"Tantrum+1","floor":19},{"not_picked":["Consecrate","Evaluate","Halt"],"picked":"SKIP","floor":22},{"not_picked":["Consecrate","CarveReality"],"picked":"Wish","floor":23},{"not_picked":["EmptyFist","ThirdEye"],"picked":"Conclude","floor":25},{"not_picked":["Evaluate","CarveReality"],"picked":"JustLucky","floor":30}],"player_experience":2208616,"relics_obtained":[{"floor":7,"key":"Bronze Scales"},{"floor":9,"key":"Pen Nib"},{"floor":10,"key":"Yang"},{"floor":23,"key":"Tiny Chest"},{"floor":26,"key":"Anchor"},{"floor":30,"key":"Oddly Smooth Stone"},{"floor":31,"key":"Matryoshka"}],"event_choices":[{"damage_healed":0,"gold_gain":0,"player_choice":"Lose Max HP","damage_taken":0,"relics_obtained":["Golden Idol"],"max_hp_gain":0,"max_hp_loss":6,"event_name":"Golden Idol","floor":3,"gold_loss":0},{"damage_healed":0,"gold_gain":0,"player_choice":"Success","damage_taken":11,"relics_obtained":["Mummified Hand"],"max_hp_gain":0,"max_hp_loss":0,"event_name":"Scrap Ooze","floor":4,"gold_loss":0},{"damage_healed":0,"gold_gain":0,"player_choice":"Opened","damage_taken":0,"relics_obtained":["Peace Pipe"],"max_hp_gain":0,"max_hp_loss":0,"event_name":"The Mausoleum","floor":20,"gold_loss":0,"cards_obtained":["Writhe"]},{"damage_healed":0,"gold_gain":0,"player_choice":"Read","damage_taken":0,"max_hp_gain":0,"max_hp_loss":0,"event_name":"The Library","floor":21,"gold_loss":0,"cards_obtained":["FearNoEvil"]},{"damage_healed":0,"gold_gain":0,"player_choice":"Ignored","damage_taken":0,"max_hp_gain":0,"max_hp_loss":0,"event_name":"Ghosts","floor":29,"gold_loss":0}],"is_beta":true,"boss_relics":[{"not_picked":["Runic Dome","Fusion Hammer"],"picked":"HolyWater"}],"items_purged_floors":[27],"is_endless":false,"potions_floor_spawned":[1,7,11,14,19,22,23,30],"killed_by":"Automaton","ascension_level":16}}