{"host":"g3js2eermvvpeiqn","time":1613907543,"event":{"mods":["BaseMod","DeckTracker","Downfall","Minty Spire (QoL Compilation)","Quick Restart","StSLib"],"gold_per_floor":[216,234,234,246,82,82,94,122,122,122,36,50,50,81,81,157,157,171,171,191,191,201,201,201,201],"floor_reached":24,"language":"ENG","playtime":1173,"items_purged":["Defend_P"],"score":412,"play_id":"8a055329-6aca-4e72-8c00-08986db18a80","local_time":"20210221053903","is_ascension_mode":true,"campfire_choices":[{"data":"CutThroughFate","floor":6.0,"key":"SMITH"},{"data":"Weave","floor":10.0,"key":"SMITH"},{"data":"Eruption","floor":13.0,"key":"SMITH"},{"data":"Wireheading","floor":15.0,"key":"SMITH"},{"floor":23,"key":"REST"}],"circlet_count":0,"master_deck":["AscendersBane","Strike_P","Strike_P","Defend_P","Defend_P","Eruption+1","Vigilance","CutThroughFate+1","ThirdEye","Wireheading+1","Consecrate","Weave+1","Nirvana","Omniscience","DeusExMachina","PathToVictory","Evaluate","Vault"],"relics":["PureWater","Bronze Scales","Strawberry","Pantograph","Empty Cage"],"acts_visited":["Exordium","TheCity"],"potions_floor_usage":[16,24,24],"damage_taken":[{"damage":0.0,"enemies":"Jaw Worm","floor":1.0,"turns":4.0},{"damage":1.0,"enemies":"Cultist","floor":2.0,"turns":3.0},{"damage":8.0,"enemies":"2 Louse","floor":4.0,"turns":2.0},{"damage":0.0,"enemies":"Red Slaver","floor":7.0,"turns":2.0},{"damage":23.0,"enemies":"3 Sentries","floor":8.0,"turns":4.0},{"damage":0.0,"enemies":"2 Fungi Beasts","floor":12.0,"turns":2.0},{"damage":13.0,"enemies":"Lagavulin","floor":14.0,"turns":6.0},{"damage":37,"enemies":"The Guardian","floor":16,"turns":12},{"damage":11,"enemies":"3 Byrds","floor":18,"turns":3},{"damage":21,"enemies":"Shell Parasite","floor":20,"turns":7},{"damage":18,"enemies":"Centurion and Healer","floor":22,"turns":6},{"damage":44,"enemies":"Slavers","floor":24,"turns":5}],"seed_played":"-5073207217865968128","potions_obtained":[{"floor":2.0,"key":"LiquidMemories"},{"floor":3.0,"key":"Fire Potion"},{"floor":14.0,"key":"BlessingOfTheForge"},{"floor":16,"key":"champ:CounterPotion"},{"floor":20,"key":"Fire Potion"}],"is_trial":false,"path_per_floor":["M","M","?","M","$","R","M","E","T","R","$","M","R","E","R","B",null,"M","?","M","?","M","R","E"],"character_chosen":"WATCHER","items_purchased":["Wireheading","Nirvana"],"campfire_rested":1,"item_purchase_floors":[5,11],"current_hp_per_floor":[61,60,60,52,52,52,52,29,36,36,36,36,36,23,23,11,59,48,48,27,27,9,31,0,0],"gold":201,"neow_bonus":"HUNDRED_GOLD","is_daily":false,"chose_seed":false,"campfire_upgraded":4,"win_rate":0.0,"timestamp":1613907543,"path_taken":["M","M","?","M","$","R","M","E","T","R","?","M","R","E","R","BOSS","M","?","?","?","M","R","E"],"items_purchased_type":["Card","Card"],"build_version":"2020-12-22","purchased_purges":1,"victory":false,"max_hp_per_floor":[68,68,68,68,68,68,68,68,75,75,75,75,75,75,75,75,75,75,75,75,75,75,75,75,75],"card_choices":[{"not_picked":["FlurryOfBlows","Evaluate"],"picked":"CutThroughFate","floor":1.0},{"not_picked":["MentalFortress","WindmillStrike","BattleHymn"],"picked":"SKIP","floor":2.0},{"not_picked":["EmptyFist","Crescendo"],"picked":"ThirdEye","floor":4.0},{"not_picked":["Halt","Sanctity"],"picked":"Consecrate","floor":7.0},{"not_picked":["EmptyBody","Swivel"],"picked":"Weave","floor":8.0},{"not_picked":["JustLucky","PathToVictory"],"picked":"Omniscience","floor":12.0},{"not_picked":["WreathOfFlame","Conclude","EmptyBody"],"picked":"SKIP","floor":14.0},{"not_picked":["Devotion","Blasphemy"],"picked":"DeusExMachina","floor":16},{"not_picked":["Prostrate","EmptyBody"],"picked":"PathToVictory","floor":18},{"not_picked":["Wireheading","FlurryOfBlows+1","Protect"],"picked":"SKIP","floor":20},{"not_picked":["CrushJoints+1","DeceiveReality"],"picked":"Vault","floor":22}],"player_experience":1545804,"relics_obtained":[{"floor":8.0,"key":"Bronze Scales"},{"floor":9.0,"key":"Strawberry"},{"floor":14.0,"key":"Pantograph"}],"event_choices":[{"damage_healed":0.0,"max_hp_gain":0.0,"max_hp_loss":0.0,"gold_gain":0.0,"event_name":"Lab","player_choice":"Got Potions","floor":3.0,"gold_loss":0.0,"damage_taken":0.0},{"damage_healed":0,"gold_gain":0,"cards_transformed":["Strike_P"],"player_choice":"Transformed","damage_taken":0,"max_hp_gain":0,"max_hp_loss":0,"event_name":"Transmorgrifier","floor":19,"gold_loss":0,"cards_obtained":["Evaluate"]}],"is_beta":false,"boss_relics":[{"not_picked":["Ectoplasm","Philosopher\u0027s Stone"],"picked":"Empty Cage"}],"items_purged_floors":[5],"is_endless":false,"potions_floor_spawned":[2,7,14,16,20],"killed_by":"Slavers","ascension_level":20}}