{"host":"wmrrle71ao22fxdw","time":1613891630,"event":{"mods":["BaseMod","Colored Map","Minty Spire (QoL Compilation)","Relic Stats"],"gold_per_floor":[113,113,125,137,36,36,66,66,92,121,98,124,124,136,136,235,235,255,274,293,305,108,133,148,180,207,233,233,233,262,362,362,459,459,475,486,486,505,505,505,538,0,0,0,0,0,27,46,46,46],"floor_reached":51,"language":"ENG","playtime":2404,"items_purged":["Decay","Strike_B"],"score":878,"play_id":"701b3c8c-346a-4c0e-ab67-5992476279e4","local_time":"20210221081350","is_ascension_mode":true,"campfire_choices":[{"data":"Doom and Gloom","floor":6,"key":"SMITH"},{"data":"Ball Lightning","floor":8,"key":"SMITH"},{"data":"Defragment","floor":15,"key":"SMITH"},{"data":"Defragment","floor":29,"key":"SMITH"},{"data":"Glacier","floor":32,"key":"SMITH"},{"floor":40,"key":"REST"},{"floor":44,"key":"REST"},{"floor":46,"key":"REST"},{"floor":49,"key":"REST"}],"circlet_count":0,"master_deck":["Strike_B+1","Strike_B+1","Strike_B+1","Defend_B+1","Defend_B+1","Defend_B+1","Defend_B+1","Zap+1","Dualcast+1","Conserve Battery+1","Beam Cell+1","Doom and Gloom+1","Conserve Battery+1","Ball Lightning+1","Rainbow+1","Defragment+1","Self Repair+1","Redo+1","Seek+1","Go for the Eyes+1","Glacier+1","Defragment+1","Cold Snap+1","Go for the Eyes+1","Ball Lightning+1","Hologram+1","Clumsy","Rainbow+1","Consume+1","Redo+1","Echo Form+1","Madness+1","Madness+1","Machine Learning+1","Dramatic Entrance+1","Heatsinks+1","Clumsy","Skim+1"],"relics":["Cracked Core","NeowsBlessing","Boot","Dream Catcher","MawBank","Odd Mushroom","Bag of Preparation","Cursed Key","Molten Egg 2","Pear","Happy Flower","Prayer Wheel","Cables","Incense Burner","Mercury Hourglass","Fusion Hammer","Strawberry","Red Mask","Letter Opener","Mark of the Bloom","Thread and Needle"],"acts_visited":["Exordium","TheCity","TheBeyond"],"potions_floor_usage":[27,50],"damage_taken":[{"damage":0,"enemies":"Small Slimes","floor":1,"turns":1},{"damage":0,"enemies":"Cultist","floor":3,"turns":1},{"damage":0,"enemies":"2 Louse","floor":4,"turns":1},{"damage":7,"enemies":"3 Sentries","floor":7,"turns":7},{"damage":14,"enemies":"Gremlin Nob","floor":10,"turns":3},{"damage":5,"enemies":"The Mushroom Lair","floor":12,"turns":3},{"damage":3,"enemies":"Exordium Wildlife","floor":14,"turns":2},{"damage":19,"enemies":"Hexaghost","floor":16,"turns":8},{"damage":0,"enemies":"Spheric Guardian","floor":18,"turns":3},{"damage":18,"enemies":"3 Byrds","floor":19,"turns":6},{"damage":5,"enemies":"Sentry and Sphere","floor":20,"turns":5},{"damage":16,"enemies":"Snake Plant","floor":21,"turns":5},{"damage":7,"enemies":"Gremlin Leader","floor":23,"turns":7},{"damage":7,"enemies":"Cultist and Chosen","floor":24,"turns":6},{"damage":11,"enemies":"Book of Stabbing","floor":25,"turns":6},{"damage":18,"enemies":"Slavers","floor":27,"turns":5},{"damage":13,"enemies":"Gremlin Leader","floor":30,"turns":7},{"damage":6,"enemies":"Colosseum Slavers","floor":31,"turns":4},{"damage":14,"enemies":"Colosseum Nobs","floor":31,"turns":4},{"damage":7,"enemies":"Automaton","floor":33,"turns":7},{"damage":0,"enemies":"Orb Walker","floor":35,"turns":3},{"damage":0,"enemies":"3 Shapes","floor":36,"turns":4},{"damage":0,"enemies":"Spire Growth","floor":38,"turns":5},{"damage":24,"enemies":"Giant Head","floor":41,"turns":8},{"damage":5,"enemies":"Nemesis","floor":47,"turns":5},{"damage":0,"enemies":"3 Darklings","floor":48,"turns":3},{"damage":12,"enemies":"Donu and Deca","floor":50,"turns":7}],"seed_played":"-5991366001593063978","potions_obtained":[{"floor":3,"key":"FairyPotion"},{"floor":4,"key":"ColorlessPotion"},{"floor":10,"key":"Swift Potion"},{"floor":20,"key":"Regen Potion"},{"floor":27,"key":"Regen Potion"},{"floor":47,"key":"LiquidBronze"}],"is_trial":false,"path_per_floor":["M","?","M","M","$","R","E","R","T","E","$","?","?","M","R","B",null,"M","M","M","M","$","E","M","E","T","E","?","R","E","?","R","B",null,"M","M","?","M","?","R","E","?","T","R","?","R","E","M","R","B",null],"character_chosen":"DEFECT","items_purchased":["Conserve Battery","Defragment","Defragment","Cold Snap"],"campfire_rested":4,"item_purchase_floors":[5,11,22,22],"current_hp_per_floor":[75,75,75,75,75,75,68,68,68,54,54,49,42,39,39,20,75,75,64,66,57,57,57,57,63,63,52,52,52,46,40,40,40,85,85,85,74,81,71,85,75,75,75,92,92,92,87,87,87,75],"gold":46,"neow_bonus":"THREE_ENEMY_KILL","is_daily":false,"chose_seed":false,"campfire_upgraded":5,"win_rate":0.0,"timestamp":1613891630,"path_taken":["M","?","M","M","$","R","E","R","T","E","?","?","?","M","R","BOSS","M","M","M","M","$","E","M","E","T","E","?","R","E","?","R","BOSS","M","M","?","M","?","R","E","?","T","R","?","R","E","?","R","BOSS"],"items_purchased_type":["Card","Card","Card","Card"],"build_version":"2020-12-22","purchased_purges":2,"victory":true,"max_hp_per_floor":[75,75,75,75,75,75,75,75,75,75,75,75,75,75,75,75,75,75,75,75,75,75,75,75,85,85,85,85,85,85,85,85,85,85,85,85,85,85,85,85,92,92,92,92,92,92,92,92,92,92],"relic_stats":{"Mark of the Bloom":74,"Happy Flower":[20],"counters":[27,126],"Bag of Preparation":[42],"Letter Opener":[77],"Boot":[123],"MawBank":12,"Cursed Key":2,"Cables":[41,17,15,9,0],"Mercury Hourglass":[165],"Dream Catcher":4,"Prayer Wheel":4,"obtain_stats":[{"Mark of the Bloom":45,"Pear":25,"NeowsBlessing":0,"Happy Flower":26,"Thread and Needle":47,"Bag of Preparation":13,"Incense Burner":31,"Letter Opener":43,"Odd Mushroom":12,"Boot":7,"MawBank":10,"Cursed Key":17,"Cables":30,"Mercury Hourglass":31,"Dream Catcher":9,"Strawberry":41,"Molten Egg 2":23,"Prayer Wheel":27,"Fusion Hammer":34,"Red Mask":42,"Cracked Core":0},{"Mark of the Bloom":24,"Pear":15,"NeowsBlessing":0,"Happy Flower":15,"Thread and Needle":25,"Bag of Preparation":6,"Incense Burner":19,"Letter Opener":24,"Odd Mushroom":6,"Boot":4,"MawBank":5,"Cursed Key":8,"Cables":17,"Mercury Hourglass":19,"Dream Catcher":4,"Strawberry":24,"Molten Egg 2":13,"Prayer Wheel":16,"Fusion Hammer":20,"Red Mask":24,"Cracked Core":0},{"Mark of the Bloom":111,"Pear":64,"NeowsBlessing":0,"Happy Flower":64,"Thread and Needle":116,"Bag of Preparation":16,"Incense Burner":84,"Letter Opener":111,"Odd Mushroom":16,"Boot":10,"MawBank":13,"Cursed Key":26,"Cables":76,"Mercury Hourglass":84,"Dream Catcher":10,"Strawberry":111,"Molten Egg 2":52,"Prayer Wheel":69,"Fusion Hammer":91,"Red Mask":111,"Cracked Core":0}]},"card_choices":[{"not_picked":["Go for the Eyes","Streamline"],"picked":"Conserve Battery","floor":1},{"not_picked":["Rebound","FTL"],"picked":"Beam Cell","floor":3},{"not_picked":["Auto Shields","Turbo"],"picked":"Doom and Gloom","floor":4},{"not_picked":["Compile Driver","Leap"],"picked":"Ball Lightning","floor":7},{"not_picked":["Blizzard","Ball Lightning"],"picked":"Rainbow","floor":10},{"not_picked":["Force Field","Gash"],"picked":"Self Repair","floor":12},{"not_picked":["Go for the Eyes","Aggregate"],"picked":"Redo","floor":14},{"not_picked":["Creative AI","Hyperbeam"],"picked":"Seek","floor":16},{"not_picked":["Rip and Tear+1","Steam"],"picked":"Go for the Eyes","floor":18},{"not_picked":["Go for the Eyes","Capacitor"],"picked":"Glacier","floor":19},{"not_picked":["White Noise","Beam Cell","Storm"],"picked":"SKIP","floor":20},{"not_picked":["Gash","Conserve Battery","Stack"],"picked":"SKIP","floor":21},{"not_picked":["Chill","Hello World"],"picked":"Go for the Eyes+1","floor":23},{"not_picked":["Leap","Streamline+1"],"picked":"Ball Lightning+1","floor":24},{"not_picked":["Barrage+1","Redo"],"picked":"Hologram+1","floor":25},{"not_picked":["Cold Snap+1","Go for the Eyes+1"],"picked":"Rainbow","floor":27},{"not_picked":["Ball Lightning+1","Glacier"],"picked":"Consume+1","floor":30},{"not_picked":["Recycle","Doom and Gloom+1"],"picked":"Redo+1","floor":31},{"not_picked":["Buffer","Multi-Cast"],"picked":"Echo Form","floor":33},{"not_picked":["Darkness+1","Leap","Sunder+1"],"picked":"SKIP","floor":35},{"not_picked":["Cold Snap+1","Recycle","Conserve Battery"],"picked":"SKIP","floor":35},{"not_picked":["Leap","FTL+1","Cold Snap+1"],"picked":"SKIP","floor":36},{"not_picked":["Ball Lightning+1","Streamline+1","Conserve Battery+1"],"picked":"SKIP","floor":36},{"not_picked":["Go for the Eyes+1","BootSequence"],"picked":"Machine Learning","floor":38},{"not_picked":["Stack+1","Barrage+1","Fusion+1"],"picked":"SKIP","floor":38},{"not_picked":["Swift Strike+1","Mind Blast+1"],"picked":"Dramatic Entrance+1","floor":39},{"not_picked":["Self Repair+1","Ball Lightning+1"],"picked":"Heatsinks+1","floor":41},{"not_picked":["Aggregate","Steam","Redo"],"picked":"SKIP","floor":47},{"not_picked":["Auto Shields","Streamline+1","Sweeping Beam+1"],"picked":"SKIP","floor":48},{"not_picked":["Steam+1","Go for the Eyes+1","Recycle"],"picked":"SKIP","floor":48},{"not_picked":["Go for the Eyes+1","Sweeping Beam+1"],"picked":"Skim+1","floor":49}],"player_experience":114446,"relics_obtained":[{"floor":7,"key":"Boot"},{"floor":9,"key":"Dream Catcher"},{"floor":10,"key":"MawBank"},{"floor":12,"key":"Odd Mushroom"},{"floor":23,"key":"Molten Egg 2"},{"floor":25,"key":"Pear"},{"floor":26,"key":"Happy Flower"},{"floor":27,"key":"Prayer Wheel"},{"floor":30,"key":"Cables"},{"floor":31,"key":"Incense Burner"},{"floor":31,"key":"Mercury Hourglass"},{"floor":41,"key":"Strawberry"},{"floor":43,"key":"Letter Opener"},{"floor":47,"key":"Thread and Needle"}],"event_choices":[{"damage_healed":0,"gold_gain":0,"player_choice":"Cursed","damage_taken":0,"max_hp_gain":0,"max_hp_loss":0,"event_name":"Wheel of Change","floor":2,"gold_loss":0,"cards_obtained":["Decay"]},{"damage_healed":0,"gold_gain":0,"player_choice":"Fought Mushrooms","damage_taken":0,"max_hp_gain":0,"max_hp_loss":0,"event_name":"Mushrooms","floor":12,"gold_loss":0},{"damage_healed":0,"gold_gain":0,"player_choice":"Success","damage_taken":7,"relics_obtained":["Bag of Preparation"],"max_hp_gain":0,"max_hp_loss":0,"event_name":"Scrap Ooze","floor":13,"gold_loss":0},{"damage_healed":0,"gold_gain":0,"player_choice":"Ignored","damage_taken":0,"max_hp_gain":0,"max_hp_loss":0,"event_name":"Ghosts","floor":28,"gold_loss":0},{"damage_healed":0,"gold_gain":0,"player_choice":"Fight","damage_taken":0,"max_hp_gain":0,"max_hp_loss":0,"event_name":"Colosseum","floor":31,"gold_loss":0},{"damage_healed":0,"gold_gain":0,"player_choice":"Fought Nobs","damage_taken":0,"max_hp_gain":0,"max_hp_loss":0,"event_name":"Colosseum","floor":31,"gold_loss":0},{"damage_healed":0,"gold_gain":0,"player_choice":"Embrace Madness","damage_taken":11,"max_hp_gain":0,"max_hp_loss":0,"event_name":"Winding Halls","floor":37,"gold_loss":0,"cards_obtained":["Madness","Madness"]},{"damage_healed":0,"gold_gain":0,"player_choice":"Memory 3","damage_taken":10,"max_hp_gain":0,"max_hp_loss":0,"event_name":"SensoryStone","floor":39,"gold_loss":0},{"damage_healed":0,"gold_gain":0,"player_choice":"Paid","damage_taken":0,"relics_obtained":["Red Mask"],"max_hp_gain":0,"max_hp_loss":0,"event_name":"Tomb of Lord Red Mask","floor":42,"gold_loss":538},{"damage_healed":0,"gold_gain":0,"player_choice":"Upgrade","damage_taken":0,"relics_obtained":["Mark of the Bloom"],"max_hp_gain":0,"max_hp_loss":0,"event_name":"MindBloom","floor":45,"gold_loss":0,"cards_upgraded":["Strike_B","Strike_B","Strike_B","Defend_B","Defend_B","Defend_B","Defend_B","Zap","Dualcast","Conserve Battery","Beam Cell","Conserve Battery","Rainbow","Self Repair","Redo","Seek","Go for the Eyes","Cold Snap","Rainbow","Echo Form","Madness","Madness","Machine Learning"]}],"is_beta":false,"boss_relics":[{"not_picked":["Runic Dome","Tiny House"],"picked":"Cursed Key"},{"not_picked":["SlaversCollar","Black Star"],"picked":"Fusion Hammer"}],"items_purged_floors":[5,22],"is_endless":false,"potions_floor_spawned":[3,4,10,20,23,25,27,30,31,35,41,47],"ascension_level":1}}