{"host":"l017gercouzhorma","time":1613890677,"event":{"mods":["AchievementEnabler","Aspiration","BaseMod","Challenge The Spire","Conspire","Downfall","Halation","Hermit","Hubris","Infinite Spire","Jorbs\u0027s Wanderer Trilogy","Mad Scientist","Marisa????????","Mimic Mod","Minty Spire (QoL Compilation)","Random Character Button","Rare Cards Sparkle","Relic Stats","Replay The Spire","Shade Mod","StSLib","The Cursed","The Disciple","The Hierophant","The Jungle","The Runesmith","The Servant 0.9.4"],"gold_per_floor":[111,138,37,84,7,51,77,105,167,226,226,281,361,361,361,361,361],"floor_reached":16,"language":"ENG","playtime":1198,"items_purged":["Strike_MRS"],"score":152,"play_id":"786533d0-9bf0-4674-bb2f-afcb2f2300e5","local_time":"20210220235757","is_ascension_mode":true,"campfire_choices":[{"floor":11,"key":"REST"},{"floor":15,"key":"REST"}],"circlet_count":0,"master_deck":["Strike_MRS","Strike_MRS","Strike_MRS","Defend_MRS","Defend_MRS","Defend_MRS","Defend_MRS","MasterSpark","UpSweep","SatelliteIllusion","WitchOfGreed","IllusionStar","WitchOfGreed","MysteriousBeam","Occultation","SuperPerseids","GasGiant","WitchLeyline","StarlightTyphoon+1","CasketOfStar+1"],"relics":["MiniHakkero","infinitespire:Joker Card","hubris:SlimyHat","Boot","Toxic Egg 2","Letter Opener"],"acts_visited":["Exordium"],"potions_floor_usage":[6,6,6,7,8,8,9,9,10,10,12,12,12,16,16],"damage_taken":[{"damage":6,"enemies":"2 Louse","floor":1,"turns":2},{"damage":6,"enemies":"Cultist","floor":2,"turns":3},{"damage":21,"enemies":"Jaw Worm","floor":4,"turns":5},{"damage":0,"enemies":"Gremlin Nob","floor":6,"turns":2},{"damage":4,"enemies":"3 Louse","floor":7,"turns":4},{"damage":7,"enemies":"Exordium Wildlife","floor":8,"turns":4},{"damage":0,"enemies":"Blue Slaver","floor":9,"turns":4},{"damage":23,"enemies":"Lagavulin","floor":10,"turns":4},{"damage":22,"enemies":"3 Sentries","floor":12,"turns":5},{"damage":27,"enemies":"The Guardian","floor":16,"turns":6}],"seed_played":"-2279846089074129377","potions_obtained":[{"floor":4,"key":"Explosive Potion"},{"floor":4,"key":"AttackPotion"},{"floor":4,"key":"infinitespire:BlackPotion"},{"floor":6,"key":"Weak Potion"},{"floor":7,"key":"ColorlessPotion"},{"floor":7,"key":"Block Potion"},{"floor":8,"key":"Adrenaline Potion"},{"floor":8,"key":"Strength Potion"},{"floor":9,"key":"infinitespire:BlackPotion"},{"floor":9,"key":"bronze:BurnAndBuffPotion"},{"floor":10,"key":"Languid Potion"},{"floor":10,"key":"AttackPotion"},{"floor":10,"key":"Ancient Potion"},{"floor":12,"key":"Languid Potion"},{"floor":12,"key":"Strength Potion"}],"is_trial":false,"path_per_floor":["M","M","$","M","$","E","M","M","MIM","E","R","E","T","?","R","B"],"character_chosen":"MARISA","items_purchased":["WitchOfGreed","Occultation"],"campfire_rested":2,"item_purchase_floors":[3,5],"current_hp_per_floor":[69,63,63,42,42,42,38,31,31,8,30,8,8,8,30,3,3],"gold":361,"neow_bonus":"ONE_RANDOM_RARE_CARD","is_daily":false,"chose_seed":false,"campfire_upgraded":0,"win_rate":0.0,"timestamp":1613890677,"path_taken":["M","M","$","M","$","E","M","M","MIM","E","R","E","?","?","R","BOSS"],"items_purchased_type":["Card","Card"],"build_version":"2020-12-22","purchased_purges":1,"victory":false,"max_hp_per_floor":[75,75,75,75,75,75,75,75,75,75,75,75,75,75,75,75,75],"relic_stats":{"counters":[10,39],"Letter Opener":[0],"Boot":[6],"obtain_stats":[{"infinitespire:Joker Card":6,"hubris:SlimyHat":9,"MiniHakkero":0,"Letter Opener":13,"Toxic Egg 2":12,"Boot":10},{"infinitespire:Joker Card":4,"hubris:SlimyHat":7,"MiniHakkero":0,"Letter Opener":9,"Toxic Egg 2":9,"Boot":8},{"infinitespire:Joker Card":12,"hubris:SlimyHat":24,"MiniHakkero":0,"Letter Opener":33,"Toxic Egg 2":33,"Boot":28}]},"card_choices":[{"not_picked":["PowerUp","SprinkleStarSeal"],"picked":"WitchOfGreed","floor":1},{"not_picked":["EventHorizon","SporeBomb"],"picked":"IllusionStar","floor":2},{"not_picked":["FairyDestructionRay","GalacticHalo"],"picked":"MysteriousBeam","floor":4},{"not_picked":["OrrerysSun","CollectingQuirk"],"picked":"GasGiant","floor":6},{"not_picked":["SporeBomb","UnstableBomb","6A"],"picked":"SKIP","floor":7},{"not_picked":["Singularity","MachineGunSpark"],"picked":"SuperPerseids","floor":8},{"not_picked":["TreasureHunter","NonDirectionalLaser"],"picked":"GasGiant","floor":9},{"not_picked":["AsteroidBelt","Orbital"],"picked":"WitchLeyline","floor":10},{"not_picked":["MachineGunSpark","ShootTheMoon"],"picked":"StarlightTyphoon+1","floor":12}],"player_experience":856222,"relics_obtained":[{"floor":6,"key":"infinitespire:Joker Card"},{"floor":9,"key":"hubris:SlimyHat"},{"floor":10,"key":"Boot"},{"floor":12,"key":"Toxic Egg 2"},{"floor":13,"key":"Letter Opener"}],"event_choices":[],"is_beta":false,"boss_relics":[],"items_purged_floors":[3],"is_endless":false,"potions_floor_spawned":[4,7,8,10],"killed_by":"The Guardian","ascension_level":1}}