{"host":"8ic9nxmy47xzlkcl","time":1613936014,"event":{"mods":["BaseMod","Colored Map","Jorbs\u0027s Wanderer Trilogy","Minty Spire (QoL Compilation)","StSLib","The Cursed","The Hierophant","The Jungle"],"gold_per_floor":[109,125,72,90,109,144,161,196,266,341,12,28,42,42,42,42,42],"floor_reached":16,"language":"ENG","playtime":907,"items_purged":[],"score":114,"play_id":"c2f7ddfb-71ce-4506-aad0-6bfd329de9b7","local_time":"20210221203334","is_ascension_mode":false,"campfire_choices":[{"data":"stsjorbsmod:MagicMissiles","floor":15,"key":"SMITH"}],"circlet_count":0,"master_deck":["stsjorbsmod:ForbiddenGrimoire+1","stsjorbsmod:Strike_Wanderer","stsjorbsmod:Strike_Wanderer+1","stsjorbsmod:Strike_Wanderer","stsjorbsmod:Strike_Wanderer","stsjorbsmod:Defend_Wanderer","stsjorbsmod:Defend_Wanderer","stsjorbsmod:Defend_Wanderer","stsjorbsmod:Defend_Wanderer","stsjorbsmod:FreshAdventure","stsjorbsmod:EyeOfTheStorm","Madness","stsjorbsmod:Stalwart","stsjorbsmod:WanderingMind","stsjorbsmod:Prepare","stsjorbsmod:MistyStep","stsjorbsmod:HedgeWizard","stsjorbsmod:FranticSearch","stsjorbsmod:TinyHut","stsjorbsmod:MagicMissiles+1","stsjorbsmod:WeightOfMemory","stsjorbsmod:Prepare"],"relics":["stsjorbsmod:GrimoireRelic","Smiling Mask","Dream Catcher","Shuriken","Mummified Hand"],"acts_visited":["Exordium"],"potions_floor_usage":[6,8,8],"damage_taken":[{"damage":1,"enemies":"Cultist","floor":1,"turns":4},{"damage":1,"enemies":"2 Louse","floor":2,"turns":4},{"damage":0,"enemies":"Small Slimes","floor":4,"turns":4},{"damage":8,"enemies":"Gremlin Gang","floor":5,"turns":4},{"damage":27,"enemies":"3 Sentries","floor":6,"turns":6},{"damage":5,"enemies":"Looter","floor":7,"turns":3},{"damage":11,"enemies":"Lagavulin","floor":8,"turns":12},{"damage":2,"enemies":"3 Louse","floor":12,"turns":2},{"damage":5,"enemies":"Blue Slaver","floor":13,"turns":3},{"damage":46,"enemies":"Slime Boss","floor":16,"turns":5}],"seed_played":"-4078562661257574760","potions_obtained":[{"floor":1,"key":"stsjorbsmod:LiquidClarity"},{"floor":2,"key":"Dexterity Potion"},{"floor":4,"key":"Weak Potion"},{"floor":8,"key":"FearPotion"}],"is_trial":false,"path_per_floor":["M","M","$","M","M","E","M","E","T","?","$","M","M","?","R","B"],"character_chosen":"WANDERER","items_purchased":["stsjorbsmod:Prepare","stsjorbsmod:MagicMissiles","Mummified Hand"],"campfire_rested":0,"item_purchase_floors":[3,11,11],"current_hp_per_floor":[70,70,70,70,70,45,41,30,30,23,23,22,20,45,45,0,0],"gold":42,"neow_bonus":"RANDOM_COLORLESS","is_daily":false,"chose_seed":false,"campfire_upgraded":1,"win_rate":0.0,"timestamp":1613936014,"path_taken":["M","M","$","M","M","E","M","E","T","?","$","?","M","?","R","BOSS"],"items_purchased_type":["Card","Card","Relic"],"build_version":"2020-12-22","purchased_purges":0,"victory":false,"max_hp_per_floor":[70,70,70,70,76,76,76,76,76,76,76,76,76,76,76,76,76],"card_choices":[{"not_picked":["Trip","Mind Blast"],"picked":"Madness","floor":0},{"not_picked":["stsjorbsmod:SchoolsOfMagic","stsjorbsmod:Mindworm"],"picked":"stsjorbsmod:Stalwart","floor":1},{"not_picked":["stsjorbsmod:Patron","stsjorbsmod:Message"],"picked":"stsjorbsmod:WanderingMind","floor":2},{"not_picked":["stsjorbsmod:UnseenServant","stsjorbsmod:TrueStrike"],"picked":"stsjorbsmod:MistyStep","floor":4},{"not_picked":["stsjorbsmod:Patron","stsjorbsmod:Introspection"],"picked":"stsjorbsmod:HedgeWizard","floor":5},{"not_picked":["stsjorbsmod:SmithingStrike","stsjorbsmod:FracturedMind","stsjorbsmod:Hurt"],"picked":"SKIP","floor":6},{"not_picked":["stsjorbsmod:ChatteringStrike","stsjorbsmod:MistyStep"],"picked":"stsjorbsmod:FranticSearch","floor":7},{"not_picked":["stsjorbsmod:ThirstingSword","stsjorbsmod:TrueStrike"],"picked":"stsjorbsmod:TinyHut","floor":8},{"not_picked":["stsjorbsmod:LoseGrip","stsjorbsmod:WanderingMind"],"picked":"stsjorbsmod:WeightOfMemory","floor":12},{"not_picked":["stsjorbsmod:Firebolt","stsjorbsmod:BlackTentacles"],"picked":"stsjorbsmod:Prepare","floor":13}],"player_experience":185858,"relics_obtained":[{"floor":6,"key":"Smiling Mask"},{"floor":8,"key":"Dream Catcher"},{"floor":9,"key":"Shuriken"}],"event_choices":[{"damage_healed":0,"gold_gain":75,"player_choice":"Touch","damage_taken":7,"max_hp_gain":0,"max_hp_loss":0,"event_name":"FaceTrader","floor":10,"gold_loss":0},{"damage_healed":25,"gold_gain":0,"player_choice":"Banana","damage_taken":0,"max_hp_gain":0,"max_hp_loss":0,"event_name":"Big Fish","floor":14,"gold_loss":0}],"is_beta":false,"boss_relics":[],"items_purged_floors":[],"is_endless":false,"potions_floor_spawned":[1,2,4,8],"killed_by":"Slime Boss","ascension_level":0}}