{"host":"Doisman","time":1613950916,"event":{"mods":["AchievementEnabler","BaseMod","Better Note","Curses Come First","Minty Spire (QoL Compilation)","Permanent Neow","Quick Restart","Relic Stats","Replay The Spire","StSLib","slay the spire mod where everything is the same but ironclad has a cowboy hat"],"gold_per_floor":[109,109,109,122,142,167,184,184,184,4,20,20,20,20,20,20,20],"floor_reached":16,"language":"ENG","playtime":587,"items_purged":["Strike_B"],"score":107,"play_id":"3b8e0234-5dc8-4303-9573-8ea4ad4cb87e","local_time":"20210221174156","is_ascension_mode":true,"campfire_choices":[{"floor":8,"key":"REST"},{"data":"Loop","floor":13,"key":"SMITH"},{"data":"Buffer","floor":15,"key":"SMITH"}],"circlet_count":0,"master_deck":["Strike_B+1","Strike_B+1","Defend_B","Defend_B","Defend_B","Defend_B","Zap","Dualcast","Cold Snap","ReplayGash","Buffer+1","Loop+1","Ball Lightning","Self Repair","Conserve Battery"],"relics":["ChewingGum","Simple Rune","Smiling Mask"],"acts_visited":["Exordium"],"potions_floor_usage":[14,14],"damage_taken":[{"damage":0,"enemies":"Small Slimes","floor":1,"turns":3},{"damage":0,"enemies":"Jaw Worm","floor":4,"turns":4},{"damage":0,"enemies":"2 Louse","floor":5,"turns":3},{"damage":43,"enemies":"Gremlin Nob","floor":6,"turns":6},{"damage":0,"enemies":"2 Fungi Beasts","floor":7,"turns":4},{"damage":0,"enemies":"Large Slime","floor":11,"turns":6},{"damage":0,"enemies":"Gremlin Gang","floor":14,"turns":1},{"damage":25,"enemies":"Slime Boss","floor":16,"turns":9}],"seed_played":"4109992685970359332","potions_obtained":[{"floor":6,"key":"SmokeBomb"},{"floor":7,"key":"SkillPotion"}],"is_trial":false,"path_per_floor":["M","?","?","M","M","E","M","R","T","$","M","?","R","M","R","B"],"character_chosen":"DEFECT","items_purchased":["Ball Lightning","Self Repair"],"campfire_rested":1,"item_purchase_floors":[10,10],"current_hp_per_floor":[75,75,75,75,75,32,32,54,54,54,61,61,61,61,61,36,36],"gold":20,"neow_bonus":"BOSS_RELIC","is_daily":false,"chose_seed":false,"campfire_upgraded":2,"win_rate":0.0,"timestamp":1613950916,"path_taken":["M","?","?","M","M","E","M","R","T","$","M","?","R","M","R","BOSS"],"items_purchased_type":["Card","Card"],"build_version":"2020-12-18","purchased_purges":1,"victory":false,"max_hp_per_floor":[75,75,75,75,75,75,75,75,75,75,75,75,75,75,75,75,75],"relic_stats":{"counters":[8,36],"Smiling Mask":25,"obtain_stats":[{"ChewingGum":0,"Simple Rune":6,"Cracked Core":0,"Smiling Mask":9},{"ChewingGum":0,"Simple Rune":4,"Cracked Core":0,"Smiling Mask":5},{"ChewingGum":0,"Simple Rune":16,"Cracked Core":0,"Smiling Mask":20}]},"card_choices":[{"not_picked":["Compile Driver","Beam Cell"],"picked":"Cold Snap","floor":1},{"not_picked":["Undo","BasicCrystalCard"],"picked":"ReplayGash","floor":4},{"not_picked":["Rebound","Sunder"],"picked":"Buffer","floor":5},{"not_picked":["BasicCrystalCard","Recycle","Static Discharge"],"picked":"SKIP","floor":6},{"not_picked":["Blizzard","Barrage"],"picked":"Loop","floor":7},{"not_picked":["Leap","Panic Button"],"picked":"Conserve Battery","floor":11}],"player_experience":777089,"relics_obtained":[{"floor":6,"key":"Simple Rune"},{"floor":9,"key":"Smiling Mask"}],"event_choices":[{"cards_removed":["Strike_B"],"damage_healed":0,"gold_gain":0,"player_choice":"Forget","damage_taken":0,"max_hp_gain":0,"max_hp_loss":0,"event_name":"Living Wall","floor":2,"gold_loss":0}],"is_beta":true,"boss_relics":[],"items_purged_floors":[10],"is_endless":false,"potions_floor_spawned":[6,7,14],"killed_by":"Slime Boss","ascension_level":1}}