{"host":"kdt6w7ix8lwe69i9","time":1613881847,"event":{"mods":["100% Spire Juice","BaseMod","ChefMod","Evolution","Koishi","Minty Spire (QoL Compilation)","Poor People Problems","Reimu（博丽灵梦）","Robot Space Explorer","Shade Mod","Shapeshifter Mod","StSLib","The Druid","The Gatherer","The Poker Player","The Servant 0.9.4","TheSurvivalist"],"gold_per_floor":[109,109,124,124,299,309,309,323,323,323,320,320,339,336,336,413,413,404,397,397,397,397,397,428,441,468,468,493,503,127,158,158,252,252,262,272,272,319,369,369,369,369,394,401,32,254,271,285,285,285],"floor_reached":51,"language":"ENG","playtime":3846,"items_purged":["Poor:ReiMu"],"score":843,"play_id":"a7cd0a88-96a7-46b9-8a3b-bf5a5cabbd21","local_time":"20210220233047","is_ascension_mode":false,"campfire_choices":[{"data":"StSShapeShifter:RhinoCalfForm","floor":7.0,"key":"SMITH"},{"data":"StSShapeShifter:CosmicShifter","floor":15.0,"key":"SMITH"},{"data":"StSShapeShifter:BearForm","floor":23.0,"key":"SMITH"},{"data":"StSShapeShifter:RitualOfTheElders","floor":32.0,"key":"SMITH"},{"floor":40,"key":"DIG"},{"floor":42,"key":"DIG"},{"floor":49,"key":"DIG"}],"circlet_count":0,"master_deck":["StSShapeShifter:SunflowerShuriken","StSShapeShifter:SunflowerShuriken","StSShapeShifter:SunflowerShuriken","StSShapeShifter:SunflowerShuriken","StSShapeShifter:SunflowerShuriken","StSShapeShifter:FallingLeaves","StSShapeShifter:FallingLeaves","StSShapeShifter:FallingLeaves","StSShapeShifter:FallingLeaves","Regret","StSShapeShifter:Rabid","StSShapeShifter:MonkeyForm","StSShapeShifter:UnicornForm","Doubt","StSShapeShifter:RhinoCalfForm+1","StSShapeShifter:CosmicShifter+1","StSShapeShifter:Maul+1","StSShapeShifter:BearForm+1","StSShapeShifter:BladeOfGrass+1","StSShapeShifter:SkullBash+1","StSShapeShifter:VineHandcuffs+1","StSShapeShifter:Guard","Necronomicurse","StSShapeShifter:RitualOfTheElders+1","StSShapeShifter:PantherForm","StSShapeShifter:Rest","StSShapeShifter:Ensconce","StSShapeShifter:ShiftingStrike+1","StSShapeShifter:WolfsBane","StSShapeShifter:WolfForm+1","StSShapeShifter:BarkSkin+1","Panacea","Swift Strike+1","Swift Strike+1","StSShapeShifter:RockSlide+1","StSShapeShifter:StormGryphonForm","StSShapeShifter:ReplenishingNectar+1","StSShapeShifter:Bonk+1","StSShapeShifter:BulwarkOfDiscovery","StSShapeShifter:Wildfire2+1","StSShapeShifter:OakBlade+1"],"relics":["StSShapeShifter:AnimalHeart","StSShapeShifter:TheShapeShiftersMagnolia","EVO:Axolotl","YidongShenshe:ReiMu","Molten Egg 2","Ancient Tea Set","Juzu Bracelet","Bird Faced Urn","SlaversCollar","Necronomicon","Art of War","Tiny Chest","Red Mask","Boot","Oddly Smooth Stone","Pear","Coffee Dripper","Potion Belt","Shovel","Orichalcum","Blood Vial","StSShapeShifter:AlchemistsNecklace","Mummified Hand","PureWhite:ReiMu"],"acts_visited":["Exordium","TheCity","TheBeyond"],"potions_floor_usage":[44,50],"damage_taken":[{"damage":0.0,"enemies":"2 Louse","floor":1.0,"turns":1.0},{"damage":3.0,"enemies":"Small Slimes","floor":3.0,"turns":3.0},{"damage":11.0,"enemies":"3 Sentries","floor":6.0,"turns":7.0},{"damage":14.0,"enemies":"Lagavulin","floor":8.0,"turns":9.0},{"damage":1.0,"enemies":"Jaw Worm","floor":11.0,"turns":3.0},{"damage":2.0,"enemies":"2 Fungi Beasts","floor":13.0,"turns":3.0},{"damage":4.0,"enemies":"Red Slaver","floor":14.0,"turns":5.0},{"damage":17.0,"enemies":"Slime Boss","floor":16.0,"turns":8.0},{"damage":9.0,"enemies":"Spheric Guardian","floor":18.0,"turns":4.0},{"damage":24.0,"enemies":"Chosen","floor":19.0,"turns":5.0},{"damage":21.0,"enemies":"Slavers","floor":24.0,"turns":4.0},{"damage":0.0,"enemies":"Snecko","floor":25.0,"turns":2.0},{"damage":35.0,"enemies":"Masked Bandits","floor":28.0,"turns":4.0},{"damage":0.0,"enemies":"Cultist and Chosen","floor":29.0,"turns":3.0},{"damage":0.0,"enemies":"Book of Stabbing","floor":31.0,"turns":4.0},{"damage":52.0,"enemies":"Champ","floor":33.0,"turns":9.0},{"damage":50,"enemies":"3 Darklings","floor":35,"turns":9},{"damage":17,"enemies":"Orb Walker","floor":36,"turns":3},{"damage":40,"enemies":"Mind Bloom Boss Battle","floor":39,"turns":9},{"damage":28,"enemies":"Maw","floor":44,"turns":7},{"damage":2,"enemies":"4 Shapes","floor":47,"turns":6},{"damage":13,"enemies":"Transient","floor":48,"turns":5},{"damage":46,"enemies":"Donu and Deca","floor":50,"turns":8}],"seed_played":"-8626979250621891577","potions_obtained":[{"floor":1.0,"key":"Fire Potion"},{"floor":6.0,"key":"PowerPotion"},{"floor":11.0,"key":"DistilledChaos"},{"floor":16.0,"key":"EssenceOfSteel"},{"floor":18.0,"key":"Explosive Potion"},{"floor":19.0,"key":"AttackPotion"},{"floor":31.0,"key":"SkillPotion"},{"floor":36,"key":"Dexterity Potion"},{"floor":44,"key":"CultistPotion"},{"floor":48,"key":"FearPotion"}],"is_trial":false,"path_per_floor":["M","?","M","?","?","E","R","E","T","?","M","?","M","M","R","B",null,"M","M","?","?","?","R","E","M","T","?","?","M","$","E","R","B",null,"M","M","?","T","?","R","?","R","T","M","$","?","M","M","R","B",null],"character_chosen":"SHAPESHIFTER","items_purchased":["Boot","Oddly Smooth Stone","Mummified Hand","StSShapeShifter:Bonk+1","StSShapeShifter:BulwarkOfDiscovery"],"campfire_rested":0,"item_purchase_floors":[30,30,45,45,45],"current_hp_per_floor":[96,96,93,93,93,82,82,68,68,68,71,71,73,73,73,60,96,87,67,67,96,80,80,61,61,61,61,28,32,32,46,46,5,113,68,62,52,52,39,39,27,27,27,34,34,34,48,47,47,25],"gold":285,"neow_bonus":"TWENTY_PERCENT_HP_BONUS","is_daily":false,"chose_seed":false,"campfire_upgraded":4,"win_rate":0.0,"timestamp":1613881847,"path_taken":["M","?","M","?","?","E","R","E","T","?","M","?","M","M","R","BOSS","M","M","?","?","?","R","E","M","T","?","?","M","$","E","R","BOSS","M","M","?","?","?","R","?","R","T","M","$","?","M","M","R","BOSS"],"items_purchased_type":["Relic","Relic","Relic","Card","Card"],"build_version":"2020-12-22","purchased_purges":1,"victory":true,"max_hp_per_floor":[96,96,96,96,96,96,96,96,96,96,96,96,96,96,96,96,96,96,96,96,96,96,96,96,96,96,96,96,98,98,110,110,113,113,116,119,119,119,122,122,122,122,122,125,125,125,125,128,128,128],"card_choices":[{"not_picked":["StSShapeShifter:BladeOfGrass","StSShapeShifter:Guard"],"picked":"StSShapeShifter:Rabid","floor":1.0},{"not_picked":["StSShapeShifter:ForestFire","StSShapeShifter:WiltingWrath"],"picked":"StSShapeShifter:MonkeyForm","floor":3.0},{"not_picked":["StSShapeShifter:Evolution","StSShapeShifter:Synchronicity"],"picked":"StSShapeShifter:RhinoCalfForm","floor":6.0},{"not_picked":["StSShapeShifter:OakBlade+1","StSShapeShifter:Guard"],"picked":"StSShapeShifter:CosmicShifter","floor":8.0},{"not_picked":["StSShapeShifter:VineHandcuffs","StSShapeShifter:BearForm"],"picked":"StSShapeShifter:Maul+1","floor":11.0},{"not_picked":["StSShapeShifter:RockSlide+1","StSShapeShifter:BurstingSpore+1"],"picked":"StSShapeShifter:BearForm","floor":13.0},{"not_picked":["StSShapeShifter:MagicMushrooms","StSShapeShifter:Rest"],"picked":"StSShapeShifter:BladeOfGrass+1","floor":14.0},{"not_picked":["StSShapeShifter:RhinoCalfForm","StSShapeShifter:Earthquake+1"],"picked":"StSShapeShifter:SkullBash+1","floor":16.0},{"not_picked":["StSShapeShifter:AdaptiveStrikes+1","StSShapeShifter:PoisonIvy"],"picked":"StSShapeShifter:VineHandcuffs+1","floor":18.0},{"not_picked":["StSShapeShifter:BloomingSlash+1","StSShapeShifter:BaskInBloom"],"picked":"StSShapeShifter:Guard","floor":19.0},{"not_picked":["StSShapeShifter:Rest","StSShapeShifter:ForestFire"],"picked":"StSShapeShifter:RitualOfTheElders","floor":24.0},{"not_picked":["StSShapeShifter:Consume+1","StSShapeShifter:FallingLeaves+1"],"picked":"StSShapeShifter:PantherForm","floor":25.0},{"not_picked":["StSShapeShifter:AdaptiveStrikes+1","StSShapeShifter:BarkSkin+1"],"picked":"StSShapeShifter:Rest","floor":28.0},{"not_picked":["StSShapeShifter:Sapling","StSShapeShifter:RockSlide+1"],"picked":"StSShapeShifter:Ensconce","floor":29.0},{"not_picked":["StSShapeShifter:PoisonIvy+1","StSShapeShifter:VineHandcuffs"],"picked":"StSShapeShifter:ShiftingStrike+1","floor":31.0},{"not_picked":["StSShapeShifter:MysticalSeed+1","StSShapeShifter:RitualOfTheElders"],"picked":"StSShapeShifter:WolfsBane","floor":33.0},{"not_picked":["StSShapeShifter:ThornToss+1","StSShapeShifter:Rest+1"],"picked":"StSShapeShifter:WolfForm+1","floor":35},{"not_picked":["StSShapeShifter:BurstingSpore+1","StSShapeShifter:FallingLeaves+1"],"picked":"StSShapeShifter:BarkSkin+1","floor":36},{"not_picked":["Mayhem","Violence"],"picked":"Panacea","floor":37},{"not_picked":["Dramatic Entrance+1","Dark Shackles"],"picked":"Swift Strike+1","floor":37},{"not_picked":["Finesse","Forethought"],"picked":"Swift Strike+1","floor":37},{"not_picked":["StSShapeShifter:FlowerShield","StSShapeShifter:Roar"],"picked":"StSShapeShifter:RockSlide+1","floor":39},{"not_picked":["StSShapeShifter:FesteringBite+1","StSShapeShifter:BarkSkin+1"],"picked":"StSShapeShifter:ReplenishingNectar+1","floor":44},{"not_picked":["StSShapeShifter:FlowerShield+1","StSShapeShifter:Roar+1"],"picked":"StSShapeShifter:Wildfire2+1","floor":47},{"not_picked":["StSShapeShifter:FlowerShield","StSShapeShifter:SunflowerShuriken+1"],"picked":"StSShapeShifter:OakBlade+1","floor":48}],"player_experience":1744444,"relics_obtained":[{"floor":6.0,"key":"Molten Egg 2"},{"floor":8.0,"key":"Ancient Tea Set"},{"floor":9.0,"key":"Juzu Bracelet"},{"floor":22.0,"key":"Necronomicon"},{"floor":24.0,"key":"Art of War"},{"floor":26.0,"key":"Tiny Chest"},{"floor":28.0,"key":"Red Mask"},{"floor":31.0,"key":"Pear"},{"floor":38,"key":"Potion Belt"},{"floor":39,"key":"Shovel"},{"floor":40,"key":"Orichalcum"},{"floor":42,"key":"Blood Vial"},{"floor":43,"key":"StSShapeShifter:AlchemistsNecklace"},{"floor":49,"key":"PureWhite:ReiMu"}],"event_choices":[{"damage_healed":0.0,"max_hp_gain":0.0,"max_hp_loss":0.0,"gold_gain":0.0,"event_name":"yidonshenshe","player_choice":"Take Tiny Shrine away","floor":2.0,"gold_loss":0.0,"damage_taken":0.0,"relics_obtained":["YidongShenshe:ReiMu"],"cards_obtained":["Poor:ReiMu"]},{"damage_healed":0.0,"max_hp_gain":0.0,"max_hp_loss":0.0,"gold_gain":175.0,"event_name":"Liars Game","player_choice":"AGREE","floor":5.0,"gold_loss":0.0,"damage_taken":0.0,"cards_obtained":["Doubt"]},{"cards_removed":["StSShapeShifter:FallingLeaves"],"damage_healed":0.0,"max_hp_gain":0.0,"max_hp_loss":0.0,"gold_gain":0.0,"event_name":"WeMeetAgain","player_choice":"Gave Card","floor":10.0,"gold_loss":0.0,"damage_taken":0.0,"relics_obtained":["Bird Faced Urn"]},{"damage_healed":0.0,"max_hp_gain":0.0,"max_hp_loss":0.0,"gold_gain":0.0,"event_name":"The Woman in Blue","player_choice":"Bought 0 Potions","floor":12.0,"gold_loss":0.0,"damage_taken":0.0},{"damage_healed":0.0,"max_hp_gain":0.0,"max_hp_loss":0.0,"gold_gain":0.0,"event_name":"Ghosts","player_choice":"Ignored","floor":20.0,"gold_loss":0.0,"damage_taken":0.0},{"damage_healed":32.0,"max_hp_gain":0.0,"max_hp_loss":0.0,"gold_gain":0.0,"event_name":"The Library","player_choice":"Heal","floor":21.0,"gold_loss":0.0,"damage_taken":0.0},{"damage_healed":0.0,"max_hp_gain":0.0,"max_hp_loss":0.0,"gold_gain":0.0,"event_name":"Cursed Tome","player_choice":"Obtained Book","floor":22.0,"gold_loss":0.0,"damage_taken":16.0},{"damage_healed":0.0,"max_hp_gain":0.0,"max_hp_loss":0.0,"gold_gain":0.0,"event_name":"Vampires","player_choice":"Ignored","floor":27.0,"gold_loss":0.0,"damage_taken":0.0},{"damage_healed":0.0,"max_hp_gain":0.0,"max_hp_loss":0.0,"gold_gain":0.0,"event_name":"Masked Bandits","player_choice":"Fought Bandits","floor":28.0,"gold_loss":0.0,"damage_taken":0.0},{"damage_healed":0,"gold_gain":0,"player_choice":"Memory 3","damage_taken":10,"max_hp_gain":0,"max_hp_loss":0,"event_name":"SensoryStone","floor":37,"gold_loss":0},{"damage_healed":0,"gold_gain":0,"player_choice":"Fight","damage_taken":0,"max_hp_gain":0,"max_hp_loss":0,"event_name":"MindBloom","floor":39,"gold_loss":0},{"damage_healed":0,"gold_gain":222,"player_choice":"Wore Mask","damage_taken":0,"max_hp_gain":0,"max_hp_loss":0,"event_name":"Tomb of Lord Red Mask","floor":46,"gold_loss":0}],"is_beta":false,"boss_relics":[{"not_picked":["Busted Crown","Tiny House"],"picked":"SlaversCollar"},{"not_picked":["RedLine:ReiMu","Runic Pyramid"],"picked":"Coffee Dripper"}],"items_purged_floors":[30],"is_endless":false,"potions_floor_spawned":[1,6,11,16,18,19,31,36,44,48],"ascension_level":0}}