{"host":"iggyqwhh1tk9qczq","time":1613889506,"event":{"mods":["BaseMod","Downfall","Googly Eyes","Minty Spire (QoL Compilation)","StSLib","The Disciple","The Mystic","The Necromancer","The Runesmith","The Servant 0.9.4","Together in Spire","Yuri Mod"],"gold_per_floor":[116,131,32,49,59,59,91,91,91,91,123,123,141,241,241,337,337,354,183,98,98,98,98,125,140,140,154,154,173,207,222,222,318,318,330,344,344,354,368,394,394,426,452,465,30,47,77,94,94,94],"floor_reached":51,"language":"ENG","playtime":3345,"items_purged":["Strike_B","Strike_B","downfall:Haunted"],"score":764,"play_id":"699276b4-ba27-4169-aa07-6784e911b0e6","local_time":"20210220223826","is_ascension_mode":false,"campfire_choices":[{"data":"Barrage","floor":6.0,"key":"SMITH"},{"data":"Go for the Eyes","floor":8.0,"key":"SMITH"},{"data":"Zap","floor":10.0,"key":"SMITH"},{"data":"Blizzard","floor":15.0,"key":"SMITH"},{"data":"Capacitor","floor":23.0,"key":"SMITH"},{"data":"Rainbow","floor":32.0,"key":"SMITH"},{"floor":41.0,"key":"REST"},{"floor":49,"key":"REST"}],"circlet_count":0,"master_deck":["Strike_B","Defend_B","Defend_B","Defend_B","Defend_B","Zap+1","Dualcast+1","Lockon","Glacier","Go for the Eyes+1","Barrage+1","Blizzard+1","Electrodynamics","Capacitor+1","Capacitor","Rebound+1","Rainbow+1","Static Discharge","Ball Lightning","Rainbow","Chill+1","Coolheaded","Zap","Rainbow","Chill+1","Glacier+1","Defragment","sneckomod:UnknownClassHEXA_GHOST_PURPLE+1"],"relics":["Cracked Core","Omamori","Tiny Chest","Pantograph","Cursed Key","Question Card","Orichalcum","Letter Opener","Mummified Hand","yuri:PortableGlitches","Nuclear Battery","Nunchaku","Runesmith:Nanobots","Regal Pillow","PrismaticShard","Runesmith:AutoHammer","Shovel"],"acts_visited":[],"potions_floor_usage":[50,50],"damage_taken":[{"damage":1.0,"enemies":"Jaw Worm","floor":1.0,"turns":2.0},{"damage":0.0,"enemies":"2 Louse","floor":2.0,"turns":1.0},{"damage":0.0,"enemies":"Cultist","floor":4.0,"turns":2.0},{"damage":0.0,"enemies":"Looter","floor":5.0,"turns":2.0},{"damage":4.0,"enemies":"Lagavulin","floor":7.0,"turns":4.0},{"damage":0.0,"enemies":"Gremlin Nob","floor":11.0,"turns":2.0},{"damage":6.0,"enemies":"Exordium Thugs","floor":13.0,"turns":4.0},{"damage":0.0,"enemies":"Slime Boss","floor":16.0,"turns":6.0},{"damage":7.0,"enemies":"Shell Parasite","floor":18.0,"turns":6.0},{"damage":0.0,"enemies":"Gremlin Leader","floor":24.0,"turns":4.0},{"damage":1.0,"enemies":"Chosen","floor":25.0,"turns":3.0},{"damage":12.0,"enemies":"Snake Plant","floor":27.0,"turns":3.0},{"damage":0.0,"enemies":"3 Cultists","floor":29.0,"turns":2.0},{"damage":2.0,"enemies":"Book of Stabbing","floor":30.0,"turns":3.0},{"damage":12.0,"enemies":"Centurion and Healer","floor":31.0,"turns":3.0},{"damage":4.0,"enemies":"Automaton","floor":33.0,"turns":5.0},{"damage":9.0,"enemies":"3 Shapes","floor":35.0,"turns":4.0},{"damage":12.0,"enemies":"3 Darklings","floor":36.0,"turns":4.0},{"damage":39.0,"enemies":"Spire Growth","floor":38.0,"turns":4.0},{"damage":0.0,"enemies":"Maw","floor":39.0,"turns":4.0},{"damage":6.0,"enemies":"Giant Head","floor":40.0,"turns":3.0},{"damage":0.0,"enemies":"Reptomancer","floor":42.0,"turns":3.0},{"damage":0.0,"enemies":"Writhing Mass","floor":44.0,"turns":1.0},{"damage":0,"enemies":"4 Shapes","floor":46,"turns":3},{"damage":2,"enemies":"Nemesis","floor":47,"turns":3},{"damage":5,"enemies":"3 Darklings","floor":48,"turns":4},{"damage":36,"enemies":"Donu and Deca","floor":50,"turns":5}],"seed_played":"4398803586780168812","potions_obtained":[{"floor":5.0,"key":"Fruit Juice"},{"floor":13.0,"key":"BlessingOfTheForge"},{"floor":16.0,"key":"Explosive Potion"},{"floor":18.0,"key":"Ancient Potion"},{"floor":36.0,"key":"PotionOfCapacity"},{"floor":40.0,"key":"EntropicBrew"},{"floor":44.0,"key":"DistilledChaos"}],"is_trial":false,"path_per_floor":["M","M","$","M","M","R","E","R","T","R","E","?","M","?","R","B",null,"M","$","?","T","$","R","E","M","T","M","?","M","E","M","R","B",null,"M","M","?","M","M","E","R","E","T","M","$","M","E","M","R","B",null],"character_chosen":"DEFECT","items_purchased":["Go for the Eyes","Capacitor","PrismaticShard","Runesmith:AutoHammer"],"campfire_rested":2,"item_purchase_floors":[3,19,45,45],"current_hp_per_floor":[74,74,74,74,74,74,75,75,75,75,75,75,69,69,69,80,80,73,73,73,73,73,73,73,72,72,60,60,60,58,46,46,67,80,71,59,59,20,20,14,38,38,38,38,38,38,36,31,70,44],"gold":94,"neow_bonus":"UPGRADE_CARD","is_daily":false,"chose_seed":false,"campfire_upgraded":6,"win_rate":0.0,"timestamp":1613889506,"path_taken":["M","M","$","M","M","R","E","R","T","R","E","?","M","?","R","BOSS","M","$","?","?","$","R","E","M","T","M","?","M","E","M","R","BOSS","M","M","?","M","M","E","R","E","T","?","$","M","E","M","R","BOSS"],"items_purchased_type":["Card","Card","Relic","Relic"],"build_version":"2020-12-22","purchased_purges":3,"victory":true,"max_hp_per_floor":[75,75,75,75,75,75,80,80,80,80,80,80,80,80,80,80,80,80,80,80,80,80,80,80,80,80,80,80,80,80,80,80,80,80,80,80,80,80,80,80,80,80,80,80,80,80,80,80,80,80],"card_choices":[{"not_picked":["Turbo","Conserve Battery"],"picked":"Lockon","floor":1.0},{"not_picked":["Self Repair","Hologram"],"picked":"Glacier","floor":2.0},{"not_picked":["Consume","Reinforced Body","Hello World"],"picked":"SKIP","floor":4.0},{"not_picked":["Hologram","Reinforced Body"],"picked":"Barrage","floor":5.0},{"not_picked":["Storm","Rip and Tear","Leap"],"picked":"SKIP","floor":7.0},{"not_picked":["Steam","Hologram","Turbo"],"picked":"SKIP","floor":11.0},{"not_picked":["FTL","Streamline","Steam"],"picked":"SKIP","floor":13.0},{"not_picked":["Reboot","Amplify"],"picked":"Electrodynamics","floor":16.0},{"not_picked":["Beam Cell","Compile Driver","Rebound"],"picked":"SKIP","floor":18.0},{"not_picked":["Force Field","Stack","Go for the Eyes"],"picked":"Capacitor","floor":24.0},{"not_picked":["Sunder","Conserve Battery","Hologram+1"],"picked":"Rebound+1","floor":25.0},{"not_picked":["Ball Lightning","Hologram","Beam Cell"],"picked":"Rainbow","floor":27.0},{"not_picked":["Stack","Consume","Gash","Barrage"],"picked":"SKIP","floor":29.0},{"not_picked":["Auto Shields+1","Streamline+1","Steam"],"picked":"Static Discharge","floor":30.0},{"not_picked":["Barrage","Gash+1","Conserve Battery"],"picked":"Ball Lightning","floor":31.0},{"not_picked":["Thunder Strike","Reboot","Amplify"],"picked":"Rainbow","floor":33.0},{"not_picked":["Chaos","Stack","Go for the Eyes+1"],"picked":"Chill+1","floor":35.0},{"not_picked":["Redo+1","Conserve Battery","Undo"],"picked":"Coolheaded","floor":36.0},{"not_picked":["Barrage","Beam Cell","Hologram+1"],"picked":"Rainbow","floor":38.0},{"not_picked":["Static Discharge","Coolheaded","Stack+1"],"picked":"Chill+1","floor":39.0},{"not_picked":["Machine Learning","Leap+1","Capacitor"],"picked":"Glacier+1","floor":40.0},{"not_picked":["Gash+1","Stack","Barrage+1","Steam+1"],"picked":"SKIP","floor":42.0},{"not_picked":["Chaos","Genetic Algorithm+1","Amplify"],"picked":"Defragment","floor":44.0},{"not_picked":["Bone_Bullets+1","HandsUpC+1","Prepared+1"],"picked":"sneckomod:UnknownClassHEXA_GHOST_PURPLE+1","floor":46},{"not_picked":["mysticmod:BladeMaster","mysticmod:LightningBolt+1","yuri:ConsumeGlitch","Negative_Energy_Bomb"],"picked":"SKIP","floor":47},{"not_picked":["FormalWear+1","ForeignInfluence","Negative_Energy_Shield","Acrobatics+1"],"picked":"SKIP","floor":48}],"player_experience":148122,"relics_obtained":[{"floor":7.0,"key":"Omamori"},{"floor":9.0,"key":"Tiny Chest"},{"floor":11.0,"key":"Pantograph"},{"floor":21.0,"key":"Orichalcum"},{"floor":24.0,"key":"Letter Opener"},{"floor":26.0,"key":"Mummified Hand"},{"floor":30.0,"key":"yuri:PortableGlitches"},{"floor":40.0,"key":"Nunchaku"},{"floor":42.0,"key":"Runesmith:Nanobots"},{"floor":43.0,"key":"Regal Pillow"},{"floor":47,"key":"Shovel"}],"event_choices":[{"damage_healed":0.0,"max_hp_gain":0.0,"max_hp_loss":0.0,"gold_gain":0.0,"cards_transformed":["Strike_B"],"event_name":"Living Wall","player_choice":"Change","floor":12.0,"gold_loss":0.0,"damage_taken":0.0,"cards_obtained":["Blizzard"]},{"damage_healed":0.0,"max_hp_gain":0.0,"max_hp_loss":0.0,"gold_gain":100.0,"event_name":"Golden Shrine","player_choice":"Pray","floor":14.0,"gold_loss":0.0,"damage_taken":0.0},{"damage_healed":0.0,"max_hp_gain":0.0,"max_hp_loss":0.0,"gold_gain":0.0,"event_name":"Addict","player_choice":"Obtained Relic","floor":20.0,"gold_loss":85.0,"damage_taken":0.0,"relics_obtained":["Question Card"]},{"damage_healed":0.0,"max_hp_gain":0.0,"max_hp_loss":0.0,"gold_gain":0.0,"event_name":"The Woman in Blue","player_choice":"Bought 0 Potions","floor":28.0,"gold_loss":0.0,"damage_taken":0.0},{"damage_healed":0.0,"max_hp_gain":0.0,"max_hp_loss":0.0,"gold_gain":0.0,"event_name":"Match and Keep!","player_choice":"1 cards matched","floor":37.0,"gold_loss":0.0,"damage_taken":0.0,"cards_obtained":["Zap"]}],"is_beta":false,"boss_relics":[{"not_picked":["Velvet Choker","Runesmith:UraniumAnvil"],"picked":"Cursed Key"},{"not_picked":["SlaversCollar","Inserter"],"picked":"Nuclear Battery"}],"items_purged_floors":[3,19,45],"is_endless":false,"potions_floor_spawned":[5,13,16,18,29,31,36,40,44,48],"ascension_level":0}}