{"host":"o3b7ow6d1xe49css","time":1613869435,"event":{"mods":["Act Like it!","Aspiration","BaseMod","Bestiary","Better Altar","Better Match","Better Note","Better Sensory Stone","Better Skull","Better Third Choice","Colored Powertips","Conspire","Energized Spire","Force Act Four","GifTheSpireLib","Halation","Hermit","Hubris","Infinite Spire","Lobotomy","Minty Spire (QoL Compilation)","Quick Restart","Rare Cards Sparkle","Relic Filter Mod","Reliquary","Replay The Spire","Spicy Shops","Spikes Relics","StSLib","Stuff the Spire","The Blue Laboratory","The Hierophant","The Jungle","Wandering Minibosses"],"gold_per_floor":[119,131,151,151,151,185,185,217,217,249,249,268,302,336,336,435,435,455,29,42,42,162,162,162,189,234,261,261,261,289,302,302,406,406,422,437,170,190,190,190,190,223,273,273,21,21,21,321,321,424,424,424,424,450,545],"floor_reached":56,"language":"ENG","playtime":2463,"items_purged":["Strike_P","Vengeance","Strike_P"],"score":2163,"play_id":"bcaa4689-675e-4292-a6fe-0b2502a02cfd","local_time":"20210220160355","daily_mods":["Heirloom","Flight"],"is_ascension_mode":true,"campfire_choices":[{"data":"Eruption","floor":7,"key":"SMITH"},{"data":"CrushJoints","floor":11,"key":"SMITH"},{"floor":15,"key":"DIG"},{"floor":23,"key":"REST"},{"floor":28,"key":"RECALL"},{"data":"BattleHymn","floor":29,"key":"SMITH"},{"data":"StuffTheSpire:BrainWave","floor":40,"key":"SMITH"},{"data":"BlessedFruit","floor":41,"key":"SMITH"},{"data":"BlessedFruit","floor":46,"key":"SMITH"},{"data":"Vault","floor":47,"key":"SMITH"},{"data":"Protect","floor":49,"key":"SMITH"},{"data":"Scrawl","floor":52,"key":"SMITH"},{"data":"ReplayTheSpireMod:Private Reserves","floor":52,"key":"SMITH"}],"circlet_count":0,"master_deck":["Defend_P","Defend_P+1","Defend_P","Defend_P","Eruption+1","Vigilance","FlurryOfBlows","Scorched","Replay:AtTheReady","ClearTheMind","Halt+1","Replay:BluntJabs","UniverseFragment","CrushJoints+1","BattleHymn+1","BlessedFruit+1","BlessedFruit+1","Vault+1","Consecrate","Protect+1","Blasphemy","StuffTheSpire:BrainWave+1","ReplayTheSpireMod:Private Reserves+1","Scrawl+1","Prostrate+1"],"relics":["PureWater","Ring of Chaos","Torii","CogitoBucket","halation:PinkSoulGem","hubris:PeanutButter","Replay:Rubber Ducky","hubris:SphereOfDissonance","infinitespire:ShieldingShard","ResearcherNote","RollingBoulder","HeavenlyBonsai","infinitespire:Beetle Shell","Runic Pyramid","halation:PrussianBluePaint","War Paint","wanderingMiniBosses:Inkheart","TungstenRod","aspiration:FrozenJewel","aspiration:Lifesprig","StuffTheSpire:OldFever","hubris:ToyBattleship","conspire:SpecialSausage","SkinProphecy","BargainBundle","Omamori","Darkstone Periapt","Replay:Baseball","hubris:NiceRug","infinitespire:Broken Mirror","halation:PenCase","ReplayTheSpireMod:ShopPack","hubris:GlazedTorus","aspiration:AnachronicSnailShell","TheAbacus","aspiration:SecretTechniqueScroll","Ring of Chaos","Dream Catcher"],"acts_visited":["Exordium","Exordium","TheBeyond","Exordium","TheEnding"],"potions_floor_usage":[6,10,13,16,20,33,55,55,55],"damage_taken":[{"damage":0.0,"enemies":"Small Slimes","floor":1.0,"turns":2.0},{"damage":0,"enemies":"Jaw Worm","floor":2,"turns":1},{"damage":0,"enemies":"2 Louse","floor":3,"turns":1},{"damage":0,"enemies":"Lagavulin","floor":6,"turns":7},{"damage":2,"enemies":"Gremlin Nob","floor":8,"turns":4},{"damage":0,"enemies":"Lagavulin","floor":10,"turns":4},{"damage":0,"enemies":"Large Slime","floor":12,"turns":4},{"damage":0,"enemies":"3 Sentries","floor":13,"turns":3},{"damage":0,"enemies":"Lagavulin","floor":14,"turns":4},{"damage":13,"enemies":"Hexaghost","floor":16,"turns":6},{"damage":0,"enemies":"theJungle:GiantWrat","floor":18,"turns":3},{"damage":9,"enemies":"theJungle:5_Spyders","floor":20,"turns":6},{"damage":0,"enemies":"Nightmare","floor":25,"turns":6},{"damage":0,"enemies":"theJungle:2_Phrogs","floor":27,"turns":3},{"damage":0,"enemies":"theJungle:MamaSnecko","floor":30,"turns":2},{"damage":0,"enemies":"theJungle:SlimyTreeVines","floor":31,"turns":3},{"damage":0,"enemies":"theJungle:QueenSpyder","floor":33,"turns":4},{"damage":0,"enemies":"Orb Walker","floor":35,"turns":3},{"damage":0,"enemies":"3 Darklings","floor":36,"turns":2},{"damage":0,"enemies":"Writhing Mass","floor":38,"turns":4},{"damage":0,"enemies":"R_Hoarder","floor":42,"turns":3},{"damage":0,"enemies":"hubris:Merchant","floor":48,"turns":3},{"damage":0,"enemies":"hubris:GrandSnecko","floor":50,"turns":4},{"damage":0,"enemies":"Shield and Spear","floor":54,"turns":2},{"damage":0,"enemies":"The Heart","floor":55,"turns":7}],"seed_played":"103236532204726363","potions_obtained":[{"floor":1.0,"key":"blueLaboratory:PyrophylliteBrew"},{"floor":8,"key":"blueLaboratory:EnragingPotion"},{"floor":10,"key":"Toxic Potion"},{"floor":13,"key":"BottledMiracle"},{"floor":14,"key":"Dexterity Potion"},{"floor":20,"key":"Milkshake"},{"floor":25,"key":"blueLaboratory:ArtificerPotion"},{"floor":30,"key":"blueLaboratory:EpiphanyPotion"},{"floor":31,"key":"DuplicationPotion"},{"floor":48,"key":"SkillPotion"}],"is_trial":true,"path_per_floor":["M","M","M","?","?","E","R","E","T","E","R","M","E","E","R","B",null,"M","$","M","?","?","R","AVR","NM","T","E","R","R","E","M","R","B",null,"M","M","$","M","?","R","R","E","T","?","$","R","R","$","R","B",null,"R","$","E","B",null],"character_chosen":"WATCHER","items_purchased":["halation:PrussianBluePaint","War Paint","Swift Potion","Protect","BargainBundle","Omamori","BottledMiracle","blueLaboratory:FaithlessPotion","Replay:Baseball"],"campfire_rested":1,"item_purchase_floors":[19,19,19,19,37,37,37,37,45],"current_hp_per_floor":[72,72,72,72,72,72,72,70,70,70,70,70,70,70,70,59,70,71,71,63,55,44,66,66,68,68,69,69,69,70,74,74,74,79,81,78,78,75,75,75,75,74,74,74,74,74,74,74,74,74,97,97,97,95,95],"gold":545,"neow_bonus":"","is_daily":false,"chose_seed":false,"campfire_upgraded":10,"win_rate":0.0,"timestamp":1613869435,"path_taken":["M","M","M","?","?","E","R","E","T","E","R","M","E","E","R","BOSS","M","$","M","?","?","R","AVR","NM","T","E","R","R","E","?","R","BOSS","M","M","$","M","?","R","R","E","T","?","?","R","R","$","R","BOSS","R","$","E","BOSS"],"items_purchased_type":["Relic","Relic","Potion","Card","Relic","Relic","Potion","Potion","Relic"],"build_version":"2020-12-22","purchased_purges":3,"victory":true,"max_hp_per_floor":[72,72,72,72,72,72,72,72,72,72,72,72,72,72,72,74,74,75,75,76,76,76,76,76,78,78,79,79,79,80,81,81,81,81,83,86,86,89,81,81,81,86,86,86,86,86,86,92,92,98,98,98,98,102,108],"card_choices":[{"not_picked":["JustLucky","PathToVictory"],"picked":"FlurryOfBlows","floor":1.0},{"not_picked":["ShyLook","DreamingCurrent"],"picked":"Scorched","floor":1.0},{"not_picked":["JustLucky","ConjureBlade"],"picked":"Replay:AtTheReady","floor":2},{"not_picked":["WallGazer","MHz","OSAHOGD"],"picked":"Singing Bowl","floor":2},{"not_picked":["Protect","FlurryOfBlows"],"picked":"ClearTheMind","floor":3},{"not_picked":["Wellcheers","FairyFestival","WallGazer"],"picked":"Singing Bowl","floor":3},{"not_picked":["WheelKick","JustLucky"],"picked":"Halt","floor":6},{"not_picked":["DespairKnight","CherryBlossoms","Bloodbath"],"picked":"Singing Bowl","floor":6},{"not_picked":["Replay:Vibes","FlyingSleeves"],"picked":"Replay:BluntJabs","floor":8},{"not_picked":["SpiderBud","WallGazer"],"picked":"UniverseFragment","floor":8},{"not_picked":["Vengeance","Replay:Vibes"],"picked":"CrushJoints","floor":10},{"not_picked":["FollowUp","Halt","PathToVictory"],"picked":"SKIP","floor":12},{"not_picked":["Weave","CrushJoints"],"picked":"BattleHymn","floor":13},{"not_picked":["Protect","EmptyMind","Halt"],"picked":"SKIP","floor":14},{"not_picked":["Wish","DevaForm"],"picked":"Vault","floor":16},{"not_picked":["FearNoEvil","SashWhip"],"picked":"Consecrate","floor":18},{"not_picked":["Variant","Scarecrow","CherryBlossoms"],"picked":"Singing Bowl","floor":20},{"not_picked":["EmptyFist","CrushJoints","Replay:ManipulateFuture+1"],"picked":"SKIP","floor":20},{"not_picked":["SashWhip","ForeignInfluence+1","Collect"],"picked":"SKIP","floor":25},{"not_picked":["CrushJoints","Fasting2","ClearTheMind+1"],"picked":"SKIP","floor":27},{"not_picked":["Perseverance","ForeignInfluence","SandsOfTime"],"picked":"SKIP","floor":30},{"not_picked":["CutThroughFate","Evaluate","FlurryOfBlows+1"],"picked":"SKIP","floor":31},{"not_picked":["MasterReality","Alpha"],"picked":"Blasphemy","floor":33},{"not_picked":["FearNoEvil+1","Consecrate","Replay:Vibes"],"picked":"SKIP","floor":35},{"not_picked":["ThirdEye+1","TalkToTheHand","Perseverance+1"],"picked":"SKIP","floor":36},{"not_picked":["EmptyBody","Crescendo","WreathOfFlame+1"],"picked":"SKIP","floor":38},{"not_picked":["Replay:DivineShield","Perseverance+1","CutThroughFate"],"picked":"SKIP","floor":42},{"not_picked":[],"picked":"ReplayTheSpireMod:Private Reserves","floor":48},{"not_picked":["FlurryOfBlows"],"picked":"SKIP","floor":48},{"not_picked":["Replay:BluntJabs"],"picked":"SKIP","floor":48},{"not_picked":["Omniscience"],"picked":"SKIP","floor":48},{"not_picked":["ThirdEye"],"picked":"SKIP","floor":48},{"not_picked":["Wireheading"],"picked":"SKIP","floor":48},{"not_picked":["Replay:Dark Deal"],"picked":"SKIP","floor":48},{"not_picked":["SpiritShield","Establishment"],"picked":"Scrawl","floor":50},{"not_picked":["MentalFortress","TalkToTheHand+1"],"picked":"Prostrate+1","floor":54}],"player_experience":1440973,"relics_obtained":[{"floor":6,"key":"hubris:PeanutButter"},{"floor":8,"key":"Replay:Rubber Ducky"},{"floor":9,"key":"hubris:SphereOfDissonance"},{"floor":10,"key":"infinitespire:ShieldingShard"},{"floor":13,"key":"RollingBoulder"},{"floor":14,"key":"HeavenlyBonsai"},{"floor":15,"key":"infinitespire:Beetle Shell"},{"floor":20,"key":"wanderingMiniBosses:Inkheart"},{"floor":25,"key":"aspiration:FrozenJewel"},{"floor":26,"key":"aspiration:Lifesprig"},{"floor":27,"key":"StuffTheSpire:OldFever"},{"floor":30,"key":"hubris:ToyBattleship"},{"floor":42,"key":"Darkstone Periapt"},{"floor":48,"key":"infinitespire:Broken Mirror"},{"floor":48,"key":"halation:PenCase"},{"floor":48,"key":"ReplayTheSpireMod:ShopPack"},{"floor":48,"key":"hubris:GlazedTorus"},{"floor":48,"key":"aspiration:AnachronicSnailShell"},{"floor":48,"key":"TheAbacus"},{"floor":54,"key":"Dream Catcher"}],"event_choices":[],"is_beta":false,"boss_relics":[{"not_picked":["aspiration:DefectSkillbook","hubris:CrackedHourglass"],"picked":"Runic Pyramid"},{"not_picked":["Sozu","StuffTheSpire:RunicConfusion"],"picked":"conspire:SpecialSausage"},{"not_picked":["aspiration:IroncladSkillbook","Empty Cage"],"picked":"aspiration:SecretTechniqueScroll"}],"items_purged_floors":[24,37,45],"is_endless":true,"potions_floor_spawned":[1,8,10,13,14,20,25,30,31,38,50,54],"ascension_level":5}}