{"host":"ow66nzv2xecjoor3","time":1613865801,"event":{"mods":["BaseMod","Bestiary","Block Reminder","Colored Powertips","Curses Come First","Highlight Path","Keyboard Shortcuts","Minty Spire (QoL Compilation)","Permanent Neow","Relic Stats","StSLib","UnlockEverythingMod"],"gold_per_floor":[117,134,43,60,70,104,104,104,130,148,148,179,179,197,197,197,197],"floor_reached":16,"language":"ENG","playtime":472,"items_purged":[],"score":224,"play_id":"266d59ea-58c4-46a0-8a45-a727bc5b1fdd","local_time":"20210220180321","is_ascension_mode":true,"campfire_choices":[{"floor":8,"key":"REST"},{"data":"Glass Knife","floor":15,"key":"SMITH"}],"circlet_count":0,"master_deck":["AscendersBane","Strike_G","Strike_G","Strike_G+1","Strike_G","Defend_G","Defend_G","Defend_G","Defend_G","Defend_G","Survivor","Neutralize","Slice","Leg Sweep","Finesse","Skewer+1","Glass Knife+1","Deflect","Escape Plan","Poisoned Stab","Predator"],"relics":["Ring of the Snake","Potion Belt","Whetstone","Ancient Tea Set","Oddly Smooth Stone"],"acts_visited":["Exordium"],"potions_floor_usage":[5,6,12,16],"damage_taken":[{"damage":20,"enemies":"Jaw Worm","floor":1,"turns":7},{"damage":3,"enemies":"Cultist","floor":2,"turns":5},{"damage":0,"enemies":"2 Louse","floor":4,"turns":5},{"damage":0,"enemies":"Blue Slaver","floor":5,"turns":4},{"damage":22,"enemies":"Gremlin Nob","floor":6,"turns":4},{"damage":10,"enemies":"Exordium Thugs","floor":10,"turns":6},{"damage":10,"enemies":"3 Sentries","floor":12,"turns":6},{"damage":1,"enemies":"3 Louse","floor":14,"turns":3},{"damage":17,"enemies":"Slime Boss","floor":16,"turns":5}],"seed_played":"8078255960290718483","potions_obtained":[{"floor":0,"key":"BlessingOfTheForge"},{"floor":0,"key":"Regen Potion"},{"floor":2,"key":"Strength Potion"},{"floor":5,"key":"CunningPotion"},{"floor":6,"key":"Strength Potion"}],"is_trial":false,"path_per_floor":["M","M","$","M","M","E","?","R","T","M","?","E","T","M","R","B"],"character_chosen":"THE_SILENT","items_purchased":["Finesse"],"campfire_rested":1,"item_purchase_floors":[3],"current_hp_per_floor":[39,36,36,36,36,14,14,33,33,23,23,13,13,12,12,0,0],"gold":197,"neow_bonus":"THREE_SMALL_POTIONS","is_daily":false,"chose_seed":false,"campfire_upgraded":1,"win_rate":0.0,"timestamp":1613865801,"path_taken":["M","M","$","M","M","E","?","R","T","M","?","E","?","M","R","BOSS"],"items_purchased_type":["Card"],"build_version":"2020-12-22","purchased_purges":0,"victory":false,"max_hp_per_floor":[66,66,66,66,66,66,66,66,66,66,66,66,66,66,66,66,66],"relic_stats":{"counters":[9,45],"Whetstone":["Skewer","Strike_G"],"obtain_stats":[{"Potion Belt":6,"Oddly Smooth Stone":13,"Whetstone":9,"Ancient Tea Set":12,"Ring of the Snake":0},{"Potion Belt":5,"Oddly Smooth Stone":7,"Whetstone":5,"Ancient Tea Set":7,"Ring of the Snake":0},{"Potion Belt":25,"Oddly Smooth Stone":37,"Whetstone":25,"Ancient Tea Set":37,"Ring of the Snake":0}],"Ring of the Snake":[18]},"card_choices":[{"not_picked":["Dodge and Roll","Acrobatics"],"picked":"Slice","floor":1},{"not_picked":["Slice","Deadly Poison"],"picked":"Leg Sweep","floor":2},{"not_picked":["Quick Slash","Prepared"],"picked":"Skewer","floor":4},{"not_picked":["Outmaneuver","Bane"],"picked":"Glass Knife","floor":5},{"not_picked":["Bouncing Flask","Slice"],"picked":"Deflect","floor":6},{"not_picked":["Prepared","Flechettes"],"picked":"Poisoned Stab","floor":10},{"not_picked":["Storm of Steel","Bane"],"picked":"Predator","floor":12},{"not_picked":["Flechettes","Dagger Throw","Poisoned Stab"],"picked":"SKIP","floor":14}],"player_experience":2913259,"relics_obtained":[{"floor":6,"key":"Potion Belt"},{"floor":9,"key":"Whetstone"},{"floor":12,"key":"Ancient Tea Set"},{"floor":13,"key":"Oddly Smooth Stone"}],"event_choices":[{"damage_healed":0,"gold_gain":0,"cards_transformed":["Strike_G"],"player_choice":"Change","damage_taken":0,"max_hp_gain":0,"max_hp_loss":0,"event_name":"Living Wall","floor":7,"gold_loss":0,"cards_obtained":["Escape Plan"]},{"damage_healed":0,"gold_gain":0,"player_choice":"Ignored","damage_taken":0,"max_hp_gain":0,"max_hp_loss":0,"event_name":"Shining Light","floor":11,"gold_loss":0}],"is_beta":false,"boss_relics":[],"items_purged_floors":[],"is_endless":false,"potions_floor_spawned":[2,5,6],"killed_by":"Slime Boss","ascension_level":20}}