{"host":"jt67skv49snb75sm","time":1613942661,"event":{"mods":["BaseMod","Bestiary","Minty Spire (QoL Compilation)","Relic Stats"],"gold_per_floor":[111,186,199,31,46,80,80,100,100,112,35,61,61,102,114,217,229,265,295,330,362,374,386,417,429,441,453,465,465],"floor_reached":28,"language":"ENG","playtime":3482,"items_purged":[],"score":530,"play_id":"cba6a346-b92a-4ad6-8725-5037e5935726","local_time":"20210221222421","is_ascension_mode":true,"campfire_choices":[{"floor":7.0,"key":"REST"},{"data":"Bullet Time","floor":15.0,"key":"SMITH"},{"floor":23,"key":"REST"},{"floor":25,"key":"REST"},{"data":"Cloak And Dagger","floor":27,"key":"SMITH"}],"circlet_count":0,"master_deck":["AscendersBane","Strike_G+1","Strike_G","Strike_G","Strike_G","Strike_G+1","Defend_G","Defend_G","Defend_G","Defend_G","Defend_G","Survivor","Neutralize","Bullet Time+1","Quick Slash","Dagger Spray","Dagger Throw","Leg Sweep","Blade Dance","Heel Hook","Terror","Blur","Expertise","Adrenaline","Cloak And Dagger+1","Crippling Poison","Calculated Gamble+1","Choke","Dash+1","Doubt"],"relics":["Ring of the Snake","Whetstone","Nunchaku","StrikeDummy","Calipers","Golden Idol","MawBank","Cursed Key","Mercury Hourglass"],"acts_visited":["Exordium","TheCity"],"potions_floor_usage":[16,16,24,24,28],"damage_taken":[{"damage":1.0,"enemies":"2 Louse","floor":1.0,"turns":5.0},{"damage":13.0,"enemies":"Jaw Worm","floor":3.0,"turns":9.0},{"damage":1.0,"enemies":"Cultist","floor":5.0,"turns":3.0},{"damage":24.0,"enemies":"3 Sentries","floor":6.0,"turns":9.0},{"damage":1.0,"enemies":"Exordium Wildlife","floor":8.0,"turns":4.0},{"damage":8.0,"enemies":"3 Louse","floor":10.0,"turns":2.0},{"damage":2.0,"enemies":"Lagavulin","floor":12.0,"turns":5.0},{"damage":0.0,"enemies":"Gremlin Nob","floor":14.0,"turns":3.0},{"damage":13,"enemies":"The Guardian","floor":16,"turns":13},{"damage":9,"enemies":"2 Thieves","floor":18,"turns":3},{"damage":19,"enemies":"Spheric Guardian","floor":19,"turns":4},{"damage":14,"enemies":"Chosen and Byrds","floor":20,"turns":5},{"damage":0,"enemies":"Centurion and Healer","floor":21,"turns":6},{"damage":18,"enemies":"Cultist and Chosen","floor":24,"turns":9},{"damage":23,"enemies":"Book of Stabbing","floor":28,"turns":4}],"seed_played":"-4302374138634987820","potions_obtained":[{"floor":5.0,"key":"SteroidPotion"},{"floor":6.0,"key":"Fire Potion"},{"floor":20,"key":"GamblersBrew"},{"floor":21,"key":"DistilledChaos"},{"floor":24,"key":"SpeedPotion"}],"is_trial":false,"path_per_floor":["M","?","M","$","M","E","R","M","T","M","$","E","?","E","R","B",null,"M","M","M","M","?","R","M","R","T","R","E"],"character_chosen":"THE_SILENT","items_purchased":["Whetstone","Terror"],"campfire_rested":3,"item_purchase_floors":[4,11],"current_hp_per_floor":[58,47,34,34,33,9,28,27,27,19,19,17,17,17,17,4,46,37,18,4,4,4,22,4,22,22,22,0,0],"gold":465,"neow_bonus":"ONE_RANDOM_RARE_CARD","is_daily":false,"chose_seed":false,"campfire_upgraded":2,"win_rate":0.0,"timestamp":1613942661,"path_taken":["M","?","M","?","?","E","R","M","T","?","$","E","?","E","R","BOSS","M","M","M","M","?","R","?","R","T","R","E"],"items_purchased_type":["Relic","Card"],"build_version":"2020-12-22","purchased_purges":0,"victory":false,"max_hp_per_floor":[66,66,66,66,66,66,66,66,66,66,66,66,60,60,60,60,60,60,60,60,60,60,60,60,60,60,60,60,60],"relic_stats":{"Nunchaku":[15],"counters":[15,84],"Golden Idol":48,"Whetstone":["Strike_G","Strike_G"],"MawBank":168,"Cursed Key":1,"obtain_stats":[{"Nunchaku":6,"Calipers":12,"Golden Idol":13,"Whetstone":4,"StrikeDummy":9,"MawBank":14,"Cursed Key":17,"Ring of the Snake":0,"Mercury Hourglass":26},{"Nunchaku":4,"Calipers":7,"Golden Idol":7,"Whetstone":2,"StrikeDummy":5,"MawBank":8,"Cursed Key":9,"Ring of the Snake":0,"Mercury Hourglass":14},{"Nunchaku":26,"Calipers":37,"Golden Idol":37,"Whetstone":14,"StrikeDummy":30,"MawBank":40,"Cursed Key":53,"Ring of the Snake":0,"Mercury Hourglass":80}],"Ring of the Snake":[30],"Mercury Hourglass":[12]},"card_choices":[{"not_picked":["PiercingWail","Bane"],"picked":"Quick Slash","floor":1.0},{"not_picked":["Dodge and Roll","Flying Knee"],"picked":"Dagger Spray","floor":3.0},{"not_picked":["Finisher","Deadly Poison"],"picked":"Dagger Throw","floor":5.0},{"not_picked":["Prepared","Underhanded Strike"],"picked":"Leg Sweep","floor":6.0},{"not_picked":["Bane","Slice"],"picked":"Blade Dance","floor":8.0},{"not_picked":["Acrobatics","Caltrops"],"picked":"Heel Hook","floor":10.0},{"not_picked":["Quick Slash","Calculated Gamble"],"picked":"Blur","floor":12.0},{"not_picked":["Calculated Gamble","Flechettes"],"picked":"Expertise","floor":14.0},{"not_picked":["Storm of Steel","Grand Finale"],"picked":"Adrenaline","floor":16},{"not_picked":["Bane","Slice"],"picked":"Cloak And Dagger","floor":18},{"not_picked":["Skewer","Expertise"],"picked":"Crippling Poison","floor":19},{"not_picked":["All Out Attack","Deadly Poison"],"picked":"Calculated Gamble","floor":20},{"not_picked":["Deadly Poison","Setup"],"picked":"Choke","floor":21},{"not_picked":["Escape Plan","Quick Slash"],"picked":"Dash+1","floor":24}],"player_experience":861200,"relics_obtained":[{"floor":6.0,"key":"Nunchaku"},{"floor":9.0,"key":"StrikeDummy"},{"floor":12.0,"key":"Calipers"},{"floor":14.0,"key":"MawBank"},{"floor":26,"key":"Mercury Hourglass"}],"event_choices":[{"damage_healed":0.0,"max_hp_gain":0.0,"max_hp_loss":0.0,"gold_gain":75.0,"event_name":"World of Goop","player_choice":"Gather Gold","floor":2.0,"gold_loss":0.0,"damage_taken":11.0},{"damage_healed":0.0,"max_hp_gain":0.0,"max_hp_loss":6.0,"gold_gain":0.0,"event_name":"Golden Idol","player_choice":"Lose Max HP","floor":13.0,"gold_loss":0.0,"damage_taken":0.0,"relics_obtained":["Golden Idol"]},{"damage_healed":0,"gold_gain":0,"player_choice":"Upgraded","damage_taken":0,"max_hp_gain":0,"max_hp_loss":0,"event_name":"Upgrade Shrine","floor":22,"gold_loss":0,"cards_upgraded":["Calculated Gamble"]}],"is_beta":false,"boss_relics":[{"not_picked":["Velvet Choker","Pandora\u0027s Box"],"picked":"Cursed Key"}],"items_purged_floors":[],"is_endless":false,"potions_floor_spawned":[5,6,8,20,21,24],"killed_by":"Book of Stabbing","ascension_level":20}}