{"host":"c1h8o8aodufyrxir","time":1613901023,"event":{"mods":["AchievementEnabler","BaseMod","Block Reminder","Downfall","Minty Spire (QoL Compilation)","Rare Cards Sparkle","Relic Stats","StSLib"],"gold_per_floor":[99,116,116,135,183,228,228,264,301,301,336,373,401,117,145,280,280,280,324,324,95,147,199,199,99,99,99,99],"floor_reached":26,"language":"ENG","playtime":1873,"items_purged":["hexamod:TimeWarp"],"score":272,"play_id":"a729c855-7a44-4c2a-89f1-de3598c53ef0","local_time":"20210221025023","is_ascension_mode":false,"campfire_choices":[{"data":"hexamod:Float","floor":1,"key":"SMITH"},{"data":"hexamod:FlamesFromBeyond","floor":10,"key":"SMITH"},{"data":"hexamod:HexaLevel","floor":18,"key":"SMITH"},{"floor":25,"key":"REST"}],"circlet_count":0,"master_deck":["hexamod:Strike","hexamod:Strike","hexamod:Strike","hexamod:Strike","hexamod:Defend","hexamod:Defend","hexamod:Defend","hexamod:Sear","hexamod:Float+1","hexamod:NightmareGuise","hexamod:ThirdSeal","hexamod:SecondSeal","hexamod:FlamesFromBeyond+1","hexamod:NightmareGuise","hexamod:InspiringFlames","hexamod:SpectersWail","hexamod:SpectersWail","hexamod:HeatShield","hexamod:ChargedBarrage","hexamod:ThirdSeal","hexamod:PowerFromBeyond","hexamod:SpectersWail","hexamod:FourthSeal","hexamod:SoulSteal","hexamod:FastForward","expansioncontent:QuickStudy","hexamod:Incineration","hexamod:FlamesFromBeyond","hexamod:ForkedFlame","hexamod:SearingWound","hexamod:HexaLevel+1","hexamod:FastForward","hexamod:FastForward+1","hexamod:FifthSeal","hexamod:HauntingEcho+1","hexamod:FirstSeal","hexamod:CatchUp+1","hexamod:FirstSeal","hexamod:ExtraCrispy"],"relics":["hexamod:SpiritBrand","CeramicFish","Mummified Hand","Sozu","Sling","Frozen Egg 2","downfall:HeartBlessingBlue"],"acts_visited":["Exordium","TheCity"],"potions_floor_usage":[23],"damage_taken":[{"damage":0,"enemies":"Jaw Worm","floor":2,"turns":4},{"damage":0,"enemies":"Cultist","floor":4,"turns":3},{"damage":1,"enemies":"2 Louse","floor":6,"turns":3},{"damage":1,"enemies":"Exordium Wildlife","floor":8,"turns":3},{"damage":5,"enemies":"downfall:LooterAlt","floor":9,"turns":3},{"damage":0,"enemies":"Large Slime","floor":11,"turns":3},{"damage":0,"enemies":"Exordium Wildlife","floor":12,"turns":3},{"damage":3,"enemies":"3 Louse","floor":13,"turns":2},{"damage":0,"enemies":"downfall:FleeingMerchant","floor":14,"turns":4},{"damage":19,"enemies":"Blue Slaver","floor":15,"turns":3},{"damage":28,"enemies":"DF_ARCHETYPE_STREAMLINE","floor":16,"turns":8},{"damage":30,"enemies":"downfall:LooterAlt2","floor":19,"turns":3},{"damage":10,"enemies":"downfall:FleeingMerchant","floor":21,"turns":4},{"damage":5,"enemies":"Chosen","floor":22,"turns":6},{"damage":50,"enemies":"Gremlin Leader","floor":23,"turns":6},{"damage":53,"enemies":"Slavers","floor":26,"turns":3}],"seed_played":"6942888501947245422","potions_obtained":[{"floor":8,"key":"sneckomod:MuddlingPotion"},{"floor":12,"key":"Weak Potion"},{"floor":15,"key":"Energy Potion"},{"floor":16,"key":"FairyPotion"}],"is_trial":false,"path_per_floor":["R","M","?","M","T","M","T","M","M","R","M","M","M","$","M","B",null,"R","M","?","$","M","E","T","R","E"],"character_chosen":"THE_SPIRIT","items_purchased":["hexamod:FastForward","expansioncontent:QuickStudy","hexamod:Incineration","Sling"],"campfire_rested":1,"item_purchase_floors":[14,14,14,21],"current_hp_per_floor":[77,77,77,77,77,76,76,75,70,70,70,70,67,67,48,20,77,77,47,47,37,32,14,14,50,0,0,0],"gold":99,"neow_bonus":"TEN_PERCENT_HP_BONUS","is_daily":false,"chose_seed":false,"campfire_upgraded":3,"win_rate":0.0,"timestamp":1613901023,"path_taken":["R","M","?","?","?","M","T","M","M","R","M","M","M","$","M","BOSS","R","M","?","?","?","E","T","R","E"],"items_purchased_type":["Card","Card","Card","Relic"],"build_version":"2020-12-22","purchased_purges":1,"victory":false,"max_hp_per_floor":[77,77,77,77,77,77,77,77,77,77,77,77,77,77,77,77,77,77,77,77,77,77,77,77,87,87,87,87],"relic_stats":{"Sozu":5,"counters":[16,61],"Mummified Hand":[45],"CeramicFish":243,"obtain_stats":[{"Sozu":17,"Mummified Hand":7,"downfall:HeartBlessingBlue":25,"CeramicFish":5,"Frozen Egg 2":23,"Sling":21,"hexamod:SpiritBrand":0},{"Sozu":11,"Mummified Hand":3,"downfall:HeartBlessingBlue":15,"CeramicFish":2,"Frozen Egg 2":15,"Sling":13,"hexamod:SpiritBrand":0},{"Sozu":39,"Mummified Hand":10,"downfall:HeartBlessingBlue":58,"CeramicFish":7,"Frozen Egg 2":58,"Sling":46,"hexamod:SpiritBrand":0}]},"card_choices":[{"not_picked":["hexamod:HeatMetal","hexamod:AdvancingGuard"],"picked":"hexamod:NightmareGuise","floor":2},{"not_picked":["hexamod:ShieldOfDarkness","hexamod:GhostOfSpireFuture"],"picked":"hexamod:SecondSeal","floor":4},{"not_picked":["hexamod:GhostLash","hexamod:ShieldOfDarkness"],"picked":"hexamod:FlamesFromBeyond","floor":4},{"not_picked":["hexamod:GhostLash","hexamod:HauntingEcho"],"picked":"hexamod:TimeWarp","floor":6},{"not_picked":["hexamod:SpectralAdrenaline","hexamod:SecondSeal"],"picked":"hexamod:NightmareGuise","floor":6},{"not_picked":["hexamod:GhostLash","hexamod:Hexaguard"],"picked":"hexamod:InspiringFlames","floor":8},{"not_picked":["hexamod:PhantomCloak","hexamod:InspiringFlames"],"picked":"hexamod:SpectersWail","floor":8},{"not_picked":["hexamod:RetreatToShadows","hexamod:FlamesFromBeyond"],"picked":"hexamod:SpectersWail","floor":9},{"not_picked":["hexamod:Hexaguard","hexamod:NecessarySacrifice"],"picked":"hexamod:HeatShield","floor":9},{"not_picked":["hexamod:InspiringFlames","hexamod:SecondSeal"],"picked":"hexamod:ChargedBarrage","floor":11},{"not_picked":["hexamod:Rewind","hexamod:ThermalTransfer"],"picked":"hexamod:ThirdSeal","floor":12},{"not_picked":["hexamod:NecessarySacrifice","hexamod:ShieldOfDarkness"],"picked":"hexamod:PowerFromBeyond","floor":12},{"not_picked":["hexamod:TimeWarp","hexamod:Again"],"picked":"hexamod:SpectersWail","floor":13},{"not_picked":["hexamod:NightmareStrike","hexamod:Hexaguard"],"picked":"hexamod:FourthSeal","floor":14},{"not_picked":["hexamod:RetreatToShadows","hexamod:NightmareStrike"],"picked":"hexamod:SoulSteal","floor":14},{"not_picked":["hexamod:DynamicBlow","hexamod:GhostLash","hexamod:TimeWarp"],"picked":"SKIP","floor":14},{"not_picked":["hexamod:HeatMetal","hexamod:SpectersWail"],"picked":"hexamod:FlamesFromBeyond","floor":15},{"not_picked":["hexamod:UnleashSpirits","hexamod:SearingWound"],"picked":"hexamod:ForkedFlame","floor":16},{"not_picked":["hexamod:TurnItUp","hexamod:ParanormalForm"],"picked":"hexamod:SearingWound","floor":16},{"not_picked":["hexamod:SearingWound","hexamod:TurnItUp"],"picked":"hexamod:HexaLevel","floor":16},{"not_picked":["hexamod:AdvancingGuard+1","hexamod:ShieldOfDarkness"],"picked":"hexamod:FastForward","floor":19},{"not_picked":["hexamod:Firestarter","hexamod:NightmareGuise"],"picked":"hexamod:FastForward+1","floor":19},{"not_picked":["hexamod:ChargedBarrage","hexamod:RetreatToShadows"],"picked":"hexamod:FifthSeal","floor":21},{"not_picked":["hexamod:GhostShield","hexamod:BacktrackSmack"],"picked":"hexamod:HauntingEcho+1","floor":22},{"not_picked":["hexamod:ThirdSeal","hexamod:BurningTouch"],"picked":"hexamod:FirstSeal","floor":22},{"not_picked":["hexamod:RetreatToShadows","hexamod:BurningTouch"],"picked":"hexamod:CatchUp+1","floor":22},{"not_picked":["hexamod:FourthSeal","hexamod:SecondSeal"],"picked":"hexamod:FirstSeal","floor":23},{"not_picked":["hexamod:AdvancingGuard","hexamod:GhostLash"],"picked":"hexamod:ExtraCrispy","floor":23},{"not_picked":["hexamod:FlamesFromBeyond","hexamod:GhostShield","hexamod:BurningTouch"],"picked":"SKIP","floor":23}],"player_experience":184287,"relics_obtained":[{"floor":5,"key":"CeramicFish"},{"floor":7,"key":"Mummified Hand"},{"floor":23,"key":"Frozen Egg 2"}],"event_choices":[],"is_beta":false,"boss_relics":[{"not_picked":["Empty Cage","Pandora\u0027s Box"],"picked":"Sozu"}],"items_purged_floors":[21],"is_endless":false,"potions_floor_spawned":[8,12,15,22],"killed_by":"Slavers","ascension_level":0}}