{"host":"yqw1zpryoutrnocq","time":1613947733,"event":{"mods":["2.2 Compatiblity","AchievementEnabler","BaseMod","Colored Map","Custom Start","DeckTracker","Minty Spire (QoL Compilation)","StSLib","SuperFastMode"],"gold_per_floor":[110,129,144,35,47,73,92,126,126,136,136,156,167,181,181,181,181],"floor_reached":16,"language":"KOR","playtime":460,"items_purged":["Strike_G"],"score":195,"play_id":"bf57a788-17b2-435f-a694-cb5e5afb11ef","local_time":"20210221164853","is_ascension_mode":true,"campfire_choices":[{"floor":11,"key":"REST"},{"data":"1","floor":15,"key":"LIFT"}],"circlet_count":0,"master_deck":["AscendersBane","Strike_G","Strike_G","Strike_G","Strike_G","Defend_G","Defend_G","Defend_G","Defend_G","Defend_G","Survivor","Neutralize","Backflip","Dagger Spray","Blade Dance","Infinite Blades","Dodge and Roll","Glass Knife","Bouncing Flask","Leg Sweep","Deflect","Escape Plan","Endless Agony","Calculated Gamble"],"relics":["Ring of the Snake","StoneCalendar","Paper Crane","Du-Vu Doll","Girya"],"acts_visited":["Exordium"],"potions_floor_usage":[7,10,14],"damage_taken":[{"damage":8.0,"enemies":"Cultist","floor":1.0,"turns":7.0},{"damage":0.0,"enemies":"2 Louse","floor":2.0,"turns":4.0},{"damage":0.0,"enemies":"Small Slimes","floor":3.0,"turns":5.0},{"damage":4.0,"enemies":"Blue Slaver","floor":5.0,"turns":6.0},{"damage":12.0,"enemies":"Gremlin Nob","floor":6.0,"turns":4.0},{"damage":7,"enemies":"Gremlin Gang","floor":7,"turns":4},{"damage":31,"enemies":"3 Sentries","floor":8,"turns":7},{"damage":0,"enemies":"Looter","floor":10,"turns":2},{"damage":0,"enemies":"Blue Slaver","floor":12,"turns":4},{"damage":7,"enemies":"Exordium Wildlife","floor":13,"turns":5},{"damage":0,"enemies":"Looter","floor":14,"turns":2},{"damage":13,"enemies":"Slime Boss","floor":16,"turns":4}],"seed_played":"-6788463879195970759","potions_obtained":[{"floor":1.0,"key":"FearPotion"},{"floor":2.0,"key":"LiquidMemories"},{"floor":6.0,"key":"Swift Potion"},{"floor":7,"key":"SteroidPotion"},{"floor":10,"key":"DuplicationPotion"}],"is_trial":false,"path_per_floor":["M","M","M","$","M","E","M","E","T","M","R","M","M","M","R","B"],"character_chosen":"THE_SILENT","items_purchased":["Infinite Blades"],"campfire_rested":1,"item_purchase_floors":[4],"current_hp_per_floor":[55,55,55,55,51,39,32,1,1,1,19,19,12,12,12,0,0],"gold":181,"neow_bonus":"ONE_RARE_RELIC","is_daily":false,"chose_seed":false,"campfire_upgraded":0,"win_rate":0.0,"timestamp":1613947733,"path_taken":["M","M","M","$","M","E","M","E","T","M","R","M","M","?","R","BOSS"],"items_purchased_type":["Card"],"build_version":"2020-12-22","purchased_purges":1,"victory":false,"max_hp_per_floor":[63,63,63,63,63,63,63,63,63,63,63,63,63,63,63,63,63],"card_choices":[{"not_picked":["Reflex","Sucker Punch"],"picked":"Backflip","floor":1.0},{"not_picked":["Blade Dance","Poisoned Stab"],"picked":"Dagger Spray","floor":2.0},{"not_picked":["Flying Knee","Dagger Throw"],"picked":"Blade Dance","floor":3.0},{"not_picked":["Underhanded Strike","Blade Dance"],"picked":"Dodge and Roll","floor":5.0},{"not_picked":["Bouncing Flask","Doppelganger"],"picked":"Glass Knife","floor":6.0},{"not_picked":["Dash","Terror"],"picked":"Bouncing Flask","floor":7},{"not_picked":["Terror","Poisoned Stab"],"picked":"Leg Sweep","floor":8},{"not_picked":["Quick Slash","All Out Attack"],"picked":"Deflect","floor":10},{"not_picked":["Dodge and Roll","Slice"],"picked":"Escape Plan","floor":12},{"not_picked":["Tactician","Dodge and Roll"],"picked":"Endless Agony","floor":13},{"not_picked":["Outmaneuver","Blade Dance"],"picked":"Calculated Gamble","floor":14}],"player_experience":355537,"relics_obtained":[{"floor":6.0,"key":"Paper Crane"},{"floor":8,"key":"Du-Vu Doll"},{"floor":9,"key":"Girya"}],"event_choices":[],"is_beta":false,"boss_relics":[],"items_purged_floors":[4],"is_endless":false,"potions_floor_spawned":[1,2,6,7,10],"killed_by":"Slime Boss","ascension_level":13}}