{"host":"8is2j71l4wmybkoi","time":1613901533,"event":{"mods":["AchievementEnabler","BaseMod","Colored Map","DeckTracker","Minty Spire (QoL Compilation)","Rare Cards Sparkle","Relic Stats","StSLib","SuperFastMode"],"gold_per_floor":[362,81,81,6,6,6,6],"floor_reached":6,"language":"KOR","playtime":110,"items_purged":["Defend_G"],"score":56,"play_id":"c241ad63-e6d2-4a9b-baa7-2c7cf5b6a4c3","local_time":"20210221185853","is_ascension_mode":true,"campfire_choices":[],"circlet_count":0,"master_deck":["AscendersBane","Strike_G","Strike_G","Strike_G","Strike_G","Defend_G+1","Defend_G","Defend_G","Survivor","Neutralize","Leg Sweep","Blade Dance+1"],"relics":["Ring of the Snake","Medical Kit"],"acts_visited":["Exordium"],"potions_floor_usage":[],"damage_taken":[{"damage":6,"enemies":"Small Slimes","floor":1,"turns":5},{"damage":15,"enemies":"Gremlin Nob","floor":6,"turns":3}],"seed_played":"115283300698263197","potions_obtained":[],"is_trial":false,"path_per_floor":["M","$","?","?","?","E"],"character_chosen":"THE_SILENT","items_purchased":["Blade Dance","Medical Kit"],"campfire_rested":0,"item_purchase_floors":[2,2],"current_hp_per_floor":[38,38,31,31,11,0,0],"gold":6,"neow_bonus":"TWO_FIFTY_GOLD","is_daily":false,"chose_seed":false,"campfire_upgraded":0,"win_rate":0.0,"timestamp":1613901533,"path_taken":["M","$","?","?","?","E"],"items_purchased_type":["Card","Relic"],"build_version":"2020-12-22","purchased_purges":1,"victory":false,"max_hp_per_floor":[66,66,66,66,66,66,66],"relic_stats":{"counters":[2,8],"Medical Kit":[0],"obtain_stats":[{"Medical Kit":2,"Ring of the Snake":0},{"Medical Kit":1,"Ring of the Snake":0},{"Medical Kit":5,"Ring of the Snake":0}],"Ring of the Snake":[4]},"card_choices":[{"not_picked":["Dodge and Roll","PiercingWail"],"picked":"Leg Sweep","floor":1}],"player_experience":1278127,"relics_obtained":[],"event_choices":[{"cards_removed":["Strike_G"],"damage_healed":0,"gold_gain":0,"player_choice":"Card Removal","damage_taken":7,"max_hp_gain":0,"max_hp_loss":0,"event_name":"Golden Wing","floor":3,"gold_loss":0},{"cards_removed":["Defend_G"],"damage_healed":0,"gold_gain":0,"player_choice":"Card Removal","damage_taken":0,"max_hp_gain":0,"max_hp_loss":0,"event_name":"The Cleric","floor":4,"gold_loss":75},{"damage_healed":0,"gold_gain":0,"player_choice":"Entered Light","damage_taken":20,"max_hp_gain":0,"max_hp_loss":0,"event_name":"Shining Light","floor":5,"gold_loss":0,"cards_upgraded":["Blade Dance","Defend_G"]}],"is_beta":false,"boss_relics":[],"items_purged_floors":[2],"is_endless":false,"potions_floor_spawned":[],"killed_by":"Gremlin Nob","ascension_level":15}}