{"host":"8akdrwfmzu5ai7mr","time":1613933852,"event":{"mods":["BaseMod","Colored Powertips","Decade(Õı–°√˜)","Downfall","Marisa£®ÏF”Í°°ƒß¿Ì…≥£©","Minty Spire (QoL Compilation)","Quick Restart","Reimu£®≤©¿ˆ¡È√Œ£©","Replay The Spire","StSLib","The Administrix","The Runesmith","The Servant 0.9.4","°æ“≈ŒÔø®≈∆°øREMEMod"],"gold_per_floor":[112,123,198,198,211,211,227,227,227,256,267,286,296,321,321,421,421,439,439,144,144,159,159,159],"floor_reached":23,"language":"ZHS","playtime":2202,"items_purged":[],"score":228,"play_id":"dbd01631-030b-439a-8341-4035a1b6b590","local_time":"20210222025732","is_ascension_mode":false,"campfire_choices":[{"data":"hexamod:TimeOfNeed","floor":6,"key":"SMITH"},{"data":"EventHorizon","floor":8,"key":"SMITH"},{"floor":15,"key":"REST"}],"circlet_count":0,"master_deck":["Defend_MRS","Defend_MRS","Defend_MRS","Defend_MRS","MasterSpark","UpSweep+1","hexamod:TimeOfNeed+1","EnergyFlow","EventHorizon+1","EnergyRecoil","LuminesStrike","MagicAbsorber","DC","EarthLightRay","StarBarrage","ChargeUpSpray","MillisecondPulsars","IllusionStar","Acceleration","Slimebound:Tackle+1","Slimebound:Tackle+1","Slimebound:Tackle+1","SporeBomb"],"relics":["MiniHakkero","REME_ComplimentaryCards","NeowsBlessing","Anchor","Bottled Lightning","Replay:Arrowhead","Gremlin Food","RedLine:ReiMu","MutagenicStrength","CrazyTorch:ReiMu"],"acts_visited":["Exordium","TheCity"],"potions_floor_usage":[14,14,16,23],"damage_taken":[{"damage":0,"enemies":"Cultist","floor":1,"turns":1},{"damage":0,"enemies":"Small Slimes","floor":2,"turns":1},{"damage":0,"enemies":"2 Louse","floor":5,"turns":2},{"damage":12,"enemies":"Large Slime","floor":7,"turns":6},{"damage":15,"enemies":"Lagavulin","floor":10,"turns":6},{"damage":6,"enemies":"Gremlin Gang","floor":11,"turns":5},{"damage":5,"enemies":"Exordium Thugs","floor":12,"turns":4},{"damage":15,"enemies":"Exordium Wildlife","floor":13,"turns":3},{"damage":0,"enemies":"Gremlin Nob","floor":14,"turns":3},{"damage":20,"enemies":"Slime Boss","floor":16,"turns":8},{"damage":10,"enemies":"Spheric Guardian","floor":18,"turns":3},{"damage":45,"enemies":"3 Byrds","floor":22,"turns":5},{"damage":30,"enemies":"Gremlin Leader","floor":23,"turns":2}],"seed_played":"8690490592732660635","potions_obtained":[{"floor":5,"key":"Energy Potion"},{"floor":7,"key":"LifebloodPotion"},{"floor":12,"key":"champ:CounterPotion"},{"floor":22,"key":"PowerPotion"}],"is_trial":false,"path_per_floor":["M","M","?","?","M","R","M","R","T","E","M","M","M","E","R","B",null,"M","?","$","?","M","E"],"character_chosen":"MARISA","items_purchased":["CrazyTorch:ReiMu","Acceleration"],"campfire_rested":1,"item_purchase_floors":[20,20],"current_hp_per_floor":[75,75,64,57,57,57,45,45,45,30,24,19,8,8,30,14,75,65,65,65,65,24,0,0],"gold":159,"neow_bonus":"THREE_ENEMY_KILL","is_daily":false,"chose_seed":false,"campfire_upgraded":2,"win_rate":0.0,"timestamp":1613933852,"path_taken":["M","?","?","?","M","R","M","R","T","E","?","M","M","E","R","BOSS","M","?","$","?","M","E"],"items_purchased_type":["Relic","Card"],"build_version":"2020-12-22","purchased_purges":0,"victory":false,"max_hp_per_floor":[75,75,75,75,75,75,75,75,75,75,75,75,75,75,75,75,75,75,75,75,75,75,75,75],"card_choices":[{"not_picked":["GrandCross","LuminesStrike"],"picked":"EnergyFlow","floor":1},{"not_picked":["MysteriousBeam","MilkyWay"],"picked":"EventHorizon","floor":2},{"not_picked":["DeepEcoloBomb","FairyDestructionRay"],"picked":"EnergyRecoil","floor":5},{"not_picked":["MilkyWay","6A"],"picked":"LuminesStrike","floor":7},{"not_picked":["EscapeVelocity","EventHorizon"],"picked":"MagicAbsorber","floor":10},{"not_picked":["GravityBeat","DarkSpark"],"picked":"DC","floor":11},{"not_picked":["AlicesGift","GalacticHalo"],"picked":"EarthLightRay","floor":12},{"not_picked":["Orbital","DC"],"picked":"StarBarrage","floor":13},{"not_picked":["DC","DarkSpark"],"picked":"ChargeUpSpray","floor":14},{"not_picked":["TreasureHunter","UltimateShortwave"],"picked":"MillisecondPulsars","floor":16},{"not_picked":["RefractionSpark+1","WitchOfGreed"],"picked":"IllusionStar","floor":18},{"not_picked":["GravityBeat+1","WitchLeyline"],"picked":"SporeBomb","floor":22}],"player_experience":115542,"relics_obtained":[{"floor":9,"key":"Bottled Lightning"},{"floor":10,"key":"Replay:Arrowhead"},{"floor":14,"key":"Gremlin Food"}],"event_choices":[{"damage_healed":0,"gold_gain":75,"player_choice":"Gather Gold","damage_taken":11,"max_hp_gain":0,"max_hp_loss":0,"event_name":"World of Goop","floor":3,"gold_loss":0},{"damage_healed":0,"gold_gain":0,"player_choice":"Success","damage_taken":7,"relics_obtained":["Anchor"],"max_hp_gain":0,"max_hp_loss":0,"event_name":"Scrap Ooze","floor":4,"gold_loss":0},{"damage_healed":0,"gold_gain":0,"player_choice":"Inject Mutagens","damage_taken":0,"relics_obtained":["MutagenicStrength"],"max_hp_gain":0,"max_hp_loss":0,"event_name":"Drug Dealer","floor":19,"gold_loss":0}],"is_beta":false,"boss_relics":[{"not_picked":["SlaversCollar","Snecko Heart"],"picked":"RedLine:ReiMu"}],"items_purged_floors":[],"is_endless":false,"potions_floor_spawned":[5,7,12,13,22],"killed_by":"Gremlin Leader","ascension_level":0}}