{"host":"xsuxkwaivmtd234a","time":1613868652,"event":{"mods":["BaseMod","Bestiary","Colored Map","Minty Spire (QoL Compilation)","Relic Stats","StSLib"],"gold_per_floor":[114,132,82,102,116,116,116,143,166,166,166,183,201,233,245,257,257],"floor_reached":16,"language":"ENG","playtime":744,"items_purged":[],"score":168,"play_id":"f8df5345-5446-4228-bc5f-429fa4e2340e","local_time":"20210220195052","is_ascension_mode":true,"campfire_choices":[{"data":"Neutralize","floor":6,"key":"SMITH"},{"data":"Wraith Form v2","floor":11,"key":"SMITH"},{"data":"Quick Slash","floor":15,"key":"SMITH"}],"circlet_count":0,"master_deck":["AscendersBane","Strike_G","Strike_G","Strike_G","Strike_G","Defend_G","Defend_G","Defend_G","Defend_G","Defend_G","Survivor","Neutralize+1","Quick Slash+1","Noxious Fumes","Cloak And Dagger","Caltrops","Wraith Form v2+1","PiercingWail","Masterful Stab","Terror"],"relics":["Ring of the Snake","Boot","Strawberry","Omamori","MawBank"],"acts_visited":["Exordium"],"potions_floor_usage":[14,16],"damage_taken":[{"damage":1,"enemies":"Jaw Worm","floor":1,"turns":4},{"damage":3,"enemies":"2 Louse","floor":2,"turns":2},{"damage":1,"enemies":"Cultist","floor":4,"turns":4},{"damage":3,"enemies":"2 Fungi Beasts","floor":5,"turns":4},{"damage":26,"enemies":"3 Sentries","floor":8,"turns":9},{"damage":3,"enemies":"3 Louse","floor":12,"turns":4},{"damage":1,"enemies":"Blue Slaver","floor":13,"turns":5},{"damage":9,"enemies":"Gremlin Nob","floor":14,"turns":6},{"damage":48,"enemies":"Slime Boss","floor":16,"turns":9}],"seed_played":"-8486692168762888467","potions_obtained":[{"floor":2,"key":"CultistPotion"},{"floor":4,"key":"Regen Potion"},{"floor":5,"key":"LiquidBronze"},{"floor":14,"key":"Poison Potion"}],"is_trial":false,"path_per_floor":["M","M","?","M","M","R","?","E","T","?","R","M","M","E","R","B"],"character_chosen":"THE_SILENT","items_purchased":[],"campfire_rested":0,"item_purchase_floors":[],"current_hp_per_floor":[62,59,59,58,55,55,60,41,41,41,41,38,37,43,43,0,0],"gold":257,"neow_bonus":"RANDOM_COMMON_RELIC","is_daily":false,"chose_seed":false,"campfire_upgraded":3,"win_rate":0.0,"timestamp":1613868652,"path_taken":["M","M","?","M","M","R","?","E","T","?","R","?","M","E","R","BOSS"],"items_purchased_type":[],"build_version":"2020-12-22","purchased_purges":0,"victory":false,"max_hp_per_floor":[70,70,70,70,70,70,75,82,82,82,82,82,82,82,82,82,82],"relic_stats":{"counters":[9,47],"Boot":[35],"MawBank":24,"obtain_stats":[{"Strawberry":8,"Omamori":9,"Boot":0,"MawBank":14,"Ring of the Snake":0},{"Strawberry":5,"Omamori":5,"Boot":0,"MawBank":8,"Ring of the Snake":0},{"Strawberry":23,"Omamori":23,"Boot":0,"MawBank":38,"Ring of the Snake":0}],"Ring of the Snake":[18]},"card_choices":[{"not_picked":["Slice","Flying Knee"],"picked":"Quick Slash","floor":1},{"not_picked":["Slice","Footwork"],"picked":"Noxious Fumes","floor":2},{"not_picked":["Calculated Gamble","Deflect"],"picked":"Cloak And Dagger","floor":4},{"not_picked":["PiercingWail","Sucker Punch"],"picked":"Caltrops","floor":5},{"not_picked":["Phantasmal Killer","Poisoned Stab"],"picked":"Wraith Form v2","floor":8},{"not_picked":["Concentrate","Dodge and Roll"],"picked":"PiercingWail","floor":12},{"not_picked":["Underhanded Strike","Riddle With Holes"],"picked":"Masterful Stab","floor":13},{"not_picked":["Cloak And Dagger","Dagger Spray"],"picked":"Terror","floor":14}],"player_experience":1325860,"relics_obtained":[{"floor":8,"key":"Strawberry"},{"floor":9,"key":"Omamori"},{"floor":14,"key":"MawBank"}],"event_choices":[{"cards_removed":["Strike_G"],"damage_healed":0,"gold_gain":0,"player_choice":"Card Removal","damage_taken":0,"max_hp_gain":0,"max_hp_loss":0,"event_name":"The Cleric","floor":3,"gold_loss":50},{"damage_healed":0,"gold_gain":0,"player_choice":"Donut","damage_taken":0,"max_hp_gain":5,"max_hp_loss":0,"event_name":"Big Fish","floor":7,"gold_loss":0},{"damage_healed":0,"gold_gain":0,"player_choice":"0 cards matched","damage_taken":0,"max_hp_gain":0,"max_hp_loss":0,"event_name":"Match and Keep!","floor":10,"gold_loss":0,"cards_obtained":[]}],"is_beta":false,"boss_relics":[],"items_purged_floors":[],"is_endless":false,"potions_floor_spawned":[2,4,5,13,14],"killed_by":"Slime Boss","ascension_level":10}}