{"host":"0xnlke9dn7m72v1t","time":1613913690,"event":{"mods":["AchievementEnabler","BaseMod","BetterRewards","Colored Map","Colored Powertips","Minty Spire (QoL Compilation)","Quick Restart","StSLib","SuperFastMode"],"gold_per_floor":[113,113,113,132,149,149,168,496,496,506,506,518,529,542,542,637,637,656,168,267,182,201,229,229,240,240,250,263,188,188,208,208,304,304,314,314,314,324,338,338,348,348,348,348,378,427,442,452,452,452],"floor_reached":51,"language":"DEU","playtime":3412,"items_purged":[],"score":755,"play_id":"5aa227af-0a98-4dbe-a19a-a9920606b8b4","local_time":"20210221142130","is_ascension_mode":false,"campfire_choices":[{"data":"Distraction","floor":6.0,"key":"SMITH"},{"floor":11.0,"key":"REST"},{"floor":15.0,"key":"REST"},{"floor":24.0,"key":"REST"},{"data":"Deadly Poison","floor":30,"key":"SMITH"},{"floor":32,"key":"REST"},{"floor":40,"key":"REST"},{"floor":42,"key":"REST"},{"floor":49,"key":"REST"}],"circlet_count":0,"master_deck":["Strike_G+1","Strike_G","Strike_G","Strike_G","Defend_G","Defend_G","Defend_G","Defend_G","Defend_G","Survivor","Neutralize","Flying Knee","Blade Dance","Underhanded Strike+1","Prepared","Distraction+1","Crippling Poison","Dagger Spray","Infinite Blades","Deadly Poison+1","Escape Plan","Adrenaline","Backstab","Poisoned Stab+1","Outmaneuver","Burst","Footwork+1","Skewer+1","Crippling Poison+1","Noxious Fumes+1","Deadly Poison+1","Blade Dance+1","Die Die Die","Prepared","Underhanded Strike+1","Distraction+1","Prepared+1"],"relics":["Ring of the Serpent","Membership Card","Gambling Chip","Mango","ClockworkSouvenir","Tough Bandages","Old Coin","Pocketwatch","Frozen Egg 2","Eternal Feather","Strange Spoon","Unceasing Top","Ornamental Fan","Pantograph","Sozu","Question Card","Tingsha","Ginger"],"acts_visited":["Exordium","TheCity","TheBeyond"],"potions_floor_usage":[33,39,47],"damage_taken":[{"damage":0.0,"enemies":"Small Slimes","floor":1.0,"turns":3.0},{"damage":0.0,"enemies":"2 Louse","floor":4.0,"turns":2.0},{"damage":0.0,"enemies":"Jaw Worm","floor":5.0,"turns":2.0},{"damage":0.0,"enemies":"Blue Slaver","floor":7.0,"turns":2.0},{"damage":28.0,"enemies":"Gremlin Nob","floor":8.0,"turns":5.0},{"damage":10.0,"enemies":"Looter","floor":10.0,"turns":3.0},{"damage":2.0,"enemies":"Exordium Thugs","floor":12.0,"turns":3.0},{"damage":0.0,"enemies":"Blue Slaver","floor":13.0,"turns":2.0},{"damage":0.0,"enemies":"Large Slime","floor":14.0,"turns":4.0},{"damage":64.0,"enemies":"Hexaghost","floor":16.0,"turns":11.0},{"damage":4.0,"enemies":"Shell Parasite","floor":18.0,"turns":5.0},{"damage":1.0,"enemies":"3 Byrds","floor":22.0,"turns":3.0},{"damage":45.0,"enemies":"Book of Stabbing","floor":23.0,"turns":7.0},{"damage":0.0,"enemies":"Snecko","floor":25.0,"turns":4.0},{"damage":14.0,"enemies":"3 Cultists","floor":27.0,"turns":5.0},{"damage":18.0,"enemies":"Centurion and Healer","floor":28.0,"turns":5.0},{"damage":15,"enemies":"Snake Plant","floor":31,"turns":4},{"damage":36,"enemies":"Automaton","floor":33,"turns":8},{"damage":0,"enemies":"Orb Walker","floor":35,"turns":3},{"damage":33,"enemies":"3 Darklings","floor":38,"turns":5},{"damage":9,"enemies":"Transient","floor":39,"turns":5},{"damage":38,"enemies":"4 Shapes","floor":41,"turns":3},{"damage":24,"enemies":"Giant Head","floor":45,"turns":7},{"damage":42,"enemies":"2 Orb Walkers","floor":46,"turns":4},{"damage":2,"enemies":"3 Darklings","floor":47,"turns":4},{"damage":0,"enemies":"Writhing Mass","floor":48,"turns":4},{"damage":67,"enemies":"Awakened One","floor":50,"turns":15}],"seed_played":"4747167176061173433","potions_obtained":[{"floor":1.0,"key":"ColorlessPotion"},{"floor":5.0,"key":"Strength Potion"},{"floor":8.0,"key":"SkillPotion"},{"floor":14.0,"key":"Swift Potion"},{"floor":16.0,"key":"AttackPotion"},{"floor":28,"key":"DuplicationPotion"}],"is_trial":false,"path_per_floor":["M","?","?","M","M","R","M","E","T","M","R","M","M","M","R","B",null,"M","$","?","?","M","E","R","M","T","M","M","?","R","M","R","B",null,"M","?","?","M","M","R","M","R","T","?","E","?","M","M","R","B",null],"character_chosen":"THE_SILENT","items_purchased":["Membership Card","ClockworkSouvenir","Flying Knee","Blade Dance","Frozen Egg 2","Eternal Feather","Strange Spoon","Poisoned Stab","Outmaneuver","Burst","Footwork+1"],"campfire_rested":7,"item_purchase_floors":[0,0,0,0,19,19,19,19,19,19,19],"current_hp_per_floor":[52,35,63,63,63,63,63,35,35,25,50,48,48,48,73,9,84,80,80,80,80,79,34,77,77,77,63,45,45,63,48,84,48,84,84,84,84,51,42,84,46,84,84,84,60,18,16,16,62,17],"gold":452,"neow_bonus":"","is_daily":false,"chose_seed":false,"campfire_upgraded":2,"win_rate":0.0,"timestamp":1613913690,"path_taken":["M","?","?","M","M","R","M","E","T","M","R","M","M","M","R","BOSS","M","$","?","?","M","E","R","M","T","M","M","?","R","M","R","BOSS","M","?","?","M","M","R","?","R","T","?","E","?","M","M","R","BOSS"],"items_purchased_type":["Relic","Relic","Card","Card","Relic","Relic","Relic","Card","Card","Card","Card"],"build_version":"2020-12-22","purchased_purges":0,"victory":true,"max_hp_per_floor":[84,84,84,84,84,84,84,84,84,84,84,84,84,84,84,84,84,84,84,84,84,84,84,84,84,84,84,84,84,84,84,84,84,84,84,84,84,84,84,84,84,84,84,84,84,84,84,84,84,84],"card_choices":[{"not_picked":["Masterful Stab","Quick Slash"],"picked":"Underhanded Strike","floor":1.0},{"not_picked":["Dodge and Roll","Acrobatics"],"picked":"Prepared","floor":4.0},{"not_picked":["Acrobatics","Flying Knee"],"picked":"Distraction","floor":5.0},{"not_picked":["Tactician","Sucker Punch"],"picked":"Crippling Poison","floor":7.0},{"not_picked":["Backflip","Malaise"],"picked":"Dagger Spray","floor":8.0},{"not_picked":["Dagger Spray","Quick Slash"],"picked":"Infinite Blades","floor":10.0},{"not_picked":["Backflip","Dodge and Roll"],"picked":"Deadly Poison","floor":12.0},{"not_picked":["Slice","Underhanded Strike"],"picked":"Escape Plan","floor":13.0},{"not_picked":["Outmaneuver","Masterful Stab","Flying Knee"],"picked":"SKIP","floor":14.0},{"not_picked":["Wraith Form v2","Malaise"],"picked":"Adrenaline","floor":16.0},{"not_picked":["PiercingWail+1","All Out Attack"],"picked":"Backstab","floor":18.0},{"not_picked":["Finisher","Blur"],"picked":"Skewer+1","floor":22.0},{"not_picked":["Masterful Stab","Sucker Punch"],"picked":"Crippling Poison+1","floor":23.0},{"not_picked":["Dagger Throw","Dodge and Roll+1"],"picked":"Noxious Fumes+1","floor":25.0},{"not_picked":["Distraction","Sucker Punch"],"picked":"Deadly Poison+1","floor":27.0},{"not_picked":["Leg Sweep","Malaise"],"picked":"Blade Dance+1","floor":28},{"not_picked":["Crippling Poison","Sucker Punch","Backflip"],"picked":"SKIP","floor":31},{"not_picked":["Doppelganger","Unload"],"picked":"Die Die Die","floor":33},{"not_picked":["Quick Slash+1","All Out Attack"],"picked":"Prepared","floor":35},{"not_picked":["Dash","Footwork+1"],"picked":"Underhanded Strike","floor":38},{"not_picked":["Dagger Throw","Flechettes","Escape Plan"],"picked":"SKIP","floor":39},{"not_picked":["Prepared","Quick Slash"],"picked":"Underhanded Strike+1","floor":41},{"not_picked":["Dash","Skewer","Glass Knife","Dagger Spray"],"picked":"SKIP","floor":45},{"not_picked":["Deadly Poison","Outmaneuver","Dodge and Roll+1"],"picked":"Distraction+1","floor":47},{"not_picked":["Sucker Punch+1","Calculated Gamble+1","Slice+1"],"picked":"Prepared+1","floor":48}],"player_experience":38093,"relics_obtained":[{"floor":8.0,"key":"Old Coin"},{"floor":9.0,"key":"Pocketwatch"},{"floor":23.0,"key":"Ornamental Fan"},{"floor":26.0,"key":"Pantograph"},{"floor":43,"key":"Question Card"},{"floor":45,"key":"Tingsha"},{"floor":46,"key":"Ginger"}],"event_choices":[{"damage_healed":0.0,"max_hp_gain":0.0,"max_hp_loss":0.0,"gold_gain":0.0,"event_name":"Shining Light","player_choice":"Entered Light","floor":2.0,"gold_loss":0.0,"damage_taken":17.0,"cards_upgraded":["Underhanded Strike","Strike_G"]},{"damage_healed":28.0,"max_hp_gain":0.0,"max_hp_loss":0.0,"gold_gain":0.0,"event_name":"Big Fish","player_choice":"Banana","floor":3.0,"gold_loss":0.0,"damage_taken":0.0},{"damage_healed":0.0,"max_hp_gain":0.0,"max_hp_loss":0.0,"gold_gain":99.0,"event_name":"Nest","player_choice":"Stole From Cult","floor":20.0,"gold_loss":0.0,"damage_taken":0.0},{"damage_healed":0.0,"max_hp_gain":0.0,"max_hp_loss":0.0,"gold_gain":0.0,"event_name":"Addict","player_choice":"Obtained Relic","floor":21.0,"gold_loss":85.0,"damage_taken":0.0,"relics_obtained":["Unceasing Top"]},{"cards_removed":["Strike_G"],"damage_healed":0,"gold_gain":0,"player_choice":"Gave Gold","damage_taken":0,"max_hp_gain":0,"max_hp_loss":0,"event_name":"Beggar","floor":29,"gold_loss":75},{"damage_healed":0,"gold_gain":0,"player_choice":"Ignored","damage_taken":0,"max_hp_gain":0,"max_hp_loss":0,"event_name":"Tomb of Lord Red Mask","floor":36,"gold_loss":0},{"damage_healed":0,"gold_gain":0,"player_choice":"Forge","damage_taken":0,"max_hp_gain":0,"max_hp_loss":0,"event_name":"Accursed Blacksmith","floor":37,"gold_loss":0,"cards_upgraded":["Poisoned Stab"]},{"cards_removed":["Underhanded Strike"],"damage_healed":0,"gold_gain":0,"player_choice":"Removed Attack","damage_taken":0,"max_hp_gain":0,"max_hp_loss":0,"event_name":"Falling","floor":44,"gold_loss":0},{"damage_healed":0,"gold_gain":0,"player_choice":"Fight","damage_taken":0,"max_hp_gain":0,"max_hp_loss":0,"event_name":"Mysterious Sphere","floor":46,"gold_loss":0}],"is_beta":false,"boss_relics":[{"not_picked":["Astrolabe","Coffee Dripper"],"picked":"Ring of the Serpent"},{"not_picked":["Empty Cage","Philosopher\u0027s Stone"],"picked":"Sozu"}],"items_purged_floors":[],"is_endless":false,"potions_floor_spawned":[1,5,8,14,16,22,23,27,28,38,39,47,48],"ascension_level":0}}