{"host":"v86vpwf004p2esb7","time":1613881978,"event":{"mods":["AchievementEnabler","BaseMod","BetterRewards","Colored Powertips","Minty Spire (QoL Compilation)","Quick Restart","StSLib","Transform Curses"],"gold_per_floor":[111,186,186,186,39,39,80,99,153,166,166,180,205,249,249,249,249],"floor_reached":16,"language":"ENG","playtime":502,"items_purged":[],"score":143,"play_id":"e4c6b11e-923c-4426-a4c2-4c8fde7c4821","local_time":"20210220203258","is_ascension_mode":true,"campfire_choices":[{"floor":6.0,"key":"REST"},{"floor":11,"key":"REST"},{"floor":15,"key":"REST"}],"circlet_count":0,"master_deck":["Strike_G","Strike_G","Strike_G","Strike_G","Strike_G","Defend_G","Defend_G","Defend_G","Defend_G","Defend_G","Survivor","Neutralize","Clumsy","Accuracy","Accuracy","Bouncing Flask","Deadly Poison","Endless Agony"],"relics":["Ring of the Snake","Kunai","Shuriken","Snake Skull","TwistedFunnel","Golden Idol","Happy Flower","Akabeko","Tingsha"],"acts_visited":["Exordium"],"potions_floor_usage":[7,14],"damage_taken":[{"damage":0.0,"enemies":"2 Louse","floor":1.0,"turns":2.0},{"damage":35,"enemies":"Lagavulin","floor":7,"turns":7},{"damage":0,"enemies":"Jaw Worm","floor":8,"turns":3},{"damage":0,"enemies":"Small Slimes","floor":10,"turns":2},{"damage":0,"enemies":"Blue Slaver","floor":12,"turns":3},{"damage":1,"enemies":"Red Slaver","floor":13,"turns":3},{"damage":22,"enemies":"3 Sentries","floor":14,"turns":8},{"damage":39,"enemies":"Slime Boss","floor":16,"turns":7}],"seed_played":"7568925637209504705","potions_obtained":[{"floor":1.0,"key":"ColorlessPotion"},{"floor":12,"key":"Swift Potion"},{"floor":14,"key":"Energy Potion"}],"is_trial":false,"path_per_floor":["M","?","?","?","$","R","E","M","T","M","R","M","M","E","R","B"],"character_chosen":"THE_SILENT","items_purchased":["Kunai","Shuriken","Snake Skull","TwistedFunnel","Accuracy","Bouncing Flask"],"campfire_rested":3,"item_purchase_floors":[0,0,0,0,5,5],"current_hp_per_floor":[31,20,20,20,20,41,6,6,6,6,27,27,26,4,25,0,0],"gold":249,"neow_bonus":"","is_daily":false,"chose_seed":false,"campfire_upgraded":0,"win_rate":0.0,"timestamp":1613881978,"path_taken":["M","?","?","?","$","R","E","M","T","M","R","?","M","E","R","BOSS"],"items_purchased_type":["Relic","Relic","Relic","Relic","Card","Card"],"build_version":"2020-12-22","purchased_purges":0,"victory":false,"max_hp_per_floor":[70,70,70,70,70,70,70,70,70,70,70,70,70,70,70,70,70],"card_choices":[{"not_picked":["Eviscerate","Choke"],"picked":"Accuracy","floor":1.0},{"not_picked":["Dagger Throw","Slice","Eviscerate"],"picked":"SKIP","floor":7},{"not_picked":["Sucker Punch","Terror"],"picked":"Deadly Poison","floor":8},{"not_picked":["All Out Attack","Flying Knee","Quick Slash"],"picked":"SKIP","floor":10},{"not_picked":["Sucker Punch","Backflip","Leg Sweep"],"picked":"SKIP","floor":12},{"not_picked":["Reflex","Finisher"],"picked":"Endless Agony","floor":13},{"not_picked":["Leg Sweep","Dodge and Roll","Concentrate"],"picked":"SKIP","floor":14}],"player_experience":182399,"relics_obtained":[{"floor":7,"key":"Happy Flower"},{"floor":9,"key":"Akabeko"},{"floor":14,"key":"Tingsha"}],"event_choices":[{"damage_healed":0.0,"max_hp_gain":0.0,"max_hp_loss":0.0,"gold_gain":75.0,"event_name":"World of Goop","player_choice":"Gather Gold","floor":2.0,"gold_loss":0.0,"damage_taken":11.0},{"damage_healed":0.0,"max_hp_gain":0.0,"max_hp_loss":0.0,"gold_gain":0.0,"event_name":"Golden Idol","player_choice":"Take Wound","floor":3.0,"gold_loss":0.0,"damage_taken":0.0,"relics_obtained":["Golden Idol"],"cards_obtained":["Injury"]},{"cards_removed":["Injury"],"damage_healed":0.0,"max_hp_gain":0.0,"max_hp_loss":0.0,"gold_gain":0.0,"event_name":"Living Wall","player_choice":"Forget","floor":4.0,"gold_loss":0.0,"damage_taken":0.0}],"is_beta":false,"boss_relics":[],"items_purged_floors":[],"is_endless":false,"potions_floor_spawned":[1,12,14],"killed_by":"Slime Boss","ascension_level":6}}