{"host":"1vy6j31128f61x2z","time":1613938130,"event":{"mods":["AchievementEnabler","BaseMod","Colored Powertips","Minty Spire (QoL Compilation)","Permanent Neow"],"gold_per_floor":[112,112,126,126,138,138,167,21,45,77,88,105,105,138,138,241,291,308,308,308,218,234,234,264,264,264,264,276,276,276],"floor_reached":29,"language":"ENG","playtime":1307,"items_purged":[],"score":378,"play_id":"fb6a0ec5-d3cd-4292-8680-922e814949cc","local_time":"20210221150850","is_ascension_mode":true,"campfire_choices":[{"data":"Compile Driver","floor":6,"key":"SMITH"},{"floor":13,"key":"REST"},{"data":"Coolheaded","floor":15,"key":"SMITH"},{"data":"Thunder Strike","floor":23,"key":"SMITH"},{"data":"Buffer","floor":25,"key":"SMITH"},{"floor":27,"key":"RECALL"}],"circlet_count":0,"master_deck":["Strike_B","Strike_B","Strike_B","Defend_B","Defend_B+1","Defend_B+1","Zap+1","Dualcast","Capacitor","Compile Driver+1","Auto Shields","Darkness","Conserve Battery","Coolheaded+1","Ball Lightning","Thunder Strike+1","Genetic Algorithm+1","Conserve Battery+1","Ghostly+1","Ghostly+1","Ghostly+1","Ghostly+1","Ghostly+1","Steam+1","Buffer+1"],"relics":["Cracked Core","Regal Pillow","Orichalcum","Juzu Bracelet","Tiny Chest","Bottled Lightning","Toxic Egg 2","Tiny House","Bronze Scales"],"acts_visited":["Exordium","TheCity"],"potions_floor_usage":[7,10,14,24,24,28],"damage_taken":[{"damage":1,"enemies":"Jaw Worm","floor":1,"turns":3},{"damage":2,"enemies":"2 Louse","floor":3,"turns":2},{"damage":0,"enemies":"Cultist","floor":5,"turns":4},{"damage":25,"enemies":"3 Sentries","floor":7,"turns":6},{"damage":18,"enemies":"Lagavulin","floor":10,"turns":8},{"damage":0,"enemies":"2 Fungi Beasts","floor":11,"turns":3},{"damage":0,"enemies":"Exordium Wildlife","floor":12,"turns":3},{"damage":12,"enemies":"Gremlin Nob","floor":14,"turns":5},{"damage":0,"enemies":"The Guardian","floor":16,"turns":10},{"damage":23,"enemies":"2 Thieves","floor":18,"turns":5},{"damage":0,"enemies":"Shell Parasite","floor":22,"turns":9},{"damage":0,"enemies":"Book of Stabbing","floor":24,"turns":8},{"damage":9,"enemies":"3 Cultists","floor":28,"turns":7},{"damage":34,"enemies":"Gremlin Leader","floor":29,"turns":7}],"seed_played":"-5731137177973167433","potions_obtained":[{"floor":3,"key":"ColorlessPotion"},{"floor":5,"key":"Explosive Potion"},{"floor":10,"key":"DistilledChaos"},{"floor":14,"key":"Strength Potion"},{"floor":17,"key":"DistilledChaos"},{"floor":18,"key":"SpeedPotion"},{"floor":24,"key":"SkillPotion"}],"is_trial":false,"path_per_floor":["M","?","M","?","M","R","E","$","T","E","M","M","R","E","R","B",null,"M","?","?","?","M","R","E","R","T","R","M","E"],"character_chosen":"DEFECT","items_purchased":["Juzu Bracelet"],"campfire_rested":1,"item_purchase_floors":[8],"current_hp_per_floor":[74,67,65,65,65,65,40,40,40,22,22,22,59,47,47,47,80,57,57,40,40,40,40,40,40,40,40,31,0,0],"gold":276,"neow_bonus":"RANDOM_COMMON_RELIC","is_daily":false,"chose_seed":false,"campfire_upgraded":4,"win_rate":0.0,"timestamp":1613938130,"path_taken":["M","?","M","?","M","R","E","?","T","E","M","M","R","E","R","BOSS","M","?","?","?","M","R","E","R","T","R","M","E"],"items_purchased_type":["Relic"],"build_version":"2020-12-22","purchased_purges":0,"victory":false,"max_hp_per_floor":[75,75,75,75,75,75,75,75,75,75,75,75,75,75,75,75,80,80,80,40,40,40,40,40,40,40,40,40,40,40],"card_choices":[{"not_picked":["Hologram","Blizzard"],"picked":"Capacitor","floor":1},{"not_picked":["Heatsinks","Hologram","White Noise"],"picked":"SKIP","floor":3},{"not_picked":["Storm","Hologram"],"picked":"Compile Driver","floor":5},{"not_picked":["Gash","Fission"],"picked":"Auto Shields","floor":7},{"not_picked":["Beam Cell","Hologram"],"picked":"Darkness","floor":10},{"not_picked":["Beam Cell","Leap"],"picked":"Conserve Battery","floor":11},{"not_picked":["Recycle","Leap"],"picked":"Coolheaded","floor":12},{"not_picked":["BootSequence+1","Steam Power+1"],"picked":"Ball Lightning","floor":14},{"not_picked":["Biased Cognition","Creative AI"],"picked":"Thunder Strike","floor":16},{"not_picked":["Hologram+1","Chill+1"],"picked":"Genetic Algorithm+1","floor":18},{"not_picked":["Conserve Battery+1","Stack+1"],"picked":"Steam+1","floor":22},{"not_picked":["Beam Cell+1","Doom and Gloom"],"picked":"Buffer","floor":24},{"not_picked":["Rip and Tear","Turbo+1","Beam Cell"],"picked":"SKIP","floor":28}],"player_experience":103680,"relics_obtained":[{"floor":7,"key":"Orichalcum"},{"floor":9,"key":"Tiny Chest"},{"floor":10,"key":"Bottled Lightning"},{"floor":14,"key":"Toxic Egg 2"},{"floor":24,"key":"Bronze Scales"}],"event_choices":[{"cards_removed":["Strike_B"],"damage_healed":0,"gold_gain":0,"player_choice":"Card Removal","damage_taken":7,"max_hp_gain":0,"max_hp_loss":0,"event_name":"Golden Wing","floor":2,"gold_loss":0},{"damage_healed":0,"gold_gain":0,"player_choice":"Grow","damage_taken":0,"max_hp_gain":0,"max_hp_loss":0,"event_name":"Living Wall","floor":4,"gold_loss":0,"cards_upgraded":["Zap"]},{"damage_healed":0,"gold_gain":0,"player_choice":"Read","damage_taken":0,"max_hp_gain":0,"max_hp_loss":0,"event_name":"The Library","floor":19,"gold_loss":0,"cards_obtained":["Conserve Battery"]},{"damage_healed":0,"gold_gain":0,"player_choice":"Became a Ghost","damage_taken":0,"max_hp_gain":0,"max_hp_loss":40,"event_name":"Ghosts","floor":20,"gold_loss":0,"cards_obtained":["Ghostly","Ghostly","Ghostly","Ghostly","Ghostly"]},{"cards_removed":["Defend_B"],"damage_healed":0,"gold_gain":0,"player_choice":"Upgrade and Remove","damage_taken":0,"max_hp_gain":0,"max_hp_loss":0,"event_name":"Designer","floor":21,"gold_loss":90,"cards_upgraded":["Defend_B"]}],"is_beta":false,"boss_relics":[{"not_picked":["Coffee Dripper","Runic Dome"],"picked":"Tiny House"}],"items_purged_floors":[],"is_endless":false,"potions_floor_spawned":[3,5,10,14,18,24],"killed_by":"Gremlin Leader","ascension_level":1}}