{"host":"mnpd8gh7cwxsn5kh","time":1613929416,"event":{"mods":["BaseMod","Bestiary","Block Reminder","Colored Map","Colored Powertips","Highlight Path","Minty Spire (QoL Compilation)","Relic Sorter","Relic Stats"],"gold_per_floor":[114,114,114,128,146,146,474,474,474,500,500,500,500,346,346,346,346],"floor_reached":16,"language":"ENG","playtime":888,"items_purged":["Strike_P"],"score":262,"play_id":"faf28bb3-2e13-4b24-bf8c-7423dd15c29f","local_time":"20210221184336","is_ascension_mode":true,"campfire_choices":[{"data":"Eruption","floor":6,"key":"SMITH"},{"floor":8,"key":"REST"},{"data":"Wallop","floor":11,"key":"SMITH"},{"data":"MentalFortress","floor":15,"key":"SMITH"}],"circlet_count":0,"master_deck":["AscendersBane","Strike_P","Strike_P","Defend_P","Defend_P","Defend_P","Defend_P","Eruption+1","Vigilance","Wallop+1","WheelKick","Protect","EmptyBody","Meditate","MentalFortress+1"],"relics":["Sozu","TeardropLocket","FaceOfCleric","Old Coin","Meat on the Bone","Oddly Smooth Stone","Pen Nib"],"acts_visited":["Exordium"],"potions_floor_usage":[],"damage_taken":[{"damage":2.0,"enemies":"Jaw Worm","floor":1.0,"turns":4.0},{"damage":8,"enemies":"Small Slimes","floor":4,"turns":4},{"damage":0,"enemies":"Cultist","floor":5,"turns":2},{"damage":31,"enemies":"Lagavulin","floor":7,"turns":8},{"damage":0,"enemies":"3 Sentries","floor":10,"turns":9},{"damage":45,"enemies":"Hexaghost","floor":16,"turns":11}],"seed_played":"2207150475808816951","potions_obtained":[],"is_trial":false,"path_per_floor":["M","?","?","M","M","R","E","R","T","E","R","?","T","$","R","B"],"character_chosen":"WATCHER","items_purchased":["MentalFortress"],"campfire_rested":1,"item_purchase_floors":[14],"current_hp_per_floor":[59,48,48,41,42,42,12,33,33,46,46,39,39,39,39,0,0],"gold":346,"neow_bonus":"BOSS_RELIC","is_daily":false,"chose_seed":false,"campfire_upgraded":3,"win_rate":0.0,"timestamp":1613929416,"path_taken":["M","?","?","M","?","R","E","R","T","E","R","?","?","$","R","BOSS"],"items_purchased_type":["Card"],"build_version":"2020-12-22","purchased_purges":1,"victory":false,"max_hp_per_floor":[68,68,68,69,70,70,71,71,71,72,72,72,72,72,72,72,72],"relic_stats":{"Sozu":2,"FaceOfCleric":4,"counters":[6,38],"Pen Nib":[1],"obtain_stats":[{"Sozu":0,"FaceOfCleric":3,"Oddly Smooth Stone":10,"Pen Nib":13,"TeardropLocket":2,"PureWater":0,"Old Coin":7,"Meat on the Bone":9},{"Sozu":0,"FaceOfCleric":1,"Oddly Smooth Stone":5,"Pen Nib":5,"TeardropLocket":1,"PureWater":0,"Old Coin":4,"Meat on the Bone":4},{"Sozu":0,"FaceOfCleric":4,"Oddly Smooth Stone":27,"Pen Nib":27,"TeardropLocket":4,"PureWater":0,"Old Coin":18,"Meat on the Bone":18}],"Meat on the Bone":12},"card_choices":[{"not_picked":["ThirdEye","FlurryOfBlows"],"picked":"Wallop","floor":1.0},{"not_picked":["ClearTheMind","LikeWater"],"picked":"WheelKick","floor":4},{"not_picked":["Evaluate","Weave"],"picked":"Protect","floor":5},{"not_picked":["SashWhip","Weave"],"picked":"EmptyBody","floor":7},{"not_picked":["Crescendo","WaveOfTheHand"],"picked":"Meditate","floor":10}],"player_experience":660269,"relics_obtained":[{"floor":7,"key":"Old Coin"},{"floor":9,"key":"Meat on the Bone"},{"floor":10,"key":"Oddly Smooth Stone"},{"floor":13,"key":"Pen Nib"}],"event_choices":[{"damage_healed":0.0,"max_hp_gain":0.0,"max_hp_loss":0.0,"gold_gain":0.0,"event_name":"Scrap Ooze","player_choice":"Success","floor":2.0,"gold_loss":0.0,"damage_taken":11.0,"relics_obtained":["TeardropLocket"]},{"damage_healed":0.0,"max_hp_gain":0.0,"max_hp_loss":0.0,"gold_gain":0.0,"event_name":"FaceTrader","player_choice":"Trade","floor":3.0,"gold_loss":0.0,"damage_taken":0.0,"relics_obtained":["FaceOfCleric"]},{"cards_removed":["Strike_P"],"damage_healed":0,"gold_gain":0,"player_choice":"Card Removal","damage_taken":7,"max_hp_gain":0,"max_hp_loss":0,"event_name":"Golden Wing","floor":12,"gold_loss":0}],"is_beta":false,"boss_relics":[],"items_purged_floors":[14],"is_endless":false,"potions_floor_spawned":[1,7],"killed_by":"Hexaghost","ascension_level":20}}