{"host":"i45hfqkcke4zequp","time":1613911625,"event":{"mods":["AchievementEnabler","BaseMod","BetterRewards","Minty Spire (QoL Compilation)","Permanent Neow","Shop Mod","SuperFastMode"],"gold_per_floor":[114,289,364,420,304,334,334,364,364,364,79,109,139,181,193,305,317,344,455,467,494,264,294,294,324,399,429,108,138,138,203,203,303,303,318,370,420,51,116,146,146,176,176,176,206,256,306,83,83,83],"floor_reached":51,"language":"KOR","playtime":2319,"items_purged":["Doubt","Pain"],"score":1012,"play_id":"60b8d5ec-ebe4-4bc9-af94-bc2f06bb9448","local_time":"20210221214705","daily_mods":["SealedDeck","Flight","Elite Swarm"],"is_ascension_mode":false,"campfire_choices":[{"data":"Berserk","floor":7.0,"key":"SMITH"},{"floor":15,"key":"REST"},{"data":"1","floor":24,"key":"LIFT"},{"data":"Offering","floor":32,"key":"SMITH"},{"data":"Demon Form","floor":41,"key":"SMITH"},{"data":"Rupture","floor":44,"key":"SMITH"},{"data":"2","floor":49,"key":"LIFT"}],"circlet_count":0,"master_deck":["Shrug It Off+1","Anger+1","Iron Wave+1","Armaments+1","Shrug It Off+1","Pommel Strike+1","Wild Strike+1","Rupture+1","Hemokinesis+1","Thunderclap+1","Rampage+1","Whirlwind+1","Berserk+1","Bludgeon+1","Combust+1","Reaper+1","Immolate+1","Feed+1","Demon Form+1","Searing Blow+2","Metallicize+1","Rupture+1","Hemokinesis+1","Power Through+1","Brutality+1","Impervious+1","Offering+1","Pummel+1","Fire Breathing+1","Flash of Steel+1","Immolate+1","Seeing Red+1","Double Tap+1","Shockwave+1","True Grit+1","Cleave+1","Master of Strategy+1","Seeing Red+1","Demon Form+1","Offering+1","Limit Break+1","Pommel Strike+1"],"relics":["Burning Blood","FossilizedHelix","Bronze Scales","White Beast Statue","Paper Frog","Girya","MawBank","MealTicket","Coffee Dripper","Membership Card","Letter Opener","Orichalcum","Mercury Hourglass","Pantograph","Molten Egg 2","Medical Kit","Bottled Lightning","SsserpentHead","SlaversCollar","Thread and Needle","WarpedTongs","Self Forming Clay","Strange Spoon","HornCleat","Juzu Bracelet","Eternal Feather","Bag of Preparation","Mark of the Bloom","Meat on the Bone","Gremlin Horn","OrangePellets"],"acts_visited":["Exordium","TheCity","TheBeyond"],"potions_floor_usage":[13,25,25,25,29,29,29,33,36,45],"damage_taken":[{"damage":0.0,"enemies":"Small Slimes","floor":1.0,"turns":2.0},{"damage":11.0,"enemies":"Gremlin Nob","floor":6.0,"turns":3.0},{"damage":13.0,"enemies":"Lagavulin","floor":8.0,"turns":4.0},{"damage":14.0,"enemies":"Gremlin Nob","floor":12.0,"turns":4.0},{"damage":12,"enemies":"Lagavulin","floor":13,"turns":6},{"damage":16,"enemies":"Gremlin Nob","floor":14,"turns":4},{"damage":32,"enemies":"The Guardian","floor":16,"turns":7},{"damage":0,"enemies":"Chosen","floor":18,"turns":4},{"damage":11,"enemies":"2 Thieves","floor":21,"turns":3},{"damage":13,"enemies":"Book of Stabbing","floor":23,"turns":4},{"damage":13,"enemies":"Slavers","floor":25,"turns":4},{"damage":11,"enemies":"Gremlin Leader","floor":27,"turns":5},{"damage":8,"enemies":"Slavers","floor":29,"turns":2},{"damage":6,"enemies":"Cultist and Chosen","floor":31,"turns":2},{"damage":61,"enemies":"Collector","floor":33,"turns":7},{"damage":5,"enemies":"3 Darklings","floor":35,"turns":3},{"damage":23,"enemies":"2 Orb Walkers","floor":36,"turns":3},{"damage":11,"enemies":"3 Shapes","floor":39,"turns":3},{"damage":2,"enemies":"Reptomancer","floor":40,"turns":2},{"damage":12,"enemies":"Giant Head","floor":42,"turns":5},{"damage":2,"enemies":"Nemesis","floor":45,"turns":3},{"damage":26,"enemies":"Donu and Deca","floor":50,"turns":4}],"seed_played":"-7397021786818157212","potions_obtained":[{"floor":6.0,"key":"FearPotion"},{"floor":12.0,"key":"ColorlessPotion"},{"floor":13,"key":"Fire Potion"},{"floor":14,"key":"SpeedPotion"},{"floor":16,"key":"Explosive Potion"},{"floor":23,"key":"ColorlessPotion"},{"floor":25,"key":"SteroidPotion"},{"floor":27,"key":"EntropicBrew"},{"floor":29,"key":"BloodPotion"},{"floor":33,"key":"PowerPotion"},{"floor":35,"key":"EntropicBrew"},{"floor":36,"key":"AttackPotion"},{"floor":45,"key":"AttackPotion"}],"is_trial":false,"path_per_floor":["M","?","?","?","$","E","R","E","T","?","$","E","E","E","R","B",null,"M","?","?","M","$","E","R","E","T","E","$","E","?","M","R","B",null,"M","?","?","$","M","E","R","E","T","R","E","?","T","$","R","B",null],"character_chosen":"IRONCLAD","items_purchased":["Whirlwind","Combust","Paper Frog","Membership Card","Rupture","Hemokinesis","Power Through","Molten Egg 2","Pummel+1","Fire Breathing","Medical Kit","Flash of Steel+1","Self Forming Clay","Strange Spoon","Cleave+1","Master of Strategy","Gremlin Horn","OrangePellets","Pommel Strike+1"],"campfire_rested":1,"item_purchase_floors":[5,11,11,22,22,22,22,28,28,28,28,28,38,38,38,38,48,48,48],"current_hp_per_floor":[80,80,69,69,69,64,64,57,57,41,41,33,34,28,52,31,80,80,80,80,79,80,73,73,79,79,80,80,83,83,83,83,37,83,83,72,72,83,83,83,83,83,83,83,83,83,83,83,83,57],"gold":83,"neow_bonus":"","is_daily":true,"chose_seed":false,"campfire_upgraded":4,"win_rate":0.0,"timestamp":1613911625,"path_taken":["M","?","?","?","$","E","R","E","T","?","$","E","E","E","R","BOSS","M","?","?","M","$","E","R","E","T","E","$","E","?","?","R","BOSS","M","?","?","$","?","E","R","E","T","R","E","?","?","$","R","BOSS"],"items_purchased_type":["Card","Card","Relic","Relic","Card","Card","Card","Relic","Card","Card","Relic","Card","Relic","Relic","Card","Card","Relic","Relic","Card"],"build_version":"2020-12-22","purchased_purges":2,"victory":true,"max_hp_per_floor":[80,80,80,80,80,80,80,80,80,80,80,80,80,80,80,80,80,80,80,80,80,80,80,80,80,80,80,80,83,83,83,83,83,83,83,83,83,83,83,83,83,83,83,83,83,83,83,83,83,83],"card_choices":[{"not_picked":["Anger","True Grit"],"picked":"Rampage","floor":1.0},{"not_picked":["Reaper","Exhume"],"picked":"Berserk","floor":6.0},{"not_picked":["Corruption","Impervious"],"picked":"Bludgeon","floor":8.0},{"not_picked":["Exhume","Corruption"],"picked":"Reaper","floor":12.0},{"not_picked":["Juggernaut","Exhume"],"picked":"Immolate","floor":13},{"not_picked":["Impervious","Exhume"],"picked":"Feed","floor":14},{"not_picked":["Exhume","Berserk"],"picked":"Demon Form","floor":16},{"not_picked":["Flex+1","Reckless Charge+1"],"picked":"Searing Blow+1","floor":18},{"not_picked":["Twin Strike","Headbutt"],"picked":"Metallicize","floor":21},{"not_picked":["Reaper","Barricade"],"picked":"Brutality","floor":23},{"not_picked":["Reaper","Barricade"],"picked":"Impervious","floor":25},{"not_picked":["Bludgeon","Brutality"],"picked":"Offering","floor":27},{"not_picked":["Fiend Fire+1","Offering"],"picked":"Immolate+1","floor":29},{"not_picked":["Twin Strike+1","Metallicize"],"picked":"Seeing Red","floor":31},{"not_picked":["Juggernaut","Exhume"],"picked":"Double Tap","floor":33},{"not_picked":["Twin Strike+1","Whirlwind+1"],"picked":"Shockwave+1","floor":35},{"not_picked":["Perfected Strike+1","Whirlwind+1"],"picked":"True Grit+1","floor":36},{"not_picked":["Flex","True Grit"],"picked":"Seeing Red","floor":39},{"not_picked":["Immolate+1","Reaper+1"],"picked":"Demon Form","floor":40},{"not_picked":["Demon Form","Corruption"],"picked":"Offering","floor":42},{"not_picked":["Reaper+1","Corruption"],"picked":"Limit Break","floor":45}],"player_experience":577922,"relics_obtained":[{"floor":6.0,"key":"FossilizedHelix"},{"floor":8.0,"key":"Bronze Scales"},{"floor":9.0,"key":"White Beast Statue"},{"floor":12.0,"key":"Girya"},{"floor":13,"key":"MawBank"},{"floor":14,"key":"MealTicket"},{"floor":23,"key":"Letter Opener"},{"floor":25,"key":"Orichalcum"},{"floor":26,"key":"Mercury Hourglass"},{"floor":27,"key":"Pantograph"},{"floor":29,"key":"Bottled Lightning"},{"floor":36,"key":"Thread and Needle"},{"floor":40,"key":"HornCleat"},{"floor":42,"key":"Juzu Bracelet"},{"floor":43,"key":"Eternal Feather"},{"floor":45,"key":"Bag of Preparation"},{"floor":47,"key":"Meat on the Bone"}],"event_choices":[{"damage_healed":0.0,"max_hp_gain":0.0,"max_hp_loss":0.0,"gold_gain":175.0,"event_name":"Liars Game","player_choice":"AGREE","floor":2.0,"gold_loss":0.0,"damage_taken":0.0,"cards_obtained":["Doubt"]},{"damage_healed":0.0,"max_hp_gain":0.0,"max_hp_loss":0.0,"gold_gain":75.0,"event_name":"World of Goop","player_choice":"Gather Gold","floor":3.0,"gold_loss":0.0,"damage_taken":11.0},{"damage_healed":0.0,"max_hp_gain":0.0,"max_hp_loss":0.0,"gold_gain":56.0,"event_name":"Golden Wing","player_choice":"Gained Gold","floor":4.0,"gold_loss":0.0,"damage_taken":0.0},{"damage_healed":0.0,"max_hp_gain":0.0,"max_hp_loss":0.0,"gold_gain":0.0,"event_name":"Shining Light","player_choice":"Entered Light","floor":10.0,"gold_loss":0.0,"damage_taken":16.0,"cards_upgraded":["Rupture","Rampage"]},{"damage_healed":0,"gold_gain":99,"player_choice":"Stole From Cult","damage_taken":0,"max_hp_gain":0,"max_hp_loss":0,"event_name":"Nest","floor":19,"gold_loss":0},{"damage_healed":0,"gold_gain":0,"player_choice":"Ignored","damage_taken":0,"max_hp_gain":0,"max_hp_loss":0,"event_name":"Ghosts","floor":20,"gold_loss":0},{"damage_healed":0,"gold_gain":0,"player_choice":"Trade","damage_taken":0,"relics_obtained":["SsserpentHead"],"max_hp_gain":0,"max_hp_loss":0,"event_name":"FaceTrader","floor":30,"gold_loss":0},{"damage_healed":0,"gold_gain":0,"player_choice":"Fight","damage_taken":0,"max_hp_gain":0,"max_hp_loss":0,"event_name":"Mysterious Sphere","floor":36,"gold_loss":0},{"damage_healed":0,"gold_gain":0,"player_choice":"Rummage","damage_taken":0,"relics_obtained":["WarpedTongs"],"max_hp_gain":0,"max_hp_loss":0,"event_name":"Accursed Blacksmith","floor":37,"gold_loss":0,"cards_obtained":["Pain"]},{"damage_healed":0,"gold_gain":0,"player_choice":"Upgrade","damage_taken":0,"relics_obtained":["Mark of the Bloom"],"max_hp_gain":0,"max_hp_loss":0,"event_name":"MindBloom","floor":46,"gold_loss":0,"cards_upgraded":["Shrug It Off","Anger","Iron Wave","Armaments","Shrug It Off","Pommel Strike","Wild Strike","Hemokinesis","Thunderclap","Whirlwind","Bludgeon","Combust","Reaper","Immolate","Feed","Demon Form","Searing Blow","Metallicize","Hemokinesis","Power Through","Brutality","Impervious","Fire Breathing","Seeing Red","Double Tap","Master of Strategy","Seeing Red","Offering","Limit Break"]}],"is_beta":false,"boss_relics":[{"not_picked":["Velvet Choker","Calling Bell"],"picked":"Coffee Dripper"},{"not_picked":["Philosopher\u0027s Stone","Tiny House"],"picked":"SlaversCollar"}],"items_purged_floors":[5,38],"is_endless":false,"potions_floor_spawned":[6,12,13,14,16,18,21,23,25,27,29,31,33,35,36,39,40,42,45],"ascension_level":0}}