{"host":"vx488ommchhibo3k","time":1613867296,"event":{"mods":["BaseMod","BetterRewards","Colored Map","Colored Powertips","Highlight Path","Minty Spire (QoL Compilation)","Quick Restart","Rare Cards Sparkle","Shop Mod","StSLib","SuperFastMode"],"gold_per_floor":[115,126,76,38,49,49,75,90,90,119,219,239,239,251,251,354,354,374,391,402,402,415,415,450,450,474,490,490,501,534,549,549,645,645,658,670,670,19,33,33,43,43,43,43,43,59,76,91,91,91,91,91,16,49,49,49],"floor_reached":55,"language":"JPN","playtime":3516,"items_purged":["Defend_R"],"score":838,"play_id":"78b343a3-27b4-42c1-b201-32dc875dce5c","local_time":"20210221092816","is_ascension_mode":true,"campfire_choices":[{"data":"Bash","floor":6,"key":"SMITH"},{"data":"Barricade","floor":13,"key":"SMITH"},{"data":"Feel No Pain","floor":15,"key":"SMITH"},{"floor":23,"key":"RECALL"},{"data":"Uppercut","floor":28,"key":"SMITH"},{"data":"Feed","floor":32,"key":"SMITH"},{"data":"Inflame","floor":40,"key":"SMITH"},{"data":"Inflame","floor":42,"key":"SMITH"},{"data":"Fire Breathing","floor":44,"key":"SMITH"},{"floor":49,"key":"REST"},{"data":"Barricade","floor":52,"key":"SMITH"}],"circlet_count":0,"master_deck":["Defend_R+1","Defend_R+1","Bash+1","Enlightenment+1","Infernal Blade+1","Havoc+1","Carnage","Thunderclap","Blood for Blood","Fire Breathing+1","Inflame+1","Bloodletting+1","Feel No Pain+1","Sentinel+1","True Grit+1","Barricade+1","Inflame+1","Feed+1","CurseOfTheBell","Flame Barrier+1","Immolate","Intimidate+1","Bite","Bite","Bite","Bite","Bite","Seeing Red+1","Uppercut+1","Evolve","Warcry+1","Body Slam+1","Burning Pact+1","Flex+1","Double Tap+1","Flame Barrier+1","Sword Boomerang+1","Madness+1","Madness+1","Ghostly Armor+1","Thinking Ahead+1","Shrug It Off+1","Pommel Strike","Warcry+1","Wild Strike+1","Havoc+1","Barricade+1","Dual Wield+1"],"relics":["Burning Blood","Thread and Needle","Toxic Egg 2","Anchor","Letter Opener","Art of War","Calling Bell","Bag of Preparation","Gremlin Horn","Pocketwatch","War Paint","Bag of Marbles","Dream Catcher","Busted Crown","Vajra","Bronze Scales","HornCleat","Mummified Hand"],"acts_visited":["Exordium","TheCity","TheBeyond","TheEnding"],"potions_floor_usage":[16,19,27,27,30,33,39,50,55,55,55],"damage_taken":[{"damage":0,"enemies":"Jaw Worm","floor":1,"turns":2},{"damage":0,"enemies":"Small Slimes","floor":2,"turns":2},{"damage":0,"enemies":"Cultist","floor":5,"turns":2},{"damage":18,"enemies":"3 Sentries","floor":7,"turns":5},{"damage":0,"enemies":"Large Slime","floor":8,"turns":4},{"damage":11,"enemies":"Gremlin Nob","floor":10,"turns":4},{"damage":0,"enemies":"3 Louse","floor":12,"turns":2},{"damage":0,"enemies":"Exordium Wildlife","floor":14,"turns":3},{"damage":27,"enemies":"Slime Boss","floor":16,"turns":9},{"damage":9,"enemies":"Shell Parasite","floor":18,"turns":5},{"damage":1,"enemies":"3 Byrds","floor":19,"turns":3},{"damage":21,"enemies":"3 Cultists","floor":20,"turns":5},{"damage":37,"enemies":"Shelled Parasite and Fungi","floor":22,"turns":7},{"damage":16,"enemies":"Book of Stabbing","floor":24,"turns":5},{"damage":5,"enemies":"Snake Plant","floor":27,"turns":3},{"damage":0,"enemies":"Centurion and Healer","floor":29,"turns":7},{"damage":0,"enemies":"Gremlin Leader","floor":30,"turns":4},{"damage":3,"enemies":"Shelled Parasite and Fungi","floor":31,"turns":6},{"damage":27,"enemies":"Collector","floor":33,"turns":6},{"damage":0,"enemies":"3 Darklings","floor":35,"turns":1},{"damage":0,"enemies":"3 Shapes","floor":36,"turns":3},{"damage":20,"enemies":"Jaw Worm Horde","floor":39,"turns":4},{"damage":3,"enemies":"Writhing Mass","floor":41,"turns":3},{"damage":22,"enemies":"Spire Growth","floor":46,"turns":4},{"damage":0,"enemies":"3 Darklings","floor":47,"turns":2},{"damage":14,"enemies":"Writhing Mass","floor":48,"turns":5},{"damage":0,"enemies":"Awakened One","floor":50,"turns":13},{"damage":20,"enemies":"Shield and Spear","floor":54,"turns":6},{"damage":67,"enemies":"The Heart","floor":55,"turns":3}],"seed_played":"-1578542492337152488","potions_obtained":[{"floor":1,"key":"Weak Potion"},{"floor":7,"key":"PowerPotion"},{"floor":8,"key":"Strength Potion"},{"floor":10,"key":"BlessingOfTheForge"},{"floor":12,"key":"Energy Potion"},{"floor":24,"key":"Energy Potion"},{"floor":27,"key":"LiquidBronze"},{"floor":29,"key":"Block Potion"},{"floor":30,"key":"SteroidPotion"},{"floor":35,"key":"EssenceOfSteel"},{"floor":39,"key":"BlessingOfTheForge"},{"floor":54,"key":"FearPotion"}],"is_trial":false,"path_per_floor":["M","M","?","$","M","R","E","M","T","E","?","M","R","M","R","B",null,"M","M","M","?","M","R","E","?","T","M","R","M","E","M","R","B",null,"M","M","?","$","M","R","M","R","T","R","?","M","M","M","R","B",null,"R","$","E","B"],"character_chosen":"IRONCLAD","items_purchased":["Toxic Egg 2","Anchor","Enlightenment+1","Infernal Blade+1","Havoc+1","Carnage","Thunderclap","Inflame","Ghostly Armor+1","Vajra","Bronze Scales","Thinking Ahead+1","Shrug It Off+1","ColorlessPotion"],"campfire_rested":1,"item_purchase_floors":[0,0,0,0,0,0,0,4,38,38,38,38,38,38],"current_hp_per_floor":[50,56,56,56,62,62,50,56,56,51,51,57,57,63,63,42,80,80,83,71,60,39,39,38,38,38,43,43,59,63,63,63,48,63,63,63,55,55,49,49,52,52,52,52,52,38,48,44,62,63,63,63,63,51,0,0],"gold":49,"neow_bonus":"","is_daily":false,"chose_seed":false,"campfire_upgraded":9,"win_rate":0.0,"timestamp":1613867296,"path_taken":["M","M","?","$","M","R","E","M","T","E","?","M","R","M","R","BOSS","M","?","M","?","M","R","E","?","T","M","R","M","E","M","R","BOSS","M","M","?","$","M","R","M","R","T","R","?","M","M","?","R","BOSS","R","$","E","BOSS"],"items_purchased_type":["Relic","Relic","Card","Card","Card","Card","Card","Card","Card","Relic","Relic","Card","Card","Potion"],"build_version":"2020-12-22","purchased_purges":1,"victory":false,"max_hp_per_floor":[80,80,80,80,80,80,80,80,80,80,80,80,80,80,80,80,80,83,83,86,60,60,60,63,63,63,63,63,63,63,63,63,63,63,63,63,63,63,63,63,63,63,63,63,63,63,63,63,63,63,63,63,63,63,63,63],"card_choices":[{"not_picked":["Sword Boomerang","Heavy Blade"],"picked":"Blood for Blood","floor":1},{"not_picked":["Cleave","Headbutt"],"picked":"Fire Breathing","floor":2},{"not_picked":["Fire Breathing","Iron Wave"],"picked":"Bloodletting+1","floor":5},{"not_picked":["Bloodletting+1","Ghostly Armor+1"],"picked":"Feel No Pain","floor":7},{"not_picked":["Havoc+1","Sever Soul"],"picked":"Sentinel+1","floor":8},{"not_picked":["Pommel Strike","Sword Boomerang"],"picked":"True Grit+1","floor":10},{"not_picked":["Bloodletting+1","Twin Strike"],"picked":"Barricade","floor":12},{"not_picked":["Perfected Strike","Anger"],"picked":"Inflame","floor":14},{"not_picked":["Impervious+1","Demon Form"],"picked":"Feed","floor":16},{"not_picked":["Rage+1","Thunderclap+1"],"picked":"Flame Barrier+1","floor":18},{"not_picked":["True Grit+1","Iron Wave"],"picked":"Immolate","floor":19},{"not_picked":["Clash","Body Slam"],"picked":"Intimidate+1","floor":20},{"not_picked":["Rampage+1","Flex+1"],"picked":"Seeing Red+1","floor":22},{"not_picked":["Iron Wave","Thunderclap"],"picked":"Uppercut","floor":24},{"not_picked":["Rupture","Anger"],"picked":"Warcry+1","floor":27},{"not_picked":["Clash","Rupture"],"picked":"Body Slam+1","floor":29},{"not_picked":["Pummel+1","True Grit+1"],"picked":"Burning Pact+1","floor":30},{"not_picked":["True Grit+1","Anger"],"picked":"Flex+1","floor":31},{"not_picked":["Demon Form","Reaper"],"picked":"Double Tap+1","floor":33},{"not_picked":[],"picked":"Flame Barrier+1","floor":35},{"not_picked":[],"picked":"Sword Boomerang+1","floor":36},{"not_picked":["Iron Wave"],"picked":"SKIP","floor":39},{"not_picked":["Flex+1"],"picked":"SKIP","floor":41},{"not_picked":[],"picked":"Warcry+1","floor":46},{"not_picked":[],"picked":"Wild Strike+1","floor":47},{"not_picked":[],"picked":"Havoc+1","floor":48},{"not_picked":[],"picked":"Barricade","floor":49},{"not_picked":[],"picked":"Dual Wield+1","floor":54}],"player_experience":144500,"relics_obtained":[{"floor":7,"key":"Letter Opener"},{"floor":10,"key":"Art of War"},{"floor":17,"key":"Bag of Preparation"},{"floor":17,"key":"Gremlin Horn"},{"floor":17,"key":"Pocketwatch"},{"floor":24,"key":"War Paint"},{"floor":26,"key":"Bag of Marbles"},{"floor":30,"key":"Dream Catcher"},{"floor":43,"key":"HornCleat"},{"floor":54,"key":"Mummified Hand"}],"event_choices":[{"cards_removed":["Strike_R"],"damage_healed":0,"gold_gain":0,"player_choice":"Card Removal","damage_taken":0,"max_hp_gain":0,"max_hp_loss":0,"event_name":"The Cleric","floor":3,"gold_loss":50},{"damage_healed":0,"gold_gain":100,"player_choice":"Gold","damage_taken":0,"max_hp_gain":0,"max_hp_loss":0,"event_name":"Wheel of Change","floor":11,"gold_loss":0},{"damage_healed":0,"gold_gain":0,"player_choice":"Became a vampire","damage_taken":0,"max_hp_gain":0,"max_hp_loss":26,"event_name":"Vampires","floor":21,"gold_loss":0,"cards_obtained":["Bite","Bite","Bite","Bite","Bite"]},{"damage_healed":0,"gold_gain":0,"player_choice":"Read","damage_taken":0,"max_hp_gain":0,"max_hp_loss":0,"event_name":"The Library","floor":25,"gold_loss":0,"cards_obtained":["Evolve"]},{"damage_healed":0,"gold_gain":0,"player_choice":"Embrace Madness","damage_taken":8,"max_hp_gain":0,"max_hp_loss":0,"event_name":"Winding Halls","floor":37,"gold_loss":0,"cards_obtained":["Madness","Madness"]},{"damage_healed":0,"gold_gain":0,"cards_transformed":["Defend_R"],"player_choice":"Transformed","damage_taken":0,"max_hp_gain":0,"max_hp_loss":0,"event_name":"Transmorgrifier","floor":45,"gold_loss":0,"cards_obtained":["Pommel Strike"]}],"is_beta":false,"boss_relics":[{"not_picked":["Runic Dome","Ectoplasm"],"picked":"Calling Bell"},{"not_picked":["Coffee Dripper","Snecko Eye"],"picked":"Busted Crown"}],"items_purged_floors":[53],"is_endless":false,"potions_floor_spawned":[1,7,8,10,12,24,27,29,30,35,39,41,46,54],"killed_by":"The Heart","ascension_level":1}}