{"host":"gzz35fplm60aw28t","time":1613945755,"event":{"mods":["AchievementEnabler","BaseMod","Colored Powertips","DeckTracker","Minty Spire (QoL Compilation)"],"gold_per_floor":[119,130,147,162,162,203,203,246,324,171,171,171,184,203,203,326,326,346,346,72,72,72,116,116,154,232,232,246,246,269,269,269],"floor_reached":31,"language":"ENG","playtime":1795,"items_purged":["Strike_R","Pain"],"score":283,"play_id":"7f483f7e-1b87-4fbe-a4ce-f9ec6aabf2bf","local_time":"20210221231555","is_ascension_mode":false,"campfire_choices":[{"data":"Armaments","floor":7,"key":"SMITH"},{"data":"Entrench","floor":12,"key":"SMITH"},{"data":"Body Slam","floor":15,"key":"SMITH"},{"data":"True Grit","floor":24,"key":"SMITH"},{"data":"Shockwave","floor":27,"key":"SMITH"},{"data":"RitualDagger","floor":29,"key":"SMITH"}],"circlet_count":0,"master_deck":["Strike_R","Strike_R","Strike_R","Strike_R","Defend_R","Defend_R","Defend_R","Defend_R","Bash","Armaments+1","Body Slam+1","Battle Trance","Anger","Injury","Entrench+1","Berserk","Sever Soul","Demon Form","True Grit+1","RitualDagger+1","J.A.X.","Fiend Fire","Shockwave+1","Combust+1"],"relics":["Burning Blood","Vajra","Golden Idol","Pantograph","Incense Burner","Meat on the Bone","SlaversCollar","Membership Card","Blood Vial","PreservedInsect","Frozen Egg 2","Mummified Hand"],"acts_visited":["Exordium","TheCity"],"potions_floor_usage":[16,18,23,31],"damage_taken":[{"damage":7,"enemies":"2 Louse","floor":1,"turns":2},{"damage":11,"enemies":"Small Slimes","floor":2,"turns":3},{"damage":1,"enemies":"Cultist","floor":3,"turns":3},{"damage":6,"enemies":"3 Louse","floor":4,"turns":6},{"damage":31,"enemies":"3 Sentries","floor":6,"turns":8},{"damage":13,"enemies":"Lagavulin","floor":8,"turns":5},{"damage":18,"enemies":"Large Slime","floor":13,"turns":5},{"damage":15,"enemies":"Lots of Slimes","floor":14,"turns":5},{"damage":38,"enemies":"Hexaghost","floor":16,"turns":10},{"damage":44,"enemies":"2 Thieves","floor":18,"turns":5},{"damage":49,"enemies":"Slavers","floor":23,"turns":8},{"damage":24,"enemies":"Book of Stabbing","floor":25,"turns":4},{"damage":16,"enemies":"3 Byrds","floor":28,"turns":7},{"damage":34,"enemies":"Centurion and Healer","floor":30,"turns":6},{"damage":60,"enemies":"Sentry and Sphere","floor":31,"turns":7}],"seed_played":"-9079413820918867976","potions_obtained":[{"floor":2,"key":"Regen Potion"},{"floor":6,"key":"GamblersBrew"},{"floor":13,"key":"Swift Potion"},{"floor":18,"key":"SpeedPotion"},{"floor":25,"key":"BloodPotion"},{"floor":28,"key":"SteroidPotion"}],"is_trial":false,"path_per_floor":["M","M","M","M","?","E","R","E","T","$","?","R","M","M","R","B",null,"M","?","$","?","?","E","R","E","T","R","M","R","M","M"],"character_chosen":"IRONCLAD","items_purchased":["Berserk","Membership Card","Blood Vial"],"campfire_rested":0,"item_purchase_floors":[10,20,20],"current_hp_per_floor":[79,74,79,79,79,54,54,47,47,47,47,47,47,50,50,55,80,54,48,48,48,80,51,51,47,47,47,51,51,37,0,0],"gold":269,"neow_bonus":"RANDOM_COMMON_RELIC","is_daily":false,"chose_seed":false,"campfire_upgraded":6,"win_rate":0.0,"timestamp":1613945755,"path_taken":["M","M","M","M","?","E","R","E","T","$","?","R","?","M","R","BOSS","M","?","$","?","?","E","R","E","T","R","M","R","?","M"],"items_purchased_type":["Card","Relic","Relic"],"build_version":"2020-12-22","purchased_purges":2,"victory":false,"max_hp_per_floor":[80,80,80,80,80,80,80,80,80,80,80,80,80,80,80,80,80,80,80,80,80,80,80,80,80,80,80,80,80,80,80,80],"card_choices":[{"not_picked":["Twin Strike","Headbutt"],"picked":"Armaments","floor":1},{"not_picked":["Clothesline","Armaments"],"picked":"Body Slam","floor":2},{"not_picked":["Spot Weakness","Shockwave"],"picked":"Battle Trance","floor":3},{"not_picked":["Rupture","Perfected Strike"],"picked":"Anger","floor":4},{"not_picked":["Dropkick","Clothesline","Clash"],"picked":"SKIP","floor":6},{"not_picked":["Flame Barrier","Pummel"],"picked":"Entrench","floor":8},{"not_picked":["Whirlwind","Anger","Rampage"],"picked":"SKIP","floor":13},{"not_picked":["Perfected Strike","Headbutt"],"picked":"Sever Soul","floor":14},{"not_picked":["Berserk","Brutality"],"picked":"Demon Form","floor":16},{"not_picked":["Iron Wave","Cleave"],"picked":"True Grit","floor":18},{"not_picked":["Perfected Strike","Whirlwind"],"picked":"Fiend Fire","floor":23},{"not_picked":["Rage","Dropkick"],"picked":"Shockwave","floor":25},{"not_picked":["True Grit","Headbutt"],"picked":"Combust+1","floor":28},{"not_picked":["Armaments","Clothesline","Clash"],"picked":"SKIP","floor":30}],"player_experience":6367,"relics_obtained":[{"floor":6,"key":"Pantograph"},{"floor":8,"key":"Incense Burner"},{"floor":9,"key":"Meat on the Bone"},{"floor":23,"key":"PreservedInsect"},{"floor":25,"key":"Frozen Egg 2"},{"floor":26,"key":"Mummified Hand"}],"event_choices":[{"damage_healed":0,"gold_gain":0,"player_choice":"Take Wound","damage_taken":0,"relics_obtained":["Golden Idol"],"max_hp_gain":0,"max_hp_loss":0,"event_name":"Golden Idol","floor":5,"gold_loss":0,"cards_obtained":["Injury"]},{"damage_healed":0,"gold_gain":0,"player_choice":"1 cards matched","damage_taken":0,"max_hp_gain":0,"max_hp_loss":0,"event_name":"Match and Keep!","floor":11,"gold_loss":0,"cards_obtained":["Pain"]},{"damage_healed":0,"gold_gain":0,"player_choice":"Joined the Cult","damage_taken":6,"max_hp_gain":0,"max_hp_loss":0,"event_name":"Nest","floor":19,"gold_loss":0,"cards_obtained":["RitualDagger"]},{"damage_healed":0,"gold_gain":0,"player_choice":"Obtain J.A.X.","damage_taken":0,"max_hp_gain":0,"max_hp_loss":0,"event_name":"Drug Dealer","floor":21,"gold_loss":0,"cards_obtained":["J.A.X."]},{"damage_healed":32,"gold_gain":0,"player_choice":"Full Heal","damage_taken":0,"max_hp_gain":0,"max_hp_loss":0,"event_name":"Wheel of Change","floor":22,"gold_loss":0}],"is_beta":false,"boss_relics":[{"not_picked":["Busted Crown","Tiny House"],"picked":"SlaversCollar"}],"items_purged_floors":[10,20],"is_endless":false,"potions_floor_spawned":[2,6,13,14,18,25,28],"killed_by":"Sentry and Sphere","ascension_level":0}}