{"host":"prxrhpgaxnj4om9r","time":1613913568,"event":{"mods":["AchievementEnabler","BaseMod","Colored Map","DeckTracker","Minty Spire (QoL Compilation)"],"gold_per_floor":[118,118,138,150,162,162,173,273,273,283,308,34,44,61,61,164,164,175,175,175,194,194,194,194,50,50,61,61,61],"floor_reached":28,"language":"KOR","playtime":1429,"items_purged":[],"score":280,"play_id":"5078d794-a8de-4457-bc86-7ef71c9b250f","local_time":"20210221221928","is_ascension_mode":true,"campfire_choices":[{"data":"Infinite Blades","floor":6,"key":"SMITH"},{"floor":15,"key":"REST"},{"floor":23,"key":"REST"}],"circlet_count":0,"master_deck":["Strike_G","Strike_G","Strike_G","Strike_G","Strike_G","Defend_G","Defend_G","Defend_G","Defend_G","Survivor","Neutralize","Footwork","Deflect","Infinite Blades+1","Dodge and Roll","Wraith Form v2","PiercingWail","All Out Attack","Acrobatics","Finisher","Escape Plan","Die Die Die","CurseOfTheBell","Shame","Dash","Blade Dance"],"relics":["Ring of the Snake","InkBottle","Singing Bowl","Shuriken","Paper Crane","Calling Bell","MealTicket","Gremlin Horn","Unceasing Top","Ice Cream","Regal Pillow","Akabeko"],"acts_visited":["Exordium","TheCity"],"potions_floor_usage":[1,7,10,11,16,21,24,28],"damage_taken":[{"damage":0,"enemies":"Jaw Worm","floor":1,"turns":5},{"damage":3,"enemies":"Cultist","floor":3,"turns":5},{"damage":0,"enemies":"Small Slimes","floor":4,"turns":3},{"damage":0,"enemies":"2 Fungi Beasts","floor":5,"turns":4},{"damage":0,"enemies":"3 Louse","floor":7,"turns":4},{"damage":20,"enemies":"Lots of Slimes","floor":10,"turns":7},{"damage":18,"enemies":"3 Sentries","floor":11,"turns":11},{"damage":3,"enemies":"Exordium Wildlife","floor":13,"turns":3},{"damage":22,"enemies":"Looter","floor":14,"turns":3},{"damage":9,"enemies":"The Guardian","floor":16,"turns":11},{"damage":18,"enemies":"Chosen","floor":18,"turns":6},{"damage":36,"enemies":"Shell Parasite","floor":21,"turns":8},{"damage":13,"enemies":"Snecko","floor":24,"turns":4},{"damage":18,"enemies":"3 Cultists","floor":27,"turns":5},{"damage":21,"enemies":"Snake Plant","floor":28,"turns":4}],"seed_played":"648119842040690716","potions_obtained":[{"floor":0,"key":"Ancient Potion"},{"floor":0,"key":"Weak Potion"},{"floor":0,"key":"SkillPotion"},{"floor":4,"key":"Poison Potion"},{"floor":5,"key":"Fire Potion"},{"floor":7,"key":"Regen Potion"},{"floor":14,"key":"SpeedPotion"},{"floor":21,"key":"SmokeBomb"},{"floor":27,"key":"Energy Potion"}],"is_trial":false,"path_per_floor":["M","?","M","M","M","R","M","?","T","M","E","$","M","M","R","B",null,"M","?","?","M","?","R","M","$","T","M","M"],"character_chosen":"THE_SILENT","items_purchased":["Paper Crane","Acrobatics","Regal Pillow"],"campfire_rested":2,"item_purchase_floors":[12,12,25],"current_hp_per_floor":[70,70,67,67,67,67,67,67,67,62,44,44,41,19,40,31,60,44,44,44,8,8,29,16,31,31,15,0,0],"gold":61,"neow_bonus":"THREE_SMALL_POTIONS","is_daily":false,"chose_seed":false,"campfire_upgraded":1,"win_rate":0.0,"timestamp":1613913568,"path_taken":["M","?","M","?","M","R","M","?","T","M","E","$","M","?","R","BOSS","M","?","?","M","?","R","M","$","T","M","M"],"items_purchased_type":["Relic","Card","Relic"],"build_version":"2020-12-22","purchased_purges":0,"victory":false,"max_hp_per_floor":[70,70,70,70,70,70,70,70,70,70,70,70,70,70,70,70,70,72,72,72,72,72,72,72,72,72,74,74,74],"card_choices":[{"not_picked":["Poisoned Stab","Slice"],"picked":"Footwork","floor":1},{"not_picked":["Bane","Underhanded Strike"],"picked":"Deflect","floor":3},{"not_picked":["Bouncing Flask","Footwork"],"picked":"Infinite Blades","floor":4},{"not_picked":["Slice","Deflect"],"picked":"Dodge and Roll","floor":5},{"not_picked":["Catalyst","Deadly Poison"],"picked":"Wraith Form v2","floor":7},{"not_picked":["Accuracy","Well Laid Plans"],"picked":"PiercingWail","floor":10},{"not_picked":["Well Laid Plans","Reflex"],"picked":"All Out Attack","floor":11},{"not_picked":["Flying Knee","Acrobatics"],"picked":"Finisher","floor":13},{"not_picked":["Prepared","Outmaneuver"],"picked":"Escape Plan","floor":14},{"not_picked":["Envenom","Glass Knife"],"picked":"Die Die Die","floor":16},{"not_picked":["Dodge and Roll","Cloak And Dagger","Catalyst"],"picked":"Singing Bowl","floor":18},{"not_picked":["Finisher","Expertise"],"picked":"Dash","floor":21},{"not_picked":["Deadly Poison","Blade Dance","Escape Plan"],"picked":"Singing Bowl","floor":27}],"player_experience":575903,"relics_obtained":[{"floor":9,"key":"Singing Bowl"},{"floor":11,"key":"Shuriken"},{"floor":17,"key":"MealTicket"},{"floor":17,"key":"Gremlin Horn"},{"floor":17,"key":"Unceasing Top"},{"floor":26,"key":"Akabeko"}],"event_choices":[{"damage_healed":0,"gold_gain":0,"player_choice":"Gave Potion","damage_taken":0,"relics_obtained":["InkBottle"],"max_hp_gain":0,"max_hp_loss":0,"event_name":"WeMeetAgain","floor":2,"gold_loss":0},{"damage_healed":0,"gold_gain":100,"player_choice":"Pray","damage_taken":0,"max_hp_gain":0,"max_hp_loss":0,"event_name":"Golden Shrine","floor":8,"gold_loss":0},{"damage_healed":0,"gold_gain":0,"player_choice":"Ignored","damage_taken":0,"max_hp_gain":0,"max_hp_loss":0,"event_name":"Ghosts","floor":19,"gold_loss":0},{"damage_healed":0,"gold_gain":0,"player_choice":"Stole Relic","damage_taken":0,"relics_obtained":["Ice Cream"],"max_hp_gain":0,"max_hp_loss":0,"event_name":"Addict","floor":20,"gold_loss":0,"cards_obtained":["Shame"]},{"damage_healed":0,"gold_gain":0,"cards_transformed":["Defend_G"],"player_choice":"Transformed","damage_taken":0,"max_hp_gain":0,"max_hp_loss":0,"event_name":"Transmorgrifier","floor":22,"gold_loss":0,"cards_obtained":["Blade Dance"]}],"is_beta":false,"boss_relics":[{"not_picked":["HoveringKite","SacredBark"],"picked":"Calling Bell"}],"items_purged_floors":[],"is_endless":false,"potions_floor_spawned":[4,5,7,14,21,27],"killed_by":"Snake Plant","ascension_level":5}}