{"host":"Ringo","time":1613913869,"event":{"mods":["BaseMod","Colored Map","Conspire","Dota2Spire","Hubris","Minty Spire (QoL Compilation)","Replay The Spire","StSLib","The Construct","[IsaacMod]ÒÔÈö¼âËþ","¡¾ÒÅÎï¿¨ÅÆ¡¿REMEMod"],"gold_per_floor":[118,199,219,4,4,33,33,62,74,86,131,174,218,263,275,362,374,402,414,443,482,523,570,616,659,720,330,362,391,426,459,459,530,530,542,542,560,219,33,109,157,215,215,279,355,418,472,523,523,633,763],"floor_reached":52,"language":"ZHS","playtime":1172,"items_purged":["Pummel"],"score":4289,"play_id":"8269f184-4200-420c-a014-2cf3b66a24c5","local_time":"20210221212428","daily_mods":["SealedDeck","Vintage","Colorless Cards","Heirloom","Time Dilation","Flight","DeadlyEvents","Elite Swarm","Lethality","Binary"],"is_ascension_mode":true,"campfire_choices":[{"data":"Armaments","floor":7.0,"key":"SMITH"},{"data":"ReplayTheSpireMod:Private Reserves","floor":10.0,"key":"SMITH"},{"data":"Creative AI","floor":15.0,"key":"SMITH"},{"data":"hubris:DuctTapeCard","floor":32.0,"key":"SMITH"},{"data":"Madness","floor":49,"key":"SMITH"}],"circlet_count":0,"master_deck":["AscendersBane","ReplayTheSpireMod:Private Reserves+1","Swift Strike","hubris:ReadiedAction","Heavy Blade","ReplayTheSpireMod:Strike From Hell","Armaments+1","Sword Boomerang","Iron Wave","Thunderclap","Creative AI+1","Anger","Clash+1","Shrug It Off","Dropkick","Brutality","ReplayTheSpireMod:Limb From Limb","Magnetism","Dramatic Entrance","Madness+1","REME_Cut","Carnage+1","Master of Strategy","hubris:DuctTapeCard","Replay:Undeath\u0027s Touch+1"],"relics":["Burning Blood","Busted Crown","HushsDoor","REME_ComplimentaryCards","replay:Trail_Library","Another Sword","SteamSale","Bag of Preparation","Happy Flower","Dota2Spire:LinkenSphere","REME_HandOfSuture","HandDrill","Mummified Hand","TheBible","MawBank","conspire:DeflatedDodgeball","Dota2Spire:CrimsonGuard","Anchor","hubris:SphereOfDissonance","Dota2Spire:MantaStyle","SlaversCollar","Dream Catcher","Ice Cream","Art of War","Gremlin Horn","Dota2Spire:EyeOfSkadi","Toy Ornithopter","EdensBlessing","Replay:Wax Seal","Strawberry","Dota2Spire:UrnOfShadows","Dota2Spire:MagicBottle","DeadEye","Lantern","hubris:DuctTape","HowToJump","PreservedInsect","Molten Egg 2","hubris:DisguiseKit","Replay:Bandana","BookOfRevelations","Oddly Smooth Stone","SalivaCoin","hubris:PeanutButter","ReplayTheSpireMod:Shallot","BloodDonationMachine","Dota2Spire:PowerTreads","Replay:PocketPolymizer","Dota2Spire:Butterfly"],"acts_visited":["Exordium","TheCity","TheBeyond"],"potions_floor_usage":[51,51],"damage_taken":[{"damage":3.0,"enemies":"conspire:RoseBush","floor":1.0,"turns":1.0},{"damage":0.0,"enemies":"Small Slimes","floor":3.0,"turns":1.0},{"damage":0.0,"enemies":"Replay:BlueRogue","floor":6.0,"turns":1.0},{"damage":0.0,"enemies":"Lagavulin","floor":8.0,"turns":1.0},{"damage":0.0,"enemies":"Gremlin Nob","floor":11.0,"turns":1.0},{"damage":0.0,"enemies":"Replay:BlueRogue","floor":12.0,"turns":1.0},{"damage":0.0,"enemies":"Gremlin Nob","floor":13.0,"turns":1.0},{"damage":0.0,"enemies":"3 Sentries","floor":14.0,"turns":2.0},{"damage":0.0,"enemies":"Slime Boss","floor":16.0,"turns":1.0},{"damage":0.0,"enemies":"Shell Parasite","floor":18.0,"turns":1.0},{"damage":0.0,"enemies":"3 Byrds","floor":20.0,"turns":1.0},{"damage":0.0,"enemies":"Gremlin Leader","floor":22.0,"turns":1.0},{"damage":0.0,"enemies":"Book of Stabbing","floor":23.0,"turns":1.0},{"damage":0.0,"enemies":"Slavers","floor":24.0,"turns":1.0},{"damage":0.0,"enemies":"conspire:Head Lice","floor":25.0,"turns":1.0},{"damage":0.0,"enemies":"conspire:SneckoGhost","floor":28.0,"turns":1.0},{"damage":0.0,"enemies":"Replay:Snechameleon","floor":29.0,"turns":1.0},{"damage":0.0,"enemies":"conspire:Head Lice","floor":30.0,"turns":1.0},{"damage":0.0,"enemies":"Slavers","floor":31.0,"turns":1.0},{"damage":0.0,"enemies":"Champ","floor":33.0,"turns":1.0},{"damage":12.0,"enemies":"3 Shapes","floor":35.0,"turns":1.0},{"damage":0.0,"enemies":"Orb Walker","floor":37.0,"turns":1.0},{"damage":1.0,"enemies":"R_Hoarder","floor":40.0,"turns":2.0},{"damage":0.0,"enemies":"Nemesis","floor":41.0,"turns":1.0},{"damage":0.0,"enemies":"R_Hoarder","floor":42.0,"turns":1.0},{"damage":0,"enemies":"Giant Head","floor":44,"turns":1},{"damage":0,"enemies":"R_Hoarder","floor":45,"turns":1},{"damage":0,"enemies":"Giant Head","floor":46,"turns":1},{"damage":0,"enemies":"R_Hoarder","floor":47,"turns":1},{"damage":0,"enemies":"Reptomancer","floor":48,"turns":1},{"damage":0,"enemies":"Awakened One","floor":50,"turns":2},{"damage":0,"enemies":"Donu and Deca","floor":51,"turns":1}],"seed_played":"-4676435827485492027","potions_obtained":[{"floor":6.0,"key":"PowerPotion"},{"floor":12.0,"key":"Block Potion"},{"floor":28.0,"key":"BlessingOfTheForge"},{"floor":37.0,"key":"FearPotion"}],"is_trial":true,"path_per_floor":["M","?","M","$","T","E","R","E","T","R","E","E","E","E","R","B",null,"M","?","M","T","E","E","E","E","T","$","E","E","E","E","R","B",null,"M","?","M","$","$","E","E","E","T","E","E","E","E","E","R","B","B",null],"character_chosen":"IRONCLAD","items_purchased":["REME_HandOfSuture","Anger","HandDrill","Clash+1","Brutality","Strawberry","Dota2Spire:UrnOfShadows","Magnetism","Dramatic Entrance","Molten Egg 2","hubris:DisguiseKit","REME_Cut","Carnage+1","Replay:Bandana","Master of Strategy"],"campfire_rested":0,"item_purchase_floors":[4,4,4,4,17,27,27,27,27,38,38,38,38,39,39],"current_hp_per_floor":[71,41,47,47,47,53,53,59,59,59,65,71,75,75,75,75,72,72,72,72,72,72,77,77,77,77,84,84,84,84,84,84,84,84,78,78,84,84,84,84,84,84,84,84,84,84,84,84,84,84,84],"gold":763,"neow_bonus":"","is_daily":false,"chose_seed":false,"campfire_upgraded":5,"win_rate":0.0,"timestamp":1613913868,"path_taken":["M","?","?","?","?","E","R","E","T","R","E","?","E","E","R","BOSS","M","?","M","?","?","E","E","E","T","$","E","E","E","E","R","BOSS","M","?","?","$","$","E","E","E","T","E","E","E","?","E","R","BOSS","BOSS"],"items_purchased_type":["Relic","Card","Relic","Card","Card","Relic","Relic","Card","Card","Relic","Relic","Card","Card","Relic","Card"],"build_version":"2020-12-18","purchased_purges":1,"victory":true,"max_hp_per_floor":[75,75,75,75,75,75,75,75,75,75,75,75,75,75,75,75,72,72,72,72,72,72,77,77,77,77,84,84,84,84,84,84,84,84,84,84,84,84,84,84,84,84,84,84,84,84,84,84,84,84,84],"card_choices":[{"not_picked":[],"picked":"Bomb","floor":0.0}],"player_experience":731936,"relics_obtained":[{"floor":1.0,"key":"Bag of Preparation"},{"floor":2.0,"key":"Happy Flower"},{"floor":3.0,"key":"Dota2Spire:LinkenSphere"},{"floor":5.0,"key":"Mummified Hand"},{"floor":6.0,"key":"TheBible"},{"floor":8.0,"key":"MawBank"},{"floor":9.0,"key":"conspire:DeflatedDodgeball"},{"floor":11.0,"key":"Dota2Spire:CrimsonGuard"},{"floor":12.0,"key":"Anchor"},{"floor":13.0,"key":"hubris:SphereOfDissonance"},{"floor":14.0,"key":"Dota2Spire:MantaStyle"},{"floor":18.0,"key":"Dream Catcher"},{"floor":20.0,"key":"Ice Cream"},{"floor":21.0,"key":"Art of War"},{"floor":22.0,"key":"Gremlin Horn"},{"floor":23.0,"key":"Dota2Spire:EyeOfSkadi"},{"floor":24.0,"key":"Toy Ornithopter"},{"floor":25.0,"key":"EdensBlessing"},{"floor":26.0,"key":"Replay:Wax Seal"},{"floor":28.0,"key":"Dota2Spire:MagicBottle"},{"floor":29.0,"key":"DeadEye"},{"floor":30.0,"key":"Lantern"},{"floor":31.0,"key":"hubris:DuctTape"},{"floor":35.0,"key":"HowToJump"},{"floor":37.0,"key":"PreservedInsect"},{"floor":40.0,"key":"BookOfRevelations"},{"floor":41.0,"key":"Oddly Smooth Stone"},{"floor":42.0,"key":"SalivaCoin"},{"floor":43,"key":"hubris:PeanutButter"},{"floor":44,"key":"ReplayTheSpireMod:Shallot"},{"floor":45,"key":"BloodDonationMachine"},{"floor":46,"key":"Dota2Spire:PowerTreads"},{"floor":47,"key":"Replay:PocketPolymizer"},{"floor":48,"key":"Dota2Spire:Butterfly"}],"event_choices":[{"damage_healed":0.0,"max_hp_gain":0.0,"max_hp_loss":0.0,"gold_gain":0.0,"event_name":"Match and Keep!","player_choice":"1 cards matched","floor":19.0,"gold_loss":0.0,"damage_taken":0.0,"cards_obtained":["ReplayTheSpireMod:Limb From Limb"]},{"damage_healed":0.0,"max_hp_gain":0.0,"max_hp_loss":0.0,"gold_gain":0.0,"event_name":"SensoryStone","player_choice":"Memory 1","floor":36.0,"gold_loss":0.0,"damage_taken":0.0}],"is_beta":true,"boss_relics":[{"not_picked":["conspire:RunicOctahedron","construct:WeddingRing"],"picked":"SlaversCollar"},{"not_picked":[]},{"not_picked":["Empty Cage","Kintsugi","Sozu"]}],"items_purged_floors":[27],"is_endless":false,"potions_floor_spawned":[6,12,13,14,20,25,28,29,31,37,42,45,47,48],"ascension_level":20}}