{"host":"yq854828l1wg20je","time":1613883074,"event":{"mods":["AchievementEnabler","BaseMod","Colored Powertips","Downfall","Hubris","Minty Spire (QoL Compilation)","Quick Restart","READ ME - Snecko Mod","Replay The Spire","StSLib","The Construct","The Cursed","The Disciple","The Senshi","The Servant 0.9.4"],"gold_per_floor":[109,89,99,116,126,126,162,162,162,187,187,218,218,21,21,118,118,134,134,134,153,232,232,232],"floor_reached":23,"language":"ENG","playtime":4118,"items_purged":[],"score":224,"play_id":"39c538a4-edb7-4e86-99ba-6dd95388f129","local_time":"20210220235114","is_ascension_mode":false,"campfire_choices":[{"floor":6,"key":"REST"},{"data":"Gouge","floor":8,"key":"SMITH"},{"data":"KidneyShot","floor":15,"key":"SMITH"}],"circlet_count":0,"master_deck":["Strike_S","Strike_S","Strike_S","Strike_S","Defend_S","Defend_S","Defend_S","Defend_S","KidneyShot+1","Exchange","ShatteredReality","Read","FastForward","Gouge+1","BottledTime","Duplication","PendulumOfEternity+1","Alleviate+1","FanOfKnives","ReplayTheSpireMod:Splinters","Starlight+1","Replace+1"],"relics":["Uniform","HornCleat","Pondfish Scales","Ring of Hypnosis","theSenshi:SailorFukuRelic","Happy Flower","hubris:TerracottaHorce","Nilry\u0027s Codex"],"acts_visited":["Exordium","TheCity"],"potions_floor_usage":[7,12,16,16,16],"damage_taken":[{"damage":1,"enemies":"Jaw Worm","floor":1,"turns":5},{"damage":4,"enemies":"Cultist","floor":3,"turns":5},{"damage":6,"enemies":"2 Louse","floor":4,"turns":4},{"damage":12,"enemies":"Exordium Thugs","floor":5,"turns":10},{"damage":0,"enemies":"Blue Slaver","floor":7,"turns":3},{"damage":0,"enemies":"Gremlin Nob","floor":10,"turns":3},{"damage":5,"enemies":"Replay:BlueRogue","floor":12,"turns":4},{"damage":31,"enemies":"Fading Forest","floor":16,"turns":11},{"damage":23,"enemies":"3 Byrds","floor":18,"turns":8},{"damage":5,"enemies":"Shell Parasite","floor":21,"turns":3},{"damage":24,"enemies":"Replay:Snechameleon","floor":23,"turns":4}],"seed_played":"6690224244736003556","potions_obtained":[{"floor":2,"key":"SkillPotion"},{"floor":4,"key":"AttackPotion"},{"floor":5,"key":"ColorlessPotion"},{"floor":12,"key":"AttackPotion"},{"floor":16,"key":"Venom Potion"},{"floor":21,"key":"BlessingOfTheForge"}],"is_trial":false,"path_per_floor":["M","?","M","M","M","R","M","R","T","E","?","E","?","$","R","B",null,"M","?","?","M","?","E"],"character_chosen":"THE_SERVANT","items_purchased":["Happy Flower","SteroidPotion"],"campfire_rested":1,"item_purchase_floors":[14,14],"current_hp_per_floor":[70,70,66,60,48,69,69,69,69,69,69,64,64,64,64,43,64,41,25,25,20,20,0,0],"gold":232,"neow_bonus":"TEN_PERCENT_HP_BONUS","is_daily":false,"chose_seed":false,"campfire_upgraded":2,"win_rate":0.0,"timestamp":1613883074,"path_taken":["M","?","M","?","M","R","M","R","T","E","?","E","?","$","R","BOSS","M","?","?","?","?","E"],"items_purchased_type":["Relic","Potion"],"build_version":"2020-12-22","purchased_purges":0,"victory":false,"max_hp_per_floor":[71,71,71,71,71,71,71,71,71,71,71,71,71,71,71,71,71,71,71,71,71,71,71,71],"card_choices":[{"not_picked":["Potential","Rearm"],"picked":"ShatteredReality","floor":1},{"not_picked":["Comet","DoubleEdge"],"picked":"Read","floor":3},{"not_picked":["Desolation","DoubleEdge"],"picked":"FastForward","floor":4},{"not_picked":["BestPractice","Foresight","FastForward"],"picked":"SKIP","floor":5},{"not_picked":["FastForward","Rewind"],"picked":"Gouge","floor":7},{"not_picked":["DoubleEdge","Luminosity"],"picked":"BottledTime","floor":10},{"not_picked":["Replace","Barrier"],"picked":"Duplication","floor":12},{"not_picked":["FloweringNight","Dilation"],"picked":"PendulumOfEternity","floor":16},{"not_picked":["TimeWarp","Advance"],"picked":"Alleviate+1","floor":18},{"not_picked":["Collapse","FastForward+1"],"picked":"FanOfKnives","floor":21},{"not_picked":["Read+1","Collapse"],"picked":"Starlight+1","floor":22},{"not_picked":["Spin","Alleviate"],"picked":"Replace+1","floor":22}],"player_experience":38540,"relics_obtained":[{"floor":9,"key":"HornCleat"},{"floor":10,"key":"Pondfish Scales"},{"floor":11,"key":"Ring of Hypnosis"},{"floor":12,"key":"theSenshi:SailorFukuRelic"},{"floor":19,"key":"Nilry\u0027s Codex"}],"event_choices":[{"damage_healed":0,"gold_gain":0,"player_choice":"Bought 1 Potion","damage_taken":0,"max_hp_gain":0,"max_hp_loss":0,"event_name":"The Woman in Blue","floor":2,"gold_loss":0},{"cards_removed":["Spreading Infection"],"damage_healed":0,"gold_gain":0,"player_choice":"Card Removal","damage_taken":0,"max_hp_gain":0,"max_hp_loss":0,"event_name":"Wheel of Change","floor":13,"gold_loss":0},{"damage_healed":0,"gold_gain":0,"player_choice":"Obtained Book","damage_taken":16,"max_hp_gain":0,"max_hp_loss":0,"event_name":"Cursed Tome","floor":19,"gold_loss":0},{"damage_healed":0,"gold_gain":0,"player_choice":"Upgraded","damage_taken":0,"max_hp_gain":0,"max_hp_loss":0,"event_name":"Upgrade Shrine","floor":20,"gold_loss":0,"cards_upgraded":["PendulumOfEternity"]}],"is_beta":false,"boss_relics":[{"not_picked":["Velvet Choker","Coffee Dripper"],"picked":"hubris:TerracottaHorce"}],"items_purged_floors":[],"is_endless":false,"potions_floor_spawned":[4,5,12,16,21],"killed_by":"Replay:Snechameleon","ascension_level":0}}