{"host":"mnpd8gh7cwxsn5kh","time":1613923279,"event":{"mods":["BaseMod","Bestiary","Block Reminder","Colored Map","Colored Powertips","Highlight Path","Minty Spire (QoL Compilation)","Relic Sorter","Relic Stats"],"gold_per_floor":[115,115,128,128,128,158,158,196,231,231,258,258,281,307,307,387,414,433,447,465,474,502,502,502,538,547,183,210,254,254,254],"floor_reached":30,"language":"ENG","playtime":2343,"items_purged":["Writhe"],"score":556,"play_id":"07e6dc42-ea8b-4a69-a631-b552c2060b6c","local_time":"20210221170119","is_ascension_mode":true,"campfire_choices":[{"data":"Creative AI","floor":7,"key":"SMITH"},{"data":"Dualcast","floor":10,"key":"SMITH"},{"data":"Lockon","floor":12,"key":"SMITH"},{"floor":15,"key":"REST"},{"floor":23,"key":"REST"}],"circlet_count":0,"master_deck":["AscendersBane","Defend_B","Defend_B","Defend_B","Defend_B","Zap+1","Dualcast+1","Genetic Algorithm+1","Rebound","Creative AI+1","Lockon+1","Leap","Coolheaded","Cold Snap","Seek","Seek+1","Rainbow+1","Rip and Tear","Cold Snap","Leap","Glacier","Ball Lightning","Coolheaded+1","Writhe","Coolheaded","Blizzard","Capacitor","Cold Snap"],"relics":["Cursed Key","Centennial Puzzle","CeramicFish","PreservedInsect","Astrolabe","Art of War","InkBottle","Bag of Preparation","Vajra"],"acts_visited":["Exordium","TheCity"],"potions_floor_usage":[6,11,16,25,28,29],"damage_taken":[{"damage":2,"enemies":"Jaw Worm","floor":1,"turns":4},{"damage":3,"enemies":"Small Slimes","floor":3,"turns":3},{"damage":8,"enemies":"Gremlin Nob","floor":6,"turns":4},{"damage":8,"enemies":"Lagavulin","floor":8,"turns":6},{"damage":0,"enemies":"Cultist","floor":11,"turns":3},{"damage":10,"enemies":"3 Louse","floor":13,"turns":4},{"damage":0,"enemies":"Blue Slaver","floor":14,"turns":5},{"damage":30,"enemies":"Hexaghost","floor":16,"turns":10},{"damage":14,"enemies":"Shell Parasite","floor":18,"turns":4},{"damage":5,"enemies":"Spheric Guardian","floor":19,"turns":6},{"damage":10,"enemies":"Snake Plant","floor":22,"turns":5},{"damage":7,"enemies":"Slavers","floor":25,"turns":6},{"damage":0,"enemies":"Centurion and Healer","floor":28,"turns":12},{"damage":30,"enemies":"Book of Stabbing","floor":29,"turns":7},{"damage":9,"enemies":"Shelled Parasite and Fungi","floor":30,"turns":1}],"seed_played":"8078871343065181759","potions_obtained":[{"floor":3,"key":"ColorlessPotion"},{"floor":6,"key":"SteroidPotion"},{"floor":8,"key":"FearPotion"},{"floor":13,"key":"Strength Potion"},{"floor":18,"key":"SpeedPotion"},{"floor":22,"key":"SkillPotion"},{"floor":25,"key":"SkillPotion"}],"is_trial":false,"path_per_floor":["M","?","M","?","?","E","R","E","T","R","M","R","M","M","R","B",null,"M","M","?","?","M","R","?","E","T","$","M","E","M"],"character_chosen":"DEFECT","items_purchased":["Bag of Preparation","Coolheaded","Blizzard"],"campfire_rested":2,"item_purchase_floors":[27,27,27],"current_hp_per_floor":[62,41,38,38,38,30,30,22,22,22,22,22,12,12,33,3,54,40,35,35,35,25,46,46,39,39,39,39,9,0,0],"gold":254,"neow_bonus":"BOSS_RELIC","is_daily":false,"chose_seed":false,"campfire_upgraded":3,"win_rate":0.0,"timestamp":1613923279,"path_taken":["M","?","M","?","?","E","R","E","T","R","?","R","M","M","R","BOSS","M","M","?","?","M","R","?","E","T","$","M","E","M"],"items_purchased_type":["Relic","Card","Card"],"build_version":"2020-12-22","purchased_purges":1,"victory":false,"max_hp_per_floor":[71,71,71,71,71,71,71,71,71,71,71,71,71,71,71,71,71,71,71,71,71,71,71,71,71,71,71,71,71,71,71],"relic_stats":{"Centennial Puzzle":[27],"counters":[15,80],"CeramicFish":180,"Astrolabe":["Seek","Reprogram","Rainbow"],"PreservedInsect":85,"Art of War":[6],"Bag of Preparation":[6],"Cursed Key":2,"obtain_stats":[{"Centennial Puzzle":6,"CeramicFish":8,"Astrolabe":17,"Vajra":29,"PreservedInsect":9,"Art of War":25,"Bag of Preparation":27,"Cracked Core":0,"Cursed Key":0,"InkBottle":26},{"Centennial Puzzle":3,"CeramicFish":4,"Astrolabe":8,"Vajra":14,"PreservedInsect":4,"Art of War":12,"Bag of Preparation":12,"Cracked Core":0,"Cursed Key":0,"InkBottle":12},{"Centennial Puzzle":11,"CeramicFish":17,"Astrolabe":39,"Vajra":79,"PreservedInsect":17,"Art of War":60,"Bag of Preparation":60,"Cracked Core":0,"Cursed Key":0,"InkBottle":60}],"InkBottle":[8]},"card_choices":[{"not_picked":["Compile Driver","Leap"],"picked":"Genetic Algorithm","floor":1},{"not_picked":["Beam Cell","Gash"],"picked":"Rebound","floor":3},{"not_picked":["Genetic Algorithm","Hologram"],"picked":"Creative AI","floor":6},{"not_picked":["Stack","All For One"],"picked":"Lockon","floor":8},{"not_picked":["Static Discharge","Redo"],"picked":"Leap","floor":11},{"not_picked":["Steam","Turbo"],"picked":"Coolheaded","floor":13},{"not_picked":["Barrage","Turbo"],"picked":"Cold Snap","floor":14},{"not_picked":["Creative AI","All For One"],"picked":"Seek","floor":16},{"not_picked":["Blizzard","Turbo"],"picked":"Rip and Tear","floor":18},{"not_picked":["Rebound","Chaos","Beam Cell"],"picked":"SKIP","floor":19},{"not_picked":["Leap","Consume"],"picked":"Ball Lightning","floor":22},{"not_picked":["Scrape","Stack"],"picked":"Coolheaded+1","floor":25},{"not_picked":["Stack","Leap"],"picked":"Capacitor","floor":28},{"not_picked":["Steam","Beam Cell"],"picked":"Cold Snap","floor":29}],"player_experience":653072,"relics_obtained":[{"floor":6,"key":"Centennial Puzzle"},{"floor":8,"key":"CeramicFish"},{"floor":9,"key":"PreservedInsect"},{"floor":25,"key":"Art of War"},{"floor":26,"key":"InkBottle"},{"floor":29,"key":"Vajra"}],"event_choices":[{"damage_healed":0,"gold_gain":0,"player_choice":"Entered Light","damage_taken":21,"max_hp_gain":0,"max_hp_loss":0,"event_name":"Shining Light","floor":2,"gold_loss":0,"cards_upgraded":["Genetic Algorithm","Zap"]},{"damage_healed":0,"gold_gain":0,"player_choice":"Ignored","damage_taken":0,"max_hp_gain":0,"max_hp_loss":0,"event_name":"Liars Game","floor":4,"gold_loss":0},{"damage_healed":0,"gold_gain":0,"player_choice":"Fled","damage_taken":0,"max_hp_gain":0,"max_hp_loss":0,"event_name":"Scrap Ooze","floor":5,"gold_loss":0},{"damage_healed":0,"gold_gain":0,"cards_transformed":["Reprogram","Strike_B"],"player_choice":"Became Test Subject","damage_taken":0,"max_hp_gain":0,"max_hp_loss":0,"event_name":"Drug Dealer","floor":20,"gold_loss":0,"cards_obtained":["Cold Snap","Leap"]},{"damage_healed":0,"gold_gain":0,"player_choice":"Read","damage_taken":0,"max_hp_gain":0,"max_hp_loss":0,"event_name":"The Library","floor":21,"gold_loss":0,"cards_obtained":["Glacier"]},{"damage_healed":0,"gold_gain":0,"player_choice":"Ignored","damage_taken":0,"max_hp_gain":0,"max_hp_loss":0,"event_name":"Vampires","floor":24,"gold_loss":0}],"is_beta":false,"boss_relics":[{"not_picked":["Tiny House","Philosopher\u0027s Stone"],"picked":"Astrolabe"}],"items_purged_floors":[27],"is_endless":false,"potions_floor_spawned":[3,6,8,13,18,22,25],"killed_by":"Shelled Parasite and Fungi","ascension_level":20}}