{"host":"ox77rn1xcurm2t5a","time":1613867379,"event":{"mods":["2.2 Compatiblity","AchievementEnabler","Act Like it!","Aspiration","BaseMod","Best Route Mod","Better Match","Better Note","Better Sensory Stone","Block Reminder","Colored Map","Colored Powertips","Conjunction","Conspire","Custom Start","Energized Spire","GifTheSpireLib","Gold Saver","Gremlin Skip","Halation","Highlight Path","Hubris","Infinite Spire","Minty Spire (QoL Compilation)","Pale of the Ancients","Quick Restart","Reliquary","Replay The Spire","Reworked Bosses","ShortenTheSpire","Spire Exporter","StSLib","Stuff the Spire","Wandering Minibosses"],"gold_per_floor":[109,69,85,10,10,45,45,73,73,106,53,65,97,116,116,217,217,227,227,247,247,91,91,104,104,104,120,95,95],"floor_reached":28,"language":"ENG","playtime":692,"items_purged":["Strike_R","Defend_R"],"score":393,"play_id":"d7cd4ff6-73d6-4e14-8427-877df72243b8","local_time":"20210221022939","is_ascension_mode":true,"campfire_choices":[{"floor":7.0,"key":"RECALL"},{"data":"Demon Form","floor":15.0,"key":"SMITH"},{"floor":23.0,"key":"REST"},{"data":"Bash","floor":25.0,"key":"SMITH"}],"circlet_count":0,"master_deck":["Strike_R+1","Strike_R","Strike_R","Defend_R","Defend_R+1","Bash+1","Cleave","Demon Form+1","Anger","Cleave","Anger+1","Perfected Strike+1","Headbutt+1","Perfected Strike+1","Heavy Blade+1"],"relics":["Burning Blood","NeowsBlessing","Replay:Bottled Flurry","StoneCalendar","Singing Bowl","Molten Egg 2","Black Star","hubris:ToyBattleship","Simple Rune","CaptainsWheel"],"acts_visited":["Exordium","TheCity"],"potions_floor_usage":[27],"damage_taken":[{"damage":0.0,"enemies":"2 Louse","floor":1.0,"turns":1.0},{"damage":0.0,"enemies":"infinitespire:Voidling","floor":3.0,"turns":1.0},{"damage":0.0,"enemies":"Lagavulin","floor":6.0,"turns":1.0},{"damage":35.0,"enemies":"Replay:BlueRogue","floor":8.0,"turns":4.0},{"damage":35.0,"enemies":"3 Sentries","floor":10.0,"turns":7.0},{"damage":0.0,"enemies":"Jaw Worm","floor":12.0,"turns":3.0},{"damage":20.0,"enemies":"Lagavulin","floor":13.0,"turns":5.0},{"damage":1.0,"enemies":"Gremlin Gang","floor":14.0,"turns":4.0},{"damage":28.0,"enemies":"Slime Boss","floor":16.0,"turns":6.0},{"damage":35.0,"enemies":"Spheric Guardian","floor":18.0,"turns":5.0},{"damage":19.0,"enemies":"3 Byrds","floor":20.0,"turns":4.0},{"damage":61.0,"enemies":"Centurion and Healer","floor":24.0,"turns":5.0},{"damage":15,"enemies":"Cultist and Chosen","floor":27,"turns":4},{"damage":23,"enemies":"3 Cultists","floor":28,"turns":4}],"seed_played":"8766734058605140893","potions_obtained":[{"floor":1.0,"key":"Venom Potion"},{"floor":2.0,"key":"BlessingOfTheForge"},{"floor":2.0,"key":"BlessingOfTheForge"},{"floor":2.0,"key":"BloodPotion"},{"floor":8.0,"key":"Conjunction:LightningMarble"},{"floor":12.0,"key":"BloodPotion"},{"floor":20.0,"key":"FairyPotion"},{"floor":24.0,"key":"SkillPotion"}],"is_trial":false,"path_per_floor":["M","?","M","$","?","E","R","E","T","E","$","M","E","M","R","B",null,"M","AVR","M","?","$","R","M","R","T","M","M"],"character_chosen":"IRONCLAD","items_purchased":["Anger","Simple Rune"],"campfire_rested":1,"item_purchase_floors":[11,22],"current_hp_per_floor":[78,78,80,80,80,80,80,62,62,33,33,39,41,46,46,26,68,41,41,28,28,28,53,31,31,31,22,0,0],"gold":95,"neow_bonus":"THREE_ENEMY_KILL","is_daily":false,"chose_seed":false,"campfire_upgraded":2,"win_rate":0.0,"timestamp":1613867379,"path_taken":["M","?","?","$","?","E","R","E","T","E","$","M","E","?","R","BOSS","M","AVR","M","?","?","R","M","R","T","?","M"],"items_purchased_type":["Card","Relic"],"build_version":"2020-12-22","purchased_purges":2,"victory":false,"max_hp_per_floor":[80,80,80,80,80,80,80,80,80,80,80,80,80,80,80,82,82,84,84,84,84,84,84,84,84,84,84,84,84],"card_choices":[{"not_picked":["ReplayTheSpireMod:Muscle Training","Body Slam","StuffTheSpire:RockThrow"],"picked":"SKIP","floor":1.0},{"not_picked":["StuffTheSpire:RockThrow","Demonic Infusion"],"picked":"Cleave","floor":3.0},{"not_picked":["Evolve","Run Through","Wild Strike"],"picked":"SKIP","floor":6.0},{"not_picked":["Barricade","hubris:SharpeningStone","Replay:Undeath\u0027s Touch"],"picked":"SKIP","floor":8.0},{"not_picked":["Rage","Flame Barrier"],"picked":"Demon Form","floor":10.0},{"not_picked":["Heavy Blade","infinitespire:OneForAll"],"picked":"Cleave","floor":12.0},{"not_picked":["Iron Wave+1","conspire:ExplosiveBarrier"],"picked":"Anger+1","floor":13.0},{"not_picked":["ReplayTheSpireMod:Strike From Hell+1","StuffTheSpire:RagingBull+1"],"picked":"Perfected Strike+1","floor":14.0},{"not_picked":["conspire:HitWhereItHurts+1","Double Tap","Juggernaut"],"picked":"Singing Bowl","floor":16.0},{"not_picked":["ReplayReversal","Iron Wave+1","Reckless Charge+1"],"picked":"Singing Bowl","floor":18.0},{"not_picked":["StuffTheSpire:RockThrow+1","Anger+1"],"picked":"Headbutt+1","floor":20.0},{"not_picked":["Disarm+1","Heavy Blade+1"],"picked":"Perfected Strike+1","floor":24.0},{"not_picked":["Wild Strike+1","Carnage+1"],"picked":"Heavy Blade+1","floor":27}],"player_experience":3221746,"relics_obtained":[{"floor":6.0,"key":"Replay:Bottled Flurry"},{"floor":8.0,"key":"StoneCalendar"},{"floor":10.0,"key":"Singing Bowl"},{"floor":13.0,"key":"Molten Egg 2"},{"floor":26.0,"key":"CaptainsWheel"}],"event_choices":[{"damage_healed":0.0,"max_hp_gain":0.0,"max_hp_loss":0.0,"gold_gain":0.0,"event_name":"The Woman in Blue","player_choice":"Bought 3 Potions","floor":2.0,"gold_loss":0.0,"damage_taken":0.0},{"cards_removed":["Strike_R"],"damage_healed":0.0,"max_hp_gain":0.0,"max_hp_loss":0.0,"gold_gain":0.0,"event_name":"Bonfire Elementals","player_choice":"Offered Basic","floor":5.0,"gold_loss":0.0,"damage_taken":0.0},{"cards_removed":["Defend_R"],"damage_healed":0.0,"max_hp_gain":0.0,"max_hp_loss":0.0,"gold_gain":0.0,"event_name":"Purifier","player_choice":"Purged","floor":21.0,"gold_loss":0.0,"damage_taken":0.0}],"is_beta":false,"boss_relics":[{"not_picked":["infinitespire:Burning Sword","Empty Cage"],"picked":"Black Star"}],"items_purged_floors":[4,19],"is_endless":false,"potions_floor_spawned":[1,6,8,12,20,24],"killed_by":"3 Cultists","ascension_level":9}}