{"host":"c6m2gd7h1328eiwi","time":1613913878,"event":{"mods":["Act Like it!","Aspiration","BaseMod","Better Skull","BetterRewards","Challenge The Spire","Colored Map","Conspire","Downfall","Elementarium","Energized Spire","GifTheSpireLib","Halation","Hubris","Infinite Spire","Mimic Mod","Minty Spire (QoL Compilation)","Potionbrewer","Quick Restart","Reliquary","Replay The Spire","Ruina","Spikes Relics","Spires And Sneckos","StSLib","The Jungle","Wandering Minibosses"],"gold_per_floor":[217,237,250,262,251,281,381,381,381,395,406,406,388,388,388],"floor_reached":14,"language":"ENG","playtime":953,"items_purged":[],"score":96,"play_id":"e28603a1-4cca-45c7-bfd3-38ac797c43e1","local_time":"20210221062438","is_ascension_mode":false,"campfire_choices":[{"floor":8,"key":"REST"},{"floor":12,"key":"REST"}],"circlet_count":0,"master_deck":["Strike_R","Strike_R","Strike_R","Strike_R","Strike_R","Defend_R","Defend_R","Defend_R","Defend_R","Bash","Clothesline","Twin Strike","Seeing Red","Twin Strike","Invigoration","Replay:Undeath\u0027s Touch","Disarm","Thunderclap","Clash"],"relics":["reliquary:SilkGlove"],"acts_visited":["Exordium"],"potions_floor_usage":[6,13,13],"damage_taken":[{"damage":14,"enemies":"Small Slimes","floor":1,"turns":3},{"damage":4,"enemies":"Cultist","floor":2,"turns":3},{"damage":4,"enemies":"conspire:RoseBush","floor":3,"turns":3},{"damage":10,"enemies":"Red Slaver","floor":4,"turns":3},{"damage":30,"enemies":"Exordium Wildlife","floor":5,"turns":7},{"damage":39,"enemies":"Lagavulin","floor":6,"turns":6},{"damage":2,"enemies":"3 Louse","floor":10,"turns":5},{"damage":2,"enemies":"Exordium Thugs","floor":11,"turns":5},{"damage":19,"enemies":"Exordium Wildlife","floor":13,"turns":7},{"damage":29,"enemies":"3 Sentries","floor":14,"turns":3}],"seed_played":"8182894664117329024","potions_obtained":[{"floor":1,"key":"EssenceOfSteel"},{"floor":4,"key":"Ancient Potion"},{"floor":11,"key":"Energy Potion"}],"is_trial":false,"path_per_floor":["M","M","M","M","M","E","?","R","T","M","M","R","M","E"],"character_chosen":"IRONCLAD","items_purchased":[],"campfire_rested":2,"item_purchase_floors":[],"current_hp_per_floor":[72,74,76,72,42,3,3,27,27,25,23,47,28,0,0],"gold":388,"neow_bonus":"HUNDRED_GOLD","is_daily":false,"chose_seed":false,"campfire_upgraded":0,"win_rate":0.0,"timestamp":1613913878,"path_taken":["M","M","M","M","M","E","?","R","T","?","M","R","M","E"],"items_purchased_type":[],"build_version":"2020-12-22","purchased_purges":0,"victory":false,"max_hp_per_floor":[80,80,80,80,80,80,80,80,80,80,80,80,80,80,80],"card_choices":[{"not_picked":["ReplayTheSpireMod:Strike From Hell","Armaments"],"picked":"Clothesline","floor":1},{"not_picked":["Headbutt","Warcry"],"picked":"Twin Strike","floor":2},{"not_picked":["Power Through","Bloodletting"],"picked":"Seeing Red","floor":3},{"not_picked":["Armaments","Anger"],"picked":"Twin Strike","floor":4},{"not_picked":["ReplayTheSpireMod:Stacked","Body Slam"],"picked":"Invigoration","floor":5},{"not_picked":["Flame Barrier","ReplayTheSpireMod:Strike From Hell"],"picked":"Replay:Undeath\u0027s Touch","floor":6},{"not_picked":["Shrug It Off","Armaments"],"picked":"Disarm","floor":10},{"not_picked":["Shrug It Off","Corruption"],"picked":"Thunderclap","floor":11},{"not_picked":["Iron Wave","Body Slam"],"picked":"Clash","floor":13}],"player_experience":0,"relics_obtained":[{"floor":6,"key":"reliquary:SilkGlove"},{"floor":9,"key":"ReplayTheSpireMod:Shallot"}],"event_choices":[{"damage_healed":0,"gold_gain":100,"player_choice":"Pray","damage_taken":0,"max_hp_gain":0,"max_hp_loss":0,"event_name":"Golden Shrine","floor":7,"gold_loss":0}],"is_beta":false,"boss_relics":[],"items_purged_floors":[],"is_endless":false,"potions_floor_spawned":[1,4,11],"killed_by":"3 Sentries","ascension_level":0}}