{"host":"7yyoe0ei0fseceei","time":1613942651,"event":{"mods":["BaseMod","Colored Map","Highlight Path","Minty Spire (QoL Compilation)","Quick Restart"],"gold_per_floor":[116,126,126,142,158,158,187,199,199,33,46,196,196,214,214,214,214],"floor_reached":16,"language":"ENG","playtime":1392,"items_purged":[],"score":203,"play_id":"09770b71-6e81-41d3-87e4-8bed3ca50b3d","local_time":"20210221222411","is_ascension_mode":true,"campfire_choices":[{"data":"Omniscience","floor":6,"key":"SMITH"},{"floor":13,"key":"REST"},{"floor":15,"key":"REST"}],"circlet_count":0,"master_deck":["AscendersBane","Strike_P","Strike_P","Strike_P","Strike_P","Defend_P","Defend_P","Defend_P","Defend_P","Eruption+1","Vigilance","Consecrate","BowlingBash+1","Perseverance","Omniscience+1","Meditate","EmptyBody","Doubt","Prostrate"],"relics":["PureWater","Pantograph","Juzu Bracelet","Bag of Preparation"],"acts_visited":["Exordium"],"potions_floor_usage":[5,16,16],"damage_taken":[{"damage":8,"enemies":"Jaw Worm","floor":1,"turns":3},{"damage":7,"enemies":"Cultist","floor":2,"turns":3},{"damage":8,"enemies":"Small Slimes","floor":4,"turns":3},{"damage":0,"enemies":"Gremlin Gang","floor":5,"turns":3},{"damage":17,"enemies":"3 Sentries","floor":7,"turns":8},{"damage":6,"enemies":"Blue Slaver","floor":8,"turns":4},{"damage":2,"enemies":"Red Slaver","floor":11,"turns":2},{"damage":6,"enemies":"3 Louse","floor":14,"turns":4},{"damage":75,"enemies":"Slime Boss","floor":16,"turns":6}],"seed_played":"4448565008709261196","potions_obtained":[{"floor":4,"key":"ColorlessPotion"},{"floor":7,"key":"Block Potion"},{"floor":14,"key":"Strength Potion"}],"is_trial":false,"path_per_floor":["M","M","?","M","M","R","E","M","T","$","M","?","R","M","R","B"],"character_chosen":"WATCHER","items_purchased":["Bag of Preparation"],"campfire_rested":2,"item_purchase_floors":[10],"current_hp_per_floor":[53,46,46,38,38,38,21,15,15,15,13,13,33,27,47,0,0],"gold":214,"neow_bonus":"UPGRADE_CARD","is_daily":false,"chose_seed":false,"campfire_upgraded":1,"win_rate":0.0,"timestamp":1613942651,"path_taken":["M","M","?","M","M","R","E","M","T","$","M","?","R","M","R","BOSS"],"items_purchased_type":["Relic"],"build_version":"2020-12-22","purchased_purges":0,"victory":false,"max_hp_per_floor":[68,68,68,68,68,68,68,68,68,68,68,68,68,68,68,68,68],"card_choices":[{"not_picked":["FlurryOfBlows","Wireheading"],"picked":"Consecrate","floor":1},{"not_picked":["JustLucky","Worship"],"picked":"BowlingBash","floor":2},{"not_picked":["JustLucky","DeceiveReality"],"picked":"Perseverance","floor":4},{"not_picked":["ClearTheMind","Crescendo"],"picked":"Omniscience","floor":5},{"not_picked":["WaveOfTheHand","Prostrate"],"picked":"Meditate","floor":7},{"not_picked":["Halt","Swivel"],"picked":"EmptyBody","floor":8},{"not_picked":["JustLucky","Halt","Meditate"],"picked":"SKIP","floor":11},{"not_picked":["ThirdEye","BowlingBash"],"picked":"Prostrate","floor":14}],"player_experience":968836,"relics_obtained":[{"floor":7,"key":"Pantograph"},{"floor":9,"key":"Juzu Bracelet"}],"event_choices":[{"damage_healed":0,"gold_gain":0,"player_choice":"Forge","damage_taken":0,"max_hp_gain":0,"max_hp_loss":0,"event_name":"Accursed Blacksmith","floor":3,"gold_loss":0,"cards_upgraded":["BowlingBash"]},{"damage_healed":0,"gold_gain":150,"player_choice":"AGREE","damage_taken":0,"max_hp_gain":0,"max_hp_loss":0,"event_name":"Liars Game","floor":12,"gold_loss":0,"cards_obtained":["Doubt"]}],"is_beta":false,"boss_relics":[],"items_purged_floors":[],"is_endless":false,"potions_floor_spawned":[4,7,14],"killed_by":"Slime Boss","ascension_level":19}}