{"host":"js2su9tbbk4rmjfl","time":1613931675,"event":{"mods":["AchievementEnabler","BaseMod","Block Reminder","Colored Map","Colored Powertips","Highlight Path","Minty Spire (QoL Compilation)","Relic Stats"],"gold_per_floor":[109,259,286,211,231,231,231,257,312,312,330,62,82,95,95,95,95],"floor_reached":16,"language":"ENG","playtime":1038,"items_purged":["Pain"],"score":195,"play_id":"c1c66f50-2d39-4438-b136-a1f8e919f3be","local_time":"20210221192115","is_ascension_mode":true,"campfire_choices":[{"data":"Seeing Red","floor":6,"key":"SMITH"},{"data":"Bash","floor":10,"key":"SMITH"},{"floor":15,"key":"REST"}],"circlet_count":0,"master_deck":["AscendersBane","Strike_R","Strike_R","Strike_R","Strike_R","Strike_R","Defend_R","Defend_R","Defend_R","Defend_R","Bash+1","Seeing Red+1","Iron Wave","Juggernaut","Iron Wave","Entrench"],"relics":["Burning Blood","Centennial Puzzle","Smiling Mask","WarpedTongs","Bottled Lightning","Toy Ornithopter","Vajra"],"acts_visited":["Exordium"],"potions_floor_usage":[8],"damage_taken":[{"damage":11,"enemies":"Jaw Worm","floor":1,"turns":7},{"damage":10,"enemies":"Small Slimes","floor":5,"turns":5},{"damage":39,"enemies":"Lagavulin","floor":8,"turns":8},{"damage":6,"enemies":"Cultist","floor":11,"turns":4},{"damage":1,"enemies":"3 Louse","floor":13,"turns":4},{"damage":8,"enemies":"Blue Slaver","floor":14,"turns":2},{"damage":53,"enemies":"The Guardian","floor":16,"turns":11}],"seed_played":"-5889366756758693503","potions_obtained":[{"floor":1,"key":"Fire Potion"}],"is_trial":false,"path_per_floor":["M","?","T","?","M","R","?","E","T","R","M","$","M","M","R","B"],"character_chosen":"IRONCLAD","items_purchased":["Vajra","Iron Wave"],"campfire_rested":1,"item_purchase_floors":[12,12],"current_hp_per_floor":[63,63,63,63,59,59,59,26,26,26,26,26,31,29,51,0,0],"gold":95,"neow_bonus":"RANDOM_COMMON_RELIC","is_daily":false,"chose_seed":false,"campfire_upgraded":2,"win_rate":0.0,"timestamp":1613931675,"path_taken":["M","?","?","?","M","R","?","E","T","R","M","$","M","M","R","BOSS"],"items_purchased_type":["Relic","Card"],"build_version":"2020-12-22","purchased_purges":1,"victory":false,"max_hp_per_floor":[75,75,75,75,75,75,75,75,75,75,75,75,75,75,75,75,75],"relic_stats":{"Centennial Puzzle":[21],"counters":[7,41],"Smiling Mask":25,"obtain_stats":[{"Centennial Puzzle":0,"Vajra":12,"Bottled Lightning":8,"Smiling Mask":3,"Burning Blood":0,"Toy Ornithopter":9,"WarpedTongs":7},{"Centennial Puzzle":0,"Vajra":4,"Bottled Lightning":3,"Smiling Mask":1,"Burning Blood":0,"Toy Ornithopter":3,"WarpedTongs":2},{"Centennial Puzzle":0,"Vajra":24,"Bottled Lightning":20,"Smiling Mask":7,"Burning Blood":0,"Toy Ornithopter":20,"WarpedTongs":12}],"Burning Blood":36,"Toy Ornithopter":0,"WarpedTongs":[28]},"card_choices":[{"not_picked":["Intimidate","True Grit"],"picked":"Seeing Red","floor":1},{"not_picked":["Shrug It Off","Heavy Blade"],"picked":"Iron Wave","floor":5},{"not_picked":["Clash","True Grit","Sever Soul"],"picked":"SKIP","floor":8},{"not_picked":["Infernal Blade","Cleave"],"picked":"Juggernaut","floor":11},{"not_picked":["Sword Boomerang","Seeing Red"],"picked":"Entrench","floor":13},{"not_picked":["Clothesline","Cleave","Reckless Charge"],"picked":"SKIP","floor":14}],"player_experience":891066,"relics_obtained":[{"floor":3,"key":"Smiling Mask"},{"floor":8,"key":"Bottled Lightning"},{"floor":9,"key":"Toy Ornithopter"}],"event_choices":[{"damage_healed":0,"gold_gain":150,"player_choice":"AGREE","damage_taken":0,"max_hp_gain":0,"max_hp_loss":0,"event_name":"Liars Game","floor":2,"gold_loss":0,"cards_obtained":["Doubt"]},{"cards_removed":["Doubt"],"damage_healed":0,"gold_gain":0,"player_choice":"Card Removal","damage_taken":0,"max_hp_gain":0,"max_hp_loss":0,"event_name":"The Cleric","floor":4,"gold_loss":75},{"damage_healed":0,"gold_gain":0,"player_choice":"Rummage","damage_taken":0,"relics_obtained":["WarpedTongs"],"max_hp_gain":0,"max_hp_loss":0,"event_name":"Accursed Blacksmith","floor":7,"gold_loss":0,"cards_obtained":["Pain"]}],"is_beta":false,"boss_relics":[],"items_purged_floors":[12],"is_endless":false,"potions_floor_spawned":[1],"killed_by":"The Guardian","ascension_level":19}}