{"host":"xo0glkmxta74xh34","time":1613937523,"event":{"mods":["BaseMod","Downfall","Minty Spire (QoL Compilation)","Reliquary","Replay The Spire","StSLib"],"gold_per_floor":[99,99,99,274,724,724,796,810,810,810,866,866,866,866],"floor_reached":12,"language":"ENG","playtime":289,"items_purged":[],"score":190,"play_id":"fd5d85fa-0333-4cc6-a2eb-ca2e9ca1031e","local_time":"20210221135843","is_ascension_mode":true,"campfire_choices":[{"data":"Guardian:TwinSlam","floor":1,"key":"SMITH"},{"data":"Guardian:ConstructionForm","floor":9,"key":"SMITH"}],"circlet_count":0,"master_deck":["Guardian:Strike_Guardian","Guardian:Strike_Guardian","Guardian:Strike_Guardian","Guardian:Strike_Guardian","Guardian:Defend_Guardian","Guardian:Defend_Guardian","Guardian:Defend_Guardian","Guardian:Defend_Guardian","Guardian:CurlUp","Guardian:TwinSlam+1","Guardian:BodySlam","Doubt","downfall:Icky","downfall:Icky","downfall:Icky","Guardian:ConstructionForm+1","Guardian:PiercingHide","Guardian:Gem_Yellow","Guardian:Gem_White","Guardian:Gem_Red","ReplayTheSpireMod:Splinters","Guardian:GemFinder"],"relics":["Guardian:ModeShifter","downfall:HeartsMalice","Kunai","Guardian:PickAxe","reliquary:SharkskinSheath"],"acts_visited":["Exordium"],"potions_floor_usage":[],"damage_taken":[{"damage":0,"enemies":"Cultist","floor":2,"turns":1},{"damage":0,"enemies":"2 Louse","floor":3,"turns":1},{"damage":0,"enemies":"Jaw Worm","floor":6,"turns":1},{"damage":11,"enemies":"2 Fungi Beasts","floor":8,"turns":7},{"damage":45,"enemies":"2 Fungi Beasts","floor":10,"turns":9},{"damage":0,"enemies":"Gremlin Nob","floor":12,"turns":1}],"seed_played":"-5133617607533671229","potions_obtained":[{"floor":11,"key":"Weak Potion"},{"floor":11,"key":"Toxic Potion"}],"is_trial":false,"path_per_floor":["R","M","M","?","?","M","T","M","R","?","?","E"],"character_chosen":"GUARDIAN","items_purchased":[],"campfire_rested":0,"item_purchase_floors":[],"current_hp_per_floor":[72,72,72,72,72,72,72,61,61,16,16,16,16,16],"gold":866,"neow_bonus":"THREE_ENEMY_KILL","is_daily":false,"chose_seed":false,"campfire_upgraded":2,"win_rate":0.0,"timestamp":1613937523,"path_taken":["R","M","M","?","?","?","T","M","R","?","?","E"],"items_purchased_type":[],"build_version":"2020-12-22","purchased_purges":0,"victory":false,"max_hp_per_floor":[80,80,80,80,80,80,80,80,80,80,80,80,80,80],"card_choices":[{"not_picked":["Guardian:Gem_Cyan","Guardian:Gem_Green","Guardian:VentSteam"],"picked":"SKIP","floor":2},{"not_picked":["Guardian:PrimingBeam","Guardian:Incinerate"],"picked":"Guardian:BodySlam","floor":3},{"not_picked":["Guardian:DonusPower","Guardian:ChargeCore"],"picked":"Guardian:ConstructionForm","floor":6},{"not_picked":["Guardian:Planning","Guardian:TemporalShield"],"picked":"Guardian:PiercingHide","floor":8},{"not_picked":["Guardian:TemporalStrike","Guardian:Incinerate"],"picked":"Guardian:GemFinder","floor":11}],"player_experience":529083,"relics_obtained":[{"floor":7,"key":"Kunai"},{"floor":11,"key":"reliquary:SharkskinSheath"}],"event_choices":[],"is_beta":false,"boss_relics":[],"items_purged_floors":[],"is_endless":false,"potions_floor_spawned":[10],"killed_by":"Gremlin Nob","ascension_level":9}}