{"host":"xdl39l9yh4kpjupj","time":1613951562,"event":{"mods":["BaseMod","Colored Map","Highlight Path","Minty Spire (QoL Compilation)","SuperFastMode","Synergy Search"],"gold_per_floor":[116,116,133,145,159,189,189,203,203,229,229,8,8,18,18,117,117,131,131,148,176,176,176,206,305,355,355,385,385,417,427,427,522,522,536,90,90,41,263,263,289,305,305,15,15,15,15,32,32,32],"floor_reached":51,"language":"ENG","playtime":2382,"items_purged":["Regret","Strike_P"],"score":977,"play_id":"541d8489-7996-4c68-a056-ca6d7d89ec99","local_time":"20210221155242","is_ascension_mode":true,"campfire_choices":[{"floor":7.0,"key":"REST"},{"data":"LessonLearned","floor":15.0,"key":"SMITH"},{"floor":23.0,"key":"REST"},{"data":"Vigilance","floor":27.0,"key":"SMITH"},{"floor":32.0,"key":"REST"},{"floor":40.0,"key":"DIG"},{"floor":47.0,"key":"DIG"},{"data":"Vault","floor":49,"key":"SMITH"}],"circlet_count":0,"master_deck":["Strike_P+1","Strike_P","Strike_P+1","Defend_P+1","Defend_P","Defend_P+1","Defend_P","Eruption+1","Vigilance+1","LessonLearned+1","BowlingBash+1","EmptyBody","CrushJoints","ThirdEye","SashWhip","Judgement","ConjureBlade+1","Evaluate+1","Tantrum","Protect+1","Conclude","Scrawl","ClearTheMind+1","Vault+1"],"relics":["HolyWater","MealTicket","Bottled Lightning","Kunai","Yang","Anchor","TheAbacus","Lizard Tail","Velvet Choker","Red Mask","Ice Cream","Dream Catcher","GoldenEye","Lantern","Shovel","Meat on the Bone","Ginger","The Courier","Letter Opener","Question Card"],"acts_visited":["Exordium","TheCity","TheBeyond"],"potions_floor_usage":[48,50,50],"damage_taken":[{"damage":2.0,"enemies":"2 Louse","floor":1.0,"turns":4.0},{"damage":2.0,"enemies":"Jaw Worm","floor":3.0,"turns":5.0},{"damage":0.0,"enemies":"Small Slimes","floor":4.0,"turns":2.0},{"damage":1.0,"enemies":"2 Fungi Beasts","floor":5.0,"turns":3.0},{"damage":27.0,"enemies":"Gremlin Nob","floor":6.0,"turns":3.0},{"damage":4.0,"enemies":"Looter","floor":8.0,"turns":4.0},{"damage":19.0,"enemies":"Lagavulin","floor":10.0,"turns":9.0},{"damage":0.0,"enemies":"3 Louse","floor":14.0,"turns":5.0},{"damage":37.0,"enemies":"The Guardian","floor":16.0,"turns":16.0},{"damage":11.0,"enemies":"Spheric Guardian","floor":18.0,"turns":4.0},{"damage":0.0,"enemies":"Chosen","floor":20.0,"turns":6.0},{"damage":16.0,"enemies":"Masked Bandits","floor":21.0,"turns":6.0},{"damage":4.0,"enemies":"Slavers","floor":24.0,"turns":3.0},{"damage":10.0,"enemies":"Gremlin Leader","floor":28.0,"turns":10.0},{"damage":3.0,"enemies":"Slavers","floor":30.0,"turns":6.0},{"damage":4.0,"enemies":"Snake Plant","floor":31.0,"turns":4.0},{"damage":35.0,"enemies":"Automaton","floor":33.0,"turns":10.0},{"damage":0.0,"enemies":"3 Shapes","floor":35.0,"turns":11.0},{"damage":10.0,"enemies":"Nemesis","floor":41.0,"turns":6.0},{"damage":7.0,"enemies":"3 Darklings","floor":42.0,"turns":9.0},{"damage":7,"enemies":"Transient","floor":48,"turns":5},{"damage":86,"enemies":"Donu and Deca","floor":50,"turns":11}],"seed_played":"1153781521202109747","potions_obtained":[{"floor":8.0,"key":"GamblersBrew"},{"floor":10.0,"key":"LiquidMemories"},{"floor":16.0,"key":"StancePotion"},{"floor":20.0,"key":"Block Potion"},{"floor":30.0,"key":"BlessingOfTheForge"},{"floor":35.0,"key":"FearPotion"},{"floor":46.0,"key":"SpeedPotion"},{"floor":46.0,"key":"AttackPotion"}],"is_trial":false,"path_per_floor":["M","?","M","M","M","E","R","M","T","E","?","$","T","M","R","B",null,"M","?","M","?","?","R","E","?","T","R","E","?","E","M","R","B",null,"M","$","?","$","?","R","E","M","T","$","?","?","R","M","R","B",null],"character_chosen":"WATCHER","items_purchased":["TheAbacus","Shovel","Vault","SkillPotion","Letter Opener"],"campfire_rested":3,"item_purchase_floors":[12,36,36,38,44],"current_hp_per_floor":[70,58,56,56,55,28,49,45,45,26,26,41,41,41,41,4,72,61,61,61,45,32,55,51,51,51,51,41,41,38,34,57,22,77,77,77,73,73,73,73,63,56,56,71,71,71,71,64,64,48],"gold":32,"neow_bonus":"ONE_RANDOM_RARE_CARD","is_daily":false,"chose_seed":false,"campfire_upgraded":3,"win_rate":0.0,"timestamp":1613951562,"path_taken":["M","?","M","M","M","E","R","M","T","E","?","$","?","M","R","BOSS","M","?","M","?","?","R","E","?","T","R","E","?","E","M","R","BOSS","M","$","?","$","?","R","E","M","T","$","?","?","R","M","R","BOSS"],"items_purchased_type":["Relic","Relic","Card","Potion","Relic"],"build_version":"2020-12-22","purchased_purges":2,"victory":true,"max_hp_per_floor":[72,72,72,72,72,72,72,72,72,72,72,72,72,72,72,72,72,72,72,72,72,77,77,77,77,77,77,77,77,77,77,77,77,77,77,77,73,73,73,73,73,73,73,73,73,73,73,73,73,73],"card_choices":[{"not_picked":["EmptyBody","Crescendo"],"picked":"BowlingBash","floor":1.0},{"not_picked":["SashWhip","FollowUp"],"picked":"EmptyBody","floor":3.0},{"not_picked":["WreathOfFlame","Wallop","FlyingSleeves"],"picked":"SKIP","floor":4.0},{"not_picked":["Fasting2","EmptyMind"],"picked":"CrushJoints","floor":5.0},{"not_picked":["Nirvana","Weave"],"picked":"ThirdEye","floor":6.0},{"not_picked":["CrushJoints","MentalFortress","ClearTheMind"],"picked":"SKIP","floor":8.0},{"not_picked":["PathToVictory","JustLucky"],"picked":"SashWhip","floor":10.0},{"not_picked":["FollowUp","Crescendo"],"picked":"Judgement","floor":14.0},{"not_picked":["DevaForm","Alpha"],"picked":"ConjureBlade","floor":16.0},{"not_picked":["Halt","CrushJoints"],"picked":"Evaluate","floor":18.0},{"not_picked":["EmptyBody","WreathOfFlame","PathToVictory"],"picked":"SKIP","floor":20.0},{"not_picked":["EmptyBody","WreathOfFlame","PathToVictory"],"picked":"SKIP","floor":20.0},{"not_picked":["PathToVictory+1","ThirdEye"],"picked":"Tantrum","floor":21.0},{"not_picked":["Collect","FlyingSleeves"],"picked":"Protect+1","floor":24.0},{"not_picked":["BowlingBash","Perseverance","Worship"],"picked":"SKIP","floor":28.0},{"not_picked":["Wish","Fasting2"],"picked":"Conclude","floor":30.0},{"not_picked":["JustLucky","FollowUp","FlyingSleeves+1"],"picked":"SKIP","floor":31.0},{"not_picked":["Brilliance","Wish"],"picked":"Scrawl","floor":33.0},{"not_picked":["CutThroughFate+1","ThirdEye"],"picked":"ClearTheMind+1","floor":35.0},{"not_picked":["Pray+1","Establishment","Tantrum+1"],"picked":"SKIP","floor":41.0},{"not_picked":["FlyingSleeves","Vengeance","Evaluate"],"picked":"SKIP","floor":42.0},{"not_picked":["Halt","ReachHeaven+1","Conclude+1","Consecrate"],"picked":"SKIP","floor":48}],"player_experience":114178,"relics_obtained":[{"floor":6.0,"key":"Bottled Lightning"},{"floor":9.0,"key":"Kunai"},{"floor":10.0,"key":"Yang"},{"floor":13.0,"key":"Lizard Tail"},{"floor":21.0,"key":"Red Mask"},{"floor":24.0,"key":"Ice Cream"},{"floor":26.0,"key":"Dream Catcher"},{"floor":28.0,"key":"GoldenEye"},{"floor":30.0,"key":"Lantern"},{"floor":40.0,"key":"Meat on the Bone"},{"floor":41.0,"key":"Ginger"},{"floor":43.0,"key":"The Courier"},{"floor":47.0,"key":"Question Card"}],"event_choices":[{"damage_healed":0.0,"max_hp_gain":0.0,"max_hp_loss":0.0,"gold_gain":0.0,"event_name":"Scrap Ooze","player_choice":"Success","floor":2.0,"gold_loss":0.0,"damage_taken":12.0,"relics_obtained":["MealTicket"]},{"damage_healed":0.0,"max_hp_gain":0.0,"max_hp_loss":0.0,"gold_gain":0.0,"event_name":"Big Fish","player_choice":"Box","floor":11.0,"gold_loss":0.0,"damage_taken":0.0,"relics_obtained":["Anchor"],"cards_obtained":["Regret"]},{"damage_healed":0.0,"max_hp_gain":0.0,"max_hp_loss":0.0,"gold_gain":0.0,"event_name":"Vampires","player_choice":"Ignored","floor":19.0,"gold_loss":0.0,"damage_taken":0.0},{"damage_healed":0.0,"max_hp_gain":0.0,"max_hp_loss":0.0,"gold_gain":0.0,"event_name":"Masked Bandits","player_choice":"Fought Bandits","floor":21.0,"gold_loss":0.0,"damage_taken":0.0},{"damage_healed":0.0,"max_hp_gain":5.0,"max_hp_loss":0.0,"gold_gain":0.0,"event_name":"Forgotten Altar","player_choice":"Shed Blood","floor":22.0,"gold_loss":0.0,"damage_taken":18.0},{"damage_healed":0.0,"max_hp_gain":0.0,"max_hp_loss":0.0,"gold_gain":99.0,"event_name":"Nest","player_choice":"Stole From Cult","floor":25.0,"gold_loss":0.0,"damage_taken":0.0},{"damage_healed":0.0,"max_hp_gain":0.0,"max_hp_loss":0.0,"gold_gain":0.0,"event_name":"Ghosts","player_choice":"Ignored","floor":29.0,"gold_loss":0.0,"damage_taken":0.0},{"damage_healed":0.0,"max_hp_gain":0.0,"max_hp_loss":4.0,"gold_gain":0.0,"event_name":"Winding Halls","player_choice":"Max HP","floor":37.0,"gold_loss":0.0,"damage_taken":0.0},{"damage_healed":0.0,"max_hp_gain":0.0,"max_hp_loss":0.0,"gold_gain":222.0,"event_name":"Tomb of Lord Red Mask","player_choice":"Wore Mask","floor":39.0,"gold_loss":0.0,"damage_taken":0.0},{"damage_healed":0.0,"max_hp_gain":0.0,"max_hp_loss":0.0,"gold_gain":0.0,"event_name":"Mysterious Sphere","player_choice":"Ignored","floor":45.0,"gold_loss":0.0,"damage_taken":0.0},{"damage_healed":0.0,"max_hp_gain":0.0,"max_hp_loss":0.0,"gold_gain":0.0,"event_name":"Lab","player_choice":"Got Potions","floor":46.0,"gold_loss":0.0,"damage_taken":0.0}],"is_beta":false,"boss_relics":[{"not_picked":["Ectoplasm","Snecko Eye"],"picked":"Velvet Choker"},{"not_picked":["Coffee Dripper","SacredBark"],"picked":"HolyWater"}],"items_purged_floors":[12,44],"is_endless":false,"potions_floor_spawned":[8,10,16,20,30,35],"ascension_level":4}}