{"host":"k653q14gphaoox56","time":1613877099,"event":{"mods":["BaseMod","Colored Map","Conspire","DeckTracker","Hubris","Infinite Spire","Minty Spire (QoL Compilation)","Replay The Spire","StSLib"],"gold_per_floor":[419,46,46,57,57,89,89,122,148,158,178,193,193,193,193,288,288,307,324,324,324,336,354,354,374,374,390,390,405,405,424,424,528,528,542,560,560,560],"floor_reached":37,"language":"ENG","playtime":1893,"items_purged":["hubris:Despair","Defy Death+1"],"score":435,"play_id":"4949f4ee-1192-4136-822a-bf1de3452842","local_time":"20210220221139","is_ascension_mode":false,"campfire_choices":[{"floor":7,"key":"REST"},{"data":"Demon Form","floor":13,"key":"SMITH"},{"data":"Inflame","floor":15,"key":"SMITH"},{"floor":28,"key":"REST"},{"floor":30,"key":"REST"},{"floor":32,"key":"REST"}],"circlet_count":0,"master_deck":["Defend_R","Defend_R","Bash","Cleave","Inflame+1","infinitespire:OneForAll","conspire:ExplosiveBarrier","Demon Form+1","ReplayTheSpireMod:Stacked","Iron Wave","Iron Wave","Flex","Barricade","CurseOfTheBell","Bite","Bite","Bite","Bite","Bite","infinitespire:Punishment","Heavy Blade","Pommel Strike","Whirlwind","ReplayTheSpireMod:Muscle Training","Shrug It Off+1","Pummel","Twin Strike","Limit Break","Heavy Blade+1"],"relics":["infinitespire:DarkRift","Old Coin","infinitespire:Cubic Diamond","Bag of Marbles","Centennial Puzzle","Calling Bell","Blue Doll","Singing Bowl","Replay:PocketPolymizer","Pocketwatch","infinitespire:ShieldingShard","SlaversCollar"],"acts_visited":["Exordium","TheCity","TheBeyond"],"potions_floor_usage":[5,8,8,8,16,16,22,27,27,33,33,33,36],"damage_taken":[{"damage":3,"enemies":"Jaw Worm","floor":1,"turns":4},{"damage":11,"enemies":"2 Louse","floor":4,"turns":3},{"damage":31,"enemies":"3 Sentries","floor":6,"turns":6},{"damage":15,"enemies":"Lagavulin","floor":8,"turns":5},{"damage":0,"enemies":"Cultist","floor":10,"turns":4},{"damage":0,"enemies":"Large Slime","floor":11,"turns":2},{"damage":0,"enemies":"Lots of Slimes","floor":12,"turns":1},{"damage":22,"enemies":"Slime Boss","floor":16,"turns":7},{"damage":20,"enemies":"Spheric Guardian","floor":18,"turns":5},{"damage":33,"enemies":"3 Byrds","floor":19,"turns":5},{"damage":13,"enemies":"Shelled Parasite and Fungi","floor":22,"turns":4},{"damage":6,"enemies":"Snake Plant","floor":23,"turns":4},{"damage":5,"enemies":"Cultist and Chosen","floor":25,"turns":4},{"damage":30,"enemies":"Centurion and Healer","floor":27,"turns":6},{"damage":34,"enemies":"3 Cultists","floor":29,"turns":4},{"damage":4,"enemies":"Snecko","floor":31,"turns":5},{"damage":24,"enemies":"Champ","floor":33,"turns":8},{"damage":36,"enemies":"3 Shapes","floor":35,"turns":3},{"damage":23,"enemies":"3 Darklings","floor":36,"turns":5},{"damage":47,"enemies":"Jaw Worm Horde","floor":37,"turns":2}],"seed_played":"9030630912057303684","potions_obtained":[{"floor":1,"key":"EssenceOfSteel"},{"floor":4,"key":"Adrenaline Potion"},{"floor":5,"key":"Fruit Juice"},{"floor":5,"key":"FearPotion"},{"floor":5,"key":"Dexterity Potion"},{"floor":8,"key":"Dexterity Potion"},{"floor":10,"key":"Explosive Potion"},{"floor":16,"key":"Regen Potion"},{"floor":19,"key":"Energy Potion"},{"floor":22,"key":"Milkshake"},{"floor":23,"key":"Energy Potion"},{"floor":29,"key":"Adrenaline Potion"},{"floor":31,"key":"Strength Potion"},{"floor":35,"key":"Explosive Potion"}],"is_trial":false,"path_per_floor":["M","$","?","M","?","E","R","E","T","M","M","M","R","?","R","B",null,"M","M","?","AVR","M","M","?","M","T","M","R","M","R","M","R","B",null,"M","M","M"],"character_chosen":"IRONCLAD","items_purchased":["Inflame","Mayhem","infinitespire:OneForAll"],"campfire_rested":4,"item_purchase_floors":[2,2,2],"current_hp_per_floor":[80,80,80,69,74,43,68,53,53,55,57,59,59,95,95,73,95,75,44,44,44,39,37,37,38,38,29,58,27,56,56,85,71,97,61,44,0,0],"gold":560,"neow_bonus":"ONE_RARE_RELIC","is_daily":false,"chose_seed":false,"campfire_upgraded":2,"win_rate":0.0,"timestamp":1613877099,"path_taken":["M","$","?","M","?","E","R","E","T","M","?","M","R","?","R","BOSS","M","?","?","AVR","M","M","?","?","T","M","R","M","R","M","R","BOSS","M","?","?"],"items_purchased_type":["Card","Card","Card"],"build_version":"2020-12-22","purchased_purges":2,"victory":false,"max_hp_per_floor":[80,80,80,80,85,85,85,85,85,85,85,85,85,95,95,95,95,95,95,95,95,95,95,95,97,97,97,97,97,97,97,97,97,97,97,99,99,99],"card_choices":[{"not_picked":["Sword Boomerang","Sever Soul"],"picked":"Cleave","floor":1},{"not_picked":["Power Through","ReplayTheSpireMod:Strike From Hell"],"picked":"conspire:ExplosiveBarrier","floor":4},{"not_picked":["Abandon","Blood for Blood"],"picked":"Demon Form","floor":6},{"not_picked":["Intimidate","Clash"],"picked":"ReplayTheSpireMod:Stacked","floor":8},{"not_picked":["Shrug It Off","hubris:SharpeningStone"],"picked":"Iron Wave","floor":10},{"not_picked":["Shockwave","Clothesline"],"picked":"Iron Wave","floor":11},{"not_picked":["Shrug It Off","True Grit"],"picked":"Flex","floor":12},{"not_picked":["Immolate","Fiend Fire"],"picked":"Barricade","floor":16},{"not_picked":["Iron Wave","Second Wind+1"],"picked":"Run Through","floor":18},{"not_picked":["Warcry","Body Slam"],"picked":"Defy Death+1","floor":19},{"not_picked":["Rage+1","Warcry"],"picked":"Heavy Blade","floor":22},{"not_picked":["Barricade","Defy Death"],"picked":"Pommel Strike","floor":23},{"not_picked":["infinitespire:OneForAll","hubris:ReadiedAction","Havoc+1"],"picked":"Singing Bowl","floor":25},{"not_picked":["Disarm","True Grit"],"picked":"Whirlwind","floor":27},{"not_picked":["Clash+1","Body Slam"],"picked":"Shrug It Off+1","floor":29},{"not_picked":["Evolve","Thunderclap"],"picked":"Twin Strike","floor":31},{"not_picked":["hubris:StunningStrike","Corruption"],"picked":"Limit Break","floor":33},{"not_picked":["ReplayTheSpireMod:Strike From Hell","Twin Strike"],"picked":"Heavy Blade+1","floor":35},{"not_picked":["Reckless Charge","Sword Boomerang","Wild Strike"],"picked":"Singing Bowl","floor":36}],"player_experience":142018,"relics_obtained":[{"floor":6,"key":"Bag of Marbles"},{"floor":8,"key":"Blood Vial"},{"floor":9,"key":"Centennial Puzzle"},{"floor":17,"key":"Blue Doll"},{"floor":17,"key":"Singing Bowl"},{"floor":17,"key":"Replay:PocketPolymizer"},{"floor":26,"key":"infinitespire:ShieldingShard"}],"event_choices":[{"damage_healed":0,"gold_gain":0,"player_choice":"Got Potions","damage_taken":0,"max_hp_gain":0,"max_hp_loss":0,"event_name":"Lab","floor":5,"gold_loss":0},{"cards_removed":["Mayhem"],"damage_healed":26,"gold_gain":0,"player_choice":"Offered Rare","damage_taken":0,"max_hp_gain":10,"max_hp_loss":0,"event_name":"Bonfire Elementals","floor":14,"gold_loss":0},{"damage_healed":0,"gold_gain":0,"player_choice":"Became a vampire (Vial)","damage_taken":0,"max_hp_gain":0,"max_hp_loss":0,"event_name":"Vampires","floor":20,"relics_lost":["Blood Vial"],"gold_loss":0,"cards_obtained":["Bite","Bite","Bite","Bite","Bite"]},{"cards_removed":["Run Through"],"damage_healed":0,"gold_gain":0,"player_choice":"Purged","damage_taken":0,"max_hp_gain":0,"max_hp_loss":0,"event_name":"Purifier","floor":24,"gold_loss":0}],"is_beta":false,"boss_relics":[{"not_picked":["hubris:GrandSneckoEye","Replay:Bronze Core"],"picked":"Calling Bell"},{"not_picked":["Fusion Hammer","Runic Pyramid"],"picked":"SlaversCollar"}],"items_purged_floors":[2,21],"is_endless":false,"potions_floor_spawned":[1,4,8,10,16,19,22,23,29,31,35],"killed_by":"Jaw Worm Horde","ascension_level":0}}