{"host":"cmyud3of70k6t1eo","time":1613872989,"event":{"mods":["BaseMod","Conspire","Downfall","Infinite Spire","Minty Spire (QoL Compilation)","Morshu Shopkeeper","Morshu Shopkeeper - ENHANCED","Quick Restart","StSLib","The Blue Laboratory","UnlockEverythingMod","Wide Potions"],"gold_per_floor":[99,119,30,30,45,63,63,81,100,129,29,43,43,43,61,61,61,61],"floor_reached":16,"language":"ENG","playtime":1142,"items_purged":[],"score":104,"play_id":"23f5a0b1-03b4-4ca7-bdc4-5c130ad33e0e","local_time":"20210220210309","is_ascension_mode":false,"campfire_choices":[{"floor":1,"key":"RECALL"},{"data":"hexamod:Float","floor":11,"key":"SMITH"}],"circlet_count":0,"master_deck":["hexamod:Strike","hexamod:Strike","hexamod:Strike","hexamod:Strike","hexamod:Defend","hexamod:Defend","hexamod:Defend","hexamod:Defend","hexamod:Sear","hexamod:Float+1","hexamod:SpectersWail","hexamod:NightmareStrike","hexamod:FirstSeal","hexamod:SpectralAdrenaline","hexamod:GhostOfSpireFuture","hexamod:GhostOfSpireFuture","hexamod:GhostLash","hexamod:ThirdSeal","hexamod:ShieldOfDarkness","hexamod:SwordOfDarkness","hexamod:Rewind","hexamod:GhostShield"],"relics":["hexamod:SpiritBrand","conspire:Dentures","Omamori","downfall:HeartBlessingRed"],"acts_visited":["Exordium"],"potions_floor_usage":[16,16],"damage_taken":[{"damage":1,"enemies":"2 Louse","floor":2,"turns":4},{"damage":5,"enemies":"downfall:FleeingMerchant","floor":3,"turns":4},{"damage":0,"enemies":"Cultist","floor":5,"turns":3},{"damage":0,"enemies":"Small Slimes","floor":6,"turns":3},{"damage":0,"enemies":"Blue Slaver","floor":8,"turns":3},{"damage":6,"enemies":"downfall:LooterAlt","floor":9,"turns":4},{"damage":26,"enemies":"3 Sentries","floor":10,"turns":8},{"damage":27,"enemies":"Gremlin Gang","floor":12,"turns":5},{"damage":5,"enemies":"Exordium Thugs","floor":15,"turns":3},{"damage":41,"enemies":"WA_ARCHETYPE_RETAIN","floor":16,"turns":9}],"seed_played":"-2383584826996498306","potions_obtained":[{"floor":8,"key":"blueLaboratory:BubblePotion"},{"floor":9,"key":"Ancient Potion"},{"floor":10,"key":"Fire Potion"}],"is_trial":false,"path_per_floor":["R","M","$","?","M","M","T","M","M","E","R","M","?","?","M","B"],"character_chosen":"THE_SPIRIT","items_purchased":["hexamod:FirstSeal"],"campfire_rested":0,"item_purchase_floors":[3],"current_hp_per_floor":[77,76,71,71,71,71,71,77,77,51,51,38,38,38,40,0,0,0],"gold":61,"neow_bonus":"TEN_PERCENT_HP_BONUS","is_daily":false,"chose_seed":false,"campfire_upgraded":1,"win_rate":0.0,"timestamp":1613872989,"path_taken":["R","M","$","?","?","M","T","M","M","E","R","M","?","?","M","BOSS"],"items_purchased_type":["Card"],"build_version":"2020-12-22","purchased_purges":0,"victory":false,"max_hp_per_floor":[77,77,77,77,77,77,77,77,77,77,77,77,77,77,77,77,77,77],"card_choices":[{"not_picked":["hexamod:HeatShield","hexamod:SoulSteal"],"picked":"hexamod:SpectersWail","floor":2},{"not_picked":["hexamod:BacktrackSmack","hexamod:FourthSeal"],"picked":"hexamod:NightmareStrike","floor":3},{"not_picked":["hexamod:Firestarter","hexamod:HeatMetal"],"picked":"hexamod:SpectralAdrenaline","floor":5},{"not_picked":["hexamod:GhostShield","hexamod:FirstSeal"],"picked":"hexamod:GhostOfSpireFuture","floor":6},{"not_picked":["hexamod:ChargedBarrage","hexamod:Rewind"],"picked":"hexamod:GhostOfSpireFuture","floor":8},{"not_picked":["hexamod:InspiringFlames","hexamod:BurningTouch"],"picked":"hexamod:GhostLash","floor":9},{"not_picked":["hexamod:PhantomCloak","hexamod:FirstSeal"],"picked":"hexamod:ThirdSeal","floor":10},{"not_picked":["hexamod:ThirdSeal","hexamod:Firestarter"],"picked":"hexamod:ShieldOfDarkness","floor":12},{"not_picked":["hexamod:ThermalTransfer","hexamod:Firestarter","hexamod:SwordOfDarkness"],"picked":"SKIP","floor":12},{"not_picked":["hexamod:ThermalTransfer","hexamod:Firestarter"],"picked":"hexamod:SwordOfDarkness","floor":12},{"not_picked":["hexamod:Again","hexamod:Hexaguard"],"picked":"hexamod:Rewind","floor":15},{"not_picked":["hexamod:Hexaguard","hexamod:ShieldOfDarkness"],"picked":"hexamod:GhostShield","floor":15}],"player_experience":132693,"relics_obtained":[{"floor":7,"key":"conspire:Dentures"},{"floor":10,"key":"Omamori"}],"event_choices":[{"damage_healed":0,"gold_gain":0,"player_choice":"Ignored","damage_taken":0,"max_hp_gain":0,"max_hp_loss":0,"event_name":"NoteForYourself","floor":4,"gold_loss":0}],"is_beta":false,"boss_relics":[],"items_purged_floors":[],"is_endless":false,"potions_floor_spawned":[8,9,10,12],"killed_by":"WA_ARCHETYPE_RETAIN","ascension_level":0}}