{"host":"u7lm8z2rvb4dg2oo","time":1613888882,"event":{"mods":["AchievementEnabler","BaseMod","Bestiary","Block Reminder","Colored Map","Colored Powertips","Curses Come First","DeckTracker","Googly Eyes","Highlight Path","Minty Spire (QoL Compilation)","Quick Restart","StSLib"],"gold_per_floor":[112,128,143,155,171,171,183,248,248,248,248,213,226,226,226],"floor_reached":14,"language":"ENG","playtime":699,"items_purged":[],"score":155,"play_id":"c079d064-9065-4f09-9dd5-6349eee9ffa6","local_time":"20210221012802","is_ascension_mode":true,"campfire_choices":[{"floor":6.0,"key":"REST"},{"floor":11.0,"key":"REST"}],"circlet_count":0,"master_deck":["AscendersBane","Strike_G","Strike_G","Strike_G","Strike_G","Strike_G","Defend_G","Defend_G","Defend_G","Defend_G","Defend_G","Survivor","Neutralize","Caltrops+1","Bouncing Flask","Caltrops","Bane","Bouncing Flask"],"relics":["Ring of the Snake","Singing Bowl","Shovel"],"acts_visited":["Exordium"],"potions_floor_usage":[14],"damage_taken":[{"damage":1.0,"enemies":"Cultist","floor":1.0,"turns":4.0},{"damage":0.0,"enemies":"2 Louse","floor":2.0,"turns":4.0},{"damage":7.0,"enemies":"Small Slimes","floor":3.0,"turns":3.0},{"damage":17.0,"enemies":"3 Louse","floor":4.0,"turns":3.0},{"damage":6.0,"enemies":"Looter","floor":5.0,"turns":4.0},{"damage":3.0,"enemies":"Blue Slaver","floor":7.0,"turns":5.0},{"damage":40.0,"enemies":"3 Sentries","floor":8.0,"turns":8.0},{"damage":6.0,"enemies":"Exordium Wildlife","floor":13.0,"turns":5.0},{"damage":32,"enemies":"3 Sentries","floor":14,"turns":6}],"seed_played":"-1373389136180365121","potions_obtained":[{"floor":3.0,"key":"SkillPotion"},{"floor":7.0,"key":"Explosive Potion"},{"floor":8.0,"key":"Weak Potion"},{"floor":13.0,"key":"Strength Potion"}],"is_trial":false,"path_per_floor":["M","M","M","M","M","R","M","?","T","?","R","?","M","E"],"character_chosen":"THE_SILENT","items_purchased":[],"campfire_rested":2,"item_purchase_floors":[],"current_hp_per_floor":[58,58,51,34,28,47,44,4,4,4,23,39,35,3,3],"gold":226,"neow_bonus":"THREE_CARDS","is_daily":false,"chose_seed":false,"campfire_upgraded":0,"win_rate":0.0,"timestamp":1613888882,"path_taken":["M","?","M","M","M","R","M","?","T","?","R","?","M","E"],"items_purchased_type":[],"build_version":"2020-12-22","purchased_purges":0,"victory":false,"max_hp_per_floor":[66,66,66,66,66,66,66,66,66,66,66,66,68,68,68],"card_choices":[{"not_picked":["Underhanded Strike","Finisher"],"picked":"Caltrops","floor":0.0},{"not_picked":["Slice","Deflect"],"picked":"Bouncing Flask","floor":1.0},{"not_picked":["Slice","Deadly Poison"],"picked":"Caltrops","floor":2.0},{"not_picked":["Setup","Masterful Stab","Dagger Throw"],"picked":"SKIP","floor":3.0},{"not_picked":["Flechettes","Finisher"],"picked":"Bane","floor":4.0},{"not_picked":["Dagger Spray","Dodge and Roll","Slice"],"picked":"SKIP","floor":5.0},{"not_picked":["Dagger Throw","Underhanded Strike","Deflect"],"picked":"SKIP","floor":7.0},{"not_picked":["Masterful Stab","Flechettes"],"picked":"Bouncing Flask","floor":8.0},{"not_picked":["Sucker Punch","Tactician","Quick Slash"],"picked":"Singing Bowl","floor":13.0}],"player_experience":769425,"relics_obtained":[{"floor":8.0,"key":"Singing Bowl"},{"floor":9.0,"key":"Shovel"}],"event_choices":[{"damage_healed":0.0,"max_hp_gain":0.0,"max_hp_loss":0.0,"gold_gain":0.0,"event_name":"Dead Adventurer","player_choice":"Searched \u00271\u0027 times","floor":8.0,"gold_loss":0.0,"damage_taken":0.0},{"damage_healed":0.0,"max_hp_gain":0.0,"max_hp_loss":0.0,"gold_gain":0.0,"event_name":"Living Wall","player_choice":"Grow","floor":10.0,"gold_loss":0.0,"damage_taken":0.0,"cards_upgraded":["Caltrops"]},{"damage_healed":16.0,"max_hp_gain":0.0,"max_hp_loss":0.0,"gold_gain":0.0,"event_name":"The Cleric","player_choice":"Healed","floor":12.0,"gold_loss":35.0,"damage_taken":0.0}],"is_beta":false,"boss_relics":[],"items_purged_floors":[],"is_endless":false,"potions_floor_spawned":[3,7,8,13],"killed_by":"3 Sentries","ascension_level":17}}