{"host":"guk5h31bsklpp7e4","time":1613894910,"event":{"mods":["AchievementEnabler","BaseMod","Colored Map","Colored Powertips","Highlight Path","Minty Spire (QoL Compilation)","Quick Restart","Rare Cards Sparkle"],"gold_per_floor":[111,111,127,52,2,2,34,34,34,34,34],"floor_reached":10,"language":"ENG","playtime":385,"items_purged":["Defend_B"],"score":86,"play_id":"4fe61bd8-182d-4b16-959d-2cee70236687","local_time":"20210221030830","is_ascension_mode":true,"campfire_choices":[{"data":"Creative AI","floor":6,"key":"SMITH"},{"floor":8,"key":"REST"}],"circlet_count":0,"master_deck":["Strike_B","Strike_B","Strike_B","Defend_B","Defend_B","Zap","Dualcast","Creative AI+1","Double Energy","Melter","Steam Power"],"relics":["Cracked Core","Smiling Mask","Lizard Tail"],"acts_visited":["Exordium"],"potions_floor_usage":[7,7],"damage_taken":[{"damage":3,"enemies":"Jaw Worm","floor":1,"turns":4},{"damage":1,"enemies":"Cultist","floor":3,"turns":4},{"damage":17,"enemies":"Gremlin Nob","floor":7,"turns":4},{"damage":62,"enemies":"3 Sentries","floor":10,"turns":8}],"seed_played":"590077591447973105","potions_obtained":[{"floor":1,"key":"EssenceOfSteel"},{"floor":3,"key":"Energy Potion"}],"is_trial":false,"path_per_floor":["M","?","M","$","?","R","E","R","T","E"],"character_chosen":"DEFECT","items_purchased":[],"campfire_rested":1,"item_purchase_floors":[],"current_hp_per_floor":[65,65,64,64,64,64,47,69,69,7,7],"gold":34,"neow_bonus":"ONE_RANDOM_RARE_CARD","is_daily":false,"chose_seed":false,"campfire_upgraded":1,"win_rate":0.0,"timestamp":1613894910,"path_taken":["M","?","M","?","?","R","E","R","T","E"],"items_purchased_type":[],"build_version":"2020-12-22","purchased_purges":1,"victory":false,"max_hp_per_floor":[75,75,75,75,75,75,75,75,75,75,75],"card_choices":[{"not_picked":["Cold Snap","Redo"],"picked":"Double Energy","floor":1},{"not_picked":["Cold Snap","Beam Cell"],"picked":"Melter","floor":3},{"not_picked":["Redo","Self Repair"],"picked":"Steam Power","floor":7}],"player_experience":386845,"relics_obtained":[{"floor":7,"key":"Smiling Mask"},{"floor":9,"key":"Lizard Tail"}],"event_choices":[{"cards_removed":["Strike_B"],"damage_healed":0,"gold_gain":0,"player_choice":"Card Removal","damage_taken":0,"max_hp_gain":0,"max_hp_loss":0,"event_name":"Wheel of Change","floor":2,"gold_loss":0},{"cards_removed":["Defend_B"],"damage_healed":0,"gold_gain":0,"player_choice":"Card Removal","damage_taken":0,"max_hp_gain":0,"max_hp_loss":0,"event_name":"The Cleric","floor":5,"gold_loss":50}],"is_beta":false,"boss_relics":[],"items_purged_floors":[4],"is_endless":false,"potions_floor_spawned":[1,3],"killed_by":"3 Sentries","ascension_level":7}}