{"host":"ywif2ugnepgiw45s","time":1613918666,"event":{"mods":["Act Like it!","BaseMod","Better Skull","Bossed Relics","Downfall","GifTheSpireLib","Gremlin Mod","Hermit","Lobotomy","Mimic Mod","Minty Spire (QoL Compilation)","Quick Restart","READ ME - Guardian Mod","Replay The Spire","Shade Mod","Shapeshifter Mod","Shop Mod","StSLib","The Cursed","The Exalted","The Hierophant","The Jungle","The Necromancer","The Servant 0.9.4"],"gold_per_floor":[115,135,152,327,327,368,368,399,424,513,527,552,552,575,575,575,575],"floor_reached":16,"language":"ENG","playtime":565,"items_purged":[],"score":129,"play_id":"75963740-91e7-4bbb-afc9-2f811e6bf5c6","local_time":"20210221094426","is_ascension_mode":true,"campfire_choices":[{"data":"Spectral_Armor","floor":7,"key":"SMITH"},{"data":"Cloudkill","floor":13,"key":"SMITH"},{"data":"Negative_Energy_Arrows","floor":15,"key":"SMITH"}],"circlet_count":0,"master_deck":["Strike_W","Strike_W","Strike_W","Strike_W","Defend_W","Defend_W","Defend_W","Defend_W","Negative_Energy_Arrows+1","Bone_Wall","Death_Knell","Negative_Energy_Shield","Doubt","Spectral_Armor+1","Cloudkill+1"],"relics":["Vampire_Amulet","NeowsBlessing","Golden Idol","ReplayTheSpireMod:Lightbulb","Replay:Wax Seal","Replay:Rubber Ducky","Pet Ghost"],"acts_visited":["Exordium"],"potions_floor_usage":[6,6,6,6,6,8,12],"damage_taken":[{"damage":0,"enemies":"Small Slimes","floor":1,"turns":1},{"damage":0,"enemies":"2 Louse","floor":2,"turns":1},{"damage":0,"enemies":"Jaw Worm","floor":3,"turns":1},{"damage":14,"enemies":"3 Sentries","floor":6,"turns":8},{"damage":29,"enemies":"Lagavulin","floor":8,"turns":10},{"damage":0,"enemies":"2 Fungi Beasts","floor":11,"turns":5},{"damage":0,"enemies":"Lots of Slimes","floor":12,"turns":1},{"damage":0,"enemies":"Blue Slaver","floor":14,"turns":3},{"damage":50,"enemies":"Slime Boss","floor":16,"turns":11}],"seed_played":"-333651923473498704","potions_obtained":[{"floor":2,"key":"SpeedPotion"},{"floor":3,"key":"ColorlessPotion"},{"floor":8,"key":"Explosive Potion"}],"is_trial":false,"path_per_floor":["M","M","M","?","?","E","R","E","T","?","M","M","R","M","R","B"],"character_chosen":"NECROMANCER","items_purchased":[],"campfire_rested":0,"item_purchase_floors":[],"current_hp_per_floor":[75,75,75,75,57,49,49,49,49,31,35,45,45,47,47,0,0],"gold":575,"neow_bonus":"THREE_ENEMY_KILL","is_daily":false,"chose_seed":false,"campfire_upgraded":3,"win_rate":0.0,"timestamp":1613918666,"path_taken":["M","M","M","?","?","E","R","E","T","?","M","M","R","M","R","BOSS"],"items_purchased_type":[],"build_version":"2020-12-22","purchased_purges":0,"victory":false,"max_hp_per_floor":[75,75,75,75,75,75,75,75,75,75,75,75,75,75,75,75,75],"card_choices":[{"not_picked":["Bone_Armor","Life_Drain"],"picked":"Death_Knell","floor":1},{"not_picked":["Death_Knell","Bones_to_Steel","Death_March_Dance"],"picked":"SKIP","floor":2},{"not_picked":["Life_Drain","Vampiric_Strike"],"picked":"Negative_Energy_Shield","floor":3},{"not_picked":["Bones_to_Steel","Bone_Bullets"],"picked":"Spectral_Armor","floor":6},{"not_picked":["Vampiric_Strike","Finger_Of_Death","Flesh_Made_Foul"],"picked":"SKIP","floor":8},{"not_picked":["Chill_Blood","Necrotic_Claws"],"picked":"Cloudkill","floor":10},{"not_picked":["Negative_Energy_Sphere","Shackles_Of_Pain","Negative_Energy_Mist"],"picked":"SKIP","floor":11},{"not_picked":["Shackles_Of_Pain","Pandemic","Negative_Energy_Mist"],"picked":"SKIP","floor":12},{"not_picked":["Bone_Shift","Toxic_Smoke_Screen","Bone_Bullets"],"picked":"SKIP","floor":14}],"player_experience":1831940,"relics_obtained":[{"floor":6,"key":"ReplayTheSpireMod:Lightbulb"},{"floor":8,"key":"Replay:Wax Seal"},{"floor":9,"key":"Replay:Rubber Ducky"},{"floor":10,"key":"Pet Ghost"}],"event_choices":[{"damage_healed":0,"gold_gain":175,"player_choice":"AGREE","damage_taken":0,"max_hp_gain":0,"max_hp_loss":0,"event_name":"Liars Game","floor":4,"gold_loss":0,"cards_obtained":["Doubt"]},{"damage_healed":0,"gold_gain":0,"player_choice":"Take Damage","damage_taken":18,"relics_obtained":["Golden Idol"],"max_hp_gain":0,"max_hp_loss":0,"event_name":"Golden Idol","floor":5,"gold_loss":0}],"is_beta":false,"boss_relics":[],"items_purged_floors":[],"is_endless":false,"potions_floor_spawned":[2,3,8],"killed_by":"Slime Boss","ascension_level":3}}