{"host":"skr63qsdfgeey3it","time":1613867655,"event":{"mods":["BaseMod","Colored Map","Hubris","Minty Spire (QoL Compilation)","Monster B Gone","Reliquary","Replay The Spire","Spicy Shops","StSLib"],"gold_per_floor":[15,15,30,45,60,60,92,104,104,129,129,143,170,245,245,322,322,335,335,350,368,12,12,12,12],"floor_reached":24,"language":"ENG","playtime":1071,"items_purged":["Sickly","Clumsy"],"score":423,"play_id":"4fb4719a-5257-4501-b333-ecaa7ed2046b","local_time":"20210220183415","is_ascension_mode":true,"campfire_choices":[{"data":"Recycle","floor":6,"key":"SMITH"},{"floor":11,"key":"REST"}],"circlet_count":0,"master_deck":["AscendersBane","Strike_B","Strike_B","Strike_B","Strike_B","Defend_B","Defend_B","Defend_B","Defend_B","Zap","Dualcast","Steam","Genetic Algorithm","hubris:PowerSurge","Ball Lightning","Gash","Gash","Lockon","Recycle+1","All For One","Hologram","Hologram","Stack","Go for the Eyes","Conserve Battery","Echo Form","Aggregate","Conserve Battery","Coolheaded","Cold Snap","Tempest","Rebound","ReplayTheSpireMod:Calculation Training","Go for the Eyes","Beam Cell","Hologram","Leap"],"relics":["Cracked Core","Prayer Wheel","TungstenRod","Matryoshka","hubris:MysteriousPyramids","hubris:SlimyHat","ReplayTheSpireMod:Lightbulb","Bag of Preparation","Gremlin Food","Replay:Ancient Bell","Smiling Mask","Pantograph","StoneCalendar","Spirit Poop","Replay:Wax Seal","Orrery","PrismaticShard"],"acts_visited":["Exordium","TheCity"],"potions_floor_usage":[7,13,15,16,23],"damage_taken":[{"damage":4,"enemies":"Small Slimes","floor":1,"turns":4},{"damage":0,"enemies":"Cultist","floor":3,"turns":3},{"damage":3,"enemies":"Jaw Worm","floor":4,"turns":3},{"damage":10,"enemies":"Gremlin Gang","floor":5,"turns":5},{"damage":21,"enemies":"3 Sentries","floor":7,"turns":5},{"damage":0,"enemies":"2 Fungi Beasts","floor":8,"turns":2},{"damage":4,"enemies":"Blue Slaver","floor":12,"turns":2},{"damage":15,"enemies":"Lagavulin","floor":13,"turns":5},{"damage":21,"enemies":"The Guardian","floor":16,"turns":9},{"damage":21,"enemies":"Shell Parasite","floor":18,"turns":6},{"damage":1,"enemies":"3 Byrds","floor":20,"turns":5},{"damage":9,"enemies":"Cultist and Chosen","floor":21,"turns":5},{"damage":0,"enemies":"Slavers","floor":23,"turns":1},{"damage":35,"enemies":"Centurion and Healer","floor":24,"turns":4}],"seed_played":"3104857838202356052","potions_obtained":[{"floor":1,"key":"PowerPotion"},{"floor":7,"key":"Explosive Potion"},{"floor":8,"key":"BlessingOfTheForge"},{"floor":13,"key":"Weak Potion"},{"floor":15,"key":"Fruit Juice"},{"floor":15,"key":"LiquidMemories"},{"floor":16,"key":"SmokeBomb"},{"floor":18,"key":"Ancient Potion"}],"is_trial":false,"path_per_floor":["M","?","M","M","M","R","E","M","T","T","R","M","E","?","R_BF","B",null,"M","?","M","M","$","E","M"],"character_chosen":"DEFECT","items_purchased":["Replay:Wax Seal","Orrery","PrismaticShard"],"campfire_rested":1,"item_purchase_floors":[22,22,22],"current_hp_per_floor":[60,60,60,57,47,47,26,26,26,26,47,43,28,18,23,2,58,37,37,36,27,27,27,0,0],"gold":12,"neow_bonus":"THREE_RARE_CARDS","is_daily":false,"chose_seed":false,"campfire_upgraded":1,"win_rate":0.0,"timestamp":1613867655,"path_taken":["M","?","M","M","M","R","E","?","T","?","R","?","E","?","R_BF","BOSS","M","?","M","?","$","E","M"],"items_purchased_type":["Relic","Relic","Relic"],"build_version":"2020-12-22","purchased_purges":2,"victory":false,"max_hp_per_floor":[71,71,71,71,71,71,71,71,71,71,71,71,71,71,76,76,76,76,76,76,76,76,76,76,76],"card_choices":[{"not_picked":["Meteor Strike","hubris:Prefetch"],"picked":"ReplayTheSpireMod:Fabricate Wheel","floor":0},{"not_picked":["BasicCrystalCard","Compile Driver"],"picked":"Steam","floor":1},{"not_picked":["Cold Snap","Conserve Battery"],"picked":"Genetic Algorithm","floor":1},{"not_picked":["ReplayTheSpireMod:Fabricate Wheel","Turbo"],"picked":"hubris:PowerSurge","floor":3},{"not_picked":["Blizzard","Barrage"],"picked":"Ball Lightning","floor":3},{"not_picked":["Go for the Eyes","BasicCrystalCard"],"picked":"Gash","floor":4},{"not_picked":["Compile Driver","Coolheaded"],"picked":"Gash","floor":4},{"not_picked":["Consume","Compile Driver"],"picked":"Lockon","floor":5},{"not_picked":["Consume","Sweeping Beam"],"picked":"Recycle","floor":5},{"not_picked":["ReplayRNGCard","Streamline"],"picked":"All For One","floor":7},{"not_picked":["Loop","Barrage"],"picked":"Hologram","floor":8},{"not_picked":["Chaos","Redo"],"picked":"Hologram","floor":8},{"not_picked":["Cold Snap","Leap"],"picked":"Stack","floor":12},{"not_picked":["Beam Cell","Heatsinks"],"picked":"Go for the Eyes","floor":12},{"not_picked":["Cold Snap","hubris:Prefetch"],"picked":"Conserve Battery","floor":13},{"not_picked":["Machine Learning","Biased Cognition"],"picked":"Echo Form","floor":16},{"not_picked":["hubris:Envy","CurseOfTheBell"],"picked":"Replay:Hysterical Blindness","floor":17},{"not_picked":["ReplayTheSpireMod:Faulty Equipment","ReplayTheSpireMod:Doomed"],"picked":"Sickly","floor":17},{"not_picked":["hubris:Wrath","Doubt"],"picked":"Clumsy","floor":17},{"not_picked":["Darkness","Steam"],"picked":"Aggregate","floor":18},{"not_picked":["Compile Driver","Cold Snap"],"picked":"Conserve Battery","floor":18},{"not_picked":["Panic Button","Reinforced Body"],"picked":"Coolheaded","floor":20},{"not_picked":["Conserve Battery","Ball Lightning"],"picked":"Cold Snap","floor":20},{"not_picked":["Steam","Blizzard"],"picked":"Tempest","floor":21},{"not_picked":["Reboot","Go for the Eyes"],"picked":"Rebound","floor":21},{"not_picked":["Streamline+1","Gash"],"picked":"ReplayTheSpireMod:Calculation Training","floor":22},{"not_picked":["Meteor Strike","Leap"],"picked":"Go for the Eyes","floor":22},{"not_picked":["BasicCrystalCard","Coolheaded"],"picked":"Beam Cell","floor":22},{"not_picked":["Redo","Genetic Algorithm+1"],"picked":"Hologram","floor":22},{"not_picked":["Go for the Eyes","Steam Power"],"picked":"Leap","floor":22}],"player_experience":984551,"relics_obtained":[{"floor":2,"key":"TungstenRod"},{"floor":7,"key":"Matryoshka"},{"floor":9,"key":"hubris:MysteriousPyramids"},{"floor":9,"key":"hubris:SlimyHat"},{"floor":10,"key":"ReplayTheSpireMod:Lightbulb"},{"floor":10,"key":"Bag of Preparation"},{"floor":13,"key":"Gremlin Food"}],"event_choices":[{"damage_healed":0,"gold_gain":0,"player_choice":"Relic","damage_taken":0,"max_hp_gain":0,"max_hp_loss":0,"event_name":"Wheel of Change","floor":2,"gold_loss":0},{"damage_healed":0,"gold_gain":75,"player_choice":"Gather Gold","damage_taken":11,"max_hp_gain":0,"max_hp_loss":0,"event_name":"World of Goop","floor":14,"gold_loss":0},{"cards_removed":["Replay:Hysterical Blindness"],"damage_healed":0,"gold_gain":0,"player_choice":"Offered Curse","damage_taken":0,"relics_obtained":["Spirit Poop"],"max_hp_gain":0,"max_hp_loss":0,"event_name":"Bonfire Elementals","floor":19,"gold_loss":0}],"is_beta":false,"boss_relics":[{"not_picked":["ChewingGum","Inserter"],"picked":"Replay:Ancient Bell"},{"not_picked":["reliquary:WeakTea","reliquary:SharkskinSheath"],"picked":"Smiling Mask"},{"not_picked":["White Beast Statue","hubris:Reverence"],"picked":"Pantograph"},{"not_picked":["Pondfish Scales","hubris:64BitClover"],"picked":"StoneCalendar"}],"items_purged_floors":[22,22],"is_endless":false,"potions_floor_spawned":[1,7,8,13,16,18],"killed_by":"Centurion and Healer","ascension_level":15}}