{"host":"ga4s3hj9m6nkn6gp","time":1613903384,"event":{"mods":["AchievementEnabler","BaseMod","Bestiary","Colored Powertips","Highlight Path","Minty Spire (QoL Compilation)","Relic Stats","everything is the same but u backflip on backflip"],"gold_per_floor":[119,133,148,73,88,88,115,115,115,132,32,32,42,42,42],"floor_reached":14,"language":"ENG","playtime":401,"items_purged":["Strike_R","Strike_R"],"score":170,"play_id":"95daddd4-35df-4a3c-95d5-a7ac31ae2df3","local_time":"20210221112944","is_ascension_mode":true,"campfire_choices":[{"data":"Fire Breathing","floor":6.0,"key":"SMITH"},{"data":"Armaments","floor":12,"key":"SMITH"}],"circlet_count":0,"master_deck":["AscendersBane","Strike_R","Strike_R","Strike_R","Defend_R","Defend_R","Defend_R","Defend_R","Bash","Fire Breathing+1","Sword Boomerang","Reckless Charge","Cleave","Armaments+1","Power Through"],"relics":["Burning Blood","NeowsBlessing","InkBottle","Matryoshka"],"acts_visited":["Exordium"],"potions_floor_usage":[],"damage_taken":[{"damage":0.0,"enemies":"Cultist","floor":1.0,"turns":1.0},{"damage":0.0,"enemies":"Jaw Worm","floor":2.0,"turns":1.0},{"damage":0.0,"enemies":"Small Slimes","floor":3.0,"turns":1.0},{"damage":24.0,"enemies":"Exordium Wildlife","floor":5.0,"turns":7.0},{"damage":30.0,"enemies":"3 Sentries","floor":7.0,"turns":5.0},{"damage":15,"enemies":"3 Louse","floor":10,"turns":2},{"damage":0,"enemies":"Large Slime","floor":13,"turns":4},{"damage":32,"enemies":"Gremlin Nob","floor":14,"turns":3}],"seed_played":"-2412882651937192737","potions_obtained":[{"floor":3.0,"key":"DuplicationPotion"},{"floor":5.0,"key":"Strength Potion"}],"is_trial":false,"path_per_floor":["M","M","M","$","M","R","E","?","T","M","$","R","M","E"],"character_chosen":"IRONCLAD","items_purchased":[],"campfire_rested":0,"item_purchase_floors":[],"current_hp_per_floor":[74,75,75,75,57,57,33,33,33,24,24,24,30,0,0],"gold":42,"neow_bonus":"THREE_ENEMY_KILL","is_daily":false,"chose_seed":false,"campfire_upgraded":2,"win_rate":0.0,"timestamp":1613903384,"path_taken":["M","M","?","?","M","R","E","?","T","M","$","R","M","E"],"items_purchased_type":[],"build_version":"2020-12-22","purchased_purges":2,"victory":false,"max_hp_per_floor":[75,75,75,75,75,75,75,75,75,75,75,75,75,75,75],"relic_stats":{"counters":[8,24],"obtain_stats":[{"Matryoshka":9,"NeowsBlessing":0,"Burning Blood":0,"InkBottle":8},{"Matryoshka":5,"NeowsBlessing":0,"Burning Blood":0,"InkBottle":5},{"Matryoshka":15,"NeowsBlessing":0,"Burning Blood":0,"InkBottle":15}],"Burning Blood":31,"InkBottle":[2]},"card_choices":[{"not_picked":["Armaments","Uppercut"],"picked":"Fire Breathing","floor":1.0},{"not_picked":["Cleave","Searing Blow"],"picked":"Sword Boomerang","floor":2.0},{"not_picked":["Ghostly Armor","Searing Blow"],"picked":"Reckless Charge","floor":3.0},{"not_picked":["Pommel Strike","Headbutt"],"picked":"Cleave","floor":5.0},{"not_picked":["Warcry","True Grit"],"picked":"Armaments","floor":7},{"not_picked":["Bludgeon","Cleave"],"picked":"Power Through","floor":10},{"not_picked":["Clash","Flex","Havoc"],"picked":"SKIP","floor":13}],"player_experience":788134,"relics_obtained":[{"floor":9,"key":"Matryoshka"}],"event_choices":[{"damage_healed":0,"gold_gain":0,"player_choice":"Searched \u00271\u0027 times","damage_taken":0,"relics_obtained":["InkBottle"],"max_hp_gain":0,"max_hp_loss":0,"event_name":"Dead Adventurer","floor":8,"gold_loss":0}],"is_beta":false,"boss_relics":[],"items_purged_floors":[4,11],"is_endless":false,"potions_floor_spawned":[3,5,7],"killed_by":"Gremlin Nob","ascension_level":17}}