{"host":"b3fp0sgzld04crtx","time":1613888678,"event":{"mods":["AchievementEnabler","BaseMod","Colored Map","Colored Powertips","Highlight Path","Minty Spire (QoL Compilation)","Quick Restart","StSLib","The Servant 0.9.4"],"gold_per_floor":[114,114,124,74,90,124,124,144,167,92,92,167,177,177,177,177,177],"floor_reached":16,"language":"ENG","playtime":1407,"items_purged":["Strike_P"],"score":100,"play_id":"03975da8-9cfa-44c8-a46a-578cd6bddc8b","local_time":"20210221002438","is_ascension_mode":false,"campfire_choices":[{"data":"Judgement","floor":7,"key":"SMITH"},{"data":"Evaluate","floor":11,"key":"SMITH"},{"floor":15,"key":"REST"}],"circlet_count":0,"master_deck":["Strike_P","Defend_P","Defend_P","Defend_P","Eruption","Vigilance","ThirdEye","CutThroughFate","Evaluate+1","Judgement+1","ReachHeaven","CutThroughFate"],"relics":["PureWater","Dream Catcher","Lantern","Tiny Chest"],"acts_visited":["Exordium"],"potions_floor_usage":[16,16],"damage_taken":[{"damage":0,"enemies":"Small Slimes","floor":1,"turns":2},{"damage":0,"enemies":"2 Louse","floor":3,"turns":2},{"damage":0,"enemies":"Jaw Worm","floor":5,"turns":5},{"damage":29,"enemies":"3 Sentries","floor":6,"turns":14},{"damage":1,"enemies":"3 Louse","floor":8,"turns":2},{"damage":0,"enemies":"Looter","floor":13,"turns":2},{"damage":72,"enemies":"The Guardian","floor":16,"turns":13}],"seed_played":"-90125318841530599","potions_obtained":[{"floor":6,"key":"SpeedPotion"},{"floor":8,"key":"Ancient Potion"},{"floor":13,"key":"FearPotion"}],"is_trial":false,"path_per_floor":["M","?","M","?","M","E","R","M","T","$","R","?","M","?","R","B"],"character_chosen":"WATCHER","items_purchased":[],"campfire_rested":1,"item_purchase_floors":[],"current_hp_per_floor":[72,65,65,65,65,36,36,35,35,35,35,24,24,24,45,0,0],"gold":177,"neow_bonus":"REMOVE_CARD","is_daily":false,"chose_seed":false,"campfire_upgraded":2,"win_rate":0.0,"timestamp":1613888678,"path_taken":["M","?","M","?","M","E","R","M","T","$","R","?","M","?","R","BOSS"],"items_purchased_type":[],"build_version":"2020-12-22","purchased_purges":1,"victory":false,"max_hp_per_floor":[72,72,72,72,72,72,72,72,72,72,72,72,72,72,72,72,72],"card_choices":[{"not_picked":["Halt","Weave"],"picked":"ThirdEye","floor":1},{"not_picked":["CrushJoints","JustLucky"],"picked":"CutThroughFate","floor":3},{"not_picked":["EmptyBody","FlyingSleeves"],"picked":"Evaluate","floor":5},{"not_picked":["WaveOfTheHand","Study"],"picked":"Judgement","floor":6},{"not_picked":["Evaluate","LikeWater"],"picked":"ReachHeaven","floor":8},{"not_picked":["Crescendo","CrushJoints"],"picked":"CutThroughFate","floor":13}],"player_experience":338912,"relics_obtained":[{"floor":6,"key":"Lantern"},{"floor":9,"key":"Tiny Chest"}],"event_choices":[{"damage_healed":0,"gold_gain":0,"player_choice":"Success","damage_taken":7,"relics_obtained":["Dream Catcher"],"max_hp_gain":0,"max_hp_loss":0,"event_name":"Scrap Ooze","floor":2,"gold_loss":0},{"cards_removed":["Defend_P"],"damage_healed":0,"gold_gain":0,"player_choice":"Card Removal","damage_taken":0,"max_hp_gain":0,"max_hp_loss":0,"event_name":"The Cleric","floor":4,"gold_loss":50},{"damage_healed":0,"gold_gain":75,"player_choice":"Gather Gold","damage_taken":11,"max_hp_gain":0,"max_hp_loss":0,"event_name":"World of Goop","floor":12,"gold_loss":0},{"cards_removed":["Strike_P"],"damage_healed":0,"gold_gain":0,"player_choice":"Forget","damage_taken":0,"max_hp_gain":0,"max_hp_loss":0,"event_name":"Living Wall","floor":14,"gold_loss":0}],"is_beta":false,"boss_relics":[],"items_purged_floors":[10],"is_endless":false,"potions_floor_spawned":[6,8,13],"killed_by":"The Guardian","ascension_level":0}}