{"host":"92wx9z21c4p52du4","time":1613932985,"event":{"mods":["Act Like it!","BaseMod","ChefMod","Evolution","GungeonMod","Infinite Spire","Lobotomy","Minty Spire (QoL Compilation)","Relic Stats","Reliquary","StSLib","SuperFastMode","The Hierophant"],"gold_per_floor":[113,130,146,96,115,147,147,186,186,212,230,230,49,74,74,175,175,167,77,77,87,14,40,40,72,72,72,72,82,94,94,94,227,227,244,44,0,16,68,96,96,128,153,198,41,58,81,98,98,98],"floor_reached":51,"language":"ENG","playtime":4266,"items_purged":["DemoMod:Strike_Huntress","DemoMod:Defend_Huntress"],"score":1863,"play_id":"a6123867-f1a9-492f-8a67-3726be1767a9","local_time":"20210221124305","is_ascension_mode":true,"campfire_choices":[{"data":"DemoMod:FortunesFavor","floor":7,"key":"SMITH"},{"data":"DemoMod:PotionOfGunFriendShip","floor":15,"key":"SMITH"},{"data":"infinitespire:SevenWalls","floor":24,"key":"SMITH"},{"data":"DemoMod:Replace","floor":32,"key":"SMITH"},{"data":"DemoMod:SuppressiveFire","floor":41,"key":"SMITH"},{"data":"DemoMod:ManualReload","floor":49,"key":"SMITH"}],"circlet_count":0,"master_deck":["DemoMod:Defend_Huntress+1","DemoMod:Defend_Huntress+1","DemoMod:Roll+1","DemoMod:ManualReload+1","DemoMod:RustySidearm","DemoMod:CrossBow","DemoMod:FortunesFavor+1","OldLady","DemoMod:TeaPot","HereticApostle","DemoMod:PotionOfGunFriendShip+1","DemoMod:AbyssalTentacle","DemoMod:Replace+1","DemoMod:HuntsMan","DemoMod:FightSabre","SpiderBud","infinitespire:SevenWalls+1","DemoMod:FastSwitch","DemoMod:Gungine","DemoMod:Evolver+","DemoMod:MachoBrace+1","DemoMod:FastSwitch+1","WhiteNight","DemoMod:ManualReload","DemoMod:DoubleVision","DemoMod:Slinger","DemoMod:HungryBullets+1","DemoMod:SuppressiveFire+1","DemoMod:HardPowerCard+1","DemoMod:CursedBullets+1","DemoMod:HighKaliber+1","SilentOrchestra","DemoMod:HungryBullets+1"],"relics":["DemoMod:Dog","EVO:Axolotl","CogitoBucket","DemoMod:BigBoy","infinitespire:Satchel","Pantograph","reliquary:Sod","AspirationHeart","reliquary:Boomerang","Membership Card","Orichalcum","Coffee Dripper","War Paint","HandDrill","reliquary:Spinner","infinitespire:BottledMercury","Kunai","BackwardClock","DemoMod:Dog","EVO:Axolotl","CogitoBucket","DemoMod:BigBoy","infinitespire:Satchel","Pantograph","reliquary:Sod","AspirationHeart","reliquary:Boomerang","Membership Card","Orichalcum","Coffee Dripper","War Paint","HandDrill","reliquary:Spinner","infinitespire:BottledMercury","Kunai","BackwardClock","Black Star","DemoMod:GlassGuonStoneRelic","DemoMod:MonsterBlood","Kunai","Red Mask","Peace Pipe","reliquary:Knoch","Torii","Bottled Flame","Regal Pillow","reliquary:TuningFork","Bag of Preparation","Pen Nib","TungstenRod","DemoMod:Dog","EVO:Axolotl","CogitoBucket","DemoMod:BigBoy","infinitespire:Satchel","Pantograph","reliquary:Sod","AspirationHeart","reliquary:Boomerang","Membership Card","Orichalcum","Coffee Dripper","War Paint","HandDrill","reliquary:Spinner","infinitespire:BottledMercury","Kunai","Black Star","DemoMod:GlassGuonStoneRelic","DemoMod:MonsterBlood","Kunai","Red Mask","Peace Pipe","reliquary:Knoch","Torii","Bottled Flame","Regal Pillow","reliquary:TuningFork","Bag of Preparation","Pen Nib","TungstenRod","BehaviorAdjustment","AtMidnight"],"acts_visited":["Exordium","TheCity","TheBeyond"],"potions_floor_usage":[6,11,16,16,25,29,39,44,50],"damage_taken":[{"damage":1,"enemies":"Cultist","floor":1,"turns":3},{"damage":5,"enemies":"Jaw Worm","floor":2,"turns":4},{"damage":0,"enemies":"Small Slimes","floor":3,"turns":3},{"damage":0,"enemies":"Blue Slaver","floor":5,"turns":5},{"damage":10,"enemies":"Lagavulin","floor":6,"turns":8},{"damage":0,"enemies":"Gremlin Nob","floor":8,"turns":2},{"damage":7,"enemies":"3 Sentries","floor":10,"turns":4},{"damage":9,"enemies":"2 Fungi Beasts","floor":11,"turns":5},{"damage":0,"enemies":"Gremlin Nob","floor":14,"turns":2},{"damage":2,"enemies":"Slime Boss","floor":16,"turns":8},{"damage":0,"enemies":"2 Thieves","floor":18,"turns":4},{"damage":0,"enemies":"Spheric Guardian","floor":21,"turns":4},{"damage":5,"enemies":"Book of Stabbing","floor":23,"turns":6},{"damage":21,"enemies":"Slavers","floor":25,"turns":7},{"damage":15,"enemies":"Centurion and Healer","floor":29,"turns":5},{"damage":7,"enemies":"Shelled Parasite and Fungi","floor":30,"turns":2},{"damage":4,"enemies":"Collector","floor":33,"turns":9},{"damage":8,"enemies":"3 Shapes","floor":35,"turns":4},{"damage":0,"enemies":"Orb Walker","floor":38,"turns":3},{"damage":0,"enemies":"2 Orb Walkers","floor":39,"turns":2},{"damage":4,"enemies":"Giant Head","floor":40,"turns":6},{"damage":4,"enemies":"Nemesis","floor":42,"turns":7},{"damage":0,"enemies":"Reptomancer","floor":44,"turns":6},{"damage":6,"enemies":"4 Shapes","floor":46,"turns":9},{"damage":0,"enemies":"Writhing Mass","floor":47,"turns":2},{"damage":0,"enemies":"Sphere and 2 Shapes","floor":48,"turns":4},{"damage":69,"enemies":"Awakened One","floor":50,"turns":7}],"seed_played":"3137852512580588444","potions_obtained":[{"floor":3,"key":"Block Potion"},{"floor":6,"key":"SteroidPotion"},{"floor":10,"key":"EssenceOfSteel"},{"floor":11,"key":"DemoMod:LeadSkinPotion"},{"floor":14,"key":"Fire Potion"},{"floor":18,"key":"Ancient Potion"},{"floor":25,"key":"LiquidMemories"},{"floor":33,"key":"LiquidBronze"},{"floor":35,"key":"Fire Potion"},{"floor":39,"key":"Energy Potion"},{"floor":46,"key":"LiquidMemories"}],"is_trial":false,"path_per_floor":["M","M","M","?","M","E","R","E","T","E","M","?","$","E","R","B",null,"M","?","AVR","M","$","E","R","E","T","?","?","M","M","?","R","B",null,"M","$","?","M","?","E","R","E","T","E","$","M","M","M","R","B",null],"character_chosen":"HUNTRESS","items_purchased":["Membership Card","HandDrill","DemoMod:MonsterBlood","reliquary:SculptingSteel","TungstenRod"],"campfire_rested":0,"item_purchase_floors":[13,22,36,36,45],"current_hp_per_floor":[69,64,64,64,64,54,54,54,54,47,48,45,45,45,45,68,80,80,80,80,80,80,75,75,54,54,39,39,24,17,17,17,70,70,85,85,85,92,92,92,92,92,92,92,92,92,92,92,92,92],"gold":98,"neow_bonus":"","is_daily":false,"chose_seed":false,"campfire_upgraded":6,"win_rate":0.0,"timestamp":1613932985,"path_taken":["M","M","?","?","M","E","R","E","T","E","M","?","$","E","R","BOSS","M","?","AVR","M","?","E","R","E","T","?","?","?","M","?","R","BOSS","M","?","?","M","?","E","R","E","T","E","?","M","?","M","R","BOSS"],"items_purchased_type":["Relic","Relic","Relic","Relic","Relic"],"build_version":"2020-12-22","purchased_purges":2,"victory":true,"max_hp_per_floor":[70,70,70,70,70,70,70,70,70,70,80,80,80,80,80,80,80,80,80,80,80,80,80,80,80,80,85,85,85,85,85,85,85,85,85,92,92,92,92,92,92,92,92,92,92,92,92,92,92,92],"relic_stats":{"Regal Pillow":0,"Torii":0,"counters":[31,134],"Pen Nib":[7],"Bag of Preparation":[10],"Orichalcum":[42],"War Paint":["DemoMod:Roll","DemoMod:Defend_Huntress"],"Peace Pipe":0,"Pantograph":25,"HandDrill":[24],"Black Star":3,"Kunai":[82],"obtain_stats":[{"infinitespire:BottledMercury":25,"Regal Pillow":42,"reliquary:Boomerang":12,"Torii":40,"DemoMod:BigBoy":6,"DemoMod:GlassGuonStoneRelic":2,"Bag of Preparation":44,"EVO:Axolotl":0,"CogitoBucket":0,"DemoMod:MonsterBlood":36,"Pantograph":9,"HandDrill":22,"Red Mask":37,"Kunai":26,"BackwardClock":29,"DemoMod:Dog":0,"AspirationHeart":11,"Pen Nib":44,"reliquary:Spinner":23,"Orichalcum":14,"War Paint":20,"reliquary:Sod":10,"Peace Pipe":39,"Bottled Flame":42,"infinitespire:Satchel":8,"AtMidnight":46,"reliquary:SculptingSteel":36,"BehaviorAdjustment":46,"Coffee Dripper":17,"Black Star":34,"reliquary:TuningFork":43,"Membership Card":13,"reliquary:Knoch":40,"TungstenRod":45},{"infinitespire:BottledMercury":15,"Regal Pillow":24,"reliquary:Boomerang":9,"Torii":23,"DemoMod:BigBoy":5,"DemoMod:GlassGuonStoneRelic":2,"Bag of Preparation":25,"EVO:Axolotl":0,"CogitoBucket":0,"DemoMod:MonsterBlood":20,"Pantograph":6,"HandDrill":13,"Red Mask":20,"Kunai":15,"BackwardClock":17,"DemoMod:Dog":0,"AspirationHeart":9,"Pen Nib":25,"reliquary:Spinner":14,"Orichalcum":10,"War Paint":12,"reliquary:Sod":7,"Peace Pipe":22,"Bottled Flame":24,"infinitespire:Satchel":6,"AtMidnight":27,"reliquary:SculptingSteel":20,"BehaviorAdjustment":27,"Coffee Dripper":11,"Black Star":19,"reliquary:TuningFork":24,"Membership Card":9,"reliquary:Knoch":23,"TungstenRod":25},{"infinitespire:BottledMercury":66,"Regal Pillow":104,"reliquary:Boomerang":35,"Torii":97,"DemoMod:BigBoy":23,"DemoMod:GlassGuonStoneRelic":7,"Bag of Preparation":110,"EVO:Axolotl":0,"CogitoBucket":0,"DemoMod:MonsterBlood":86,"Pantograph":25,"HandDrill":53,"Red Mask":86,"Kunai":66,"BackwardClock":72,"DemoMod:Dog":0,"AspirationHeart":35,"Pen Nib":110,"reliquary:Spinner":59,"Orichalcum":37,"War Paint":49,"reliquary:Sod":29,"Peace Pipe":91,"Bottled Flame":104,"infinitespire:Satchel":25,"AtMidnight":120,"reliquary:SculptingSteel":86,"BehaviorAdjustment":120,"Coffee Dripper":45,"Black Star":82,"reliquary:TuningFork":104,"Membership Card":35,"reliquary:Knoch":97,"TungstenRod":110}],"TungstenRod":7},"card_choices":[{"not_picked":["Scorched","OSAHOGD","LittlePrince"],"picked":"Singing Bowl","floor":1},{"not_picked":["DemoMod:RadGun","DemoMod:HuntsMan"],"picked":"DemoMod:DirectionalPad","floor":1},{"not_picked":["SnowQueen","MHz","Freischutz"],"picked":"Singing Bowl","floor":2},{"not_picked":["DemoMod:HuntsMan","DemoMod:Gungine","DemoMod:SAA"],"picked":"SKIP","floor":2},{"not_picked":["FairyFestival","HeroicMonk","CherryBlossoms"],"picked":"Singing Bowl","floor":3},{"not_picked":["DemoMod:Unmoved","DemoMod:Polaris"],"picked":"DemoMod:FortunesFavor","floor":3},{"not_picked":["RedShoes","Scorched"],"picked":"OldLady","floor":5},{"not_picked":["DemoMod:Polaris","DemoMod:Rummage"],"picked":"DemoMod:TeaPot","floor":5},{"not_picked":["DemoMod:DirectionalPad","DemoMod:CursedBullets"],"picked":"DemoMod:Unity","floor":6},{"not_picked":["CrumblingArmor","DespairKnight"],"picked":"UniverseFragment","floor":8},{"not_picked":["DemoMod:Casey","DemoMod:LifeOrb"],"picked":"DemoMod:PotionOfGunFriendShip","floor":8},{"not_picked":["Funeral","FairyFestival","VoidDream"],"picked":"Singing Bowl","floor":10},{"not_picked":["DemoMod:Camera","DemoMod:ThirdPartyController"],"picked":"DemoMod:AbyssalTentacle","floor":10},{"not_picked":["CrumblingArmor","VoidDream","GreedKing"],"picked":"Singing Bowl","floor":11},{"not_picked":["DemoMod:MachoBrace","DemoMod:SpreadAmmo"],"picked":"DemoMod:Replace","floor":11},{"not_picked":["SingingMachine","FairyFestival","WallGazer"],"picked":"Singing Bowl","floor":14},{"not_picked":["DemoMod:ConditionalReflex","DemoMod:Desperate"],"picked":"DemoMod:HuntsMan","floor":14},{"not_picked":["Yin","CrumblingArmor","WallGazer"],"picked":"Singing Bowl","floor":16},{"not_picked":["DemoMod:FinishedGun","DemoMod:BSG"],"picked":"DemoMod:FightSabre","floor":16},{"not_picked":["GalaxyChild","LittleHelper","PunishingBird"],"picked":"Singing Bowl","floor":18},{"not_picked":["MHz","SingingMachine"],"picked":"SpiderBud","floor":18},{"not_picked":["DemoMod:Unmoved","DemoMod:BoxingGlove","DemoMod:AbyssalTentacle"],"picked":"SKIP","floor":18},{"not_picked":["Wellcheers","BigBadWolf","BlueStar"],"picked":"Singing Bowl","floor":21},{"not_picked":["DemoMod:PotionOfGunFriendShip","DemoMod:SniperShot"],"picked":"DemoMod:FastSwitch","floor":21},{"not_picked":["CrumblingArmor","WallGazer","OSAHOGD"],"picked":"Singing Bowl","floor":23},{"not_picked":["DemoMod:SniperShot","DemoMod:Rummage","DemoMod:ConditionalReflex"],"picked":"SKIP","floor":23},{"not_picked":["DemoMod:Camera","DemoMod:HuntsMan"],"picked":"DemoMod:Gungine","floor":25},{"not_picked":["BodiesMountain","Woodsman","MeatLantern"],"picked":"Singing Bowl","floor":25},{"not_picked":["DemoMod:Replace+1","DemoMod:Unmoved"],"picked":"DemoMod:Evolver","floor":25},{"not_picked":["HappyTeddy","Laetitia","Murderer"],"picked":"Singing Bowl","floor":29},{"not_picked":["DemoMod:SkilledReload","DemoMod:SAA"],"picked":"DemoMod:MachoBrace+1","floor":29},{"not_picked":["DemoMod:RadGun","DemoMod:AC15"],"picked":"DemoMod:FastSwitch+1","floor":30},{"not_picked":["VoidDream","GreedKing"],"picked":"WhiteNight","floor":30},{"not_picked":["DemoMod:DoubleSwitch","DemoMod:AC15","DemoMod:Unmoved"],"picked":"SKIP","floor":30},{"not_picked":["LaLuna","Woodsman","PunishingBird"],"picked":"Singing Bowl","floor":33},{"not_picked":["DemoMod:ThirdPartyController","DemoMod:Desperate"],"picked":"DemoMod:Slinger","floor":33},{"not_picked":["GreedKing","CENSORED","BlackArmy"],"picked":"Singing Bowl","floor":35},{"not_picked":["DemoMod:FastSwitch","DemoMod:BattleInHaste","DemoMod:BoxingGlove+1"],"picked":"SKIP","floor":35},{"not_picked":["PunishingBird","LongBird","MeatLantern"],"picked":"Singing Bowl","floor":38},{"not_picked":["DemoMod:StickyCrossBow","DemoMod:GunstockTap"],"picked":"DemoMod:HungryBullets+1","floor":38},{"not_picked":["Wellcheers","CherryBlossoms","HeroicMonk"],"picked":"Singing Bowl","floor":39},{"not_picked":["LaLuna","BodiesMountain","SilentOrchestra"],"picked":"Singing Bowl","floor":40},{"not_picked":["DemoMod:AC15+1","DemoMod:ConditionalReflex+1"],"picked":"DemoMod:SuppressiveFire","floor":40},{"not_picked":["CENSORED","Alriune","SnowQueen"],"picked":"Singing Bowl","floor":42},{"not_picked":["DemoMod:Ejector+1","DemoMod:HuntsMan+1"],"picked":"DemoMod:HardPowerCard+1","floor":42},{"not_picked":["LongBird","LittleHelper","BlackSwan"],"picked":"Singing Bowl","floor":44},{"not_picked":["DemoMod:FinishedGun","DemoMod:HardPowerCard+1"],"picked":"DemoMod:CursedBullets+1","floor":44},{"not_picked":["DespairKnight","WhitesApple","FieryBird"],"picked":"Singing Bowl","floor":46},{"not_picked":["DemoMod:FastSwitch","DemoMod:HardPowerCard"],"picked":"DemoMod:HighKaliber+1","floor":46},{"not_picked":["Variant","Woodsman","Laetitia"],"picked":"Singing Bowl","floor":47},{"not_picked":["BigBadWolf","LittlePrince"],"picked":"SilentOrchestra","floor":47},{"not_picked":["DemoMod:Ejector","DemoMod:StickyCrossBow+1","DemoMod:DirectionalPad"],"picked":"SKIP","floor":47},{"not_picked":["DemoMod:HuntsMan","DemoMod:AC15+1"],"picked":"DemoMod:HungryBullets+1","floor":48}],"player_experience":230241,"relics_obtained":[{"floor":6,"key":"DemoMod:BigBoy"},{"floor":8,"key":"infinitespire:Satchel"},{"floor":9,"key":"Pantograph"},{"floor":10,"key":"reliquary:Sod"},{"floor":14,"key":"Orichalcum"},{"floor":23,"key":"reliquary:Spinner"},{"floor":25,"key":"infinitespire:BottledMercury"},{"floor":26,"key":"Kunai"},{"floor":39,"key":"Peace Pipe"},{"floor":40,"key":"reliquary:Knoch"},{"floor":40,"key":"Torii"},{"floor":42,"key":"Bottled Flame"},{"floor":42,"key":"Regal Pillow"},{"floor":43,"key":"reliquary:TuningFork"},{"floor":44,"key":"Bag of Preparation"},{"floor":44,"key":"Pen Nib"},{"floor":46,"key":"AtMidnight"}],"event_choices":[{"cards_removed":["DemoMod:Strike_Huntress"],"damage_healed":0,"gold_gain":0,"player_choice":"Card Removal","damage_taken":0,"max_hp_gain":0,"max_hp_loss":0,"event_name":"The Cleric","floor":4,"gold_loss":50},{"damage_healed":0,"gold_gain":0,"player_choice":"Success","damage_taken":3,"relics_obtained":["reliquary:Boomerang"],"max_hp_gain":0,"max_hp_loss":0,"event_name":"Scrap Ooze","floor":12,"gold_loss":0},{"cards_removed":["DemoMod:Strike_Huntress"],"damage_healed":0,"gold_gain":0,"player_choice":"Upgrade and Remove","damage_taken":0,"max_hp_gain":0,"max_hp_loss":0,"event_name":"Designer","floor":19,"gold_loss":90,"cards_upgraded":["DemoMod:Defend_Huntress"]},{"damage_healed":0,"gold_gain":0,"player_choice":"Shed Blood","damage_taken":20,"max_hp_gain":5,"max_hp_loss":0,"event_name":"Forgotten Altar","floor":27,"gold_loss":0},{"cards_removed":["DemoMod:Defend_Huntress"],"damage_healed":0,"gold_gain":0,"player_choice":"Purged","damage_taken":0,"max_hp_gain":0,"max_hp_loss":0,"event_name":"Purifier","floor":28,"gold_loss":0},{"damage_healed":0,"gold_gain":0,"player_choice":"2 cards matched","damage_taken":0,"max_hp_gain":0,"max_hp_loss":0,"event_name":"Match and Keep!","floor":31,"gold_loss":0,"cards_obtained":["DemoMod:ManualReload","DemoMod:DoubleVision"]},{"damage_healed":0,"gold_gain":0,"player_choice":"Paid","damage_taken":0,"relics_obtained":["Red Mask"],"max_hp_gain":0,"max_hp_loss":0,"event_name":"Tomb of Lord Red Mask","floor":37,"gold_loss":44},{"damage_healed":0,"gold_gain":0,"player_choice":"Fight","damage_taken":0,"max_hp_gain":0,"max_hp_loss":0,"event_name":"Mysterious Sphere","floor":39,"gold_loss":0}],"is_beta":false,"boss_relics":[{"not_picked":["Empty Cage","Philosopher\u0027s Stone"],"picked":"Coffee Dripper"},{"not_picked":["Fusion Hammer","Pandora\u0027s Box"],"picked":"Black Star"}],"items_purged_floors":[13,20],"is_endless":false,"potions_floor_spawned":[3,6,10,11,14,18,25,33,35,39,46,48],"ascension_level":1}}