{"host":"or8fr2mp0k3eluj8","time":1613912660,"event":{"mods":["AchievementEnabler","BaseMod","Colored Map","DeckTracker","Keyboard Shortcuts","Minty Spire (QoL Compilation)","StSLib","SuperFastMode","everything is the same but u backflip on backflip"],"gold_per_floor":[114,414,414,414,432,471,500,500,500,534,549,562,583,180,180,180,180],"floor_reached":16,"language":"KOR","playtime":422,"items_purged":["Strike_R"],"score":169,"play_id":"9a8fff83-3bdc-4079-8f58-25db47c11a0c","local_time":"20210221220420","is_ascension_mode":true,"campfire_choices":[{"floor":8,"key":"REST"},{"floor":15,"key":"REST"}],"circlet_count":0,"master_deck":["Strike_R","Strike_R","Strike_R","Strike_R","Defend_R","Defend_R","Defend_R","Defend_R","Bash","Pommel Strike","Clash","Brutality","Shrug It Off","Rupture","Intimidate","Limit Break","Clothesline","Cleave","Evolve"],"relics":["Burning Blood","NeowsBlessing","Old Coin","Golden Idol","Tiny Chest","Odd Mushroom","Vajra","Prayer Wheel","Mummified Hand"],"acts_visited":["Exordium"],"potions_floor_usage":[10,12],"damage_taken":[{"damage":0,"enemies":"2 Louse","floor":1,"turns":1},{"damage":0,"enemies":"Jaw Worm","floor":5,"turns":1},{"damage":0,"enemies":"Gremlin Nob","floor":6,"turns":1},{"damage":27,"enemies":"The Mushroom Lair","floor":7,"turns":5},{"damage":34,"enemies":"Lagavulin","floor":10,"turns":7},{"damage":4,"enemies":"Small Slimes","floor":11,"turns":2},{"damage":2,"enemies":"Exordium Thugs","floor":12,"turns":4},{"damage":0,"enemies":"2 Fungi Beasts","floor":13,"turns":3},{"damage":56,"enemies":"Hexaghost","floor":16,"turns":9}],"seed_played":"8666597610882606476","potions_obtained":[{"floor":7,"key":"SkillPotion"},{"floor":11,"key":"BlessingOfTheForge"},{"floor":13,"key":"Ancient Potion"}],"is_trial":false,"path_per_floor":["M","?","?","?","M","E","?","R","T","E","M","M","M","$","R","B"],"character_chosen":"IRONCLAD","items_purchased":["Mummified Hand","Evolve"],"campfire_rested":2,"item_purchase_floors":[14,14],"current_hp_per_floor":[80,47,52,31,37,43,22,47,47,19,21,25,31,31,56,0,0],"gold":180,"neow_bonus":"THREE_ENEMY_KILL","is_daily":false,"chose_seed":false,"campfire_upgraded":0,"win_rate":0.0,"timestamp":1613912660,"path_taken":["M","?","?","?","M","E","?","R","T","E","M","M","?","$","R","BOSS"],"items_purchased_type":["Relic","Card"],"build_version":"2020-12-22","purchased_purges":1,"victory":false,"max_hp_per_floor":[80,80,85,85,85,85,85,85,85,85,85,85,85,85,85,85,85],"card_choices":[{"not_picked":["Iron Wave","True Grit"],"picked":"Pommel Strike","floor":1},{"not_picked":["Thunderclap","Anger"],"picked":"Clash","floor":5},{"not_picked":["Havoc","Iron Wave"],"picked":"Brutality","floor":6},{"not_picked":["Iron Wave","Twin Strike"],"picked":"Shrug It Off","floor":7},{"not_picked":["Second Wind","Pommel Strike","Sentinel"],"picked":"SKIP","floor":10},{"not_picked":["Iron Wave","Twin Strike"],"picked":"Rupture","floor":11},{"not_picked":["Armaments","Clash"],"picked":"Intimidate","floor":11},{"not_picked":["Reckless Charge","Pommel Strike"],"picked":"Limit Break","floor":12},{"not_picked":["Carnage","Fire Breathing"],"picked":"Clothesline","floor":12},{"not_picked":["Clash","Dropkick"],"picked":"Cleave","floor":13},{"not_picked":["Uppercut","Body Slam","Havoc"],"picked":"SKIP","floor":13}],"player_experience":423476,"relics_obtained":[{"floor":6,"key":"Tiny Chest"},{"floor":7,"key":"Odd Mushroom"},{"floor":9,"key":"Vajra"},{"floor":10,"key":"Prayer Wheel"}],"event_choices":[{"damage_healed":0,"gold_gain":0,"player_choice":"Success","damage_taken":33,"relics_obtained":["Old Coin"],"max_hp_gain":0,"max_hp_loss":0,"event_name":"Scrap Ooze","floor":2,"gold_loss":0},{"damage_healed":0,"gold_gain":0,"player_choice":"Donut","damage_taken":0,"max_hp_gain":5,"max_hp_loss":0,"event_name":"Big Fish","floor":3,"gold_loss":0},{"damage_healed":0,"gold_gain":0,"player_choice":"Take Damage","damage_taken":21,"relics_obtained":["Golden Idol"],"max_hp_gain":0,"max_hp_loss":0,"event_name":"Golden Idol","floor":4,"gold_loss":0},{"damage_healed":0,"gold_gain":0,"player_choice":"Fought Mushrooms","damage_taken":0,"max_hp_gain":0,"max_hp_loss":0,"event_name":"Mushrooms","floor":7,"gold_loss":0}],"is_beta":false,"boss_relics":[],"items_purged_floors":[14],"is_endless":false,"potions_floor_spawned":[7,11,13],"killed_by":"Hexaghost","ascension_level":5}}