{"host":"rw1trt79hfpl7pom","time":1613921423,"event":{"mods":["BaseMod","Bestiary","Colored Map","Jorbs\u0027s Wanderer Trilogy","Minty Spire (QoL Compilation)","Relic Stats","StSLib","SuperFastMode"],"gold_per_floor":[116,41,41,41,56,56,87,101,124,134,162,237,256,270,270,344,344,359,274,274,324,340,340,355,385,412,428,445,464,31,31,31,108,108,126,0,12,28,28,55,55,83,164,164,174,88,88,116,116,116,116],"floor_reached":50,"language":"ENG","playtime":2459,"items_purged":["Strike_R"],"score":1399,"play_id":"b32e0d6e-c2f2-4ad4-9d22-ecc596602b04","local_time":"20210221073023","is_ascension_mode":true,"campfire_choices":[{"data":"Uppercut","floor":6.0,"key":"SMITH"},{"data":"Rupture","floor":15.0,"key":"SMITH"},{"floor":23.0,"key":"REST"},{"data":"Rupture","floor":32.0,"key":"SMITH"},{"floor":44,"key":"RECALL"},{"data":"Rupture","floor":49,"key":"SMITH"}],"circlet_count":0,"master_deck":["AscendersBane","Strike_R","Strike_R","Strike_R","Defend_R","Defend_R","Defend_R","Defend_R","Bash","Flame Barrier","Pain","Uppercut+1","Headbutt","Warcry","Flame Barrier","Rupture+1","Whirlwind","Reaper","Shrug It Off","Blood for Blood","Sword Boomerang","Impervious","Havoc+1","Power Through","Sever Soul","Rupture+1","Offering+1","True Grit","Sentinel","Warcry","Exhume","stsjorbsmod:Withering","Feel No Pain","Rupture+1","Shrug It Off+1"],"relics":["Burning Blood","Dead Branch","Kunai","WarpedTongs","Letter Opener","Bronze Scales","Potion Belt","Black Star","Oddly Smooth Stone","Enchiridion","FossilizedHelix","Torii","Ice Cream","Cursed Key","Red Mask","Akabeko","Lantern","Toy Ornithopter","Self Forming Clay","Meat on the Bone","MealTicket","Ginger"],"acts_visited":["Exordium","TheCity","TheBeyond"],"potions_floor_usage":[],"damage_taken":[{"damage":3.0,"enemies":"2 Louse","floor":1.0,"turns":4.0},{"damage":7.0,"enemies":"Jaw Worm","floor":5.0,"turns":5.0},{"damage":31.0,"enemies":"3 Sentries","floor":7.0,"turns":8.0},{"damage":4.0,"enemies":"Cultist","floor":8.0,"turns":3.0},{"damage":10.0,"enemies":"Large Slime","floor":10.0,"turns":5.0},{"damage":8.0,"enemies":"Gremlin Nob","floor":11.0,"turns":3.0},{"damage":1.0,"enemies":"Looter","floor":13.0,"turns":4.0},{"damage":4.0,"enemies":"Blue Slaver","floor":14.0,"turns":4.0},{"damage":26.0,"enemies":"Hexaghost","floor":16.0,"turns":7.0},{"damage":24.0,"enemies":"2 Thieves","floor":18.0,"turns":5.0},{"damage":31.0,"enemies":"Spheric Guardian","floor":22.0,"turns":7.0},{"damage":55.0,"enemies":"3 Cultists","floor":24.0,"turns":5.0},{"damage":50.0,"enemies":"Book of Stabbing","floor":25.0,"turns":5.0},{"damage":8.0,"enemies":"Snake Plant","floor":27.0,"turns":4.0},{"damage":4.0,"enemies":"Shelled Parasite and Fungi","floor":28.0,"turns":8.0},{"damage":0.0,"enemies":"3 Cultists","floor":29.0,"turns":4.0},{"damage":30.0,"enemies":"Champ","floor":33.0,"turns":10.0},{"damage":11,"enemies":"3 Shapes","floor":35,"turns":7},{"damage":47,"enemies":"3 Darklings","floor":37,"turns":10},{"damage":16,"enemies":"4 Shapes","floor":38,"turns":7},{"damage":25,"enemies":"Nemesis","floor":40,"turns":7},{"damage":22,"enemies":"Reptomancer","floor":42,"turns":2},{"damage":12,"enemies":"Spire Growth","floor":45,"turns":4},{"damage":6,"enemies":"Giant Head","floor":48,"turns":1},{"damage":67,"enemies":"Time Eater","floor":50,"turns":8}],"seed_played":"6855995313308346112","potions_obtained":[{"floor":1.0,"key":"Energy Potion"},{"floor":8.0,"key":"FearPotion"},{"floor":11.0,"key":"Energy Potion"},{"floor":14.0,"key":"Explosive Potion"},{"floor":18.0,"key":"FairyPotion"},{"floor":22.0,"key":"GamblersBrew"},{"floor":27.0,"key":"Block Potion"},{"floor":28.0,"key":"AttackPotion"},{"floor":33.0,"key":"Weak Potion"},{"floor":35,"key":"FearPotion"},{"floor":38,"key":"Dexterity Potion"},{"floor":48,"key":"SkillPotion"}],"is_trial":false,"path_per_floor":["M","?","T","?","M","R","E","M","T","M","E","?","M","M","R","B",null,"M","?","?","?","M","R","M","E","T","M","M","M","$","?","R","B",null,"M","?","M","M","?","E","$","E","T","R","M","$","?","E","R","B"],"character_chosen":"IRONCLAD","items_purchased":["Ice Cream","Rupture","Rupture"],"campfire_rested":1,"item_purchase_floors":[30,30,46],"current_hp_per_floor":[68,68,68,68,67,67,42,44,44,40,38,27,32,34,34,14,55,41,41,20,20,33,53,48,10,10,8,17,49,49,49,49,50,64,68,68,68,68,68,68,68,52,52,52,68,68,65,65,65,0,0],"gold":116,"neow_bonus":"ONE_RARE_RELIC","is_daily":false,"chose_seed":false,"campfire_upgraded":4,"win_rate":0.0,"timestamp":1613921423,"path_taken":["M","?","?","?","M","R","E","M","T","?","E","?","M","M","R","BOSS","M","?","?","?","M","R","?","E","T","M","?","?","$","?","R","BOSS","M","?","M","M","?","E","$","E","T","R","?","?","?","E","R","BOSS"],"items_purchased_type":["Relic","Card","Card"],"build_version":"2020-12-22","purchased_purges":1,"victory":false,"max_hp_per_floor":[68,68,68,68,68,68,68,68,68,68,68,68,68,68,68,68,68,68,68,68,68,68,68,68,68,68,68,68,68,68,68,68,68,68,68,68,68,68,68,68,68,68,68,68,68,68,65,65,65,65,65],"relic_stats":{"Torii":6,"counters":[25,137],"Self Forming Clay":[24],"Dead Branch":[182],"Letter Opener":[340],"Ginger":[2],"Cursed Key":1,"Burning Blood":111,"WarpedTongs":[133],"Bronze Scales":[344],"MealTicket":0,"Black Star":4,"Kunai":[18],"obtain_stats":[{"Potion Belt":11,"Ice Cream":30,"Lantern":40,"Torii":25,"Self Forming Clay":42,"Dead Branch":0,"Oddly Smooth Stone":19,"Enchiridion":20,"Letter Opener":7,"Ginger":48,"Cursed Key":34,"Burning Blood":0,"Akabeko":40,"WarpedTongs":4,"Bronze Scales":9,"MealTicket":48,"Black Star":17,"Red Mask":36,"Kunai":3,"FossilizedHelix":25,"Toy Ornithopter":42,"Meat on the Bone":43},{"Potion Belt":6,"Ice Cream":16,"Lantern":21,"Torii":13,"Self Forming Clay":22,"Dead Branch":0,"Oddly Smooth Stone":10,"Enchiridion":10,"Letter Opener":3,"Ginger":24,"Cursed Key":17,"Burning Blood":0,"Akabeko":21,"WarpedTongs":1,"Bronze Scales":4,"MealTicket":24,"Black Star":9,"Red Mask":18,"Kunai":1,"FossilizedHelix":13,"Toy Ornithopter":22,"Meat on the Bone":22},{"Potion Belt":28,"Ice Cream":81,"Lantern":122,"Torii":65,"Self Forming Clay":124,"Dead Branch":0,"Oddly Smooth Stone":48,"Enchiridion":48,"Letter Opener":17,"Ginger":129,"Cursed Key":91,"Burning Blood":0,"Akabeko":122,"WarpedTongs":4,"Bronze Scales":20,"MealTicket":129,"Black Star":43,"Red Mask":98,"Kunai":4,"FossilizedHelix":65,"Toy Ornithopter":124,"Meat on the Bone":124}],"Toy Ornithopter":0,"Meat on the Bone":0},"card_choices":[{"not_picked":["Iron Wave","Clothesline"],"picked":"Flame Barrier","floor":1.0},{"not_picked":["Armaments","Body Slam"],"picked":"Uppercut","floor":5.0},{"not_picked":["Thunderclap","Heavy Blade","Pommel Strike"],"picked":"SKIP","floor":7.0},{"not_picked":["Ghostly Armor","Dark Embrace"],"picked":"Headbutt","floor":8.0},{"not_picked":["Armaments","Hemokinesis"],"picked":"Warcry","floor":10.0},{"not_picked":["Burning Pact","Anger"],"picked":"Flame Barrier","floor":11.0},{"not_picked":["Pommel Strike","Heavy Blade"],"picked":"Rupture","floor":13.0},{"not_picked":["Fire Breathing","Anger"],"picked":"Whirlwind","floor":14.0},{"not_picked":["Barricade","Berserk"],"picked":"Reaper","floor":16.0},{"not_picked":["Wild Strike","Headbutt"],"picked":"Shrug It Off","floor":18.0},{"not_picked":["Blood for Blood","Pommel Strike","Flex+1"],"picked":"SKIP","floor":22.0},{"not_picked":["Pommel Strike","Flex+1"],"picked":"Blood for Blood","floor":22.0},{"not_picked":["True Grit","Iron Wave"],"picked":"Sword Boomerang","floor":24.0},{"not_picked":["Whirlwind+1","Spot Weakness"],"picked":"Impervious","floor":25.0},{"not_picked":["Power Through","True Grit"],"picked":"Havoc+1","floor":27.0},{"not_picked":["True Grit","Anger"],"picked":"Power Through","floor":28.0},{"not_picked":["Havoc","Rampage"],"picked":"Sever Soul","floor":29.0},{"not_picked":["Fiend Fire","Double Tap"],"picked":"Offering","floor":33.0},{"not_picked":["Thunderclap+1","Dropkick"],"picked":"True Grit","floor":35},{"not_picked":["Evolve","Warcry"],"picked":"Sentinel","floor":37},{"not_picked":["Clothesline","Flame Barrier"],"picked":"Warcry","floor":38},{"not_picked":["Carnage","Evolve"],"picked":"Exhume","floor":40},{"not_picked":["True Grit","Wild Strike","Iron Wave"],"picked":"SKIP","floor":42},{"not_picked":["Havoc+1","Sword Boomerang"],"picked":"Feel No Pain","floor":45},{"not_picked":["Sever Soul+1","True Grit"],"picked":"Shrug It Off+1","floor":48}],"player_experience":2862003,"relics_obtained":[{"floor":3.0,"key":"Kunai"},{"floor":7.0,"key":"Letter Opener"},{"floor":9.0,"key":"Bronze Scales"},{"floor":11.0,"key":"Potion Belt"},{"floor":20.0,"key":"Enchiridion"},{"floor":25.0,"key":"FossilizedHelix"},{"floor":25.0,"key":"Torii"},{"floor":40,"key":"Akabeko"},{"floor":40,"key":"Lantern"},{"floor":42,"key":"Toy Ornithopter"},{"floor":42,"key":"Self Forming Clay"},{"floor":43,"key":"Meat on the Bone"},{"floor":48,"key":"MealTicket"},{"floor":48,"key":"Ginger"}],"event_choices":[{"cards_removed":["Strike_R"],"damage_healed":0.0,"max_hp_gain":0.0,"max_hp_loss":0.0,"gold_gain":0.0,"event_name":"The Cleric","player_choice":"Card Removal","floor":2.0,"gold_loss":75.0,"damage_taken":0.0},{"damage_healed":0.0,"max_hp_gain":0.0,"max_hp_loss":0.0,"gold_gain":0.0,"event_name":"Accursed Blacksmith","player_choice":"Rummage","floor":4.0,"gold_loss":0.0,"damage_taken":0.0,"relics_obtained":["WarpedTongs"],"cards_obtained":["Pain"]},{"damage_healed":0.0,"max_hp_gain":0.0,"max_hp_loss":0.0,"gold_gain":75.0,"event_name":"World of Goop","player_choice":"Gather Gold","floor":12.0,"gold_loss":0.0,"damage_taken":11.0},{"damage_healed":0.0,"max_hp_gain":0.0,"max_hp_loss":0.0,"gold_gain":0.0,"event_name":"Addict","player_choice":"Obtained Relic","floor":19.0,"gold_loss":85.0,"damage_taken":0.0,"relics_obtained":["Oddly Smooth Stone"]},{"damage_healed":0.0,"max_hp_gain":0.0,"max_hp_loss":0.0,"gold_gain":0.0,"event_name":"Cursed Tome","player_choice":"Obtained Book","floor":20.0,"gold_loss":0.0,"damage_taken":21.0},{"damage_healed":0.0,"max_hp_gain":0.0,"max_hp_loss":0.0,"gold_gain":100.0,"event_name":"The Joust","player_choice":"Bet on Murderer","floor":21.0,"gold_loss":50.0,"damage_taken":0.0},{"damage_healed":0.0,"max_hp_gain":0.0,"max_hp_loss":0.0,"gold_gain":0.0,"event_name":"The Mausoleum","player_choice":"Ignored","floor":31.0,"gold_loss":0.0,"damage_taken":0.0},{"damage_healed":0,"gold_gain":0,"player_choice":"Paid","damage_taken":0,"relics_obtained":["Red Mask"],"max_hp_gain":0,"max_hp_loss":0,"event_name":"Tomb of Lord Red Mask","floor":36,"gold_loss":126},{"damage_healed":0,"gold_gain":0,"player_choice":"Upgraded","damage_taken":0,"max_hp_gain":0,"max_hp_loss":0,"event_name":"Upgrade Shrine","floor":39,"gold_loss":0,"cards_upgraded":["Offering"]},{"damage_healed":0,"gold_gain":0,"player_choice":"Max HP","damage_taken":0,"max_hp_gain":0,"max_hp_loss":3,"event_name":"Winding Halls","floor":47,"gold_loss":0}],"is_beta":false,"boss_relics":[{"not_picked":["Tiny House","Runic Dome"],"picked":"Black Star"},{"not_picked":["Astrolabe","Busted Crown"],"picked":"Cursed Key"}],"items_purged_floors":[30],"is_endless":false,"potions_floor_spawned":[1,8,11,14,18,22,27,28,33,35,38,48],"killed_by":"Time Eater","ascension_level":20}}