{"host":"xltl1aroowo69o4n","time":1613934605,"event":{"mods":["BaseMod","Colored Map","Colored Powertips","Downfall","Koishi","Marisa????????","Minty Spire (QoL Compilation)","Replay The Spire","StSLib","The Cursed","The Hierophant","The Mystic","The Necromancer","The Servant 0.9.4"],"gold_per_floor":[113,129,129,140,140,172,182,192,192,192,192],"floor_reached":10,"language":"ENG","playtime":731,"items_purged":[],"score":74,"play_id":"1e55af9a-40a5-4883-af4e-19f913d7bcd3","local_time":"20210221141005","is_ascension_mode":true,"campfire_choices":[],"circlet_count":0,"master_deck":["TheCursedMod:Strike_TheCursed","TheCursedMod:Strike_TheCursed","TheCursedMod:Strike_TheCursed","TheCursedMod:Defend_TheCursed","TheCursedMod:Defend_TheCursed","TheCursedMod:Defend_TheCursed","TheCursedMod:Defend_TheCursed","TheCursedMod:CursedWand","TheCursedMod:CleanUpWorkshop","TheCursedMod:Dregs","TheCursedMod:SpreadPlague+1","TheCursedMod:SmokeScreen","TheCursedMod:Grudge","TheCursedMod:TroublousMinions","TheCursedMod:HellsGateOpen","TheCursedMod:ReleasedKnowledge"],"relics":["TheCursedMod:BlackMagic101","Dream Catcher","Chameleon Ring","Mummified Hand"],"acts_visited":["Exordium"],"potions_floor_usage":[7,10],"damage_taken":[{"damage":0,"enemies":"Small Slimes","floor":1,"turns":4},{"damage":1,"enemies":"Cultist","floor":2,"turns":3},{"damage":0,"enemies":"2 Louse","floor":4,"turns":3},{"damage":54,"enemies":"3 Sentries","floor":6,"turns":13},{"damage":0,"enemies":"Blue Slaver","floor":7,"turns":5},{"damage":7,"enemies":"Looter","floor":8,"turns":4},{"damage":28,"enemies":"Lagavulin","floor":10,"turns":6}],"seed_played":"-5662802267217004748","potions_obtained":[{"floor":1,"key":"champ:CounterPotion"},{"floor":2,"key":"TheCursedMod:DregsPotion"}],"is_trial":false,"path_per_floor":["M","M","?","M","?","E","M","M","T","E"],"character_chosen":"THE_CURSED","items_purchased":[],"campfire_rested":0,"item_purchase_floors":[],"current_hp_per_floor":[75,74,74,74,74,20,20,13,13,0,0],"gold":192,"neow_bonus":"RANDOM_COMMON_RELIC","is_daily":false,"chose_seed":false,"campfire_upgraded":0,"win_rate":0.0,"timestamp":1613934605,"path_taken":["M","M","?","?","?","E","M","M","T","E"],"items_purchased_type":[],"build_version":"2020-12-13","purchased_purges":0,"victory":false,"max_hp_per_floor":[75,75,75,75,75,75,75,75,75,75,75],"card_choices":[{"not_picked":["TheCursedMod:CursedSpellbook","TheCursedMod:FleshFromBone"],"picked":"TheCursedMod:SpreadPlague","floor":1},{"not_picked":["TheCursedMod:FleshFromBone","TheCursedMod:VitalStrike"],"picked":"TheCursedMod:SmokeScreen","floor":2},{"not_picked":["TheCursedMod:CircleOfCorruption","TheCursedMod:ReleasedKnowledge"],"picked":"TheCursedMod:Grudge","floor":4},{"not_picked":["TheCursedMod:Evocation","TheCursedMod:Wield"],"picked":"TheCursedMod:TroublousMinions","floor":6},{"not_picked":["TheCursedMod:SmokeScreen","TheCursedMod:Mangle"],"picked":"TheCursedMod:HellsGateOpen","floor":7},{"not_picked":["TheCursedMod:SpreadPlague","TheCursedMod:Torture"],"picked":"TheCursedMod:ReleasedKnowledge","floor":8}],"player_experience":256358,"relics_obtained":[{"floor":6,"key":"Chameleon Ring"},{"floor":9,"key":"Mummified Hand"}],"event_choices":[{"cards_removed":["TheCursedMod:Strike_TheCursed"],"damage_healed":0,"gold_gain":0,"player_choice":"Card Removal","damage_taken":0,"max_hp_gain":0,"max_hp_loss":0,"event_name":"Wheel of Change","floor":3,"gold_loss":0},{"damage_healed":0,"gold_gain":0,"player_choice":"Grow","damage_taken":0,"max_hp_gain":0,"max_hp_loss":0,"event_name":"Living Wall","floor":5,"gold_loss":0,"cards_upgraded":["TheCursedMod:SpreadPlague"]}],"is_beta":false,"boss_relics":[],"items_purged_floors":[],"is_endless":false,"potions_floor_spawned":[1,2],"killed_by":"Lagavulin","ascension_level":1}}