{"host":"30t73aj4w3oq1hk8","time":1613883507,"event":{"mods":["BaseMod","Colored Map","Colored Powertips","Minty Spire (QoL Compilation)","Random Character Button","StSLib"],"gold_per_floor":[113,123,174,174,174,208,208,239,239,279,291,303,333,360,372,507,519,549,150,163,95,95,95,113,113,136,136,136],"floor_reached":27,"language":"ENG","playtime":688,"items_purged":["Regret"],"score":275,"play_id":"77c13cdf-1810-421c-a4f3-1d4bcb044bda","local_time":"20210220235827","is_ascension_mode":true,"campfire_choices":[{"floor":7,"key":"REST"},{"floor":12,"key":"REST"},{"floor":15,"key":"REST"},{"floor":23,"key":"DIG"},{"floor":25,"key":"REST"}],"circlet_count":0,"master_deck":["Strike_B","Strike_B","Strike_B","Defend_B","Defend_B","Defend_B","Defend_B","Zap","Dualcast","Doom and Gloom","Static Discharge","White Noise","Injury","Undo","Capacitor","Defragment+1","Ball Lightning","Hologram","Creative AI","CurseOfTheBell","Ball Lightning+1","Defragment","Defragment","Go for the Eyes+1"],"relics":["Cracked Core","Mummified Hand","Golden Idol","Bottled Flame","Matryoshka","Bag of Preparation","Toy Ornithopter","MawBank","Calling Bell","Molten Egg 2","Shovel","White Beast Statue","Nloth\u0027s Gift","Bottled Tornado","DataDisk","Nunchaku"],"acts_visited":["TheCity"],"potions_floor_usage":[8,8,16,27],"damage_taken":[{"damage":1.0,"enemies":"Cultist","floor":1.0,"turns":3.0},{"damage":12.0,"enemies":"Small Slimes","floor":2.0,"turns":3.0},{"damage":19.0,"enemies":"Gremlin Nob","floor":6.0,"turns":3.0},{"damage":19,"enemies":"Lagavulin","floor":8,"turns":7},{"damage":32,"enemies":"Gremlin Nob","floor":10,"turns":4},{"damage":2,"enemies":"Jaw Worm","floor":13,"turns":3},{"damage":10,"enemies":"3 Louse","floor":14,"turns":2},{"damage":31,"enemies":"Hexaghost","floor":16,"turns":6},{"damage":14,"enemies":"Spheric Guardian","floor":18,"turns":3},{"damage":9,"enemies":"Chosen","floor":20,"turns":5},{"damage":50,"enemies":"Centurion and Healer","floor":24,"turns":6},{"damage":29,"enemies":"Shelled Parasite and Fungi","floor":27,"turns":2}],"seed_played":"664366085927296076","potions_obtained":[{"floor":1.0,"key":"EssenceOfDarkness"},{"floor":6.0,"key":"Fire Potion"},{"floor":13,"key":"Fire Potion"},{"floor":14,"key":"SteroidPotion"},{"floor":18,"key":"LiquidBronze"},{"floor":20,"key":"SteroidPotion"}],"is_trial":false,"path_per_floor":["M","M","?","?","?","E","R","E","T","E","?","R","M","M","R","B",null,"M","$","M","$","?","R","M","R","T","M"],"character_chosen":"DEFECT","items_purchased":["White Beast Statue","Defragment","Defragment"],"campfire_rested":4,"item_purchase_floors":[19,19,21],"current_hp_per_floor":[74,62,62,62,62,43,65,46,46,14,14,36,34,24,46,20,75,61,61,52,52,52,52,2,24,24,0,0],"gold":136,"neow_bonus":"TRANSFORM_CARD","is_daily":false,"chose_seed":false,"campfire_upgraded":0,"win_rate":0.0,"timestamp":1613883507,"path_taken":["M","?","?","?","?","E","R","E","T","E","?","R","?","M","R","BOSS","M","$","?","$","?","R","M","R","T","?"],"items_purchased_type":["Relic","Card","Card"],"build_version":"2020-12-22","purchased_purges":1,"victory":false,"max_hp_per_floor":[75,75,75,75,75,75,75,75,75,75,75,75,75,75,75,75,75,75,75,75,75,75,75,75,75,75,75,75],"card_choices":[{"not_picked":["Hello World","Redo"],"picked":"Static Discharge","floor":1.0},{"not_picked":["Compile Driver","Double Energy"],"picked":"White Noise","floor":2.0},{"not_picked":["Force Field","Streamline"],"picked":"Undo","floor":6.0},{"not_picked":["Cold Snap","Steam"],"picked":"Capacitor","floor":8},{"not_picked":["Recycle","Leap"],"picked":"Defragment","floor":10},{"not_picked":["Hyperbeam","Rip and Tear"],"picked":"Ball Lightning","floor":13},{"not_picked":["Blizzard","FTL"],"picked":"Hologram","floor":14},{"not_picked":["Rainbow","Hyperbeam"],"picked":"Creative AI","floor":16},{"not_picked":["Leap","Go for the Eyes+1"],"picked":"Ball Lightning+1","floor":18},{"not_picked":["Gash+1","Turbo","Streamline+1"],"picked":"SKIP","floor":20},{"not_picked":["Barrage+1","Hologram"],"picked":"Go for the Eyes+1","floor":24}],"player_experience":738912,"relics_obtained":[{"floor":6.0,"key":"Bottled Flame"},{"floor":8,"key":"Matryoshka"},{"floor":9,"key":"Bag of Preparation"},{"floor":9,"key":"Toy Ornithopter"},{"floor":10,"key":"MawBank"},{"floor":17,"key":"PreservedInsect"},{"floor":17,"key":"Molten Egg 2"},{"floor":17,"key":"Shovel"},{"floor":23,"key":"Bottled Tornado"},{"floor":26,"key":"DataDisk"},{"floor":26,"key":"Nunchaku"}],"event_choices":[{"damage_healed":0.0,"max_hp_gain":0.0,"max_hp_loss":0.0,"gold_gain":51.0,"event_name":"Golden Wing","player_choice":"Gained Gold","floor":3.0,"gold_loss":0.0,"damage_taken":0.0},{"damage_healed":0.0,"max_hp_gain":0.0,"max_hp_loss":0.0,"gold_gain":0.0,"event_name":"Big Fish","player_choice":"Box","floor":4.0,"gold_loss":0.0,"damage_taken":0.0,"relics_obtained":["Mummified Hand"],"cards_obtained":["Regret"]},{"damage_healed":0.0,"max_hp_gain":0.0,"max_hp_loss":0.0,"gold_gain":0.0,"event_name":"Golden Idol","player_choice":"Take Wound","floor":5.0,"gold_loss":0.0,"damage_taken":0.0,"relics_obtained":["Golden Idol"],"cards_obtained":["Injury"]},{"damage_healed":0,"gold_gain":0,"player_choice":"Grow","damage_taken":0,"max_hp_gain":0,"max_hp_loss":0,"event_name":"Living Wall","floor":11,"gold_loss":0,"cards_upgraded":["Defragment"]},{"damage_healed":0,"gold_gain":0,"player_choice":"Traded Relic","damage_taken":0,"relics_obtained":["Nloth\u0027s Gift"],"max_hp_gain":0,"max_hp_loss":0,"event_name":"N\u0027loth","floor":22,"relics_lost":["PreservedInsect"],"gold_loss":0}],"is_beta":false,"boss_relics":[{"not_picked":["FrozenCore","Nuclear Battery"],"picked":"Calling Bell"}],"items_purged_floors":[19],"is_endless":false,"potions_floor_spawned":[1,6,13,14,18,20,24],"killed_by":"Shelled Parasite and Fungi","ascension_level":4}}