{"host":"nug5xkek4sujf8as","time":1613901357,"event":{"mods":["Act Like it!","Aspiration","BaseMod","Booster Modes","CapriCore","Colored Powertips","Conspire","Energized Spire","Gensokyo","Minty Spire (QoL Compilation)","Permanent Neow","Quick Restart","Reimu£®≤©¿ˆ¡È√Œ£©","Replay The Spire","Shop Mod","Spicy Shops","StSLib","°æπ¶ƒ‹Mod°øªÏ„Á÷Æª∑–ﬁ∏¥≤π∂°","°æ“≈ŒÔø®≈∆°øREMEMod","ÛÙª÷∏ƒœ"],"gold_per_floor":[117,117,133,133,157,192,221,64,136,170,3,3,3,38,38,370,370,387,70,70,401,421,453,9,238,264,292,653,653,653,1011,1024,1042,77,152,152,164,164,642,121,212,677,88,88,88,121,141,151,167,187,62,62,62,62,62,87,167,167],"floor_reached":58,"language":"ZHS","playtime":2572,"items_purged":["Strike_R","Strike_R","Defend_R"],"score":2359,"play_id":"97791129-d653-41ea-83d8-3afbd369886c","local_time":"20210221175557","is_ascension_mode":true,"campfire_choices":[{"data":"Bullet Time","floor":15.0,"key":"SMITH"},{"floor":44,"key":"RECALL"},{"data":"Barricade","floor":55,"key":"SMITH"}],"circlet_count":0,"master_deck":["AscendersBane","Strike_R+1","Defend_R+1","Bullet Time+1","Pommel Strike","REME_LeechingPoison","Whirlwind","Feed","Berserk","Barricade+1","Brutality","Body Slam","Heavy Blade+1","Corruption","Fiend Fire","Impervious","REME_WheelOfFate","REME_BattleFury","Eclipse","Blur","Strike_G","Atom Bomb","Entrench+1","Mountainwind:ReiMu+1","Recycle","Tantrum+1","Meteor Strike+1","OctopathBindingBorder2:ReiMu+1"],"relics":["Burning Blood","REME_ComplimentaryCards","NeowsBlessing","Gensokyo:PortableGap","Orichalcum","Akabeko","Pocketwatch","OrangePellets","Paper Frog","Simple Rune","Toolbox","Gensokyo:OccultBall","Quantum Egg","Magic Flower","Painkiller Herb","Brimstone","Gensokyo:DirgeOfMelancholy","HornCleat","Medical Kit","Replay:Bottled Flurry","Replay:Baseball","Dream Catcher","Blood Vial","RuthlessExorcism:ReiMu","FossilizedHelix","Red Skull","Strange Spoon","ReplayTheSpireMod:ShopPack","Replay:Bronze Core","Centennial Puzzle","aspiration:ChemicalBlood","PrismaticShard","aspiration:Nostalgia","PureWater","Toy Ornithopter","Golden Egg","aspiration:KaomsHeart"],"acts_visited":["Gensokyo:Gensokyo","Gensokyo:Gensokyoer","Gensokyo:Gensokyoest","TheEnding"],"potions_floor_usage":[57,58,58,58,58,58],"damage_taken":[{"damage":0.0,"enemies":"Gensokyo:2_Kodama","floor":1.0,"turns":2.0},{"damage":0.0,"enemies":"Gensokyo:Python","floor":3.0,"turns":1.0},{"damage":0.0,"enemies":"Gensokyo:Mamizou","floor":6.0,"turns":3.0},{"damage":31.0,"enemies":"Gensokyo:Aya","floor":7.0,"turns":6.0},{"damage":14.0,"enemies":"Gensokyo:Mamizou","floor":10.0,"turns":4.0},{"damage":26.0,"enemies":"Gensokyo:Cirno","floor":14.0,"turns":5.0},{"damage":26.0,"enemies":"Gensokyo:Reimu","floor":16.0,"turns":4.0},{"damage":3.0,"enemies":"Gensokyo:CosmicMonolith","floor":18.0,"turns":2.0},{"damage":53.0,"enemies":"Gensokyo:AngelMirror","floor":21.0,"turns":4.0},{"damage":0.0,"enemies":"Gensokyo:Wraith","floor":22.0,"turns":1.0},{"damage":32.0,"enemies":"Gensokyo:Reisen","floor":23.0,"turns":6.0},{"damage":2.0,"enemies":"Gensokyo:Tenshi","floor":25.0,"turns":3.0},{"damage":10.0,"enemies":"conspire:MimicChest","floor":27.0,"turns":3.0},{"damage":38.0,"enemies":"Gensokyo:3_Gloops","floor":28.0,"turns":4.0},{"damage":40.0,"enemies":"Gensokyo:Slime_Group","floor":31.0,"turns":3.0},{"damage":0.0,"enemies":"Gensokyo:Wraith","floor":32.0,"turns":1.0},{"damage":2.0,"enemies":"Gensokyo:3_Gloops","floor":33.0,"turns":3.0},{"damage":15.0,"enemies":"Gensokyo:Eternal_Rivals","floor":35.0,"turns":6.0},{"damage":0.0,"enemies":"Gensokyo:3_Bats","floor":37.0,"turns":1.0},{"damage":43.0,"enemies":"Gensokyo:3_Boulders","floor":39.0,"turns":5.0},{"damage":3.0,"enemies":"Gensokyo:Sharpion","floor":41.0,"turns":4.0},{"damage":48,"enemies":"Gensokyo:Kasen","floor":42,"turns":5},{"damage":18,"enemies":"Gensokyo:Doremy","floor":46,"turns":4},{"damage":0,"enemies":"Gensokyo:4_Bats","floor":47,"turns":1},{"damage":0,"enemies":"Gensokyo:3_Boulders","floor":48,"turns":4},{"damage":0,"enemies":"Gensokyo:Sharpion","floor":49,"turns":2},{"damage":0,"enemies":"Gensokyo:4_Bats","floor":50,"turns":2},{"damage":13,"enemies":"Gensokyo:Shinki","floor":52,"turns":4},{"damage":0,"enemies":"Gensokyo:Yuyuko","floor":53,"turns":4},{"damage":36,"enemies":"Shield and Spear","floor":57,"turns":5},{"damage":295,"enemies":"The Heart","floor":58,"turns":6}],"seed_played":"1487205701433122179","potions_obtained":[{"floor":6.0,"key":"Explosive Potion"},{"floor":10.0,"key":"BlessingOfTheForge"},{"floor":14.0,"key":"SkillPotion"},{"floor":22.0,"key":"ZuzhouPotion:ReiMu"},{"floor":27.0,"key":"CultistPotion"},{"floor":28.0,"key":"GrandPatriotsElixir:ReiMu"},{"floor":41.0,"key":"PowerPotion"},{"floor":57,"key":"SpeedPotion"}],"is_trial":false,"path_per_floor":["M","?","M","?","T","E","E","$","T","E","$","?","?","E","R","B",null,"?","COS","?","?","?","E","T","E","T","?","?","PTL","PTL","?","?","?","T","B",null,"?","?","?","COS","?","E","T","T","T","E","?","?","?","?","T","B","B",null,"T","E","B"],"character_chosen":"IRONCLAD","items_purchased":["OrangePellets","Toolbox","Medical Kit","Replay:Bottled Flurry","FossilizedHelix","Red Skull","Strange Spoon","ReplayTheSpireMod:ShopPack","Golden Egg","aspiration:KaomsHeart"],"campfire_rested":0,"item_purchase_floors":[8,11,24,24,34,34,34,34,43,43],"current_hp_per_floor":[74,74,75,64,64,61,45,45,45,61,61,61,46,41,41,61,61,64,64,64,62,64,64,64,67,67,70,66,66,66,73,73,73,73,72,75,76,76,79,79,82,55,155,155,155,185,185,188,188,188,188,184,184,187,185,173,0,0],"gold":167,"neow_bonus":"THREE_ENEMY_KILL","is_daily":false,"chose_seed":false,"campfire_upgraded":2,"win_rate":0.0,"timestamp":1613901357,"path_taken":["M","?","?","?","?","E","E","$","T","E","?","?","?","E","R","BOSS","?","COS","?","?","?","E","T","E","T","?","?","PTL","PTL","?","?","?","T","BOSS","?","?","?","COS","?","E","T","T","T","E","?","?","?","?","T","BOSS","BOSS","T","E","BOSS"],"items_purchased_type":["Relic","Relic","Relic","Relic","Relic","Relic","Relic","Relic","Relic","Relic"],"build_version":"2020-12-22","purchased_purges":3,"victory":false,"max_hp_per_floor":[75,75,75,64,64,61,61,61,61,61,61,61,61,61,61,61,61,64,64,64,64,64,64,64,67,67,70,73,73,73,73,73,73,73,76,76,76,76,79,79,82,85,185,185,185,185,185,188,188,188,188,188,188,188,185,185,185,185],"card_choices":[{"not_picked":["Anger","Intimidate"],"picked":"Pommel Strike","floor":1.0},{"not_picked":["Replay:Undeath\u0027s Touch","Combust","Anger"],"picked":"SKIP","floor":3.0},{"not_picked":["ReplayTheSpireMod:Stacked","Body Slam"],"picked":"Whirlwind","floor":6.0},{"not_picked":["Body Slam","ReplayTheSpireMod:Limb From Limb"],"picked":"Feed","floor":7.0},{"not_picked":["Clash","Warcry"],"picked":"Berserk","floor":10.0},{"not_picked":["Anger","ReplayTheSpireMod:LeadingStrike"],"picked":"Barricade","floor":14.0},{"not_picked":["Fiend Fire","Bludgeon"],"picked":"Brutality","floor":16.0},{"not_picked":["True Grit","Spot Weakness+1"],"picked":"Body Slam","floor":18.0},{"not_picked":["ReplayTheSpireMod:LeadingStrike","Pommel Strike","Infernal Blade"],"picked":"SKIP","floor":21.0},{"not_picked":["Havoc","Rage","Hemokinesis"],"picked":"SKIP","floor":22.0},{"not_picked":["Seeing Red","Thunderclap","Disarm"],"picked":"SKIP","floor":23.0},{"not_picked":["Demonic Infusion","Thunderclap"],"picked":"Heavy Blade+1","floor":25.0},{"not_picked":["Feed","Immolate"],"picked":"Corruption","floor":27.0},{"not_picked":["Pommel Strike","Run Through"],"picked":"Fiend Fire","floor":28.0},{"not_picked":["Shrug It Off","Metallicize+1","Cleave"],"picked":"SKIP","floor":31.0},{"not_picked":["Body Slam","Run Through+1"],"picked":"Impervious","floor":32.0},{"not_picked":["Clothesline+1","Clash","Metallicize"],"picked":"SKIP","floor":33.0},{"not_picked":["Crow Ritual","REME_EyeOfCthun"],"picked":"REME_WheelOfFate","floor":34.0},{"not_picked":["REME_TwoStrings","Madness"],"picked":"REME_BattleFury","floor":34.0},{"not_picked":["Berserk","Brutality"],"picked":"Eclipse","floor":35.0},{"not_picked":["Bloodletting","Thunderclap+1","ReplayTheSpireMod:Stacked+1"],"picked":"SKIP","floor":37.0},{"not_picked":["Heavy Blade","REME_Scribble+1"],"picked":"Entrench+1","floor":39.0},{"not_picked":["BowlingBash+1","Fasting2+1"],"picked":"Mountainwind:ReiMu+1","floor":41.0},{"not_picked":["Compile Driver","Predator","REME_Repentance"],"picked":"SKIP","floor":41.0},{"not_picked":["Madness","ReplayTheSpireMod:Speed Training","Stack+1"],"picked":"SKIP","floor":42},{"not_picked":["aspiration:Polymerization","conspire:Banana"],"picked":"Recycle","floor":46},{"not_picked":["Crescendo","Riddle With Holes+1","Prostrate+1"],"picked":"SKIP","floor":47},{"not_picked":["FlyingSleeves+1","Collect","Self Repair"],"picked":"SKIP","floor":48},{"not_picked":["Protect","CareerPray:ReiMu"],"picked":"Tantrum+1","floor":49},{"not_picked":["Compile Driver","CareerPray:ReiMu"],"picked":"Meteor Strike","floor":50},{"not_picked":["Underhanded Strike+1","Panic Button"],"picked":"OctopathBindingBorder2:ReiMu+1","floor":57}],"player_experience":977686,"relics_obtained":[{"floor":5.0,"key":"Orichalcum"},{"floor":6.0,"key":"Akabeko"},{"floor":7.0,"key":"Pocketwatch"},{"floor":9.0,"key":"Paper Frog"},{"floor":10.0,"key":"Simple Rune"},{"floor":14.0,"key":"Magic Flower"},{"floor":16.0,"key":"Gensokyo:OccultBall"},{"floor":23.0,"key":"HornCleat"},{"floor":25.0,"key":"Blood Vial"},{"floor":27.0,"key":"RuthlessExorcism:ReiMu"},{"floor":28.0,"key":"Gensokyo:OccultBall"},{"floor":32.0,"key":"Gensokyo:OccultBall"},{"floor":35.0,"key":"Gensokyo:OccultBall"},{"floor":42,"key":"Toy Ornithopter"},{"floor":45,"key":"aspiration:KMNothing"},{"floor":46,"key":"aspiration:KMNothing"},{"floor":50,"key":"Gensokyo:OccultBall"},{"floor":57,"key":"aspiration:KMNothing"}],"event_choices":[],"is_beta":false,"boss_relics":[{"not_picked":["Philosopher\u0027s Stone","RedLine:ReiMu"],"picked":"Painkiller Herb"},{"not_picked":["Replay:Wanted Poster","Snecko Heart"],"picked":"Replay:Bronze Core"}],"items_purged_floors":[34,34,51],"is_endless":false,"potions_floor_spawned":[6,10,14,22,27,28,31,33,39,42,46,47,49,50,57],"killed_by":"The Heart","ascension_level":20}}