{"host":"64ub6hloe4gtkym4","time":1613921859,"event":{"mods":["AchievementEnabler","BaseMod","Colored Map","Colored Powertips","Googly Eyes","Hermit","Highlight Path","Hubris","Minty Spire (QoL Compilation)","Reliquary","Shop Mod","StSLib","The Construct","The Runesmith","The Servant 0.9.4"],"gold_per_floor":[113,131,131,149,149,149,25,87,87,87,110,123,139,164,164,294,294,317,338,338,358,248,248,248,248,248,261,0,13,13,13],"floor_reached":30,"language":"ENG","playtime":2624,"items_purged":["Injury"],"score":249,"play_id":"632e32a1-19fd-4cec-a069-4239d46c15b2","local_time":"20210221153739","is_ascension_mode":false,"campfire_choices":[{"data":"Dash","floor":6,"key":"SMITH"},{"floor":10,"key":"REST"},{"data":"Distraction","floor":15,"key":"SMITH"},{"floor":23,"key":"REST"},{"floor":25,"key":"REST"}],"circlet_count":0,"master_deck":["Strike_G","Strike_G","Strike_G","Strike_G","Strike_G","Defend_G","Defend_G","Defend_G","Defend_G","Defend_G","Survivor","Neutralize","Infinite Blades+1","Dash+1","Dodge and Roll","Blade Dance","Distraction+1","Riddle With Holes","Well Laid Plans","Caltrops","A Thousand Cuts","CurseOfTheBell","Noxious Fumes","Crippling Poison","Choke+1","Catalyst","Infinite Blades","hubris:Counter","Deflect"],"relics":["Ring of the Snake","Golden Idol","Pear","Calling Bell","Orichalcum","reliquary:BallBearing","hubris:Zylophone","reliquary:QuartzCube"],"acts_visited":["Exordium","TheCity"],"potions_floor_usage":[13,16,30],"damage_taken":[{"damage":0,"enemies":"Jaw Worm","floor":1,"turns":4},{"damage":1,"enemies":"Cultist","floor":2,"turns":4},{"damage":3,"enemies":"Small Slimes","floor":4,"turns":4},{"damage":0,"enemies":"Blue Slaver","floor":11,"turns":4},{"damage":3,"enemies":"2 Fungi Beasts","floor":12,"turns":4},{"damage":0,"enemies":"Large Slime","floor":13,"turns":6},{"damage":2,"enemies":"Blue Slaver","floor":14,"turns":4},{"damage":61,"enemies":"Slime Boss","floor":16,"turns":14},{"damage":17,"enemies":"Shell Parasite","floor":18,"turns":6},{"damage":2,"enemies":"3 Byrds","floor":19,"turns":5},{"damage":24,"enemies":"Centurion and Healer","floor":21,"turns":8},{"damage":26,"enemies":"Shelled Parasite and Fungi","floor":27,"turns":6},{"damage":28,"enemies":"Snake Plant","floor":29,"turns":4},{"damage":37,"enemies":"3 Cultists","floor":30,"turns":5}],"seed_played":"4514468714054799867","potions_obtained":[{"floor":1,"key":"BlessingOfTheForge"},{"floor":14,"key":"Explosive Potion"},{"floor":19,"key":"construct:ShiftPotion"},{"floor":27,"key":"Dexterity Potion"}],"is_trial":false,"path_per_floor":["M","M","?","M","?","R","$","?","T","R","M","M","M","M","R","B",null,"M","M","?","M","$","R","?","R","T","M","?","M","M"],"character_chosen":"THE_SILENT","items_purchased":["Blade Dance","Catalyst","Infinite Blades"],"campfire_rested":3,"item_purchase_floors":[7,22,22],"current_hp_per_floor":[77,76,76,73,73,73,73,73,83,87,87,84,84,82,82,21,87,70,68,68,44,44,70,70,87,87,61,61,33,0,0],"gold":13,"neow_bonus":"TEN_PERCENT_HP_BONUS","is_daily":false,"chose_seed":false,"campfire_upgraded":2,"win_rate":0.0,"timestamp":1613921859,"path_taken":["M","M","?","?","?","R","$","?","T","R","M","M","M","M","R","BOSS","M","M","?","M","$","R","?","R","T","M","?","M","M"],"items_purchased_type":["Card","Card","Card"],"build_version":"2020-12-22","purchased_purges":1,"victory":false,"max_hp_per_floor":[77,77,77,77,77,77,77,77,87,87,87,87,87,87,87,87,87,87,87,87,87,87,87,87,87,87,87,87,87,87,87],"card_choices":[{"not_picked":["Well Laid Plans","PiercingWail"],"picked":"Infinite Blades","floor":1},{"not_picked":["Flechettes","Sucker Punch"],"picked":"Dash","floor":2},{"not_picked":["Escape Plan","Catalyst"],"picked":"Dodge and Roll","floor":4},{"not_picked":["PiercingWail","Flying Knee"],"picked":"Distraction","floor":11},{"not_picked":["Dagger Throw","Acrobatics"],"picked":"Riddle With Holes","floor":12},{"not_picked":["Poisoned Stab","Tactician"],"picked":"Well Laid Plans","floor":13},{"not_picked":["Blade Dance","Outmaneuver"],"picked":"Caltrops","floor":14},{"not_picked":["Venomology","Phantasmal Killer"],"picked":"A Thousand Cuts","floor":16},{"not_picked":["Dagger Throw","Heel Hook"],"picked":"Noxious Fumes","floor":18},{"not_picked":["hubris:TrickCloak","Dodge and Roll"],"picked":"Crippling Poison","floor":19},{"not_picked":["Dodge and Roll","Dagger Throw+1"],"picked":"Choke+1","floor":21},{"not_picked":["Finisher","Venomology"],"picked":"hubris:Counter","floor":27},{"not_picked":["Escape Plan+1","Bane"],"picked":"Deflect","floor":29}],"player_experience":44979,"relics_obtained":[{"floor":9,"key":"Pear"},{"floor":17,"key":"Orichalcum"},{"floor":17,"key":"reliquary:BallBearing"},{"floor":17,"key":"hubris:Zylophone"},{"floor":26,"key":"reliquary:QuartzCube"}],"event_choices":[{"damage_healed":0,"gold_gain":0,"player_choice":"Upgraded","damage_taken":0,"max_hp_gain":0,"max_hp_loss":0,"event_name":"Upgrade Shrine","floor":3,"gold_loss":0,"cards_upgraded":["Infinite Blades"]},{"damage_healed":0,"gold_gain":0,"player_choice":"Take Wound","damage_taken":0,"relics_obtained":["Golden Idol"],"max_hp_gain":0,"max_hp_loss":0,"event_name":"Golden Idol","floor":5,"gold_loss":0,"cards_obtained":["Injury"]},{"damage_healed":0,"gold_gain":62,"player_choice":"Gained Gold","damage_taken":0,"max_hp_gain":0,"max_hp_loss":0,"event_name":"Golden Wing","floor":8,"gold_loss":0},{"damage_healed":0,"gold_gain":0,"player_choice":"Ignored","damage_taken":0,"max_hp_gain":0,"max_hp_loss":0,"event_name":"The Mausoleum","floor":20,"gold_loss":0},{"damage_healed":0,"gold_gain":0,"player_choice":"Paid Fearfully","damage_taken":0,"max_hp_gain":0,"max_hp_loss":0,"event_name":"Masked Bandits","floor":28,"gold_loss":261}],"is_beta":false,"boss_relics":[{"not_picked":["Black Star","SacredBark"],"picked":"Calling Bell"}],"items_purged_floors":[7],"is_endless":false,"potions_floor_spawned":[1,14,19,27],"killed_by":"3 Cultists","ascension_level":0}}