{"host":"vk2xyavtylxbvrfq","time":1613932244,"event":{"mods":["Bard","BaseMod","Bestiary","Better Altar","Better Match","Better Note","Better Sensory Stone","Better Skull","Better Vampires","Block Reminder","Bossed Relics","Colored Map","Curses Come First","Displayed Cursed Tome","Downfall","Extra Virgin Snecko Oil","Fox Events","Hermit","Ironclad Rager","Marked Mod","Minty Spire (QoL Compilation)","Quick Restart","Rare Cards Sparkle","Relic Sorter","Reliquary","Robot Space Explorer","Shapeshifter Mod","StSLib","The Hayseed","The Marked","The Runesmith","Unceasing Turn Reminder"],"gold_per_floor":[111,61,61,78,78,104,104,122,122,155,4,20,20,30,30,133,133,149,149,149,248,264,264,290,290,290,319,319,329,329,346,346,446,446,458,458,72,91,91,91,106,106,106,106,124,124,137,185,185,185,185,185,40,65,65],"floor_reached":56,"language":"ENG","playtime":1985,"items_purged":[],"score":1531,"play_id":"ba057d6e-1126-4b52-bf62-d362f7222573","local_time":"20210221133044","is_ascension_mode":true,"campfire_choices":[{"data":"Panache","floor":7.0,"key":"SMITH"},{"floor":15.0,"key":"REST"},{"data":"hermit:Combo","floor":23.0,"key":"SMITH"},{"floor":25.0,"key":"REST"},{"floor":30.0,"key":"REST"},{"data":"hermit:Determination","floor":32.0,"key":"SMITH"},{"floor":40.0,"key":"RECALL"},{"floor":42.0,"key":"REST"},{"data":"hermit:HeroicBravado","floor":44.0,"key":"SMITH"},{"floor":49.0,"key":"REST"},{"floor":52.0,"key":"REST"}],"circlet_count":0,"master_deck":["hermit:Strike_Hermit","hermit:Strike_Hermit","hermit:Strike_Hermit","hermit:Defend_Hermit","hermit:Defend_Hermit","hermit:Defend_Hermit","hermit:Snapshot","hermit:Covet+1","Panache+1","hermit:Headshot","Finesse+1","hermit:Glare","Regret","hermit:BigShot","hermit:PistolWhip","hermit:Snipe","hermit:Combo+1","hermit:Deadeye","hermit:Deadeye","hermit:Vantage","hermit:Reprieve","hermit:FlashPowder+1","hermit:Coalescence","hermit:Vantage","hermit:Determination+1","Writhe","hermit:Enervate+1","hermit:LowProfile","hermit:HeroicBravado+1","hermit:WideOpen+1","hermit:Dive+1","hermit:Combo+1","Writhe","hermit:FlashPowder","hermit:Dive"],"relics":["hermit:Momento","reliquary:NewFriend","HornCleat","War Paint","reliquary:Stiletto","Runesmith:UraniumAnvil","MutagenicStrength","Mercury Hourglass","Lantern","Regal Pillow","Torii","SlaversCollar","reliquary:Bookmark","reliquary:Firecrackers","reliquary:RosewoodLute","Bag of Preparation","Runesmith:AutoHammer"],"acts_visited":["Exordium","TheCity","TheBeyond","TheEnding"],"potions_floor_usage":[55,55,55],"damage_taken":[{"damage":2.0,"enemies":"2 Louse","floor":1.0,"turns":3.0},{"damage":0.0,"enemies":"Jaw Worm","floor":4.0,"turns":2.0},{"damage":12.0,"enemies":"Lagavulin","floor":6.0,"turns":5.0},{"damage":0.0,"enemies":"Small Slimes","floor":8.0,"turns":2.0},{"damage":18.0,"enemies":"Gremlin Nob","floor":10.0,"turns":4.0},{"damage":1.0,"enemies":"Blue Slaver","floor":12.0,"turns":2.0},{"damage":6.0,"enemies":"Looter","floor":14.0,"turns":3.0},{"damage":22.0,"enemies":"The Guardian","floor":16.0,"turns":6.0},{"damage":0.0,"enemies":"Spheric Guardian","floor":18.0,"turns":3.0},{"damage":11.0,"enemies":"2 Thieves","floor":22.0,"turns":4.0},{"damage":37.0,"enemies":"Book of Stabbing","floor":24.0,"turns":6.0},{"damage":13.0,"enemies":"Gremlin Leader","floor":27.0,"turns":5.0},{"damage":40.0,"enemies":"Cultist and Chosen","floor":29.0,"turns":9.0},{"damage":1.0,"enemies":"Chosen and Byrds","floor":31.0,"turns":4.0},{"damage":10.0,"enemies":"Collector","floor":33.0,"turns":6.0},{"damage":19.0,"enemies":"3 Shapes","floor":35.0,"turns":5.0},{"damage":9.0,"enemies":"3 Darklings","floor":38.0,"turns":6.0},{"damage":10.0,"enemies":"Spire Growth","floor":41.0,"turns":5.0},{"damage":10.0,"enemies":"4 Shapes","floor":45.0,"turns":7.0},{"damage":11.0,"enemies":"Writhing Mass","floor":47.0,"turns":7.0},{"damage":18.0,"enemies":"Donu and Deca","floor":50.0,"turns":6.0},{"damage":22.0,"enemies":"Shield and Spear","floor":54.0,"turns":4.0},{"damage":40,"enemies":"The Heart","floor":55,"turns":6}],"seed_played":"7009996018846550033","potions_obtained":[{"floor":10.0,"key":"Ancient Potion"},{"floor":12.0,"key":"SpeedPotion"},{"floor":16.0,"key":"hermit:Eclipse"},{"floor":29.0,"key":"Weak Potion"},{"floor":31.0,"key":"champ:CounterPotion"},{"floor":35.0,"key":"GamblersBrew"},{"floor":41.0,"key":"Ancient Potion"},{"floor":47.0,"key":"GamblersBrew"},{"floor":54.0,"key":"Weak Potion"}],"is_trial":false,"path_per_floor":["M","?","?","M","?","E","R","M","T","E","$","M","$","M","R","B",null,"M","?","?","?","M","R","E","R","T","E","?","M","R","M","R","B",null,"M","?","$","M","?","R","M","R","T","R","M","?","M","T","R","B",null,"R","$","E","B",null],"character_chosen":"HERMIT","items_purchased":["hermit:Combo","hermit:Deadeye","reliquary:Bookmark","reliquary:Firecrackers","Bag of Preparation"],"campfire_rested":6,"item_purchase_floors":[11,11,37,37,53],"current_hp_per_floor":[66,66,66,66,66,54,54,54,54,36,36,35,35,29,51,29,64,72,72,72,72,64,64,35,57,57,48,48,12,49,52,52,42,67,52,52,52,47,47,47,37,74,74,74,64,75,64,64,75,57,71,75,75,53,13],"gold":65,"neow_bonus":"RANDOM_COLORLESS_2","is_daily":false,"chose_seed":false,"campfire_upgraded":4,"win_rate":0.0,"timestamp":1613932244,"path_taken":["M","?","?","M","?","E","R","M","T","E","?","M","$","M","R","BOSS","M","?","?","?","M","R","E","R","T","E","?","M","R","M","R","BOSS","M","?","$","M","?","R","M","R","T","R","M","?","M","?","R","BOSS","R","$","E","BOSS"],"items_purchased_type":["Card","Card","Relic","Relic","Relic"],"build_version":"2020-12-22","purchased_purges":0,"victory":true,"max_hp_per_floor":[75,75,75,75,75,75,75,75,75,75,75,75,75,75,75,75,75,75,75,75,75,75,75,75,75,75,75,75,75,75,75,75,75,75,75,75,75,75,75,75,75,75,75,75,75,75,75,75,75,75,75,75,75,75,75],"card_choices":[{"not_picked":["Thinking Ahead","Magnetism"],"picked":"Panache","floor":0.0},{"not_picked":["hermit:TrackingShot","hermit:LowProfile"],"picked":"hermit:Headshot","floor":1.0},{"not_picked":["Panacea","Good Instincts"],"picked":"Finesse","floor":3.0},{"not_picked":["hermit:Scavenge","hermit:Brawl"],"picked":"hermit:Glare","floor":4.0},{"not_picked":["hermit:PistolWhip","hermit:Vantage"],"picked":"hermit:BigShot","floor":6.0},{"not_picked":["hermit:BodyArmor","hermit:HoleUp"],"picked":"hermit:PistolWhip","floor":8.0},{"not_picked":["hermit:SprayPray","hermit:FullyLoaded"],"picked":"hermit:Snipe","floor":10.0},{"not_picked":["hermit:Spite","hermit:BodyArmor"],"picked":"hermit:Deadeye","floor":12.0},{"not_picked":["hermit:DeadMansHand","hermit:Desperado"],"picked":"hermit:Vantage","floor":14.0},{"not_picked":["hermit:FinalCanter","hermit:DeadOrAlive"],"picked":"hermit:Reprieve","floor":16.0},{"not_picked":["hermit:Ricochet","hermit:Cheat"],"picked":"hermit:FlashPowder+1","floor":18.0},{"not_picked":["hermit:CursedWeapon","hermit:HoleUp+1"],"picked":"hermit:Coalescence","floor":22.0},{"not_picked":["hermit:SprayPray","hermit:Spite"],"picked":"hermit:Vantage","floor":24.0},{"not_picked":["hermit:Desperado","hermit:Snipe"],"picked":"hermit:Determination","floor":27.0},{"not_picked":["hermit:HeroicBravado","hermit:DeadMansHand+1"],"picked":"hermit:Enervate+1","floor":29.0},{"not_picked":["hermit:Shortfuse","hermit:Roulette"],"picked":"hermit:LowProfile","floor":31.0},{"not_picked":["hermit:FatalDesire","hermit:RoundhouseKick"],"picked":"hermit:HeroicBravado","floor":33.0},{"not_picked":["hermit:Feint","hermit:ItchyTrigger"],"picked":"hermit:WideOpen+1","floor":35.0},{"not_picked":["hermit:HighCaliber+1","hermit:Brawl+1"],"picked":"hermit:Dive+1","floor":38.0},{"not_picked":["hermit:Desperado+1","hermit:NoHoldsBarred","hermit:CursedWeapon+1"],"picked":"SKIP","floor":41.0},{"not_picked":["hermit:CursedWeapon","hermit:Headshot+1"],"picked":"hermit:Combo+1","floor":45.0},{"not_picked":["hermit:Malice+1","hermit:Brawl"],"picked":"hermit:FlashPowder","floor":47.0},{"not_picked":["hermit:SprayPray+1","hermit:Headshot"],"picked":"hermit:Dive","floor":54.0}],"player_experience":1455709,"relics_obtained":[{"floor":6.0,"key":"HornCleat"},{"floor":9.0,"key":"War Paint"},{"floor":10.0,"key":"reliquary:Stiletto"},{"floor":24.0,"key":"Mercury Hourglass"},{"floor":26.0,"key":"Lantern"},{"floor":27.0,"key":"Regal Pillow"},{"floor":48.0,"key":"reliquary:RosewoodLute"},{"floor":54.0,"key":"Runesmith:AutoHammer"}],"event_choices":[{"cards_removed":["hermit:Strike_Hermit"],"damage_healed":0.0,"max_hp_gain":0.0,"max_hp_loss":0.0,"gold_gain":0.0,"event_name":"The Cleric","player_choice":"Card Removal","floor":2.0,"gold_loss":50.0,"damage_taken":0.0},{"damage_healed":0.0,"max_hp_gain":0.0,"max_hp_loss":0.0,"gold_gain":1.0,"event_name":"betterStone:BetterStone","player_choice":"1","floor":3.0,"gold_loss":0.0,"damage_taken":0.0},{"damage_healed":0.0,"max_hp_gain":0.0,"max_hp_loss":0.0,"gold_gain":0.0,"event_name":"Big Fish","player_choice":"Box","floor":5.0,"gold_loss":0.0,"damage_taken":0.0,"relics_obtained":["reliquary:NewFriend"],"cards_obtained":["Regret"]},{"damage_healed":0.0,"max_hp_gain":0.0,"max_hp_loss":0.0,"gold_gain":0.0,"event_name":"Drug Dealer","player_choice":"Inject Mutagens","floor":19.0,"gold_loss":0.0,"damage_taken":0.0,"relics_obtained":["MutagenicStrength"]},{"cards_removed":["Clumsy"],"damage_healed":0.0,"max_hp_gain":0.0,"max_hp_loss":0.0,"gold_gain":0.0,"event_name":"Back to Basics","player_choice":"Elegance","floor":20.0,"gold_loss":0.0,"damage_taken":0.0},{"damage_healed":0.0,"max_hp_gain":0.0,"max_hp_loss":0.0,"gold_gain":99.0,"event_name":"Nest","player_choice":"Stole From Cult","floor":21.0,"gold_loss":0.0,"damage_taken":0.0},{"damage_healed":0.0,"max_hp_gain":0.0,"max_hp_loss":0.0,"gold_gain":0.0,"event_name":"The Mausoleum","player_choice":"Opened","floor":28.0,"gold_loss":0.0,"damage_taken":0.0,"relics_obtained":["Torii"],"cards_obtained":["Writhe"]},{"damage_healed":0.0,"max_hp_gain":0.0,"max_hp_loss":0.0,"gold_gain":0.0,"event_name":"Tomb of Lord Red Mask","player_choice":"Ignored","floor":36.0,"gold_loss":0.0,"damage_taken":0.0},{"cards_removed":["hermit:Defend_Hermit"],"damage_healed":0.0,"max_hp_gain":0.0,"max_hp_loss":0.0,"gold_gain":0.0,"event_name":"Falling","player_choice":"Removed Skill","floor":39.0,"gold_loss":0.0,"damage_taken":0.0},{"damage_healed":19.0,"max_hp_gain":0.0,"max_hp_loss":0.0,"gold_gain":0.0,"event_name":"Winding Halls","player_choice":"Writhe","floor":46.0,"gold_loss":0.0,"damage_taken":0.0,"cards_obtained":["Writhe"]}],"is_beta":false,"boss_relics":[{"not_picked":["reliquary:Craggleroot","Ectoplasm"],"picked":"Runesmith:UraniumAnvil"},{"not_picked":["bronze:MakeshiftBattery","Busted Crown"],"picked":"SlaversCollar"}],"items_purged_floors":[],"is_endless":false,"potions_floor_spawned":[10,12,16,29,31,35,41,47,54],"ascension_level":7}}