{"host":"7hek758ba7rrttw2","time":1613945892,"event":{"mods":["BaseMod","Minty Spire (QoL Compilation)","Weighted Paths"],"gold_per_floor":[119,18,30,105,55,55,80,94,147,147,180,180,198,214,214,214,214],"floor_reached":16,"language":"ENG","playtime":583,"items_purged":[],"score":155,"play_id":"2bb706b6-554f-474f-b9db-79809fc19624","local_time":"20210221231812","is_ascension_mode":true,"campfire_choices":[{"data":"Recycle","floor":6,"key":"SMITH"},{"floor":15,"key":"REST"}],"circlet_count":0,"master_deck":["Strike_B","Strike_B","Defend_B","Defend_B","Defend_B","Defend_B","Zap","Dualcast","Streamline","Beam Cell","Recycle+1","Doom and Gloom","Conserve Battery","Echo Form"],"relics":["Cracked Core","NeowsBlessing","Tiny Chest","Bag of Marbles","Incense Burner","Mercury Hourglass"],"acts_visited":["Exordium"],"potions_floor_usage":[],"damage_taken":[{"damage":0,"enemies":"Small Slimes","floor":1,"turns":1},{"damage":0,"enemies":"2 Louse","floor":3,"turns":1},{"damage":0,"enemies":"Lagavulin","floor":7,"turns":1},{"damage":2,"enemies":"Jaw Worm","floor":8,"turns":3},{"damage":47,"enemies":"Gremlin Nob","floor":11,"turns":5},{"damage":3,"enemies":"Exordium Thugs","floor":13,"turns":4},{"damage":1,"enemies":"3 Louse","floor":14,"turns":2},{"damage":29,"enemies":"Hexaghost","floor":16,"turns":7}],"seed_played":"-2421008386779205370","potions_obtained":[{"floor":11,"key":"Energy Potion"},{"floor":14,"key":"FearPotion"}],"is_trial":false,"path_per_floor":["M","$","M","?","?","R","E","M","T","?","E","T","M","M","R","B"],"character_chosen":"DEFECT","items_purchased":["Beam Cell","Recycle"],"campfire_rested":1,"item_purchase_floors":[2,2],"current_hp_per_floor":[75,75,75,64,64,64,64,62,62,55,8,8,5,4,26,0,0],"gold":214,"neow_bonus":"THREE_ENEMY_KILL","is_daily":false,"chose_seed":false,"campfire_upgraded":1,"win_rate":0.0,"timestamp":1613945892,"path_taken":["M","$","M","?","?","R","E","M","T","?","E","?","?","M","R","BOSS"],"items_purchased_type":["Card","Card"],"build_version":"2020-12-22","purchased_purges":0,"victory":false,"max_hp_per_floor":[75,75,75,75,75,75,75,75,75,75,75,75,75,75,75,75,75],"card_choices":[{"not_picked":["Redo","Leap"],"picked":"Streamline","floor":1},{"not_picked":["Scrape","Hello World"],"picked":"Doom and Gloom","floor":3},{"not_picked":["Barrage","Gash","Leap"],"picked":"SKIP","floor":7},{"not_picked":["Leap","Auto Shields"],"picked":"Conserve Battery","floor":8},{"not_picked":["Heatsinks","Undo","Steam Power"],"picked":"SKIP","floor":11},{"not_picked":["Cold Snap","Double Energy"],"picked":"Echo Form","floor":13},{"not_picked":["Streamline","Turbo","Barrage"],"picked":"SKIP","floor":14}],"player_experience":378170,"relics_obtained":[{"floor":7,"key":"Tiny Chest"},{"floor":9,"key":"Bag of Marbles"},{"floor":11,"key":"Incense Burner"},{"floor":12,"key":"Mercury Hourglass"}],"event_choices":[{"damage_healed":0,"gold_gain":75,"player_choice":"Gather Gold","damage_taken":11,"max_hp_gain":0,"max_hp_loss":0,"event_name":"World of Goop","floor":4,"gold_loss":0},{"cards_removed":["Strike_B"],"damage_healed":0,"gold_gain":0,"player_choice":"Card Removal","damage_taken":0,"max_hp_gain":0,"max_hp_loss":0,"event_name":"The Cleric","floor":5,"gold_loss":50},{"cards_removed":["Strike_B"],"damage_healed":0,"gold_gain":0,"player_choice":"Card Removal","damage_taken":7,"max_hp_gain":0,"max_hp_loss":0,"event_name":"Golden Wing","floor":10,"gold_loss":0}],"is_beta":false,"boss_relics":[],"items_purged_floors":[],"is_endless":false,"potions_floor_spawned":[11,14],"killed_by":"Hexaghost","ascension_level":3}}