{"host":"aapp7ew3jk5k1bvd","time":1613906633,"event":{"mods":["AchievementEnabler","BaseMod","Colored Map","Custom Start","Keyboard Shortcuts","Minty Spire (QoL Compilation)","Permanent Neow","Quick Restart","StSLib","SuperFastMode"],"gold_per_floor":[112,64,81,100,119,119,119,119,119,148,158,176,191,204,204,204,204],"floor_reached":16,"language":"KOR","playtime":379,"items_purged":[],"score":170,"play_id":"b1499e54-dc83-4268-91d7-b6993b857c67","local_time":"20210221202353","is_ascension_mode":true,"campfire_choices":[{"data":"Clash","floor":6,"key":"SMITH"},{"data":"Dual Wield","floor":8,"key":"SMITH"},{"floor":15,"key":"REST"}],"circlet_count":0,"master_deck":["AscendersBane","Strike_R","Strike_R","Strike_R","Strike_R","Defend_R","Defend_R","Defend_R","Defend_R","Bash","Dual Wield+1","Clash","Clash+1"],"relics":["Burning Blood","Self Forming Clay","Omamori","Bag of Preparation"],"acts_visited":["Exordium"],"potions_floor_usage":[12,12,16],"damage_taken":[{"damage":9,"enemies":"2 Louse","floor":1,"turns":4},{"damage":7,"enemies":"Jaw Worm","floor":3,"turns":3},{"damage":0,"enemies":"Small Slimes","floor":4,"turns":1},{"damage":11,"enemies":"2 Fungi Beasts","floor":5,"turns":3},{"damage":26,"enemies":"3 Sentries","floor":10,"turns":7},{"damage":6,"enemies":"Exordium Wildlife","floor":11,"turns":3},{"damage":10,"enemies":"Gremlin Gang","floor":12,"turns":4},{"damage":4,"enemies":"Red Slaver","floor":13,"turns":4},{"damage":22,"enemies":"Exordium Wildlife","floor":14,"turns":6},{"damage":40,"enemies":"Hexaghost","floor":16,"turns":9}],"seed_played":"-900570016737477617","potions_obtained":[{"floor":1,"key":"Swift Potion"},{"floor":10,"key":"ColorlessPotion"},{"floor":12,"key":"ColorlessPotion"},{"floor":13,"key":"SpeedPotion"}],"is_trial":false,"path_per_floor":["M","$","M","M","M","R","?","R","T","E","M","M","M","M","R","B"],"character_chosen":"IRONCLAD","items_purchased":["Clash"],"campfire_rested":1,"item_purchase_floors":[2],"current_hp_per_floor":[69,69,68,74,69,69,51,51,51,31,31,27,29,13,37,0,0],"gold":204,"neow_bonus":"REMOVE_CARD","is_daily":false,"chose_seed":false,"campfire_upgraded":2,"win_rate":0.0,"timestamp":1613906633,"path_taken":["M","$","M","M","M","R","?","R","T","E","M","M","M","M","R","BOSS"],"items_purchased_type":["Card"],"build_version":"2020-12-22","purchased_purges":0,"victory":false,"max_hp_per_floor":[80,80,80,80,80,80,80,80,80,80,80,80,80,80,80,80,80],"card_choices":[{"not_picked":["True Grit","Warcry"],"picked":"Dual Wield","floor":1},{"not_picked":["Cleave","Thunderclap"],"picked":"Clash","floor":3},{"not_picked":["Perfected Strike","Uppercut","True Grit"],"picked":"SKIP","floor":4},{"not_picked":["Pommel Strike","Cleave","Flame Barrier"],"picked":"SKIP","floor":5},{"not_picked":["Havoc","Disarm","Feed"],"picked":"SKIP","floor":10},{"not_picked":["Blood for Blood","Body Slam","Havoc"],"picked":"SKIP","floor":11},{"not_picked":["Clash","Wild Strike","Sever Soul"],"picked":"SKIP","floor":12},{"not_picked":["Reckless Charge","Pommel Strike","Cleave"],"picked":"SKIP","floor":13},{"not_picked":["Evolve","Combust","Dark Embrace"],"picked":"SKIP","floor":14}],"player_experience":1048181,"relics_obtained":[{"floor":9,"key":"Omamori"},{"floor":10,"key":"Bag of Preparation"}],"event_choices":[{"damage_healed":0,"gold_gain":0,"player_choice":"Success","damage_taken":18,"relics_obtained":["Self Forming Clay"],"max_hp_gain":0,"max_hp_loss":0,"event_name":"Scrap Ooze","floor":7,"gold_loss":0}],"is_beta":false,"boss_relics":[],"items_purged_floors":[],"is_endless":false,"potions_floor_spawned":[1,10,12,13,14],"killed_by":"Hexaghost","ascension_level":12}}