{"host":"qp7xs8nuzfsyommi","time":1613947791,"event":{"mods":["2.2 Compatiblity","BaseMod","Colored Powertips","DeckTracker","Highlight Path","Minty Spire (QoL Compilation)","Permanent Neow","Quick Restart","StSLib","Weighted Paths"],"gold_per_floor":[362,28,45,45,45,75,75,75,75,75,87,117,117,129,129,206,206,223,51,51,51,63,63,77,77,129,129,147,147,47,67,67,67,67],"floor_reached":33,"language":"ENG","playtime":1252,"items_purged":[],"score":506,"play_id":"2caaba9a-9de0-4b9e-a1a3-5e8dcfb66a84","local_time":"20210221174951","is_ascension_mode":true,"campfire_choices":[{"floor":10.0,"key":"REST"},{"floor":13.0,"key":"REST"},{"data":"Redo","floor":15.0,"key":"SMITH"},{"floor":23.0,"key":"REST"},{"floor":25.0,"key":"REST"},{"floor":27.0,"key":"RECALL"},{"data":"Consume","floor":32.0,"key":"SMITH"}],"circlet_count":0,"master_deck":["AscendersBane","Strike_B","Strike_B","Strike_B","Defend_B","Defend_B","Defend_B","Defend_B","Zap","Dualcast","Cold Snap","Hologram","Streamline","Darkness+1","Gash","Genetic Algorithm","Redo+1","Core Surge","Stack","Coolheaded","BootSequence","BootSequence","Darkness","Rainbow","Hologram","Darkness+1","Bandage Up","Consume+1"],"relics":["Cracked Core","Letter Opener","Turnip","Mercury Hourglass","Sundial","Runic Pyramid","Orrery"],"acts_visited":["Exordium","TheCity"],"potions_floor_usage":[33,33],"damage_taken":[{"damage":1.0,"enemies":"2 Louse","floor":1.0,"turns":3.0},{"damage":5.0,"enemies":"Jaw Worm","floor":3.0,"turns":5.0},{"damage":47.0,"enemies":"3 Sentries","floor":6.0,"turns":14.0},{"damage":0.0,"enemies":"Small Slimes","floor":11.0,"turns":2.0},{"damage":28.0,"enemies":"Gremlin Nob","floor":12.0,"turns":4.0},{"damage":0.0,"enemies":"2 Fungi Beasts","floor":14.0,"turns":3.0},{"damage":29.0,"enemies":"Hexaghost","floor":16.0,"turns":9.0},{"damage":11.0,"enemies":"3 Byrds","floor":18.0,"turns":3.0},{"damage":15.0,"enemies":"2 Thieves","floor":22.0,"turns":4.0},{"damage":0.0,"enemies":"Cultist and Chosen","floor":24.0,"turns":5.0},{"damage":10.0,"enemies":"Snake Plant","floor":28.0,"turns":4.0},{"damage":1.0,"enemies":"Snecko","floor":31.0,"turns":4.0},{"damage":50,"enemies":"Collector","floor":33,"turns":6}],"seed_played":"-7289547800170504700","potions_obtained":[{"floor":6.0,"key":"FearPotion"},{"floor":16.0,"key":"EssenceOfDarkness"},{"floor":31.0,"key":"Swift Potion"}],"is_trial":false,"path_per_floor":["M","$","M","?","?","E","?","?","T","R","M","E","R","M","R","B",null,"M","$","?","?","M","R","M","R","T","R","M","?","$","M","R","B"],"character_chosen":"DEFECT","items_purchased":["Letter Opener","Hologram","Orrery","Bandage Up"],"campfire_rested":4,"item_purchase_floors":[2,2,19,30],"current_hp_per_floor":[63,63,58,51,51,4,25,25,25,44,44,16,35,35,35,6,50,39,39,39,22,7,27,27,47,47,47,37,37,37,40,40,0,0],"gold":67,"neow_bonus":"TWO_FIFTY_GOLD","is_daily":false,"chose_seed":false,"campfire_upgraded":2,"win_rate":0.0,"timestamp":1613947791,"path_taken":["M","$","M","?","?","E","?","?","T","R","M","E","R","M","R","BOSS","M","$","?","?","M","R","M","R","T","R","M","?","$","M","R","BOSS"],"items_purchased_type":["Relic","Card","Relic","Card"],"build_version":"2020-12-22","purchased_purges":0,"victory":false,"max_hp_per_floor":[64,64,64,64,64,64,64,64,64,64,64,64,64,64,64,64,64,64,64,64,69,69,69,69,69,69,69,69,69,69,69,69,69,69],"card_choices":[{"not_picked":["Compile Driver","Stack"],"picked":"Cold Snap","floor":1.0},{"not_picked":["Coolheaded","Gash"],"picked":"Streamline","floor":3.0},{"not_picked":["Stack","Aggregate"],"picked":"Darkness","floor":6.0},{"not_picked":["Heatsinks","Stack"],"picked":"Gash","floor":11.0},{"not_picked":["Cold Snap","Rebound"],"picked":"Genetic Algorithm","floor":12.0},{"not_picked":["FTL","Sweeping Beam"],"picked":"Redo","floor":14.0},{"not_picked":["Electrodynamics","Fission"],"picked":"Core Surge","floor":16.0},{"not_picked":["Redo","Barrage"],"picked":"Stack","floor":18.0},{"not_picked":["Go for the Eyes","Aggregate"],"picked":"Coolheaded","floor":19.0},{"not_picked":["Ball Lightning","Compile Driver"],"picked":"BootSequence","floor":19.0},{"not_picked":["Static Discharge","Lockon"],"picked":"BootSequence","floor":19.0},{"not_picked":["Turbo","Redo"],"picked":"Darkness","floor":19.0},{"not_picked":["Stack","Sweeping Beam"],"picked":"Rainbow","floor":19.0},{"not_picked":["Stack","Steam Power","Coolheaded"],"picked":"SKIP","floor":22.0},{"not_picked":["FTL","Redo","Rebound"],"picked":"SKIP","floor":24.0},{"not_picked":["Rebound+1","Sweeping Beam"],"picked":"Hologram","floor":28.0},{"not_picked":["Rip and Tear+1","Steam+1"],"picked":"Consume","floor":31.0}],"player_experience":1468943,"relics_obtained":[{"floor":6.0,"key":"Turnip"},{"floor":9.0,"key":"Mercury Hourglass"},{"floor":12.0,"key":"Sundial"}],"event_choices":[{"cards_removed":["Strike_B"],"damage_healed":0.0,"max_hp_gain":0.0,"max_hp_loss":0.0,"gold_gain":0.0,"event_name":"Golden Wing","player_choice":"Card Removal","floor":4.0,"gold_loss":0.0,"damage_taken":7.0},{"damage_healed":0.0,"max_hp_gain":0.0,"max_hp_loss":0.0,"gold_gain":0.0,"event_name":"Liars Game","player_choice":"Ignored","floor":5.0,"gold_loss":0.0,"damage_taken":0.0},{"damage_healed":21.0,"max_hp_gain":0.0,"max_hp_loss":0.0,"gold_gain":0.0,"event_name":"Big Fish","player_choice":"Banana","floor":7.0,"gold_loss":0.0,"damage_taken":0.0},{"damage_healed":0.0,"max_hp_gain":0.0,"max_hp_loss":0.0,"gold_gain":0.0,"event_name":"Living Wall","player_choice":"Grow","floor":8.0,"gold_loss":0.0,"damage_taken":0.0,"cards_upgraded":["Darkness"]},{"damage_healed":0.0,"max_hp_gain":0.0,"max_hp_loss":0.0,"gold_gain":0.0,"event_name":"Ghosts","player_choice":"Ignored","floor":20.0,"gold_loss":0.0,"damage_taken":0.0},{"damage_healed":0.0,"max_hp_gain":5.0,"max_hp_loss":0.0,"gold_gain":0.0,"event_name":"Forgotten Altar","player_choice":"Shed Blood","floor":21.0,"gold_loss":0.0,"damage_taken":22.0},{"damage_healed":0.0,"max_hp_gain":0.0,"max_hp_loss":0.0,"gold_gain":0.0,"event_name":"Duplicator","player_choice":"Copied","floor":29.0,"gold_loss":0.0,"damage_taken":0.0,"cards_obtained":["Darkness"]}],"is_beta":false,"boss_relics":[{"not_picked":["FrozenCore","Fusion Hammer"],"picked":"Runic Pyramid"}],"items_purged_floors":[],"is_endless":false,"potions_floor_spawned":[6,16,18,31],"killed_by":"Collector","ascension_level":20}}