{"host":"s41rn2jhghpwfrvz","time":1613929920,"event":{"mods":["BaseMod","Minty Spire (QoL Compilation)","Quick Restart","Relic Stats","SuperFastMode"],"gold_per_floor":[114,114,189,169,188,188,218,218,271,300,201,230,230,255,255,332,332,347,192,192,107,107,107,135,169,169,185,220,55,155,155,155],"floor_reached":31,"language":"ENG","playtime":880,"items_purged":["Reckless Charge","Evaluate"],"score":736,"play_id":"e404e329-98e3-4f5a-810d-b85e0f0eef8e","local_time":"20210221195200","daily_mods":["SealedDeck","Diverse","Elite Swarm"],"is_ascension_mode":true,"campfire_choices":[{"data":"Body Slam","floor":6,"key":"SMITH"},{"data":"Blade Dance","floor":8,"key":"SMITH"},{"data":"Prostrate","floor":15,"key":"SMITH"},{"data":"Shrug It Off","floor":23,"key":"SMITH"}],"circlet_count":0,"master_deck":["AscendersBane","Static Discharge","Storm","Steam","Blade Dance+1","Quick Slash","Body Slam+1","Skim","Prostrate+1","Barricade+1","Shrug It Off+1","Core Surge+1"],"relics":["Burning Blood","Pear","Pocketwatch","Lantern","Frozen Egg 2","Molten Egg 2","StoneCalendar","Empty Cage","Orichalcum","Red Mask","WingedGreaves","Self Forming Clay","StrikeDummy","ClockworkSouvenir","Dead Branch","Paper Frog"],"acts_visited":["Exordium","TheCity"],"potions_floor_usage":[7,7,12,14,30],"damage_taken":[{"damage":0,"enemies":"Cultist","floor":1,"turns":3},{"damage":6,"enemies":"Small Slimes","floor":5,"turns":2},{"damage":27,"enemies":"Lagavulin","floor":7,"turns":5},{"damage":14,"enemies":"3 Sentries","floor":10,"turns":5},{"damage":11,"enemies":"Gremlin Nob","floor":12,"turns":3},{"damage":10,"enemies":"3 Sentries","floor":14,"turns":5},{"damage":0,"enemies":"The Guardian","floor":16,"turns":6},{"damage":2,"enemies":"3 Byrds","floor":18,"turns":4},{"damage":39,"enemies":"Masked Bandits","floor":24,"turns":4},{"damage":7,"enemies":"Gremlin Leader","floor":25,"turns":4},{"damage":12,"enemies":"2 Thieves","floor":27,"turns":4},{"damage":27,"enemies":"Book of Stabbing","floor":28,"turns":4},{"damage":15,"enemies":"Colosseum Slavers","floor":30,"turns":3},{"damage":10,"enemies":"Colosseum Nobs","floor":30,"turns":6},{"damage":15,"enemies":"Slavers","floor":31,"turns":1}],"seed_played":"-3015674248444509555","potions_obtained":[{"floor":1,"key":"CultistPotion"},{"floor":4,"key":"BloodPotion"},{"floor":10,"key":"Energy Potion"},{"floor":12,"key":"LiquidMemories"},{"floor":28,"key":"Regen Potion"},{"floor":30,"key":"Dexterity Potion"}],"is_trial":true,"path_per_floor":["M","?","?","?","M","R","E","R","T","E","$","E","?","E","R","B",null,"M","$","?","?","?","R","?","E","T","M","E","$","?","E"],"character_chosen":"IRONCLAD","items_purchased":["Prostrate","Shrug It Off","ClockworkSouvenir"],"campfire_rested":0,"item_purchase_floors":[11,19,29],"current_hp_per_floor":[74,49,38,38,38,38,34,34,34,26,26,21,21,17,17,23,70,74,74,74,74,74,74,41,40,40,34,13,13,9,0,0],"gold":155,"neow_bonus":"","is_daily":false,"chose_seed":false,"campfire_upgraded":4,"win_rate":0.0,"timestamp":1613929920,"path_taken":["M","?","?","?","?","R","E","R","T","E","$","E","?","E","R","BOSS","M","$","?","?","?","R","?","E","T","M","E","$","?","E"],"items_purchased_type":["Card","Card","Relic"],"build_version":"2020-12-22","purchased_purges":2,"victory":false,"max_hp_per_floor":[75,85,85,85,85,85,85,85,85,85,85,85,85,85,85,85,85,85,85,85,85,85,85,85,85,85,85,85,85,85,85,85],"relic_stats":{"counters":[15,59],"Self Forming Clay":[36],"Dead Branch":[10],"StoneCalendar":[0],"Orichalcum":[6],"obtain_stats":[{"Lantern":9,"Pear":2,"Self Forming Clay":26,"Dead Branch":30,"StoneCalendar":14,"Frozen Egg 2":10,"Orichalcum":21,"Empty Cage":17,"Burning Blood":0,"ClockworkSouvenir":29,"Molten Egg 2":12,"WingedGreaves":25,"Red Mask":24,"StrikeDummy":28,"Pocketwatch":7,"Paper Frog":30},{"Lantern":3,"Pear":1,"Self Forming Clay":10,"Dead Branch":14,"StoneCalendar":6,"Frozen Egg 2":4,"Orichalcum":8,"Empty Cage":7,"Burning Blood":0,"ClockworkSouvenir":12,"Molten Egg 2":5,"WingedGreaves":10,"Red Mask":9,"StrikeDummy":12,"Pocketwatch":3,"Paper Frog":14},{"Lantern":10,"Pear":3,"Self Forming Clay":41,"Dead Branch":58,"StoneCalendar":23,"Frozen Egg 2":15,"Orichalcum":33,"Empty Cage":29,"Burning Blood":0,"ClockworkSouvenir":49,"Molten Egg 2":18,"WingedGreaves":41,"Red Mask":37,"StrikeDummy":49,"Pocketwatch":10,"Paper Frog":58}],"Burning Blood":84,"Pocketwatch":[6]},"card_choices":[{"not_picked":["Heavy Blade","Reflex","SandsOfTime"],"picked":"SKIP","floor":1},{"not_picked":["Flying Knee","Sword Boomerang"],"picked":"Skim","floor":5},{"not_picked":["Buffer","MasterReality","Judgement"],"picked":"SKIP","floor":7},{"not_picked":["Envenom+1","Meteor Strike","Hyperbeam"],"picked":"SKIP","floor":10},{"not_picked":["Electrodynamics+1","Envenom+1","Amplify"],"picked":"SKIP","floor":12},{"not_picked":["Feed+1","Establishment+1"],"picked":"Barricade+1","floor":14},{"not_picked":["Conclude+1","Tactician","Body Slam+1"],"picked":"SKIP","floor":18},{"not_picked":["ConjureBlade","Brutality+1"],"picked":"Core Surge+1","floor":25},{"not_picked":["Whirlwind+1","Headbutt+1","Clothesline+1"],"picked":"SKIP","floor":27},{"not_picked":["Establishment+1","Doppelganger","Juggernaut+1"],"picked":"SKIP","floor":28}],"player_experience":1988137,"relics_obtained":[{"floor":7,"key":"Pocketwatch"},{"floor":9,"key":"Lantern"},{"floor":10,"key":"Frozen Egg 2"},{"floor":12,"key":"Molten Egg 2"},{"floor":14,"key":"StoneCalendar"},{"floor":24,"key":"Red Mask"},{"floor":25,"key":"WingedGreaves"},{"floor":26,"key":"Self Forming Clay"},{"floor":28,"key":"StrikeDummy"},{"floor":30,"key":"Dead Branch"},{"floor":30,"key":"Paper Frog"}],"event_choices":[{"damage_healed":0,"gold_gain":0,"player_choice":"Success","damage_taken":35,"relics_obtained":["Pear"],"max_hp_gain":0,"max_hp_loss":0,"event_name":"Scrap Ooze","floor":2,"gold_loss":0},{"damage_healed":0,"gold_gain":75,"player_choice":"Gather Gold","damage_taken":11,"max_hp_gain":0,"max_hp_loss":0,"event_name":"World of Goop","floor":3,"gold_loss":0},{"damage_healed":0,"gold_gain":0,"player_choice":"Bought 1 Potion","damage_taken":0,"max_hp_gain":0,"max_hp_loss":0,"event_name":"The Woman in Blue","floor":4,"gold_loss":0},{"damage_healed":0,"gold_gain":0,"player_choice":"Ignored","damage_taken":0,"max_hp_gain":0,"max_hp_loss":0,"event_name":"Shining Light","floor":13,"gold_loss":0},{"damage_healed":0,"gold_gain":0,"player_choice":"Ignored","damage_taken":0,"max_hp_gain":0,"max_hp_loss":0,"event_name":"Vampires","floor":20,"gold_loss":0},{"damage_healed":0,"gold_gain":0,"player_choice":"Obtained Relic","damage_taken":0,"relics_obtained":["Orichalcum"],"max_hp_gain":0,"max_hp_loss":0,"event_name":"Addict","floor":21,"gold_loss":85},{"damage_healed":0,"gold_gain":0,"player_choice":"Ignored","damage_taken":0,"max_hp_gain":0,"max_hp_loss":0,"event_name":"Ghosts","floor":22,"gold_loss":0},{"damage_healed":0,"gold_gain":0,"player_choice":"Fought Bandits","damage_taken":0,"max_hp_gain":0,"max_hp_loss":0,"event_name":"Masked Bandits","floor":24,"gold_loss":0},{"damage_healed":0,"gold_gain":0,"player_choice":"Fight","damage_taken":0,"max_hp_gain":0,"max_hp_loss":0,"event_name":"Colosseum","floor":30,"gold_loss":0},{"damage_healed":0,"gold_gain":0,"player_choice":"Fought Nobs","damage_taken":0,"max_hp_gain":0,"max_hp_loss":0,"event_name":"Colosseum","floor":30,"gold_loss":0}],"is_beta":false,"boss_relics":[{"not_picked":["Fusion Hammer","Busted Crown"],"picked":"Empty Cage"}],"items_purged_floors":[11,19],"is_endless":false,"potions_floor_spawned":[1,10,12,28,30,30],"killed_by":"Slavers","ascension_level":20}}