{"host":"st1kg310ms6sytc5","time":1613932400,"event":{"mods":["Act Like it!","BaseMod","Bossed Relics","CapriCore","Gensokyo","Good Game Mod","Minty Spire (QoL Compilation)","StSLib","SuperFastMode","Wide Potions","Yakumo Yukari mod"],"gold_per_floor":[135,153,180,34,67,115,158,190,190,269,44,90,135,56,56,161,161,180,180,190,38,52,52,379,379,379,95,141,58,89,106,106,208,208,250,265,265,283,362,362,391,391,391,431,460,223,242,272,272,272,272,272,58,87,87],"floor_reached":56,"language":"ZHS","playtime":3014,"items_purged":["AT_purpleEX","AT_purpleEX","AT_purpleEX","AT_purpleEX","StateErode_purple"],"score":2494,"play_id":"e6f54869-1c95-4a45-843f-cfeacc40c891","local_time":"20210222023320","is_ascension_mode":true,"campfire_choices":[{"data":"Anti_communist_purple","floor":15.0,"key":"SMITH"},{"data":"WatchEChange_purple","floor":23.0,"key":"SMITH"},{"data":"Human_Monster_Realm_purple","floor":25.0,"key":"SMITH"},{"data":"Apotheosis","floor":32.0,"key":"SMITH"},{"floor":40,"key":"RECALL"},{"data":"WangLiang_OokamiKakushi_purple","floor":42,"key":"SMITH"},{"data":"Mirror_TwoAndThreeElementRealm_purple","floor":49,"key":"SMITH"},{"data":"Mirror_WaveAndshot_purple","floor":52,"key":"SMITH"}],"circlet_count":0,"master_deck":["AscendersBane","Defend_purpleEX","Defend_purpleEX","Defend_purpleEX","Defend_purpleEX+1","Observe_purple_1","Observe_purple_2","Gensokyo:DreamlikeParadise","DimensionStaggered_purple+1","Mirror_Drifter_purple","Human_Monster_Realm_purple+1","OpenedBox_purple","WangLiang_OokamiKakushi_purple+1","Mirror_WaveAndshot_purple+1","Anti_communist_purple+1","Mirror_TwoAndThreeElementRealm_purple+1","Nest_LightFlightworm_purple+1","WatchEChange_purple+1","RuleDissolution_purple+1","Boundary_LifeAndDeath_purple","Anti_communist_purple+1","Apotheosis+1","Anti_communist_purple","Price_of_realm_purpleEX","Madness","Madness","MeetDecomposer_purple+1","PositiveMatter_Antimatter_Universe_purple","Purity","Finesse"],"relics":["Boundary_crack","Memoryfragments_purpleEX","REME:ComplimentaryCards","NeowsBlessing","Lizard Tail","Dream Catcher","Regal Pillow","Frozen Egg 2","Coffee Dripper","Membership Card","Old Coin","Ancient Tea Set","War Paint","DollysMirror","Ice Cream","Centennial Puzzle","Runic Dome","Incense Burner","Bag of Preparation","Thread and Needle","Art of War","Anchor","Gambling Chip","Medical Kit","Happy Flower"],"acts_visited":["Exordium","TheCity","TheBeyond","TheEnding"],"potions_floor_usage":[55,55],"damage_taken":[{"damage":0.0,"enemies":"Small Slimes","floor":1.0,"turns":2.0},{"damage":0.0,"enemies":"Jaw Worm","floor":2.0,"turns":1.0},{"damage":0.0,"enemies":"Cultist","floor":3.0,"turns":1.0},{"damage":15.0,"enemies":"Exordium Wildlife","floor":5.0,"turns":5.0},{"damage":37.0,"enemies":"Gremlin Nob","floor":6.0,"turns":5.0},{"damage":1.0,"enemies":"3 Louse","floor":7.0,"turns":6.0},{"damage":23.0,"enemies":"3 Sentries","floor":8.0,"turns":10.0},{"damage":31.0,"enemies":"3 Sentries","floor":10.0,"turns":13.0},{"damage":12.0,"enemies":"Lagavulin","floor":12.0,"turns":6.0},{"damage":3.0,"enemies":"Large Slime","floor":13.0,"turns":5.0},{"damage":14.0,"enemies":"The Guardian","floor":16.0,"turns":8.0},{"damage":31.0,"enemies":"3 Byrds","floor":18.0,"turns":5.0},{"damage":3.0,"enemies":"Spheric Guardian","floor":20.0,"turns":5.0},{"damage":0.0,"enemies":"Centurion and Healer","floor":22.0,"turns":4.0},{"damage":22.0,"enemies":"Slavers","floor":24.0,"turns":7.0},{"damage":0.0,"enemies":"Book of Stabbing","floor":28.0,"turns":3.0},{"damage":7.0,"enemies":"Slavers","floor":30.0,"turns":5.0},{"damage":0.0,"enemies":"Snake Plant","floor":31.0,"turns":3.0},{"damage":0.0,"enemies":"Collector","floor":33.0,"turns":3.0},{"damage":7,"enemies":"3 Darklings","floor":35,"turns":5},{"damage":0,"enemies":"Orb Walker","floor":36,"turns":2},{"damage":0,"enemies":"3 Darklings","floor":38,"turns":4},{"damage":4,"enemies":"2 Orb Walkers","floor":39,"turns":3},{"damage":0,"enemies":"Giant Head","floor":41,"turns":4},{"damage":0,"enemies":"Sphere and 2 Shapes","floor":44,"turns":3},{"damage":0,"enemies":"Nemesis","floor":45,"turns":3},{"damage":0,"enemies":"Writhing Mass","floor":47,"turns":3},{"damage":12,"enemies":"Giant Head","floor":48,"turns":3},{"damage":8,"enemies":"Awakened One","floor":50,"turns":5},{"damage":16,"enemies":"Shield and Spear","floor":54,"turns":3},{"damage":0,"enemies":"The Heart","floor":55,"turns":5}],"seed_played":"6387376630926992903","potions_obtained":[{"floor":1.0,"key":"Fruit Juice"},{"floor":3.0,"key":"SkillPotion"},{"floor":6.0,"key":"Ancient Potion"},{"floor":7.0,"key":"ColorlessPotion"},{"floor":16.0,"key":"Dexterity Potion"},{"floor":20.0,"key":"LiquidMemories"}],"is_trial":false,"path_per_floor":["M","M","M","$","M","E","M","E","T","?","$","E","M","$","R","B",null,"M","?","M","$","M","R","E","R","T","$","E","$","E","M","R","B",null,"M","M","?","M","?","R","E","R","T","M","E","$","M","E","R","B",null,"R","$","E","B",null],"character_chosen":"Youkari","items_purchased":["Human_Monster_Realm_purple","AttackPotion","Regen Potion","Anti_communist_purple","Membership Card","Boundary_LifeAndDeath_purple","War Paint","DollysMirror","Apotheosis","Anchor","PositiveMatter_Antimatter_Universe_purple","Purity","Medical Kit","Finesse"],"campfire_rested":0,"item_purchase_floors":[4,11,11,14,21,27,27,27,29,46,46,46,53,53],"current_hp_per_floor":[75,75,75,75,63,27,31,12,12,27,27,20,21,21,21,27,68,53,53,53,53,54,54,37,37,37,37,38,38,52,57,57,61,77,72,75,65,66,62,62,62,62,62,66,67,67,71,66,66,60,77,77,77,78,80],"gold":87,"neow_bonus":"THREE_ENEMY_KILL","is_daily":false,"chose_seed":false,"campfire_upgraded":7,"win_rate":0.0,"timestamp":1613932400,"path_taken":["M","M","M","$","M","E","M","E","T","?","$","E","M","$","R","BOSS","M","?","M","$","M","R","E","R","T","?","E","?","E","M","R","BOSS","M","M","?","M","?","R","E","R","T","M","E","$","M","E","R","BOSS","R","$","E","BOSS"],"items_purchased_type":["Card","Potion","Potion","Card","Relic","Card","Relic","Relic","Card","Relic","Card","Card","Relic","Card"],"build_version":"2020-12-22","purchased_purges":5,"victory":true,"max_hp_per_floor":[82,82,82,82,82,82,82,82,82,82,82,82,82,82,82,82,82,82,82,82,82,82,82,82,82,82,82,82,82,82,82,82,82,82,82,82,82,82,82,82,82,82,82,82,82,82,82,82,82,82,82,82,82,82,82],"card_choices":[{"not_picked":["Mirror_FourBoundary_purple","StateDuplicate_purple"],"picked":"DimensionStaggered_purple","floor":1.0},{"not_picked":["ExistenceContinue_purple","Line_surface_state_purple"],"picked":"Mirror_Drifter_purple","floor":2.0},{"not_picked":["SfantasyHide_purple","StateDuplicate_purple"],"picked":"StateErode_purple","floor":3.0},{"not_picked":["ExternalForce_HighSpeedFlying_purple","Mirror_FormAndEmptin_purple"],"picked":"OpenedBox_purple","floor":5.0},{"not_picked":["SharpContractionReality_purple","ExistenceContinue_purple","MonsterNeedle_purple"],"picked":"SKIP","floor":6.0},{"not_picked":["ExistenceContinue_purple","Bait_HighSpeedFlying_purple","DimensionStaggered_purple"],"picked":"SKIP","floor":7.0},{"not_picked":["ExistenceContinue_purple","Bait_HighSpeedFlying_purple","DimensionStaggered_purple"],"picked":"SKIP","floor":7.0},{"not_picked":["StateErode_purple","Boundary_DreamRealityDamnation_purple","SharpContractionReality_purple"],"picked":"SKIP","floor":8.0},{"not_picked":["Bait_HighSpeedFlying_purple","MetroBOOM_purple"],"picked":"WangLiang_OokamiKakushi_purple","floor":10.0},{"not_picked":["Mirror_Drifter_purple","DimensionStaggered_purple"],"picked":"Mirror_WaveAndshot_purple","floor":12.0},{"not_picked":["SharpContractionReality_purple","Realm_recovery_purpleEX","Worldmountain_purple"],"picked":"SKIP","floor":13.0},{"not_picked":["Fancifulhole_purple","Theboundaryofcreation_purpleEX"],"picked":"Mirror_TwoAndThreeElementRealm_purple","floor":16.0},{"not_picked":["Mirror_Drifter_purple","ExternalForce_HighSpeedFlying_purple+1"],"picked":"Nest_LightFlightworm_purple+1","floor":18.0},{"not_picked":["MetroBOOM_purple","Nest_LightFlightworm_purple"],"picked":"WatchEChange_purple","floor":20.0},{"not_picked":["Boundary_DreamRealityDamnation_purple","MeetDecomposer_purple"],"picked":"RuleDissolution_purple+1","floor":22.0},{"not_picked":["SfantasyHide_purple","DarkRealmRedLine_purple","RuleDissolution_purple"],"picked":"SKIP","floor":24.0},{"not_picked":["SharpContractionReality_purple","Photoelasticity_Doppler_Effect_purple","Charmbait_purple"],"picked":"SKIP","floor":28.0},{"not_picked":["Fancifulhole_purple","SfantasyHide_purple","Boundary_DreamRealityDamnation_purple"],"picked":"SKIP","floor":30.0},{"not_picked":["AdvanceAttack_purple","Mirror_Drifter_purple"],"picked":"Anti_communist_purple","floor":31.0},{"not_picked":["Human_Monster_Realm_purple","WasteWire_Metro_purple"],"picked":"Price_of_realm_purpleEX","floor":33.0},{"not_picked":["Charmbait_purple+1","AdvanceAttack_purple","Umbrella_purple"],"picked":"SKIP","floor":35},{"not_picked":["Boundary_ObjectiveBoundary_purple","ExistenceContinue_purple","RuptureOfTimeAndSpace_purple+1"],"picked":"SKIP","floor":36},{"not_picked":["Mirror_Drifter_purple","StretchesForeverDream_purple","ExternalForce_HighSpeedFlying_purple"],"picked":"SKIP","floor":38},{"not_picked":["Fantasy_PerpetualMotionMachine_purple+1","Erosivefilter_purple","Bait_HighSpeedFlying_purple"],"picked":"SKIP","floor":41},{"not_picked":["Umbrella_purple","Shallow_ocean_purpleEX"],"picked":"MeetDecomposer_purple+1","floor":44},{"not_picked":["AdvanceAttack_purple","SfantasyHide_purple","Extrememeaning_purpleEX"],"picked":"SKIP","floor":45},{"not_picked":["Shallow_ocean_purpleEX","MeetDecomposer_purple","AdvanceAttack_purple"],"picked":"SKIP","floor":47},{"not_picked":["StateErode_purple","Line_surface_state_purple","ExistenceContinue_purple"],"picked":"SKIP","floor":48},{"not_picked":["StateDuplicate_purple+1","Mirror_WaveAndshot_purple","Nest_LightFlightworm_purple"],"picked":"SKIP","floor":54}],"player_experience":1443130,"relics_obtained":[{"floor":6.0,"key":"Lizard Tail"},{"floor":8.0,"key":"Dream Catcher"},{"floor":10.0,"key":"Regal Pillow"},{"floor":12.0,"key":"Frozen Egg 2"},{"floor":24.0,"key":"Old Coin"},{"floor":26.0,"key":"Ancient Tea Set"},{"floor":28.0,"key":"Ice Cream"},{"floor":30.0,"key":"Centennial Puzzle"},{"floor":39,"key":"Incense Burner"},{"floor":41,"key":"Bag of Preparation"},{"floor":43,"key":"Thread and Needle"},{"floor":45,"key":"Art of War"},{"floor":48,"key":"Gambling Chip"},{"floor":54,"key":"Happy Flower"}],"event_choices":[{"damage_healed":0.0,"max_hp_gain":0.0,"max_hp_loss":0.0,"gold_gain":30.0,"event_name":"Dead Adventurer","player_choice":"Searched \u00272\u0027 times","floor":10.0,"gold_loss":0.0,"damage_taken":0.0},{"damage_healed":0,"gold_gain":0,"player_choice":"Embrace Madness","damage_taken":10,"max_hp_gain":0,"max_hp_loss":0,"event_name":"Winding Halls","floor":37,"gold_loss":0,"cards_obtained":["Madness","Madness"]},{"damage_healed":0,"gold_gain":0,"player_choice":"Fight","damage_taken":0,"max_hp_gain":0,"max_hp_loss":0,"event_name":"Mysterious Sphere","floor":39,"gold_loss":0}],"is_beta":false,"boss_relics":[{"not_picked":["Cursed Key","Astrolabe"],"picked":"Coffee Dripper"},{"not_picked":["Snecko Eye","Runic Pyramid"],"picked":"Runic Dome"}],"items_purged_floors":[4,11,27,46,53],"is_endless":false,"potions_floor_spawned":[1,3,6,7,16,20,28,31,33,35,36,44,47,48,54],"ascension_level":12}}