{"host":"mc5v85iuptizxtr7","time":1613909255,"event":{"mods":["AchievementEnabler","Ascension Reborn","Aspiration","Bard","BaseMod","BetterRewards","Colored Map","Colored Powertips","Conspire","DeckTracker","Downfall","Hermit","Highlight Path","Hubris","Infinite Spire","Minty Spire (QoL Compilation)","Rare Cards Sparkle","Relic Stats","Shop Mod","StSLib","Synergy Search","The Animator","The Bladedancer","The Bug Knight","The Cursed","The Forsaken","The Necromancer","UnlockEverythingMod"],"gold_per_floor":[0,22,38,57,73,73,104,104,104,126,246,246,286,300,312,437,437,437,459,472,592,614,648,648,666,701,701,720,150,150,187,211,331,331,331,351,364,378,378,419,419,419,419,441,441,465,465,465,488,607,607,607,607],"floor_reached":51,"language":"DEU","playtime":3736,"items_purged":[],"score":100,"play_id":"e422daca-2bd1-4383-a352-f4e19842296b","local_time":"20210221130735","is_ascension_mode":true,"campfire_choices":[{"data":"Slimebound:Strike_Slimebound+1","floor":1,"key":"SMITH"},{"floor":12,"key":"RECALL"},{"data":"Slimebound:DouseInSlime","floor":18,"key":"SMITH"},{"data":"expansioncontent:QuickStudy","floor":30,"key":"SMITH"},{"data":"Slimebound:SlimeBarrage","floor":35,"key":"SMITH"},{"data":"Slimebound:Grow","floor":47,"key":"SMITH"}],"circlet_count":0,"master_deck":["Slimebound:Strike_Slimebound+2","Slimebound:Strike_Slimebound+2","Slimebound:Strike_Slimebound+2","Slimebound:Tackle+1","Slimebound:Defend_Slimebound+1","Slimebound:Defend_Slimebound+1","Slimebound:Defend_Slimebound+1","Slimebound:Defend_Slimebound+1","Slimebound:CorrosiveSpit+1","Slimebound:Gluttony","Slimebound:LeechEnergy+1","Slimebound:Grow+1","infinitespire:DeathsTouch","Slimebound:Repurpose","Slimebound:SlimeSpikes","Slimebound:FormOfPuddle","Slimebound:DouseInSlime+1","CurseOfTheBell","Slimebound:AcidTongue+1","Slimebound:SamplingLick+1","Slimebound:LeadByExample","Slimebound:SlimeSpikes+1","Slimebound:MegaLick+1","hubris:DuctTapeCard+3","expansioncontent:QuickStudy+1","hubris:InfiniteBlow","Slimebound:SlimeBarrage+1","Slimebound:Teamwork","Slimebound:Grow+1","theForsaken:PlagueCurse","Slimebound:SelfFormingGoo"],"relics":["Slimebound:AbsorbEndCombat","conspire:InfiniteJournal","hubris:Icosahedron","Bag of Preparation","infinitespire:Satchel","Whetstone","hubris:SlimyHat","downfall:GremlinWheel","hubris:GlazedTorus","hubris:FunFungus","Calling Bell","Tiny Chest","Singing Bowl","hubris:BundleOfHerbs","StoneCalendar","Bottled Lightning","Orichalcum","aspiration:StickyExplosives_weak","Bronze Scales","Strawberry","Potion Belt","aspiration:SecretTechniqueScroll","Gremlin Horn","hubris:DuctTape","Lizard Tail","Boot","Ice Cream","theForsaken:PlagueMask","Happy Flower","The Courier","infinitespire:FocusingShard","theForsaken:Lifeblossom","hubris:Reverence","infinitespire:Lychee Nut","infinitespire:Magic Flask","hubris:ToyBattleship","hubris:SphereOfDissonance","aspiration:AnachronicSnailShell","Sozu"],"acts_visited":["Exordium","TheCity","TheBeyond","Exordium"],"potions_floor_usage":[4,11,13,13,16,16,20,21,21,23,23,25,25,26,28,29,33,33,33,37,37,37,37,38,40,46,49,49,50,50,50],"damage_taken":[{"damage":0,"enemies":"Jaw Worm","floor":2,"turns":2},{"damage":0,"enemies":"Cultist","floor":3,"turns":2},{"damage":0,"enemies":"Small Slimes","floor":4,"turns":2},{"damage":0,"enemies":"downfall:LooterAlt","floor":5,"turns":2},{"damage":0,"enemies":"2 Fungi Beasts","floor":10,"turns":2},{"damage":0,"enemies":"2 Fungi Beasts","floor":11,"turns":2},{"damage":0,"enemies":"HollowMod:MossKnight","floor":13,"turns":2},{"damage":3,"enemies":"conspire:2 RoseBushes","floor":14,"turns":3},{"damage":0,"enemies":"Exordium Wildlife","floor":15,"turns":2},{"damage":12,"enemies":"WA_ARCHETYPE_RETAIN","floor":16,"turns":4},{"damage":8,"enemies":"downfall:LooterAlt2","floor":19,"turns":3},{"damage":12,"enemies":"Centurion and Healer","floor":20,"turns":4},{"damage":6,"enemies":"Colosseum Nobs","floor":21,"turns":3},{"damage":14,"enemies":"Snake Plant","floor":22,"turns":2},{"damage":0,"enemies":"conspire:MimicChest","floor":23,"turns":5},{"damage":0,"enemies":"Snecko","floor":25,"turns":3},{"damage":8,"enemies":"conspire:SneckoGhost","floor":26,"turns":4},{"damage":4,"enemies":"Cultist and Chosen","floor":28,"turns":4},{"damage":5,"enemies":"downfall:FleeingMerchant","floor":29,"turns":4},{"damage":4,"enemies":"Nightmare","floor":31,"turns":4},{"damage":0,"enemies":"conspire:HollyBat","floor":32,"turns":4},{"damage":13,"enemies":"SI_MIRROR_ARCHETYPE","floor":33,"turns":6},{"damage":8,"enemies":"3 Shapes","floor":36,"turns":3},{"damage":3,"enemies":"3 Darklings","floor":37,"turns":3},{"damage":29,"enemies":"Writhing Mass","floor":38,"turns":4},{"damage":7,"enemies":"Giant Head","floor":40,"turns":6},{"damage":3,"enemies":"Transient","floor":44,"turns":5},{"damage":3,"enemies":"4 Shapes","floor":46,"turns":2},{"damage":15,"enemies":"3 Darklings","floor":49,"turns":3},{"damage":51,"enemies":"DF_ARCHETYPE_ORBS","floor":50,"turns":5}],"seed_played":"-4890752711006836929","potions_obtained":[{"floor":2,"key":"Slimebound:SpawnSlimePotion"},{"floor":3,"key":"Weak Potion"},{"floor":3,"key":"Explosive Potion"},{"floor":4,"key":"Swift Potion"},{"floor":5,"key":"AttackPotion"},{"floor":5,"key":"hexamod:SoulburnPotion"},{"floor":10,"key":"Explosive Potion"},{"floor":11,"key":"SteroidPotion"},{"floor":13,"key":"PowerPotion"},{"floor":14,"key":"Weak Potion"},{"floor":15,"key":"SkillPotion"},{"floor":16,"key":"EssenceOfSteel"},{"floor":19,"key":"sneckomod:MuddlingPotion"},{"floor":20,"key":"ColorlessPotion"},{"floor":21,"key":"LiquidBronze"},{"floor":22,"key":"Block Potion"},{"floor":23,"key":"Energy Potion"},{"floor":25,"key":"Fruit Juice"},{"floor":25,"key":"Slimebound:SlimyTonguePotion"},{"floor":26,"key":"Block Potion"},{"floor":28,"key":"FearPotion"},{"floor":28,"key":"Explosive Potion"},{"floor":29,"key":"Fire Potion"},{"floor":31,"key":"SpeedPotion"},{"floor":32,"key":"BlessingOfTheForge"},{"floor":32,"key":"BlessingOfTheForge"},{"floor":33,"key":"LiquidMemories"},{"floor":33,"key":"DistilledChaos"},{"floor":36,"key":"SpeedPotion"},{"floor":37,"key":"Fire Potion"},{"floor":38,"key":"SkillPotion"},{"floor":38,"key":"Ancient Potion"},{"floor":40,"key":"Slimebound:SlimyTonguePotion"},{"floor":44,"key":"PowerPotion"},{"floor":46,"key":"FairyPotion"},{"floor":46,"key":"Strength Potion"},{"floor":49,"key":"FearPotion"},{"floor":50,"key":"Strength Potion"},{"floor":50,"key":"EssenceOfSteel"}],"is_trial":false,"path_per_floor":["R","M","M","M","M","?","T","?","T","M","?","R","E","M","M","B",null,"R","M","M","?","M","?","T","M","E","AVR","M","$","R","NM","M","B",null,"R","M","M","M","?","E","T","T","?","M","?","M","R","T","M","B",null],"character_chosen":"SLIMEBOUND","items_purchased":["hubris:DuctTape","expansioncontent:QuickStudy","Lizard Tail"],"campfire_rested":0,"item_purchase_floors":[29,29,29],"current_hp_per_floor":[71,71,71,71,71,71,71,53,53,56,56,56,59,59,62,64,77,77,72,72,69,64,83,83,88,95,95,95,96,96,99,99,105,105,105,106,106,78,78,106,106,106,106,82,82,84,84,84,84,79,94,94,94],"gold":607,"neow_bonus":"ONE_RARE_RELIC","is_daily":false,"chose_seed":false,"campfire_upgraded":5,"win_rate":0.0,"timestamp":1613909255,"path_taken":["R","M","M","M","M","?","T","?","?","?","?","R","E","?","M","BOSS","R","M","M","?","M","?","T","M","E","AVR","M","$","R","NM","M","BOSS","R","M","M","M","?","E","T","?","?","M","?","?","R","?","M","BOSS"],"items_purchased_type":["Relic","Card","Relic"],"build_version":"2020-12-22","purchased_purges":0,"victory":false,"max_hp_per_floor":[71,71,71,71,71,71,71,71,71,71,71,71,71,71,71,77,77,77,77,79,79,81,83,83,88,95,95,95,97,97,99,99,105,105,105,107,107,107,107,107,107,107,107,82,82,84,84,84,86,94,94,94,94],"relic_stats":{"Singing Bowl":20,"Gremlin Horn":[9,9],"Happy Flower":[5],"counters":[30,99],"StoneCalendar":[0],"Bag of Preparation":[52],"Whetstone":["Slimebound:Strike_Slimebound","Slimebound:Strike_Slimebound"],"Orichalcum":[84],"Boot":[3],"Sozu":0,"Lizard Tail":0,"Bronze Scales":[133],"Tiny Chest":2,"obtain_stats":[{"Ice Cream":33,"Singing Bowl":17,"Gremlin Horn":28,"StoneCalendar":21,"theForsaken:Lifeblossom":42,"Bag of Preparation":7,"hubris:SlimyHat":9,"Whetstone":9,"Boot":31,"theForsaken:PlagueMask":39,"conspire:InfiniteJournal":0,"aspiration:StickyExplosives_weak":24,"Sozu":51,"Lizard Tail":29,"hubris:Icosahedron":6,"downfall:GremlinWheel":11,"Strawberry":26,"aspiration:AnachronicSnailShell":50,"Tiny Chest":17,"hubris:FunFungus":16,"hubris:GlazedTorus":13,"Potion Belt":27,"hubris:DuctTape":29,"Happy Flower":40,"hubris:SphereOfDissonance":49,"The Courier":41,"infinitespire:FocusingShard":41,"aspiration:SecretTechniqueScroll":27,"infinitespire:Magic Flask":48,"Orichalcum":23,"Calling Bell":17,"infinitespire:Lychee Nut":44,"Bronze Scales":25,"infinitespire:Satchel":7,"hubris:BundleOfHerbs":17,"Slimebound:AbsorbEndCombat":0,"hubris:ToyBattleship":48,"Bottled Lightning":21,"hubris:Reverence":42},{"Ice Cream":22,"Singing Bowl":10,"Gremlin Horn":18,"StoneCalendar":13,"theForsaken:Lifeblossom":26,"Bag of Preparation":4,"hubris:SlimyHat":4,"Whetstone":4,"Boot":20,"theForsaken:PlagueMask":25,"conspire:InfiniteJournal":0,"aspiration:StickyExplosives_weak":15,"Sozu":30,"Lizard Tail":19,"hubris:Icosahedron":4,"downfall:GremlinWheel":6,"Strawberry":17,"aspiration:AnachronicSnailShell":30,"Tiny Chest":10,"hubris:FunFungus":10,"hubris:GlazedTorus":7,"Potion Belt":17,"hubris:DuctTape":19,"Happy Flower":26,"hubris:SphereOfDissonance":29,"The Courier":26,"infinitespire:FocusingShard":26,"aspiration:SecretTechniqueScroll":17,"infinitespire:Magic Flask":28,"Orichalcum":15,"Calling Bell":10,"infinitespire:Lychee Nut":27,"Bronze Scales":16,"infinitespire:Satchel":4,"hubris:BundleOfHerbs":10,"Slimebound:AbsorbEndCombat":0,"hubris:ToyBattleship":28,"Bottled Lightning":13,"hubris:Reverence":26},{"Ice Cream":69,"Singing Bowl":23,"Gremlin Horn":51,"StoneCalendar":33,"theForsaken:Lifeblossom":84,"Bag of Preparation":8,"hubris:SlimyHat":8,"Whetstone":8,"Boot":59,"theForsaken:PlagueMask":78,"conspire:InfiniteJournal":0,"aspiration:StickyExplosives_weak":40,"Sozu":99,"Lizard Tail":55,"hubris:Icosahedron":8,"downfall:GremlinWheel":12,"Strawberry":47,"aspiration:AnachronicSnailShell":99,"Tiny Chest":23,"hubris:FunFungus":23,"hubris:GlazedTorus":14,"Potion Belt":47,"hubris:DuctTape":55,"Happy Flower":84,"hubris:SphereOfDissonance":94,"The Courier":84,"infinitespire:FocusingShard":84,"aspiration:SecretTechniqueScroll":47,"infinitespire:Magic Flask":91,"Orichalcum":40,"Calling Bell":23,"infinitespire:Lychee Nut":89,"Bronze Scales":43,"infinitespire:Satchel":8,"hubris:BundleOfHerbs":23,"Slimebound:AbsorbEndCombat":0,"hubris:ToyBattleship":91,"Bottled Lightning":33,"hubris:Reverence":84}]},"card_choices":[{"not_picked":["Slimebound:SamplingLick","Slimebound:GoopTackle"],"picked":"Slimebound:Gluttony","floor":2},{"not_picked":["Slimebound:LivingWall","Slimebound:LeechEnergy"],"picked":"Slimebound:LevelUp+1","floor":3},{"not_picked":["Slimebound:RollThrough","Slimebound:ItLooksTasty"],"picked":"Slimebound:LeechEnergy+1","floor":4},{"not_picked":["Slimebound:Prepare","Slimebound:Overexert"],"picked":"Slimebound:Grow","floor":5},{"not_picked":["infinitespire:Starlight","infinitespire:Oblivion"],"picked":"infinitespire:DeathsTouch","floor":8},{"not_picked":["Slimebound:FinishingTackle","Slimebound:GoopTackle","Slimebound:ItLooksTasty+1"],"picked":"SKIP","floor":10},{"not_picked":["Slimebound:SplitAcid","Slimebound:Chomp"],"picked":"Slimebound:Repurpose","floor":13},{"not_picked":["Slimebound:SplitBruiser","Slimebound:ComboTackle","Slimebound:ViciousTackle"],"picked":"SKIP","floor":13},{"not_picked":["Slimebound:SplitLeeching+1","Slimebound:WasteNot"],"picked":"Slimebound:SlimeSpikes","floor":14},{"not_picked":["Slimebound:Prepare","Slimebound:HauntingLick"],"picked":"Slimebound:FormOfPuddle","floor":15},{"not_picked":["Slimebound:MassRepurpose","Slimebound:MassFeed"],"picked":"Slimebound:DouseInSlime","floor":16},{"not_picked":["Slimebound:Prepare+1","Slimebound:GoopTackle+1"],"picked":"Slimebound:AcidTongue+1","floor":19},{"not_picked":["Slimebound:FinishingTackle+1","Slimebound:GoopTackle+1","Slimebound:Grow+1"],"picked":"Singing Bowl","floor":20},{"not_picked":["Slimebound:SplitLeeching","Slimebound:RejuvenatingLick"],"picked":"Slimebound:SamplingLick+1","floor":21},{"not_picked":["Slimebound:Grow","Slimebound:ViciousTackle","Slimebound:RollThrough"],"picked":"Singing Bowl","floor":22},{"not_picked":["Slimebound:FinishingTackle","Slimebound:AcidTongue","Slimebound:LeechingTouch"],"picked":"Singing Bowl","floor":23},{"not_picked":["Slimebound:SplitAcid","Slimebound:Schlurp+1"],"picked":"Slimebound:LeadByExample","floor":25},{"not_picked":["Slimebound:ProtectTheBoss","Slimebound:LeechEnergy"],"picked":"Slimebound:SlimeSpikes+1","floor":26},{"not_picked":["Slimebound:ProtectTheBoss+1","Slimebound:SplitAcid"],"picked":"Slimebound:MegaLick+1","floor":28},{"not_picked":["Slimebound:ComboTackle","Slimebound:SplitBruiser","Slimebound:SlimeBrawl"],"picked":"Singing Bowl","floor":29},{"not_picked":["infinitespire:Starlight","infinitespire:Menacing"],"picked":"hubris:InfiniteBlow","floor":31},{"not_picked":["Slimebound:ItLooksTasty","Slimebound:ForwardTackle+1","Slimebound:GoopTackle"],"picked":"Singing Bowl","floor":31},{"not_picked":["Slimebound:SplitBruiser","Slimebound:DisruptingSlam"],"picked":"Slimebound:SlimeBarrage","floor":32},{"not_picked":["Slimebound:OozeBath","Slimebound:RallyTheTroops"],"picked":"Slimebound:Teamwork","floor":33},{"not_picked":["Slimebound:LivingWall+1","Slimebound:BestDefense+1","Slimebound:GoopTackle"],"picked":"Singing Bowl","floor":36},{"not_picked":["Slimebound:GoopTackle+1","Slimebound:SpikyOuterGoop"],"picked":"Slimebound:Grow+1","floor":37},{"not_picked":["Slimebound:SplitMire+1","Slimebound:GoopTackle+1"],"picked":"Slimebound:LevelUp+1","floor":38},{"not_picked":["Slimebound:GoopSpray","Slimebound:RollThrough+1"],"picked":"Slimebound:SelfFormingGoo","floor":40},{"not_picked":["Slimebound:SplitMire","Slimebound:Schlurp+1","Slimebound:Equalize"],"picked":"Singing Bowl","floor":44},{"not_picked":["Slimebound:TongueLash+1","Slimebound:ServeAndProtect","Slimebound:DisruptingSlam+1"],"picked":"Singing Bowl","floor":46},{"not_picked":["Slimebound:SlimeTap+1","Slimebound:SamplingLick+1","Slimebound:PrepareCrush"],"picked":"Singing Bowl","floor":49},{"not_picked":["Slimebound:OozeBath","Slimebound:WasteNot","Slimebound:Teamwork"],"picked":"Singing Bowl","floor":50}],"player_experience":196180,"relics_obtained":[{"floor":7,"key":"Bag of Preparation"},{"floor":7,"key":"infinitespire:Satchel"},{"floor":9,"key":"Whetstone"},{"floor":9,"key":"hubris:SlimyHat"},{"floor":11,"key":"downfall:GremlinWheel"},{"floor":13,"key":"hubris:GlazedTorus"},{"floor":16,"key":"hubris:FunFungus"},{"floor":17,"key":"Tiny Chest"},{"floor":17,"key":"Singing Bowl"},{"floor":17,"key":"hubris:BundleOfHerbs"},{"floor":21,"key":"StoneCalendar"},{"floor":21,"key":"Bottled Lightning"},{"floor":23,"key":"Orichalcum"},{"floor":24,"key":"aspiration:StickyExplosives_weak"},{"floor":25,"key":"Bronze Scales"},{"floor":26,"key":"Strawberry"},{"floor":28,"key":"Gremlin Horn"},{"floor":31,"key":"Boot"},{"floor":33,"key":"Ice Cream"},{"floor":40,"key":"Happy Flower"},{"floor":41,"key":"The Courier"},{"floor":41,"key":"infinitespire:FocusingShard"},{"floor":42,"key":"theForsaken:Lifeblossom"},{"floor":42,"key":"hubris:Reverence"},{"floor":44,"key":"infinitespire:Lychee Nut"},{"floor":48,"key":"infinitespire:Magic Flask"},{"floor":48,"key":"hubris:ToyBattleship"},{"floor":49,"key":"hubris:SphereOfDissonance"},{"floor":50,"key":"aspiration:AnachronicSnailShell"}],"event_choices":[{"damage_healed":0,"gold_gain":0,"player_choice":"Obtain Plague Curse","damage_taken":0,"max_hp_gain":0,"max_hp_loss":0,"event_name":"Plague Doctor","floor":39,"gold_loss":0,"cards_obtained":["theForsaken:PlagueCurse"]},{"cards_removed":["Slimebound:LevelUp"],"damage_healed":0,"gold_gain":0,"player_choice":"Removed Power","damage_taken":0,"max_hp_gain":0,"max_hp_loss":0,"event_name":"Falling","floor":43,"gold_loss":0},{"damage_healed":0,"gold_gain":0,"player_choice":"Forge","damage_taken":0,"max_hp_gain":0,"max_hp_loss":0,"event_name":"Accursed Blacksmith","floor":45,"gold_loss":0,"cards_upgraded":["hubris:DuctTapeCard"]}],"is_beta":false,"boss_relics":[{"not_picked":["Tiny House","SacredBark"],"picked":"Calling Bell"},{"not_picked":["aspiration:RitualDagger","Runic Pyramid","Snecko Eye"]},{"not_picked":["conspire:SeveredTorchhead","aspiration:RunicSpoon"],"picked":"Sozu"}],"items_purged_floors":[],"is_endless":true,"potions_floor_spawned":[3,5,10,11,15,20,22,25,28,32,33,38,46,50],"ascension_level":-20}}