{"host":"uv5ws9rdk87e8i5k","time":1613935176,"event":{"mods":["AchievementEnabler","BaseMod","Colored Map","Minty Spire (QoL Compilation)","Permanent Neow","Quick Restart","StSLib","SuperFastMode","The Necromancer","The Saiyan"],"gold_per_floor":[360,40,115,130,145,176,176,176,225,248,270,282,282],"floor_reached":12,"language":"ENG","playtime":180,"items_purged":["Shame"],"score":108,"play_id":"98da1bcb-e63e-4f98-9eca-a2ee49a1e406","local_time":"20210221131936","is_ascension_mode":true,"campfire_choices":[{"floor":7.0,"key":"REST"}],"circlet_count":0,"master_deck":["Strike_B","Strike_B","Strike_B","Strike_B","Defend_B","Defend_B+1","Defend_B","Defend_B","Zap","Dualcast+1","Ball Lightning","Defragment","Sweeping Beam+1","White Noise","Creative AI+1","Capacitor"],"relics":["Cracked Core","War Paint","Potion Belt","MawBank"],"acts_visited":["Exordium"],"potions_floor_usage":[],"damage_taken":[{"damage":7.0,"enemies":"Jaw Worm","floor":1.0,"turns":3.0},{"damage":5.0,"enemies":"Small Slimes","floor":4.0,"turns":2.0},{"damage":6.0,"enemies":"Cultist","floor":5.0,"turns":3.0},{"damage":15.0,"enemies":"Lagavulin","floor":6.0,"turns":4.0},{"damage":3.0,"enemies":"Blue Slaver","floor":10.0,"turns":3.0},{"damage":0.0,"enemies":"Large Slime","floor":11.0,"turns":4.0},{"damage":0,"enemies":"3 Sentries","floor":12,"turns":1}],"seed_played":"4053200398554719787","potions_obtained":[{"floor":4.0,"key":"Fire Potion"},{"floor":5.0,"key":"Swift Potion"},{"floor":10.0,"key":"Weak Potion"}],"is_trial":false,"path_per_floor":["M","$","?","M","M","E","R","?","T","M","M","E"],"character_chosen":"DEFECT","items_purchased":["Defragment","War Paint","Sweeping Beam"],"campfire_rested":1,"item_purchase_floors":[2,2,2],"current_hp_per_floor":[61,61,50,45,39,24,46,31,31,28,28,28,28],"gold":282,"neow_bonus":"TWO_FIFTY_GOLD","is_daily":false,"chose_seed":false,"campfire_upgraded":0,"win_rate":0.0,"timestamp":1613935176,"path_taken":["M","$","?","M","M","E","R","?","T","M","M","E"],"items_purchased_type":["Card","Relic","Card"],"build_version":"2020-12-22","purchased_purges":1,"victory":false,"max_hp_per_floor":[75,75,75,75,75,75,75,75,75,75,75,75,75],"card_choices":[{"not_picked":["Turbo","Hello World"],"picked":"Ball Lightning","floor":1.0},{"not_picked":["Stack","Gash"],"picked":"White Noise","floor":4.0},{"not_picked":["Hologram","Lockon","Chill"],"picked":"SKIP","floor":5.0},{"not_picked":["Consume","Beam Cell"],"picked":"Creative AI","floor":6.0},{"not_picked":["Consume","Steam"],"picked":"Capacitor","floor":10.0},{"not_picked":["Aggregate","Steam","Chill"],"picked":"SKIP","floor":11.0}],"player_experience":233913,"relics_obtained":[{"floor":6.0,"key":"Potion Belt"},{"floor":9.0,"key":"MawBank"}],"event_choices":[{"damage_healed":0.0,"max_hp_gain":0.0,"max_hp_loss":0.0,"gold_gain":75.0,"event_name":"World of Goop","player_choice":"Gather Gold","floor":3.0,"gold_loss":0.0,"damage_taken":11.0},{"damage_healed":0.0,"max_hp_gain":0.0,"max_hp_loss":0.0,"gold_gain":0.0,"event_name":"Shining Light","player_choice":"Entered Light","floor":8.0,"gold_loss":0.0,"damage_taken":15.0,"cards_upgraded":["Creative AI","Sweeping Beam"]}],"is_beta":false,"boss_relics":[],"items_purged_floors":[2],"is_endless":false,"potions_floor_spawned":[4,5,10],"killed_by":"3 Sentries","ascension_level":7}}