{"host":"ow66nzv2xecjoor3","time":1613942330,"event":{"mods":["BaseMod","Bestiary","Block Reminder","Colored Powertips","Curses Come First","Highlight Path","Keyboard Shortcuts","Minty Spire (QoL Compilation)","Permanent Neow","Relic Stats","StSLib","UnlockEverythingMod"],"gold_per_floor":[113,132,75,95,95,126,126,136,205,205,205,205],"floor_reached":11,"language":"ENG","playtime":440,"items_purged":[],"score":146,"play_id":"3b3b0083-908d-41c7-a29f-24740ee4d6b5","local_time":"20210221151850","is_ascension_mode":true,"campfire_choices":[{"data":"Underhanded Strike","floor":7.0,"key":"SMITH"}],"circlet_count":0,"master_deck":["AscendersBane","Strike_G","Strike_G","Strike_G","Strike_G","Strike_G","Defend_G","Defend_G","Defend_G","Defend_G","Defend_G","Survivor","Neutralize","Underhanded Strike+1","Acrobatics","Envenom","Backflip","Parasite"],"relics":["Snecko Eye","WingedGreaves","Meat on the Bone"],"acts_visited":["Exordium"],"potions_floor_usage":[11],"damage_taken":[{"damage":2.0,"enemies":"Jaw Worm","floor":1.0,"turns":5.0},{"damage":4.0,"enemies":"Small Slimes","floor":2.0,"turns":4.0},{"damage":3.0,"enemies":"2 Louse","floor":4.0,"turns":2.0},{"damage":29.0,"enemies":"3 Sentries","floor":6.0,"turns":10.0},{"damage":25.0,"enemies":"Exordium Thugs","floor":8.0,"turns":7.0},{"damage":29,"enemies":"Lagavulin","floor":11,"turns":8}],"seed_played":"-4231091614231696778","potions_obtained":[{"floor":2.0,"key":"Explosive Potion"},{"floor":6.0,"key":"Poison Potion"}],"is_trial":false,"path_per_floor":["M","M","$","M","?","E","R","M","T","?","E"],"character_chosen":"THE_SILENT","items_purchased":["SteroidPotion"],"campfire_rested":0,"item_purchase_floors":[3],"current_hp_per_floor":[57,53,53,50,55,26,26,1,1,18,0,0],"gold":205,"neow_bonus":"BOSS_RELIC","is_daily":false,"chose_seed":false,"campfire_upgraded":1,"win_rate":0.0,"timestamp":1613942330,"path_taken":["M","M","$","M","?","E","R","M","T","?","E"],"items_purchased_type":["Potion"],"build_version":"2020-12-22","purchased_purges":0,"victory":false,"max_hp_per_floor":[66,66,66,66,71,71,71,71,71,71,71,71],"relic_stats":{"counters":[6,36],"Snecko Eye":[63,66,58,64],"obtain_stats":[{"Snecko Eye":0,"WingedGreaves":6,"Ring of the Snake":0,"Meat on the Bone":9},{"Snecko Eye":0,"WingedGreaves":4,"Ring of the Snake":0,"Meat on the Bone":5},{"Snecko Eye":0,"WingedGreaves":21,"Ring of the Snake":0,"Meat on the Bone":28}],"Meat on the Bone":0},"card_choices":[{"not_picked":["Deflect","Caltrops"],"picked":"Underhanded Strike","floor":1.0},{"not_picked":["Deadly Poison","Footwork"],"picked":"Acrobatics","floor":2.0},{"not_picked":["Bane","Backflip"],"picked":"Envenom","floor":4.0},{"not_picked":["PiercingWail","Calculated Gamble"],"picked":"Backflip","floor":6.0},{"not_picked":["Blade Dance","Deadly Poison","Accuracy"],"picked":"SKIP","floor":8.0}],"player_experience":2934524,"relics_obtained":[{"floor":6.0,"key":"WingedGreaves"},{"floor":9.0,"key":"Meat on the Bone"}],"event_choices":[{"damage_healed":0.0,"max_hp_gain":5.0,"max_hp_loss":0.0,"gold_gain":0.0,"event_name":"Big Fish","player_choice":"Donut","floor":5.0,"gold_loss":0.0,"damage_taken":0.0},{"damage_healed":17,"gold_gain":0,"player_choice":"Healed and dodged fight","damage_taken":0,"max_hp_gain":0,"max_hp_loss":0,"event_name":"Mushrooms","floor":10,"gold_loss":0,"cards_obtained":["Parasite"]}],"is_beta":false,"boss_relics":[],"items_purged_floors":[],"is_endless":false,"potions_floor_spawned":[2,6],"killed_by":"Lagavulin","ascension_level":20}}