{"host":"g3js2eermvvpeiqn","time":1613890100,"event":{"mods":["BaseMod","DeckTracker","Downfall","Minty Spire (QoL Compilation)","Quick Restart","StSLib"],"gold_per_floor":[11,11,11,27,46,78,78,78,78,78,90,90,100,128,128,203,203,216,229,97,109,17,50,63,63,63],"floor_reached":25,"language":"ENG","playtime":1656,"items_purged":["Strike_R"],"score":466,"play_id":"3d4e6718-1c38-4952-abe3-87be1138cfa3","local_time":"20210221004820","is_ascension_mode":true,"campfire_choices":[{"data":"Carnage","floor":7.0,"key":"SMITH"},{"data":"Seeing Red","floor":10.0,"key":"SMITH"},{"data":"Bash","floor":12.0,"key":"SMITH"},{"data":"Battle Trance","floor":15.0,"key":"SMITH"}],"circlet_count":0,"master_deck":["AscendersBane","Strike_R","Strike_R","Strike_R","Defend_R","Defend_R","Defend_R","Bash+1","Carnage+1","Battle Trance+1","Flame Barrier","Seeing Red+1","Fire Breathing","Immolate","Body Slam+1","Spot Weakness","True Grit","Battle Trance","Armaments+1"],"relics":["Burning Blood","Calipers","FossilizedHelix","Eternal Feather","Slimebound:PreparedRelic","Unceasing Top","Empty Cage","Pantograph","Ornamental Fan"],"acts_visited":["Exordium","TheCity"],"potions_floor_usage":[25,25],"damage_taken":[{"damage":16.0,"enemies":"Jaw Worm","floor":1.0,"turns":5.0},{"damage":0.0,"enemies":"Cultist","floor":4.0,"turns":2.0},{"damage":7.0,"enemies":"2 Louse","floor":5.0,"turns":3.0},{"damage":17.0,"enemies":"3 Sentries","floor":6.0,"turns":12.0},{"damage":11.0,"enemies":"Lots of Slimes","floor":11.0,"turns":5.0},{"damage":0.0,"enemies":"Blue Slaver","floor":13.0,"turns":2.0},{"damage":8.0,"enemies":"Lagavulin","floor":14.0,"turns":5.0},{"damage":9.0,"enemies":"Slime Boss","floor":16.0,"turns":9.0},{"damage":10.0,"enemies":"3 Byrds","floor":18.0,"turns":3.0},{"damage":0.0,"enemies":"Spheric Guardian","floor":19.0,"turns":3.0},{"damage":21.0,"enemies":"Centurion and Healer","floor":21.0,"turns":7.0},{"damage":18.0,"enemies":"Gremlin Leader","floor":23.0,"turns":4.0},{"damage":21.0,"enemies":"Sentry and Sphere","floor":24.0,"turns":5.0},{"damage":33,"enemies":"Book of Stabbing","floor":25,"turns":5}],"seed_played":"665543796483497250","potions_obtained":[{"floor":1.0,"key":"champ:CounterPotion"},{"floor":2.0,"key":"HeartOfIron"},{"floor":14.0,"key":"Explosive Potion"},{"floor":16.0,"key":"DuplicationPotion"},{"floor":18.0,"key":"CultistPotion"}],"is_trial":false,"path_per_floor":["M","?","$","M","M","E","R","T","T","R","M","R","M","E","R","B",null,"M","M","$","M","?","E","M","E"],"character_chosen":"IRONCLAD","items_purchased":["True Grit"],"campfire_rested":0,"item_purchase_floors":[20],"current_hp_per_floor":[58,58,58,64,63,52,52,52,52,61,56,65,71,69,75,72,74,70,75,75,60,60,48,33,0,0],"gold":63,"neow_bonus":"ONE_RARE_RELIC","is_daily":false,"chose_seed":false,"campfire_upgraded":4,"win_rate":0.0,"timestamp":1613890100,"path_taken":["M","?","?","M","M","E","R","?","T","R","M","R","M","E","R","BOSS","M","M","$","M","?","E","?","E"],"items_purchased_type":["Card"],"build_version":"2020-12-22","purchased_purges":1,"victory":false,"max_hp_per_floor":[75,75,75,75,75,75,75,75,75,75,75,75,75,75,75,75,75,75,75,75,75,75,75,75,75,75],"card_choices":[{"not_picked":["Reckless Charge","Body Slam"],"picked":"Carnage","floor":1.0},{"not_picked":["Headbutt","Twin Strike"],"picked":"Battle Trance","floor":4.0},{"not_picked":["Cleave","Armaments"],"picked":"Flame Barrier","floor":5.0},{"not_picked":["Twin Strike","Bloodletting"],"picked":"Seeing Red","floor":6.0},{"not_picked":["Infernal Blade","Ghostly Armor"],"picked":"Fire Breathing","floor":11.0},{"not_picked":["Metallicize","Clash","Clothesline"],"picked":"SKIP","floor":13.0},{"not_picked":["Rupture","Anger","Combust"],"picked":"SKIP","floor":14.0},{"not_picked":["Corruption","Fiend Fire"],"picked":"Immolate","floor":16.0},{"not_picked":["Flame Barrier","Rupture"],"picked":"Body Slam+1","floor":18.0},{"not_picked":["Twin Strike","Second Wind"],"picked":"Spot Weakness","floor":19.0},{"not_picked":["Cleave","Havoc","Combust"],"picked":"SKIP","floor":21.0},{"not_picked":["Burning Pact","Rage+1"],"picked":"Battle Trance","floor":23.0},{"not_picked":["Flame Barrier+1","Havoc"],"picked":"Armaments+1","floor":24.0}],"player_experience":1531468,"relics_obtained":[{"floor":6.0,"key":"FossilizedHelix"},{"floor":8.0,"key":"Eternal Feather"},{"floor":9.0,"key":"Slimebound:PreparedRelic"},{"floor":14.0,"key":"Unceasing Top"},{"floor":23.0,"key":"Ornamental Fan"}],"event_choices":[{"damage_healed":0.0,"max_hp_gain":0.0,"max_hp_loss":0.0,"gold_gain":0.0,"event_name":"Lab","player_choice":"Got Potions","floor":2.0,"gold_loss":0.0,"damage_taken":0.0},{"damage_healed":0.0,"max_hp_gain":0.0,"max_hp_loss":0.0,"gold_gain":0.0,"event_name":"WeMeetAgain","player_choice":"Paid Gold","floor":22.0,"gold_loss":92.0,"damage_taken":0.0,"relics_obtained":["Pantograph"]}],"is_beta":false,"boss_relics":[{"not_picked":["Ectoplasm","Tiny House"],"picked":"Empty Cage"}],"items_purged_floors":[20],"is_endless":false,"potions_floor_spawned":[1,4,14,16,18,19,21],"killed_by":"Book of Stabbing","ascension_level":20}}