{"host":"ur8591ivwt16uwtw","time":1613928289,"event":{"mods":["BaseMod","Hubris","Minty Spire (QoL Compilation)","Rare Cards Sparkle","Replay The Spire","StSLib","The Bug Knight","The Cursed","The Disciple","The Hierophant","The Runesmith"],"gold_per_floor":[114,114,127,145,155,155,166,196,196,221,234,249,324,350,350,455,455,424,424],"floor_reached":18,"language":"ENG","playtime":1324,"items_purged":[],"score":222,"play_id":"518d7e49-dfc2-493c-9a86-06109ce58e04","local_time":"20210221182449","is_ascension_mode":true,"campfire_choices":[{"data":"Runesmith:Fortify","floor":6,"key":"SMITH"},{"data":"Runesmith:CraftFirestone","floor":15,"key":"SMITH"}],"circlet_count":0,"master_deck":["Runesmith:Strike_RS","Runesmith:Strike_RS","Runesmith:Strike_RS","Runesmith:Strike_RS","Runesmith:Defend_RS","Runesmith:Defend_RS","Runesmith:Defend_RS","Runesmith:Defend_RS","Runesmith:CraftFirestone+1","Runesmith:Fortify+1","Runesmith:EnergizedChisel","Runesmith:Refine","Runesmith:Augment","Runesmith:Electrocute","Runesmith:LightningRod","Runesmith:EarthShield","Runesmith:LastStand"],"relics":["Runesmith:BrokenRuby","BranchBurnRelic","Orichalcum","Oddly Smooth Stone","Runesmith:EmergencyProvisions","Iron Hammer","ChewingGum"],"acts_visited":["Exordium","TheCity"],"potions_floor_usage":[14,14],"damage_taken":[{"damage":0,"enemies":"Jaw Worm","floor":1,"turns":4},{"damage":2,"enemies":"Cultist","floor":3,"turns":5},{"damage":0,"enemies":"Small Slimes","floor":4,"turns":3},{"damage":4,"enemies":"2 Fungi Beasts","floor":5,"turns":4},{"damage":16,"enemies":"Exordium Wildlife","floor":7,"turns":6},{"damage":4,"enemies":"Lagavulin","floor":8,"turns":7},{"damage":2,"enemies":"HollowMod:MossKnight","floor":10,"turns":10},{"damage":1,"enemies":"Looter","floor":11,"turns":4},{"damage":0,"enemies":"3 Louse","floor":12,"turns":4},{"damage":0,"enemies":"3 Sentries","floor":14,"turns":7},{"damage":1,"enemies":"The Guardian","floor":16,"turns":14},{"damage":0,"enemies":"2 Thieves","floor":18,"turns":5}],"seed_played":"7740163499050414418","potions_obtained":[{"floor":1,"key":"Explosive Potion"},{"floor":2,"key":"Block Potion"},{"floor":2,"key":"Reflective Coating"},{"floor":10,"key":"AttackPotion"},{"floor":18,"key":"Adrenaline Potion"}],"is_trial":false,"path_per_floor":["M","?","M","M","M","R","M","E","T","E","M","M","?","E","R","B",null,"M"],"character_chosen":"RUNESMITH_CLASS","items_purchased":[],"campfire_rested":0,"item_purchase_floors":[],"current_hp_per_floor":[49,49,47,47,43,43,42,38,38,36,35,35,24,24,24,38,70,70,70],"gold":424,"neow_bonus":"ONE_RARE_RELIC","is_daily":false,"chose_seed":false,"campfire_upgraded":2,"win_rate":0.0,"timestamp":1613928289,"path_taken":["M","?","M","M","M","R","M","E","T","E","?","M","?","E","R","BOSS","M"],"items_purchased_type":[],"build_version":"2020-12-22","purchased_purges":0,"victory":false,"max_hp_per_floor":[70,70,70,70,70,70,70,70,70,70,70,70,70,70,70,70,70,70,70],"card_choices":[{"not_picked":["Runesmith:FieryHammer","Runesmith:Repurpose"],"picked":"Runesmith:EnergizedChisel","floor":1},{"not_picked":["Runesmith:Retool","Runesmith:RuneHurl","Runesmith:ChargedHammer"],"picked":"SKIP","floor":3},{"not_picked":["Runesmith:HammerThrow","Runesmith:ChiselStab"],"picked":"Runesmith:Refine","floor":4},{"not_picked":["Runesmith:ChiselStab","Runesmith:HammerTime"],"picked":"Runesmith:Augment","floor":5},{"not_picked":["Runesmith:Attraction","Runesmith:Electrocute","Runesmith:NanitesCloud"],"picked":"SKIP","floor":7},{"not_picked":["Runesmith:Attraction","Runesmith:NanitesCloud"],"picked":"Runesmith:Electrocute","floor":7},{"not_picked":["Runesmith:CraftSpiculum","Runesmith:EnergizedChisel"],"picked":"Runesmith:LightningRod","floor":8},{"not_picked":["Runesmith:BackupBattery","Runesmith:Overpower"],"picked":"Runesmith:EarthShield","floor":10},{"not_picked":["Runesmith:Grindstone","Runesmith:Malloc","Runesmith:Refine"],"picked":"SKIP","floor":11},{"not_picked":["Runesmith:CraftMagma","Runesmith:ChiselStab","Runesmith:StaticCage"],"picked":"SKIP","floor":12},{"not_picked":["Runesmith:ElementalConversion","Runesmith:DoubleUp","Runesmith:ChiselStab"],"picked":"SKIP","floor":14},{"not_picked":["Runesmith:GenerateForcefield","Runesmith:CraftPrismatica"],"picked":"Runesmith:LastStand","floor":16}],"player_experience":2438062,"relics_obtained":[{"floor":8,"key":"Orichalcum"},{"floor":9,"key":"Oddly Smooth Stone"},{"floor":10,"key":"Runesmith:EmergencyProvisions"},{"floor":14,"key":"Iron Hammer"}],"event_choices":[{"damage_healed":0,"gold_gain":0,"player_choice":"Got Potions","damage_taken":0,"max_hp_gain":0,"max_hp_loss":0,"event_name":"Lab","floor":2,"gold_loss":0},{"damage_healed":0,"gold_gain":75,"player_choice":"Gather Gold","damage_taken":11,"max_hp_gain":0,"max_hp_loss":0,"event_name":"World of Goop","floor":13,"gold_loss":0}],"is_beta":false,"boss_relics":[{"not_picked":["Replay:Drink Me","Replay:Ancient Bell"],"picked":"ChewingGum"}],"items_purged_floors":[],"is_endless":false,"potions_floor_spawned":[1,5,8,10,12,18],"killed_by":"2 Thieves","ascension_level":1}}