{"host":"l3qq6dhgi17n1wbp","time":1613942977,"event":{"mods":["BaseMod","Colored Map","Minty Spire (QoL Compilation)","SuperFastMode"],"gold_per_floor":[113,288,14,33,33,58,70,101,101,101,120,130,162,172,172,274,274,293,328,328,15,27,57,57,91,138,150,166,166,91,119,119,220,270,287,338,338,338,358,358,375,407,452,469,479,495,86,86,86,86,86],"floor_reached":50,"language":"KOR","playtime":1436,"items_purged":["Doubt"],"score":955,"play_id":"2f26b1a8-c8e7-4e92-8a9a-995ebf1e5303","local_time":"20210222062937","is_ascension_mode":true,"campfire_choices":[{"floor":10,"key":"REST"},{"floor":15,"key":"REST"},{"data":"Adrenaline","floor":24,"key":"SMITH"},{"data":"Doppelganger","floor":29,"key":"SMITH"},{"data":"Cloak And Dagger","floor":32,"key":"SMITH"},{"floor":40,"key":"REST"},{"floor":49,"key":"REST"}],"circlet_count":0,"master_deck":["Strike_G","Strike_G","Strike_G","Defend_G+1","Defend_G+1","Defend_G","Defend_G","Defend_G+1","Survivor","Neutralize","Quick Slash","Sucker Punch","Blade Dance","Backflip","PiercingWail","Cloak And Dagger","Dagger Spray","Heel Hook","Doppelganger+1","Flying Knee+1","Dagger Spray","Adrenaline+1","Cloak And Dagger+1","Cloak And Dagger","Blade Dance","Poisoned Stab","Blade Dance+1","Storm of Steel+1","Cloak And Dagger+1","Finisher+1","Blur+1","Flash of Steel","Cloak And Dagger+1","Cloak And Dagger+1","Finisher"],"relics":["Ring of the Snake","NeowsBlessing","Vajra","Bottled Flame","Question Card","Ninja Scroll","Oddly Smooth Stone","WristBlade","Red Mask","TungstenRod","Omamori","White Beast Statue","Happy Flower","Calipers","Tiny House","Turnip","War Paint","Boot","Sling","InkBottle"],"acts_visited":["Exordium","TheCity","TheBeyond"],"potions_floor_usage":[13,13,16,16,23,27,28,33,33,42,42,45,50,50,50],"damage_taken":[{"damage":0,"enemies":"Cultist","floor":1,"turns":1},{"damage":0,"enemies":"Small Slimes","floor":4,"turns":1},{"damage":0,"enemies":"Gremlin Nob","floor":6,"turns":1},{"damage":2,"enemies":"2 Louse","floor":7,"turns":2},{"damage":31,"enemies":"3 Sentries","floor":8,"turns":8},{"damage":6,"enemies":"Large Slime","floor":11,"turns":3},{"damage":5,"enemies":"Gremlin Gang","floor":12,"turns":3},{"damage":0,"enemies":"Gremlin Nob","floor":13,"turns":2},{"damage":0,"enemies":"Blue Slaver","floor":14,"turns":1},{"damage":34,"enemies":"Hexaghost","floor":16,"turns":12},{"damage":5,"enemies":"Spheric Guardian","floor":18,"turns":3},{"damage":3,"enemies":"Masked Bandits","floor":19,"turns":3},{"damage":4,"enemies":"3 Byrds","floor":22,"turns":3},{"damage":0,"enemies":"Slavers","floor":23,"turns":3},{"damage":13,"enemies":"Book of Stabbing","floor":25,"turns":4},{"damage":5,"enemies":"Shelled Parasite and Fungi","floor":27,"turns":4},{"damage":0,"enemies":"3 Cultists","floor":28,"turns":5},{"damage":0,"enemies":"Slavers","floor":31,"turns":3},{"damage":59,"enemies":"Collector","floor":33,"turns":8},{"damage":8,"enemies":"3 Darklings","floor":35,"turns":3},{"damage":0,"enemies":"2 Orb Walkers","floor":36,"turns":3},{"damage":28,"enemies":"3 Shapes","floor":39,"turns":4},{"damage":0,"enemies":"Spire Growth","floor":41,"turns":2},{"damage":0,"enemies":"Reptomancer","floor":42,"turns":2},{"damage":25,"enemies":"Maw","floor":44,"turns":5},{"damage":5,"enemies":"3 Darklings","floor":45,"turns":2},{"damage":0,"enemies":"Sphere and 2 Shapes","floor":46,"turns":7},{"damage":42,"enemies":"Time Eater","floor":50,"turns":5}],"seed_played":"-5773214726700615117","potions_obtained":[{"floor":1,"key":"FearPotion"},{"floor":11,"key":"SpeedPotion"},{"floor":12,"key":"BlessingOfTheForge"},{"floor":13,"key":"PowerPotion"},{"floor":14,"key":"Weak Potion"},{"floor":18,"key":"Block Potion"},{"floor":19,"key":"Block Potion"},{"floor":25,"key":"Regen Potion"},{"floor":27,"key":"Regen Potion"},{"floor":28,"key":"Dexterity Potion"},{"floor":31,"key":"FairyPotion"},{"floor":33,"key":"DistilledChaos"},{"floor":34,"key":"SteroidPotion"},{"floor":35,"key":"SmokeBomb"},{"floor":36,"key":"PowerPotion"},{"floor":39,"key":"Energy Potion"},{"floor":41,"key":"AttackPotion"},{"floor":42,"key":"Dexterity Potion"},{"floor":44,"key":"PowerPotion"},{"floor":45,"key":"FearPotion"},{"floor":46,"key":"Strength Potion"}],"is_trial":false,"path_per_floor":["M","?","$","M","?","E","M","E","T","R","M","M","E","M","R","B",null,"M","?","?","$","M","E","R","E","T","M","M","R","?","E","R","B",null,"M","?","?","?","M","R","M","E","T","M","M","M","$","?","R","B"],"character_chosen":"THE_SILENT","items_purchased":["Vajra","Sucker Punch","TungstenRod","Sling","InkBottle"],"campfire_rested":4,"item_purchase_floors":[3,3,21,47,47],"current_hp_per_floor":[63,63,63,63,63,63,61,30,30,51,45,40,40,40,61,27,59,54,51,44,44,40,40,40,27,27,34,48,48,48,48,48,21,63,55,55,55,55,27,49,49,49,49,24,19,19,19,19,41,0,0],"gold":86,"neow_bonus":"THREE_ENEMY_KILL","is_daily":false,"chose_seed":false,"campfire_upgraded":3,"win_rate":0.0,"timestamp":1613942977,"path_taken":["M","?","$","M","?","E","M","E","T","R","M","M","E","?","R","BOSS","M","?","?","$","?","E","R","E","T","M","M","R","?","E","R","BOSS","M","?","?","?","M","R","M","E","T","?","M","M","$","?","R","BOSS"],"items_purchased_type":["Relic","Card","Relic","Relic","Relic"],"build_version":"2020-12-22","purchased_purges":1,"victory":false,"max_hp_per_floor":[70,70,70,70,70,70,70,70,70,70,70,70,70,70,70,70,70,70,70,70,70,70,70,70,70,70,70,70,70,70,70,70,70,75,75,75,75,75,75,75,75,75,75,75,75,75,75,75,75,75,75],"card_choices":[{"not_picked":["Outmaneuver","PiercingWail"],"picked":"Quick Slash","floor":1},{"not_picked":["Outmaneuver","Footwork"],"picked":"Blade Dance","floor":4},{"not_picked":["Well Laid Plans","Dash"],"picked":"PiercingWail","floor":6},{"not_picked":["Prepared","Distraction","Leg Sweep"],"picked":"SKIP","floor":7},{"not_picked":["Expertise","Skewer"],"picked":"Cloak And Dagger","floor":8},{"not_picked":["Backflip","Deadly Poison","Outmaneuver"],"picked":"Dagger Spray","floor":11},{"not_picked":["Leg Sweep","PiercingWail","Prepared","Slice"],"picked":"SKIP","floor":12},{"not_picked":["Dagger Spray","Phantasmal Killer","Slice"],"picked":"Heel Hook","floor":13},{"not_picked":["Tactician","Backflip","Caltrops","Acrobatics"],"picked":"SKIP","floor":14},{"not_picked":["Bullet Time","Burst","Corpse Explosion"],"picked":"Doppelganger","floor":16},{"not_picked":["Blur","Acrobatics","Concentrate"],"picked":"Flying Knee+1","floor":18},{"not_picked":["PiercingWail","Skewer","Tactician"],"picked":"Dagger Spray","floor":19},{"not_picked":["Poisoned Stab","Terror","Acrobatics"],"picked":"Adrenaline","floor":22},{"not_picked":["PiercingWail","Eviscerate","Quick Slash"],"picked":"Cloak And Dagger","floor":23},{"not_picked":["Backflip","A Thousand Cuts","Acrobatics+1"],"picked":"Cloak And Dagger","floor":25},{"not_picked":["PiercingWail","Crippling Poison+1","Underhanded Strike+1"],"picked":"Blade Dance","floor":27},{"not_picked":["Backflip","Corpse Explosion","Predator"],"picked":"Poisoned Stab","floor":28},{"not_picked":["Quick Slash","Dodge and Roll","Tactician"],"picked":"Blade Dance+1","floor":31},{"not_picked":["Glass Knife","Die Die Die","Adrenaline"],"picked":"Storm of Steel","floor":33},{"not_picked":["PiercingWail","Dagger Spray","Predator"],"picked":"Cloak And Dagger+1","floor":34},{"not_picked":["All Out Attack+1","Deadly Poison","Outmaneuver"],"picked":"Finisher+1","floor":35},{"not_picked":["Reflex","Eviscerate","Backflip"],"picked":"Blur+1","floor":36},{"not_picked":["Secret Weapon","Purity","Swift Strike"],"picked":"Flash of Steel","floor":37},{"not_picked":["Finisher+1","Riddle With Holes","Dagger Spray+1"],"picked":"Cloak And Dagger+1","floor":39},{"not_picked":["Underhanded Strike+1","Well Laid Plans+1","Flying Knee+1"],"picked":"Blade Dance+1","floor":41},{"not_picked":["Dagger Spray+1","Bane","Riddle With Holes+1"],"picked":"Cloak And Dagger+1","floor":42},{"not_picked":["Flying Knee+1","Setup+1","Skewer","Flechettes"],"picked":"SKIP","floor":44},{"not_picked":["Quick Slash","Blur","Bouncing Flask","Heel Hook"],"picked":"SKIP","floor":45},{"not_picked":["Caltrops+1","Masterful Stab+1","All Out Attack"],"picked":"Finisher","floor":46}],"player_experience":236182,"relics_obtained":[{"floor":6,"key":"Bottled Flame"},{"floor":8,"key":"Question Card"},{"floor":9,"key":"Ninja Scroll"},{"floor":13,"key":"Oddly Smooth Stone"},{"floor":19,"key":"Red Mask"},{"floor":23,"key":"Omamori"},{"floor":25,"key":"White Beast Statue"},{"floor":26,"key":"Happy Flower"},{"floor":31,"key":"Calipers"},{"floor":36,"key":"Turnip"},{"floor":42,"key":"War Paint"},{"floor":43,"key":"Boot"}],"event_choices":[{"damage_healed":0,"gold_gain":175,"player_choice":"AGREE","damage_taken":0,"max_hp_gain":0,"max_hp_loss":0,"event_name":"Liars Game","floor":2,"gold_loss":0,"cards_obtained":["Doubt"]},{"damage_healed":0,"gold_gain":0,"cards_transformed":["Strike_G"],"player_choice":"Transformed","damage_taken":0,"max_hp_gain":0,"max_hp_loss":0,"event_name":"Transmorgrifier","floor":5,"gold_loss":0,"cards_obtained":["Backflip"]},{"damage_healed":0,"gold_gain":0,"player_choice":"Fought Bandits","damage_taken":0,"max_hp_gain":0,"max_hp_loss":0,"event_name":"Masked Bandits","floor":19,"gold_loss":0},{"damage_healed":0,"gold_gain":0,"player_choice":"Damaged","damage_taken":7,"max_hp_gain":0,"max_hp_loss":0,"event_name":"Wheel of Change","floor":20,"gold_loss":0},{"cards_removed":["Strike_G"],"damage_healed":0,"gold_gain":0,"player_choice":"Gave Gold","damage_taken":0,"max_hp_gain":0,"max_hp_loss":0,"event_name":"Beggar","floor":30,"gold_loss":75},{"damage_healed":0,"gold_gain":0,"player_choice":"Fight","damage_taken":0,"max_hp_gain":0,"max_hp_loss":0,"event_name":"Mysterious Sphere","floor":36,"gold_loss":0},{"damage_healed":0,"gold_gain":0,"player_choice":"Memory 1","damage_taken":0,"max_hp_gain":0,"max_hp_loss":0,"event_name":"SensoryStone","floor":37,"gold_loss":0},{"damage_healed":0,"gold_gain":0,"player_choice":"Forge","damage_taken":0,"max_hp_gain":0,"max_hp_loss":0,"event_name":"Accursed Blacksmith","floor":38,"gold_loss":0,"cards_upgraded":["Storm of Steel"]},{"cards_removed":["Blade Dance"],"damage_healed":0,"gold_gain":0,"player_choice":"Removed Skill","damage_taken":0,"max_hp_gain":0,"max_hp_loss":0,"event_name":"Falling","floor":48,"gold_loss":0}],"is_beta":false,"boss_relics":[{"not_picked":["Snecko Eye","Philosopher\u0027s Stone"],"picked":"WristBlade"},{"not_picked":["SlaversCollar","HoveringKite"],"picked":"Tiny House"}],"items_purged_floors":[3],"is_endless":false,"potions_floor_spawned":[1,11,12,13,14,18,19,25,27,28,31,33,35,36,39,41,42,44,45,46],"killed_by":"Time Eater","ascension_level":6}}