{"host":"cd25ms2o8pjhjp7m","time":1613913681,"event":{"mods":["Aspiration","BaseMod","Bestiary","Better Third Choice","BetterRewards","Conspire","Curses Come First","Friendly Minions","GifTheSpireLib","Hubris","Infinite Spire","Minty Spire (QoL Compilation)","Rare Cards Sparkle","Relic Stats","Reliquary","Replay The Spire","Robot Space Explorer","StSLib","The Poker Player","The Runesmith","Uncapped","[IsaacMod]????","??????REMEMod"],"gold_per_floor":[119,92,92,92,104,104,116,142,219,219,219,254,265,40,40,10,10,130,130,144,69,99,99,117,117,117,131,201,214,214,249,249,249,249,369,369,403,403,403,58,89,89,102,152,152,152,152,165,24,40,40,40,40],"floor_reached":52,"language":"DEU","playtime":2408,"items_purged":["Eruption","Dramatic Entrance","conspire:GhostlyStrike"],"score":595,"play_id":"9e127acf-62bd-424c-ae6d-9cc5ea5b9533","local_time":"20210221142121","is_ascension_mode":false,"campfire_choices":[{"floor":17,"key":"REST"},{"data":"DevaForm","floor":25,"key":"SMITH"},{"data":"DoctorFetus","floor":30,"key":"SMITH"},{"data":"Replay:LoomingThreat","floor":32,"key":"SMITH"},{"data":"ThirdEye","floor":34,"key":"SMITH"},{"data":"BettingIsNotGood","floor":42,"key":"SMITH"},{"floor":46,"key":"REST"},{"floor":51,"key":"RECALL"}],"circlet_count":0,"master_deck":["conspire:GhostlyDefend","conspire:GhostlyDefend","conspire:GhostlyDefend","Vigilance","BettingIsNotGood+1","DoctorFetus+1","Evaluate+1","Replay:AtTheReady","ThirdEye+1","ReachHeaven","Evaluate+1","Protect+1","DevaForm+1","Vault+1","BattleHymn+1","BloodyBrimstone","Replay:DivineShield+1","Replay:Battleflow+1","Replay:LoomingThreat+1","Omniscience+1","ClearTheMind+1","Collect+1","Replay:AllIn+1","EmptyBody+1","SpiritShield+1","Alpha+1"],"relics":["PureWater","REME_ComplimentaryCards","HushsDoor","Chaos","NeowsBlessing","betterThird:SlimedRelic","hubris:Towel","Toxic Egg 2","REME_PuzzleBoxRelic","infinitespire:CheckeredPen","GuppysTail","GuppysHead","JudasShadow","conspire:GiftBox","Strawberry","conspire:BottledYoYo","Runic Pyramid","conspire:Dentures","RottenBaby","reliquary:FeatherDuster","Damocles","REME_HandOfSuture","Bottled Tornado","hubris:TerracottaHorce"],"acts_visited":["Exordium","TheCity","TheBeyond"],"potions_floor_usage":[18,21,22,31,41,44],"damage_taken":[{"damage":0,"enemies":"Cultist","floor":1,"turns":1},{"damage":0,"enemies":"Jaw Worm","floor":5,"turns":1},{"damage":0,"enemies":"2 Louse","floor":7,"turns":1},{"damage":45,"enemies":"Gremlin Nob","floor":8,"turns":5},{"damage":0,"enemies":"2 Fungi Beasts","floor":12,"turns":7},{"damage":10,"enemies":"Large Slime","floor":13,"turns":4},{"damage":0,"enemies":"Looter","floor":16,"turns":4},{"damage":0,"enemies":"Slime Boss","floor":18,"turns":6},{"damage":7,"enemies":"3 Byrds","floor":20,"turns":3},{"damage":0,"enemies":"2 Thieves","floor":21,"turns":6},{"damage":6,"enemies":"Cultist and Chosen","floor":22,"turns":8},{"damage":0,"enemies":"Snecko","floor":24,"turns":3},{"damage":5,"enemies":"Snake Plant","floor":27,"turns":4},{"damage":0,"enemies":"conspire:HollyBat","floor":29,"turns":8},{"damage":0,"enemies":"REME_1_Revenger","floor":31,"turns":5},{"damage":0,"enemies":"conspire:MysteriousRune","floor":35,"turns":7},{"damage":0,"enemies":"3 Shapes","floor":37,"turns":7},{"damage":10,"enemies":"3 Darklings","floor":41,"turns":4},{"damage":1,"enemies":"Writhing Mass","floor":43,"turns":4},{"damage":13,"enemies":"Hiden Room Battle","floor":44,"turns":4},{"damage":3,"enemies":"Maw","floor":48,"turns":7},{"damage":38,"enemies":"Jaw Worm Horde","floor":50,"turns":4},{"damage":0,"enemies":"conspire:OrnateMirror","floor":52,"turns":2}],"seed_played":"2683386061177977488","potions_obtained":[{"floor":8,"key":"SmokeBomb"},{"floor":13,"key":"PowerPotion"},{"floor":18,"key":"Block Potion"},{"floor":20,"key":"LiquidBronze"},{"floor":22,"key":"Reflective Coating"},{"floor":27,"key":"Regen Potion"},{"floor":38,"key":"DistilledChaos"},{"floor":38,"key":"Regen Potion"},{"floor":38,"key":"BottledMiracle"},{"floor":43,"key":"LiquidMemories"},{"floor":50,"key":"SteroidPotion"}],"is_trial":false,"path_per_floor":["M","?","?","?","M","?","M","E","T","PTL","PTL","M","M","$","?","M","R","B",null,"M","M","M","?","M","R","?","M","T","M","R","E","R","?","R","B",null,"M","?","?","$","M","R","M","?","T","R","T","M","$","M","R","B"],"character_chosen":"WATCHER","items_purchased":["REME_PuzzleBoxRelic","GuppysTail","GuppysHead","Vault+1","conspire:BottledYoYo","conspire:Dentures","SpiritShield+1"],"campfire_rested":2,"item_purchase_floors":[14,19,19,19,36,40,49],"current_hp_per_floor":[72,61,61,61,61,61,61,16,16,16,16,16,6,6,6,6,27,27,49,42,42,39,39,39,39,39,34,34,34,34,49,49,49,49,49,44,44,44,44,44,31,31,30,17,17,28,28,25,25,1,1,0,0],"gold":40,"neow_bonus":"THREE_ENEMY_KILL","is_daily":false,"chose_seed":false,"campfire_upgraded":5,"win_rate":0.0,"timestamp":1613913681,"path_taken":["M","?","?","?","M","?","M","E","T","PTL","PTL","M","M","$","?","M","R","BOSS","M","M","M","?","M","R","?","M","T","?","R","E","R","?","R","BOSS","M","?","?","?","M","R","M","?","T","R","?","M","$","M","R","BOSS"],"items_purchased_type":["Relic","Relic","Relic","Card","Relic","Relic","Card"],"build_version":"2020-12-22","purchased_purges":3,"victory":false,"max_hp_per_floor":[72,72,72,72,72,72,72,72,72,72,72,72,72,72,72,72,72,72,49,49,49,52,52,52,52,52,52,52,52,52,50,50,50,50,50,44,44,44,44,44,41,41,38,38,38,38,38,38,38,1,1,1,1],"relic_stats":{"counters":[23,105],"obtain_stats":[{"Chaos":0,"GuppysTail":19,"reliquary:FeatherDuster":44,"Damocles":45,"Bottled Tornado":48,"hubris:TerracottaHorce":50,"Strawberry":36,"Toxic Egg 2":8,"Runic Pyramid":37,"KeepersGift":0,"conspire:Dentures":40,"NeowsBlessing":0,"JudasShadow":28,"RottenBaby":44,"infinitespire:CheckeredPen":19,"hubris:Towel":6,"conspire:GiftBox":31,"betterThird:SlimedRelic":2,"REME_HandOfSuture":47,"conspire:BottledYoYo":36,"GuppysHead":19,"PureWater":0,"REME_PuzzleBoxRelic":14,"HushsDoor":0,"REME_ComplimentaryCards":0},{"Chaos":0,"GuppysTail":8,"reliquary:FeatherDuster":20,"Damocles":20,"Bottled Tornado":21,"hubris:TerracottaHorce":22,"Strawberry":16,"Toxic Egg 2":4,"Runic Pyramid":17,"KeepersGift":0,"conspire:Dentures":17,"NeowsBlessing":0,"JudasShadow":13,"RottenBaby":20,"infinitespire:CheckeredPen":8,"hubris:Towel":2,"conspire:GiftBox":15,"betterThird:SlimedRelic":1,"REME_HandOfSuture":20,"conspire:BottledYoYo":16,"GuppysHead":8,"PureWater":0,"REME_PuzzleBoxRelic":6,"HushsDoor":0,"REME_ComplimentaryCards":0},{"Chaos":0,"GuppysTail":29,"reliquary:FeatherDuster":92,"Damocles":92,"Bottled Tornado":99,"hubris:TerracottaHorce":103,"Strawberry":73,"Toxic Egg 2":8,"Runic Pyramid":79,"KeepersGift":0,"conspire:Dentures":80,"NeowsBlessing":0,"JudasShadow":53,"RottenBaby":92,"infinitespire:CheckeredPen":29,"hubris:Towel":2,"conspire:GiftBox":66,"betterThird:SlimedRelic":1,"REME_HandOfSuture":92,"conspire:BottledYoYo":73,"GuppysHead":29,"PureWater":0,"REME_PuzzleBoxRelic":19,"HushsDoor":0,"REME_ComplimentaryCards":0}]},"card_choices":[{"not_picked":[],"picked":"BettingIsNotGood","floor":0},{"not_picked":["InnerPeace","Protect"],"picked":"Evaluate","floor":1},{"not_picked":["Conclude","PathToVictory"],"picked":"Replay:AtTheReady","floor":5},{"not_picked":["CutThroughFate","FlurryOfBlows"],"picked":"ThirdEye","floor":7},{"not_picked":["FollowUp","Replay:BluntJabs"],"picked":"ReachHeaven","floor":8},{"not_picked":["ClearTheMind+1","Crescendo+1"],"picked":"Evaluate+1","floor":12},{"not_picked":["Consecrate","SignatureMove"],"picked":"Protect+1","floor":13},{"not_picked":["Crescendo+1","Replay:BluntJabs"],"picked":"Replay:DivineShield+1","floor":16},{"not_picked":["Replay:LoomingThreat","Alpha+1"],"picked":"DevaForm","floor":18},{"not_picked":["SignatureMove","FlurryOfBlows"],"picked":"BattleHymn+1","floor":20},{"not_picked":["CrushJoints+1","Wireheading","Replay:ManipulateFuture+1"],"picked":"SKIP","floor":21},{"not_picked":["ThirdEye+1","PathToVictory+1","Halt+1"],"picked":"SKIP","floor":22},{"not_picked":["EmptyBody+1","Prostrate+1"],"picked":"Replay:DivineShield+1","floor":24},{"not_picked":["LikeWater","FlyingSleeves+1"],"picked":"Replay:Battleflow+1","floor":27},{"not_picked":["InnerPeace+1","SignatureMove","Evaluate+1"],"picked":"SKIP","floor":29},{"not_picked":["Vault+1","Devotion"],"picked":"Replay:LoomingThreat","floor":31},{"not_picked":["SashWhip","Crescendo+1","Wallop+1"],"picked":"SKIP","floor":31},{"not_picked":["Replay:AllIn+1","Wish+1"],"picked":"Omniscience+1","floor":35},{"not_picked":["Prostrate+1","Sanctity+1"],"picked":"ClearTheMind+1","floor":37},{"not_picked":["PathToVictory+1","SashWhip"],"picked":"Collect+1","floor":41},{"not_picked":["EmptyBody+1","SashWhip+1"],"picked":"Replay:AllIn+1","floor":43},{"not_picked":["Evaluate+1","JustLucky"],"picked":"EmptyBody+1","floor":44},{"not_picked":["Crescendo+1","Prostrate+1","SashWhip"],"picked":"SKIP","floor":48},{"not_picked":["Crescendo+1","Prostrate+1","SashWhip"],"picked":"SKIP","floor":48},{"not_picked":["Crescendo+1","Prostrate+1","SashWhip"],"picked":"SKIP","floor":48},{"not_picked":["Consecrate+1","FlyingSleeves+1"],"picked":"Alpha+1","floor":50}],"player_experience":499010,"relics_obtained":[{"floor":8,"key":"Toxic Egg 2"},{"floor":28,"key":"JudasShadow"},{"floor":31,"key":"conspire:GiftBox"},{"floor":44,"key":"RottenBaby"},{"floor":44,"key":"reliquary:FeatherDuster"},{"floor":45,"key":"Damocles"},{"floor":47,"key":"REME_HandOfSuture"},{"floor":48,"key":"Bottled Tornado"},{"floor":50,"key":"hubris:TerracottaHorce"}],"event_choices":[{"damage_healed":0,"gold_gain":0,"player_choice":"Slimed","damage_taken":11,"max_hp_gain":0,"max_hp_loss":0,"event_name":"betterThird:BetterGoop","floor":2,"gold_loss":27},{"damage_healed":0,"gold_gain":0,"player_choice":"Agree","damage_taken":0,"max_hp_gain":0,"max_hp_loss":0,"event_name":"conspire:LoneGhost","floor":15,"gold_loss":0},{"damage_healed":0,"gold_gain":0,"cards_transformed":["conspire:GhostlyStrike","conspire:GhostlyStrike"],"player_choice":"Became Test Subject","damage_taken":0,"max_hp_gain":0,"max_hp_loss":0,"event_name":"Drug Dealer","floor":23,"gold_loss":0,"cards_obtained":["BloodyBrimstone","Dramatic Entrance"]},{"damage_healed":0,"gold_gain":0,"player_choice":"Got Potions","damage_taken":0,"max_hp_gain":0,"max_hp_loss":0,"event_name":"Lab","floor":38,"gold_loss":0},{"cards_removed":["conspire:GhostlyStrike"],"damage_healed":0,"gold_gain":0,"player_choice":"Purged","damage_taken":0,"max_hp_gain":0,"max_hp_loss":0,"event_name":"Purifier","floor":39,"gold_loss":0},{"damage_healed":0,"gold_gain":0,"player_choice":"Fight","damage_taken":0,"max_hp_gain":0,"max_hp_loss":0,"event_name":"HidenRoomEvent","floor":44,"gold_loss":0}],"is_beta":false,"boss_relics":[{"not_picked":["infinitespire:Broken Mirror","BookofShadows"],"picked":"infinitespire:CheckeredPen"},{"not_picked":[]},{"not_picked":["D4","reliquary:Ember"],"picked":"Strawberry"},{"not_picked":[]}],"items_purged_floors":[14,36,40],"is_endless":false,"potions_floor_spawned":[8,13,18,20,22,27,43,50],"killed_by":"conspire:OrnateMirror","ascension_level":0}}