{"host":"rolltorest","time":1613887358,"event":{"mods":["BaseMod","Minty Spire (QoL Compilation)","Relic Stats","Slay the Relics Exporter","StSLib"],"gold_per_floor":[118,56,74,92,109,144,144,178,178,178,23,23,48,68,68,142,142,152,152,13,30,30,30,30,56,56,56,71,171,188,220,220,296,296,314,314,331,331,350,378,378,404,404,404,419,444,444,444,444,444,444,444,444,66,91,91],"floor_reached":57,"language":"ENG","playtime":1865,"items_purged":["Strike_R","Doubt","Strike_R"],"score":3017,"play_id":"9efd1d4e-0ae7-47ff-9b0b-eb7dac42ba46","local_time":"20210220220238","is_ascension_mode":true,"campfire_choices":[{"data":"Immolate","floor":7,"key":"SMITH"},{"data":"Power Through","floor":10,"key":"SMITH"},{"data":"Spot Weakness","floor":15,"key":"SMITH"},{"data":"Demon Form","floor":23,"key":"SMITH"},{"data":"Limit Break","floor":27,"key":"SMITH"},{"data":"Burning Pact","floor":32,"key":"SMITH"},{"data":"Evolve","floor":41,"key":"SMITH"},{"data":"Burning Pact","floor":44,"key":"SMITH"},{"floor":49,"key":"RECALL"},{"data":"Strike_R","floor":53,"key":"PURGE"}],"circlet_count":0,"master_deck":["AscendersBane","Strike_R","Strike_R","Defend_R","Defend_R","Defend_R","Defend_R","Bash","CurseOfTheBell","Pommel Strike","Clothesline","Bloodletting","Immolate+1","Power Through+1","Reaper","Rampage","Demon Form+1","Spot Weakness+1","Limit Break+1","RitualDagger","Burning Pact+1","Shockwave","J.A.X.","Spot Weakness","Burning Pact+1","Headbutt","Battle Trance","Heavy Blade","Reaper","Evolve+1","Dark Shackles","Master of Strategy","Uppercut+1","Dark Embrace+1","Second Wind","Iron Wave+1","Feel No Pain","Burning Pact","Feel No Pain"],"relics":["Calling Bell","Art of War","White Beast Statue","FossilizedHelix","Nunchaku","Vajra","Pocketwatch","Shuriken","Omamori","Cursed Key","Mango","Mummified Hand","Peace Pipe","Self Forming Clay","Tiny Chest","Runic Dome","Lantern","Darkstone Periapt","Mercury Hourglass","Ornamental Fan"],"acts_visited":["Exordium","TheCity","TheBeyond","TheEnding"],"potions_floor_usage":[4,5,6,8,29,29,40,50,50,55,56],"damage_taken":[{"damage":2,"enemies":"Jaw Worm","floor":1,"turns":3},{"damage":0,"enemies":"Cultist","floor":3,"turns":3},{"damage":0,"enemies":"2 Louse","floor":4,"turns":2},{"damage":0,"enemies":"Red Slaver","floor":5,"turns":2},{"damage":36,"enemies":"Gremlin Nob","floor":6,"turns":5},{"damage":0,"enemies":"3 Sentries","floor":8,"turns":4},{"damage":0,"enemies":"Lagavulin","floor":13,"turns":7},{"damage":0,"enemies":"2 Fungi Beasts","floor":14,"turns":2},{"damage":0,"enemies":"Slime Boss","floor":16,"turns":4},{"damage":0,"enemies":"Chosen","floor":18,"turns":4},{"damage":0,"enemies":"2 Thieves","floor":21,"turns":3},{"damage":15,"enemies":"Slavers","floor":25,"turns":3},{"damage":0,"enemies":"Snake Plant","floor":28,"turns":3},{"damage":9,"enemies":"Colosseum Slavers","floor":29,"turns":4},{"damage":8,"enemies":"Colosseum Nobs","floor":29,"turns":3},{"damage":3,"enemies":"Centurion and Healer","floor":30,"turns":3},{"damage":32,"enemies":"Book of Stabbing","floor":31,"turns":6},{"damage":29,"enemies":"Champ","floor":33,"turns":7},{"damage":0,"enemies":"3 Shapes","floor":35,"turns":3},{"damage":0,"enemies":"Orb Walker","floor":37,"turns":3},{"damage":26,"enemies":"Sphere and 2 Shapes","floor":39,"turns":5},{"damage":47,"enemies":"Giant Head","floor":40,"turns":5},{"damage":52,"enemies":"Nemesis","floor":42,"turns":7},{"damage":0,"enemies":"Maw","floor":45,"turns":6},{"damage":53,"enemies":"Giant Head","floor":46,"turns":6},{"damage":65,"enemies":"Time Eater","floor":50,"turns":6},{"damage":75,"enemies":"Donu and Deca","floor":51,"turns":6},{"damage":68,"enemies":"Shield and Spear","floor":55,"turns":6},{"damage":133,"enemies":"The Heart","floor":56,"turns":9}],"seed_played":"-8955132386329018627","potions_obtained":[{"floor":1,"key":"Fire Potion"},{"floor":3,"key":"PowerPotion"},{"floor":4,"key":"Fire Potion"},{"floor":5,"key":"EssenceOfSteel"},{"floor":6,"key":"Fire Potion"},{"floor":8,"key":"Block Potion"},{"floor":13,"key":"Swift Potion"},{"floor":14,"key":"FearPotion"},{"floor":18,"key":"PowerPotion"},{"floor":29,"key":"Weak Potion"},{"floor":30,"key":"SpeedPotion"},{"floor":33,"key":"FairyPotion"},{"floor":35,"key":"AttackPotion"},{"floor":40,"key":"EntropicBrew"},{"floor":55,"key":"Regen Potion"}],"is_trial":false,"path_per_floor":["M","?","M","M","M","E","R","E","T","R","$","?","E","M","R","B",null,"M","?","$","M","?","R","?","E","T","R","M","?","M","E","R","B",null,"M","?","M","?","M","E","R","E","T","R","M","E","?","T","R","B","B",null,"R","$","E","B",null],"character_chosen":"IRONCLAD","items_purchased":["Reaper","Burning Pact","Feel No Pain","Burning Pact","ElixirPotion"],"campfire_rested":0,"item_purchase_floors":[11,20,54,54,54],"current_hp_per_floor":[66,66,66,66,66,30,30,30,30,30,30,30,30,40,40,64,72,72,66,66,66,66,66,66,80,80,80,80,89,86,54,54,69,84,89,89,89,79,89,42,42,68,68,68,88,89,85,85,85,60,83,85,85,85,42,51],"gold":91,"neow_bonus":"BOSS_RELIC","is_daily":false,"chose_seed":false,"campfire_upgraded":8,"win_rate":0.0,"timestamp":1613887358,"path_taken":["M","?","M","?","M","E","R","E","T","R","$","?","E","?","R","BOSS","M","?","$","M","?","R","?","E","T","R","M","?","M","E","R","BOSS","M","?","M","?","M","E","R","E","T","R","M","E","?","?","R","BOSS","BOSS","R","$","E","BOSS"],"items_purchased_type":["Card","Card","Card","Card","Potion"],"build_version":"2020-12-18","purchased_purges":3,"victory":true,"max_hp_per_floor":[75,75,75,75,75,75,75,75,75,75,75,75,75,75,75,75,75,75,75,75,75,75,75,75,89,89,89,89,89,89,89,89,89,89,89,89,89,89,89,89,89,89,89,89,89,89,85,85,85,85,85,85,85,85,85,85],"relic_stats":{"Darkstone Periapt":0,"counters":[29,130],"Self Forming Clay":[174],"Cursed Key":2,"Mercury Hourglass":[75],"Peace Pipe":1,"Nunchaku":[21],"Shuriken":[22],"Mummified Hand":[41],"Ornamental Fan":[8],"Tiny Chest":1,"Art of War":[18],"obtain_stats":[{"Darkstone Periapt":42,"Lantern":40,"Self Forming Clay":29,"Vajra":6,"Mango":25,"Omamori":13,"Cursed Key":17,"Burning Blood":0,"White Beast Statue":0,"Mercury Hourglass":46,"Calling Bell":0,"Peace Pipe":29,"Runic Dome":34,"Nunchaku":2,"Shuriken":9,"Mummified Hand":26,"Ornamental Fan":55,"Tiny Chest":31,"Art of War":0,"FossilizedHelix":0,"Pocketwatch":8},{"Darkstone Periapt":23,"Lantern":22,"Self Forming Clay":15,"Vajra":5,"Mango":12,"Omamori":7,"Cursed Key":9,"Burning Blood":0,"White Beast Statue":0,"Mercury Hourglass":25,"Calling Bell":0,"Peace Pipe":15,"Runic Dome":18,"Nunchaku":1,"Shuriken":6,"Mummified Hand":12,"Ornamental Fan":28,"Tiny Chest":17,"Art of War":0,"FossilizedHelix":0,"Pocketwatch":6},{"Darkstone Periapt":91,"Lantern":84,"Self Forming Clay":52,"Vajra":15,"Mango":42,"Omamori":26,"Cursed Key":32,"Burning Blood":0,"White Beast Statue":0,"Mercury Hourglass":103,"Calling Bell":0,"Peace Pipe":52,"Runic Dome":68,"Nunchaku":3,"Shuriken":19,"Mummified Hand":42,"Ornamental Fan":121,"Tiny Chest":61,"Art of War":0,"FossilizedHelix":0,"Pocketwatch":19}],"Pocketwatch":[153]},"card_choices":[{"not_picked":["Dual Wield","Armaments"],"picked":"Pommel Strike","floor":1},{"not_picked":["Iron Wave","Sword Boomerang"],"picked":"Clothesline","floor":3},{"not_picked":["Armaments","Warcry"],"picked":"Bloodletting","floor":4},{"not_picked":["Intimidate","True Grit","Flex"],"picked":"SKIP","floor":5},{"not_picked":["Dark Embrace","Shockwave"],"picked":"Immolate","floor":6},{"not_picked":["Thunderclap","Bloodletting"],"picked":"Power Through","floor":8},{"not_picked":["Sword Boomerang","Whirlwind","Havoc"],"picked":"SKIP","floor":13},{"not_picked":["Cleave","Wild Strike"],"picked":"Spot Weakness","floor":14},{"not_picked":["Impervious","Double Tap"],"picked":"Limit Break","floor":16},{"not_picked":["Body Slam","Cleave","Clash"],"picked":"SKIP","floor":18},{"not_picked":["Blood for Blood","Uppercut"],"picked":"Shockwave","floor":21},{"not_picked":["Bloodletting","Anger+1"],"picked":"Spot Weakness","floor":25},{"not_picked":["Sword Boomerang+1","Flame Barrier"],"picked":"Burning Pact","floor":28},{"not_picked":["Spot Weakness","Flex"],"picked":"Headbutt","floor":29},{"not_picked":["Pommel Strike","Twin Strike"],"picked":"Battle Trance","floor":30},{"not_picked":["Entrench","Perfected Strike"],"picked":"Heavy Blade","floor":31},{"not_picked":["Bludgeon","Barricade"],"picked":"Reaper","floor":33},{"not_picked":["Flame Barrier","Iron Wave","Wild Strike"],"picked":"SKIP","floor":35},{"not_picked":["Second Wind","True Grit"],"picked":"Evolve","floor":37},{"not_picked":["Forethought","Dramatic Entrance"],"picked":"Dark Shackles","floor":38},{"not_picked":["Dramatic Entrance","Swift Strike"],"picked":"Master of Strategy","floor":38},{"not_picked":["Spot Weakness+1","Twin Strike+1"],"picked":"Uppercut+1","floor":39},{"not_picked":["Combust","Sentinel+1","Heavy Blade"],"picked":"SKIP","floor":40},{"not_picked":["Uppercut","Havoc"],"picked":"Dark Embrace+1","floor":42},{"not_picked":["Perfected Strike","Pommel Strike+1"],"picked":"Second Wind","floor":45},{"not_picked":["Demon Form","Ghostly Armor"],"picked":"Iron Wave+1","floor":46},{"not_picked":["True Grit","Thunderclap"],"picked":"Feel No Pain","floor":55}],"player_experience":2009562,"relics_obtained":[{"floor":0,"key":"Art of War"},{"floor":0,"key":"White Beast Statue"},{"floor":0,"key":"FossilizedHelix"},{"floor":6,"key":"Vajra"},{"floor":8,"key":"Pocketwatch"},{"floor":9,"key":"Shuriken"},{"floor":13,"key":"Omamori"},{"floor":25,"key":"Mango"},{"floor":26,"key":"Mummified Hand"},{"floor":29,"key":"Peace Pipe"},{"floor":29,"key":"Self Forming Clay"},{"floor":31,"key":"Tiny Chest"},{"floor":40,"key":"Lantern"},{"floor":42,"key":"Darkstone Periapt"},{"floor":46,"key":"Mercury Hourglass"},{"floor":55,"key":"Ornamental Fan"}],"event_choices":[{"damage_healed":0,"gold_gain":0,"player_choice":"Paid Gold","damage_taken":0,"relics_obtained":["Nunchaku"],"max_hp_gain":0,"max_hp_loss":0,"event_name":"WeMeetAgain","floor":2,"gold_loss":62},{"damage_healed":0,"gold_gain":0,"player_choice":"3 cards matched","damage_taken":0,"max_hp_gain":0,"max_hp_loss":0,"event_name":"Match and Keep!","floor":12,"gold_loss":0,"cards_obtained":["Rampage","Doubt","Demon Form"]},{"damage_healed":0,"gold_gain":0,"player_choice":"Joined the Cult","damage_taken":6,"max_hp_gain":0,"max_hp_loss":0,"event_name":"Nest","floor":19,"gold_loss":0,"cards_obtained":["RitualDagger"]},{"damage_healed":0,"gold_gain":0,"player_choice":"Ignored","damage_taken":0,"max_hp_gain":0,"max_hp_loss":0,"event_name":"Ghosts","floor":22,"gold_loss":0},{"damage_healed":0,"gold_gain":0,"player_choice":"Obtain J.A.X.","damage_taken":0,"max_hp_gain":0,"max_hp_loss":0,"event_name":"Drug Dealer","floor":24,"gold_loss":0,"cards_obtained":["J.A.X."]},{"damage_healed":0,"gold_gain":0,"player_choice":"Fight","damage_taken":0,"max_hp_gain":0,"max_hp_loss":0,"event_name":"Colosseum","floor":29,"gold_loss":0},{"damage_healed":0,"gold_gain":0,"player_choice":"Fought Nobs","damage_taken":0,"max_hp_gain":0,"max_hp_loss":0,"event_name":"Colosseum","floor":29,"gold_loss":0},{"damage_healed":0,"gold_gain":0,"player_choice":"Ignored","damage_taken":0,"max_hp_gain":0,"max_hp_loss":0,"event_name":"Tomb of Lord Red Mask","floor":36,"gold_loss":0},{"damage_healed":0,"gold_gain":0,"player_choice":"Memory 3","damage_taken":10,"max_hp_gain":0,"max_hp_loss":0,"event_name":"SensoryStone","floor":38,"gold_loss":0},{"damage_healed":0,"gold_gain":0,"player_choice":"Max HP","damage_taken":0,"max_hp_gain":0,"max_hp_loss":4,"event_name":"Winding Halls","floor":47,"gold_loss":0}],"is_beta":true,"boss_relics":[{"not_picked":["Velvet Choker","Empty Cage"],"picked":"Cursed Key"},{"not_picked":["Runic Pyramid","Astrolabe"],"picked":"Runic Dome"}],"items_purged_floors":[11,20,54],"is_endless":false,"potions_floor_spawned":[1,3,4,5,6,8,13,14,16,18,21,25,28,29,29,30,31,33,35,37,39,40,42,45,46,55],"ascension_level":20}}