{"host":"q57ekfojy3i00x9o","time":1613935097,"event":{"mods":["Act Like it!","Arknights","Aspiration","BaseMod","Colored Map","Energized Spire","Hermit","Minty Spire (QoL Compilation)","Quick Restart","Ruina","Spicy Shops","Spikes Relics","StSLib","slay the spire mod where everything is the same but ironclad has a cowboy hat"],"gold_per_floor":[115,115,115,133,149,149,178,178,178,178,196,39,39,54,54,131,131,145,13,31,49,67,67,92,116,191,191,206,217,217,228,228,301,301,312,312,327,341,353,353,175,187,187,22,22,39,57,76,76,76],"floor_reached":51,"language":"RUS","playtime":1297,"items_purged":["ats:Strike C"],"score":1303,"play_id":"5b2322fa-3d44-4f6f-8ab8-33cfed406a6b","local_time":"20210222001817","is_ascension_mode":true,"campfire_choices":[{"data":"ats:Armor Crushing Shot","floor":6.0,"key":"SMITH"},{"data":"ats:Flexible Camouflage","floor":8.0,"key":"SMITH"},{"data":"ats:Serious Mode","floor":10.0,"key":"SMITH"},{"floor":15.0,"key":"REST"},{"floor":23.0,"key":"REST"},{"floor":30.0,"key":"REST"},{"data":"ats:Ambush","floor":32.0,"key":"SMITH"},{"floor":40.0,"key":"REST"},{"data":"ats:Shadow Assault","floor":49,"key":"SMITH"}],"circlet_count":0,"master_deck":["AscendersBane","ats:Strike S","ats:Armor Crushing Shot+1","ats:Defend","ats:Defend","ats:Defend","ats:Defend","ats:Emotion Absorption","ats:Explosion Area Strengthen+1","ats:Flexible Camouflage+1","ats:Explosion Area Strengthen","ats:Serious Mode+1","ats:Hammer On","ats:Ambush+1","ats:Soul Absorption+1","ats:Soul Rend+1","ats:Flexible Camouflage+1","ats:Explosion Area Strengthen","ats:Explosion Area Strengthen","ats:Explosion Area Strengthen","ats:Mental Burst","ats:Curse Doll+1","ats:Poison Spread","ats:Revitalization+1","ats:Poison Spread+1","ats:Charging Defense+1","ats:Shadow Assault+1","ats:Curse Doll+1","ats:Blood Oath+1","ats:Blood Oath+1","ats:Powerful Strike+1","ats:Revitalization+1","ats:Cat Scratch+1","ats:Curse Doll+1","ats:Automatic Cover+1","ats:Nebulous Foxfire+1","ats:Blood Oath+1","ats:Echo Reverb+1","Parasite","ats:Powerful Strike"],"relics":["ats:Sanity","NeowsBlessing","ats:Originium","Toxic Egg 2","Bottled Flame","Orichalcum","CultistMask","Astrolabe","ats:Ability Aura","Pen Nib","Eternal Feather","energizedSpire:MagnifyingGlass","BicycleWheel","StoneCalendar","InkBottle","Pantograph"],"acts_visited":["Exordium","TheCity","TheBeyond"],"potions_floor_usage":[],"damage_taken":[{"damage":0.0,"enemies":"2 Louse","floor":1.0,"turns":1.0},{"damage":0.0,"enemies":"Cultist","floor":4.0,"turns":1.0},{"damage":0.0,"enemies":"Small Slimes","floor":5.0,"turns":1.0},{"damage":10.0,"enemies":"3 Sentries","floor":7.0,"turns":3.0},{"damage":19.0,"enemies":"Exordium Thugs","floor":11.0,"turns":3.0},{"damage":5.0,"enemies":"Gremlin Gang","floor":14.0,"turns":2.0},{"damage":53.0,"enemies":"The Guardian","floor":16.0,"turns":10.0},{"damage":39.0,"enemies":"3 Byrds","floor":18.0,"turns":6.0},{"damage":0.0,"enemies":"Spheric Guardian","floor":20.0,"turns":3.0},{"damage":0.0,"enemies":"Centurion and Healer","floor":21.0,"turns":5.0},{"damage":0.0,"enemies":"Chosen and Byrds","floor":22.0,"turns":4.0},{"damage":0.0,"enemies":"Gremlin Leader","floor":24.0,"turns":3.0},{"damage":2.0,"enemies":"Colosseum Slavers","floor":27.0,"turns":2.0},{"damage":12.0,"enemies":"Cultist and Chosen","floor":28.0,"turns":4.0},{"damage":24.0,"enemies":"Snake Plant","floor":29.0,"turns":3.0},{"damage":22.0,"enemies":"Sentry and Sphere","floor":31.0,"turns":4.0},{"damage":6.0,"enemies":"Automaton","floor":33.0,"turns":10.0},{"damage":70.0,"enemies":"3 Shapes","floor":35.0,"turns":3.0},{"damage":0.0,"enemies":"Orb Walker","floor":37.0,"turns":2.0},{"damage":0.0,"enemies":"Transient","floor":38.0,"turns":6.0},{"damage":31.0,"enemies":"Writhing Mass","floor":39.0,"turns":5.0},{"damage":25.0,"enemies":"Maw","floor":42.0,"turns":7.0},{"damage":15.0,"enemies":"Transient","floor":46.0,"turns":6.0},{"damage":48.0,"enemies":"Sphere and 2 Shapes","floor":47.0,"turns":5.0},{"damage":12.0,"enemies":"Writhing Mass","floor":48.0,"turns":4.0},{"damage":95,"enemies":"Donu and Deca","floor":50,"turns":9}],"seed_played":"4074620423997366926","potions_obtained":[{"floor":1.0,"key":"Strength Potion"},{"floor":11.0,"key":"SteroidPotion"},{"floor":18.0,"key":"AttackPotion"},{"floor":21.0,"key":"AttackPotion"},{"floor":28.0,"key":"EssenceOfSteel"},{"floor":29.0,"key":"Fruit Juice"},{"floor":35.0,"key":"BlessingOfTheForge"},{"floor":46.0,"key":"ats:Burn Small Potion"},{"floor":47.0,"key":"SkillPotion"}],"is_trial":false,"path_per_floor":["M","?","?","M","M","R","E","R","T","R","M","$","?","M","R","B",null,"M","$","M","M","M","R","E","T","T","?","M","M","R","M","R","B",null,"M","T","M","M","M","R","$","M","T","$","?","M","M","M","R","B",null],"character_chosen":"DOCTOR_CLASS","items_purchased":["Orichalcum","ats:Explosion Area Strengthen","StoneCalendar","ats:Revitalization+1","Pantograph","ats:Curse Doll+1"],"campfire_rested":4,"item_purchase_floors":[12,19,41,41,44,44],"current_hp_per_floor":[65,70,70,70,70,70,60,60,60,60,41,41,41,36,59,6,59,20,20,30,30,30,53,53,53,53,51,39,25,64,42,57,66,78,8,8,8,22,13,55,55,60,60,60,60,65,33,27,51,33],"gold":76,"neow_bonus":"THREE_ENEMY_KILL","is_daily":false,"chose_seed":false,"campfire_upgraded":5,"win_rate":0.0,"timestamp":1613935097,"path_taken":["M","?","?","?","M","R","E","R","T","R","M","$","?","M","R","BOSS","M","$","M","?","M","R","E","?","T","?","M","?","R","?","R","BOSS","M","?","M","M","M","R","$","M","T","$","?","M","M","?","R","BOSS"],"items_purchased_type":["Relic","Card","Relic","Card","Relic","Card"],"build_version":"2020-12-22","purchased_purges":1,"victory":true,"max_hp_per_floor":[72,77,77,77,77,77,77,77,77,77,77,77,77,77,77,77,77,77,77,77,77,77,77,77,77,77,77,77,82,82,82,82,82,82,82,82,82,82,82,82,82,82,82,82,82,82,82,82,82,82],"card_choices":[{"not_picked":["ats:Burning Ground","ats:Curse Doll"],"picked":"ats:Explosion Area Strengthen","floor":1.0},{"not_picked":["ats:Ignite","ats:Chain Hook"],"picked":"ats:Flexible Camouflage","floor":4.0},{"not_picked":["ats:Ignite","ats:Powerful Strike"],"picked":"ats:Explosion Area Strengthen","floor":5.0},{"not_picked":["ats:Very Hot Blade","ats:Counter Healing Mode"],"picked":"ats:Serious Mode","floor":7.0},{"not_picked":["ats:Shadow Raid+1","ats:Automatic Cover+1"],"picked":"ats:Assault Order+1","floor":11.0},{"not_picked":["ats:Assault Order+1","ats:Cat Scratch"],"picked":"ats:Hammer On","floor":14.0},{"not_picked":["ats:Disruption Kick","ats:Rat Pack+1"],"picked":"ats:Ambush","floor":16.0},{"not_picked":["ats:Revitalization+1","ats:Assault Order+1"],"picked":"ats:Explosion Area Strengthen","floor":18.0},{"not_picked":["ats:Shell Defense+1","ats:Cat Scratch"],"picked":"ats:Explosion Area Strengthen","floor":20.0},{"not_picked":["ats:Guard Mode+1","ats:Closed Bolt Burst Fire"],"picked":"ats:Mental Burst","floor":21.0},{"not_picked":["ats:Burning Ground","ats:Collapsing Strike"],"picked":"ats:Curse Doll+1","floor":22.0},{"not_picked":["ats:Dogmatic Field","ats:Rapid Magazine"],"picked":"ats:Poison Spread","floor":24.0},{"not_picked":["ats:Blood Oath","ats:Very Hot Blade+1"],"picked":"ats:Revitalization+1","floor":28.0},{"not_picked":["ats:Closed Bolt Burst Fire","ats:Composite Medical Shells"],"picked":"ats:Poison Spread+1","floor":29.0},{"not_picked":["ats:Blood Oath","ats:Chain Hook"],"picked":"ats:Charging Defense+1","floor":31.0},{"not_picked":["ats:Calcification+1","ats:Roar Of Ursus"],"picked":"ats:Shadow Assault","floor":33.0},{"not_picked":["ats:Absolute Focus+1","ats:Shell Defense+1"],"picked":"ats:Curse Doll+1","floor":35.0},{"not_picked":["ats:Thorns","ats:Encircling Forest+1"],"picked":"ats:Blood Oath+1","floor":37.0},{"not_picked":["ats:Wolf Pack","ats:Very Hot Blade+1"],"picked":"ats:Blood Oath+1","floor":38.0},{"not_picked":["ats:Flexible Camouflage+1","ats:Ignite"],"picked":"ats:Powerful Strike+1","floor":39.0},{"not_picked":["ats:Assault Order+1","ats:Burning Ground"],"picked":"ats:Cat Scratch+1","floor":42.0},{"not_picked":["ats:LN2 Cannon","ats:Ignite+1"],"picked":"ats:Blood Oath+1","floor":46.0},{"not_picked":["ats:Leaping Hammer","ats:Assault Order+1"],"picked":"ats:Echo Reverb+1","floor":47.0},{"not_picked":["ats:Curse Doll+1","ats:Cat Scratch"],"picked":"ats:Powerful Strike","floor":48.0}],"player_experience":784346,"relics_obtained":[{"floor":7.0,"key":"ats:Originium"},{"floor":7.0,"key":"Toxic Egg 2"},{"floor":9.0,"key":"Bottled Flame"},{"floor":24.0,"key":"ats:Originium"},{"floor":24.0,"key":"ats:Ability Aura"},{"floor":25.0,"key":"Pen Nib"},{"floor":26.0,"key":"Eternal Feather"},{"floor":36.0,"key":"BicycleWheel"},{"floor":43.0,"key":"InkBottle"}],"event_choices":[{"damage_healed":0.0,"max_hp_gain":5.0,"max_hp_loss":0.0,"gold_gain":0.0,"event_name":"Big Fish","player_choice":"Donut","floor":2.0,"gold_loss":0.0,"damage_taken":0.0},{"damage_healed":0.0,"max_hp_gain":0.0,"max_hp_loss":0.0,"gold_gain":0.0,"event_name":"Accursed Blacksmith","player_choice":"Forge","floor":3.0,"gold_loss":0.0,"damage_taken":0.0,"cards_upgraded":["ats:Explosion Area Strengthen"]},{"damage_healed":0.0,"max_hp_gain":0.0,"max_hp_loss":0.0,"gold_gain":0.0,"event_name":"FaceTrader","player_choice":"Trade","floor":13.0,"gold_loss":0.0,"damage_taken":0.0,"relics_obtained":["CultistMask"]},{"damage_healed":0.0,"max_hp_gain":0.0,"max_hp_loss":0.0,"gold_gain":0.0,"event_name":"Colosseum","player_choice":"Fight","floor":27.0,"gold_loss":0.0,"damage_taken":0.0},{"damage_healed":0.0,"max_hp_gain":0.0,"max_hp_loss":0.0,"gold_gain":0.0,"event_name":"Colosseum","player_choice":"Fled From Nobs","floor":27.0,"gold_loss":0.0,"damage_taken":0.0},{"damage_healed":0.0,"max_hp_gain":0.0,"max_hp_loss":0.0,"gold_gain":0.0,"event_name":"Match and Keep!","player_choice":"2 cards matched","floor":45.0,"gold_loss":0.0,"damage_taken":0.0,"cards_obtained":["ats:Automatic Cover","ats:Nebulous Foxfire"]}],"is_beta":false,"boss_relics":[{"not_picked":["aspiration:FutureDiary","aspiration:RunicSpoon"],"picked":"Astrolabe"},{"not_picked":["Tiny House","aspiration:RitualDagger"],"picked":"energizedSpire:MagnifyingGlass"}],"items_purged_floors":[19],"is_endless":false,"potions_floor_spawned":[1,11,18,21,27,28,29,35,46,47],"ascension_level":17}}