{"host":"6p0attdrtjqaih7v","time":1613947910,"event":{"mods":["2.2 Compatiblity","AchievementEnabler","BaseMod","Better Skull","Better Third Choice","Card Filter","Colored Powertips","Hermit","Highlight Path","Hubris","Key Reminder","Minty Spire (QoL Compilation)","Permanent Neow","Quick Restart","Random Character Button","Relic Filter","Relic Stats","Reliquary","Replay The Spire","Robot Space Explorer","StSLib","The Construct","The Gatherer","The Hayseed","The Runesmith","The Witch"],"gold_per_floor":[112,112,131,145,145,178,178,211,234,234,268,268,39,50,50,151,151,169,169,179,196,196,223,223,239,263,296,296,315,335,335,335,435,435,450,450,210,227,245,275,275,306,352,6,16,16,16,51,51,51],"floor_reached":51,"language":"ENG","playtime":3061,"items_purged":["Bite","Gatherer:Defend_Gatherer"],"score":1032,"play_id":"50e34e20-2b51-40fb-9237-3f30b75527d6","local_time":"20210221175150","is_ascension_mode":true,"metric_token":1681,"campfire_choices":[{"data":"Gatherer:Frenzy","floor":7,"key":"SMITH"},{"data":"Gatherer:SpareBottle","floor":10,"key":"SMITH"},{"data":"Gatherer:Centralize","floor":12,"key":"SMITH"},{"data":"Gatherer:TacticalStrike","floor":15,"key":"SMITH"},{"data":"Gatherer:SmartManeuver","floor":24,"key":"SMITH"},{"data":"Gatherer:FlowerPower","floor":28,"key":"SMITH"},{"data":"Gatherer:FlowerPower+1","floor":32,"key":"SMITH"},{"data":"Gatherer:Liquidism","floor":41,"key":"SMITH"},{"data":"Gatherer:QuickSynthesis","floor":46,"key":"SMITH"},{"data":"Gatherer:FlowerWhip","floor":49,"key":"SMITH"}],"circlet_count":0,"master_deck":["Gatherer:Defend_Gatherer","Gatherer:Defend_Gatherer","Gatherer:Defend_Gatherer","Gatherer:Centralize+1","Gatherer:FlowerWhip+1","Gatherer:Photoscythe+1","Gatherer:Frenzy+1","Gatherer:SpareBottle+1","Gatherer:QuickSynthesis+1","Gatherer:FlowerShield","Gatherer:TacticalStrike+1","Gatherer:MiningStrike+1","Gatherer:FlowerShield","Gatherer:ScrollOfPurity+1","Gatherer:FlowerShield","Gatherer:Pollute+1","Gatherer:SmartManeuver+1","Bite","Bite","Bite","Bite","Gatherer:Duality","Gatherer:FlowerPower+2","Gatherer:TacticalStrike+1","Gatherer:Liquidism+1","Gatherer:UpgradeBag","Gatherer:Misfortune+1","hubris:NaturalOne","Gatherer:QuickSynthesis+1","Gatherer:Overflowing","Gatherer:Misfortune+1","Gatherer:Snatch+1"],"relics":["Gatherer:AlchemyBag","Replay:Towering Pillar of Hats","Smiling Mask","Gremlin Food","Guide Book","Replay:Grab Bag","reliquary:Ember","construct:ClawGrip","hubris:Potato","Pear","hubris:Icosahedron","reliquary:RedPaperclip","Strawberry","StoneCalendar","keyreminder:keyreminder","Anchor","Replay:Baseball","hubris:BundleOfHerbs"],"acts_visited":["Exordium","TheCity","TheBeyond"],"potions_floor_usage":[6,8,21,23,27,30,33,40,42,50,50,50],"damage_taken":[{"damage":0,"enemies":"2 Louse","floor":1,"turns":3},{"damage":0,"enemies":"Small Slimes","floor":3,"turns":3},{"damage":0,"enemies":"Cultist","floor":4,"turns":3},{"damage":3,"enemies":"Lagavulin","floor":6,"turns":7},{"damage":4,"enemies":"Replay:BlueRogue","floor":8,"turns":3},{"damage":9,"enemies":"3 Sentries","floor":11,"turns":6},{"damage":0,"enemies":"Large Slime","floor":14,"turns":3},{"damage":0,"enemies":"The Guardian","floor":16,"turns":11},{"damage":4,"enemies":"Shell Parasite","floor":18,"turns":3},{"damage":8,"enemies":"3 Byrds","floor":20,"turns":5},{"damage":4,"enemies":"Centurion and Healer","floor":21,"turns":4},{"damage":0,"enemies":"Slavers","floor":23,"turns":5},{"damage":6,"enemies":"Shelled Parasite and Fungi","floor":25,"turns":3},{"damage":0,"enemies":"Book of Stabbing","floor":27,"turns":3},{"damage":5,"enemies":"Snake Plant","floor":29,"turns":3},{"damage":1,"enemies":"3 Cultists","floor":30,"turns":4},{"damage":6,"enemies":"Automaton","floor":33,"turns":8},{"damage":2,"enemies":"3 Darklings","floor":35,"turns":5},{"damage":0,"enemies":"3 Shapes","floor":38,"turns":3},{"damage":2,"enemies":"Sphere and 2 Shapes","floor":39,"turns":3},{"damage":2,"enemies":"Giant Head","floor":40,"turns":5},{"damage":8,"enemies":"Reptomancer","floor":42,"turns":7},{"damage":7,"enemies":"4 Shapes","floor":45,"turns":5},{"damage":8,"enemies":"R_Hoarder","floor":48,"turns":5},{"damage":0,"enemies":"Donu and Deca","floor":50,"turns":5}],"seed_played":"-8804572530156599369","potions_obtained":[{"floor":4,"key":"Block Potion"},{"floor":6,"key":"LifebloodPotion"},{"floor":11,"key":"Energy Potion"},{"floor":20,"key":"Swift Potion"},{"floor":23,"key":"Death Potion"},{"floor":25,"key":"Languid Potion"},{"floor":29,"key":"Explosive Potion"},{"floor":40,"key":"LifebloodPotion"},{"floor":45,"key":"Dexterity Potion"},{"floor":48,"key":"ColorlessPotion"}],"is_trial":false,"path_per_floor":["M","?","M","M","?","E","R","E","T","R","E","R","$","M","R","B",null,"M","?","M","M","?","E","R","M","T","E","R","M","M","?","R","B",null,"M","?","$","M","M","E","R","E","T","$","M","R","?","E","R","B",null],"character_chosen":"THE_GATHERER","items_purchased":["Gatherer:MiningStrike","Guide Book","Gatherer:UpgradeBag","SteroidPotion","FairyPotion","Gatherer:Overflowing","Replay:Baseball","Toxic Potion"],"campfire_rested":0,"item_purchase_floors":[13,13,37,37,37,44,44,44],"current_hp_per_floor":[65,65,65,65,65,62,62,58,58,58,49,49,49,49,49,49,65,61,61,53,49,45,45,45,45,45,55,55,55,55,55,55,55,55,55,55,55,55,55,62,62,62,62,62,61,61,61,54,54,62],"gold":51,"neow_bonus":"THREE_RARE_CARDS","is_daily":false,"chose_seed":false,"campfire_upgraded":10,"win_rate":0.0,"timestamp":1613947910,"path_taken":["M","?","M","M","?","E","R","E","T","R","E","R","$","M","R","BOSS","M","?","M","M","?","E","R","M","T","E","R","M","M","?","R","BOSS","M","?","$","M","M","E","R","E","T","$","M","R","?","E","R","BOSS"],"items_purchased_type":["Card","Relic","Card","Potion","Potion","Card","Relic","Potion"],"build_version":"2020-12-22","purchased_purges":2,"victory":true,"max_hp_per_floor":[65,65,65,65,65,65,65,65,65,65,65,65,65,65,65,65,65,65,65,65,65,45,45,45,45,45,55,55,55,55,55,55,55,55,55,55,55,55,55,62,62,62,62,62,62,62,62,62,62,62],"relic_stats":{"counters":[25,115],"StoneCalendar":[0],"Smiling Mask":75,"obtain_stats":[{"Gremlin Food":11,"construct:ClawGrip":17,"Pear":27,"Replay:Towering Pillar of Hats":6,"Guide Book":13,"Replay:Grab Bag":17,"StoneCalendar":42,"PreservedInsect":9,"Smiling Mask":8,"Boot":26,"keyreminder:keyreminder":42,"Anchor":43,"Replay:Baseball":44,"hubris:Icosahedron":31,"reliquary:RedPaperclip":34,"Strawberry":40,"hubris:BundleOfHerbs":48,"reliquary:Ember":17,"Gatherer:AlchemyBag":0,"hubris:Potato":23},{"Gremlin Food":6,"construct:ClawGrip":8,"Pear":14,"Replay:Towering Pillar of Hats":4,"Guide Book":6,"Replay:Grab Bag":8,"StoneCalendar":22,"PreservedInsect":5,"Smiling Mask":5,"Boot":13,"keyreminder:keyreminder":22,"Anchor":22,"Replay:Baseball":22,"hubris:Icosahedron":16,"reliquary:RedPaperclip":17,"Strawberry":21,"hubris:BundleOfHerbs":24,"reliquary:Ember":8,"Gatherer:AlchemyBag":0,"hubris:Potato":12},{"Gremlin Food":25,"construct:ClawGrip":39,"Pear":62,"Replay:Towering Pillar of Hats":16,"Guide Book":25,"Replay:Grab Bag":39,"StoneCalendar":100,"PreservedInsect":19,"Smiling Mask":19,"Boot":59,"keyreminder:keyreminder":100,"Anchor":100,"Replay:Baseball":100,"hubris:Icosahedron":69,"reliquary:RedPaperclip":77,"Strawberry":93,"hubris:BundleOfHerbs":110,"reliquary:Ember":39,"Gatherer:AlchemyBag":0,"hubris:Potato":56}]},"card_choices":[{"not_picked":["Gatherer:Examine","Gatherer:ColorfulGarden"],"picked":"Gatherer:Photoscythe","floor":0},{"not_picked":["Gatherer:PotentialSlash","Gatherer:RecipeChange","Gatherer:OddSpoils"],"picked":"SKIP","floor":1},{"not_picked":["Gatherer:RecipeChange","Gatherer:ScherryThrow"],"picked":"Gatherer:AlchemyTrial","floor":3},{"not_picked":["Gatherer:ScherryThrow","Gatherer:AcidicSpray"],"picked":"Gatherer:Frenzy","floor":4},{"not_picked":["Gatherer:Nutrients","Gatherer:GlowingPlant"],"picked":"Gatherer:QuickSynthesis","floor":6},{"not_picked":["Gatherer:QuickSynthesis","Gatherer:StoneFence"],"picked":"Gatherer:FlowerShield","floor":8},{"not_picked":["Gatherer:QuickSynthesis","Gatherer:AromaProtection"],"picked":"Gatherer:TacticalStrike","floor":11},{"not_picked":["Gatherer:TacticalStrike","Gatherer:Convert"],"picked":"Gatherer:FlowerShield","floor":14},{"not_picked":["Gatherer:FlamingBottle","Gatherer:FinishingStrike"],"picked":"Gatherer:ScrollOfPurity","floor":16},{"not_picked":["Gatherer:OddSpoils","Gatherer:Enchant"],"picked":"Gatherer:FlowerShield","floor":18},{"not_picked":["Gatherer:QuickSynthesis","Gatherer:Convert+1"],"picked":"Gatherer:Pollute+1","floor":20},{"not_picked":["Gatherer:Liquidism","Gatherer:BambuSword"],"picked":"Gatherer:SmartManeuver","floor":21},{"not_picked":["Gatherer:RecipeChange","Gatherer:TreeGrowth","Gatherer:Enchant+1"],"picked":"SKIP","floor":23},{"not_picked":["Gatherer:ScherryThrow+1","Gatherer:Examine"],"picked":"Gatherer:Duality","floor":25},{"not_picked":["Gatherer:AlchemyTrial","Gatherer:FlowerFalling"],"picked":"Gatherer:FlowerPower","floor":27},{"not_picked":["Gatherer:Frenzy","Gatherer:Enchant"],"picked":"Gatherer:TacticalStrike+1","floor":29},{"not_picked":["Gatherer:FlowerShield","Gatherer:CollectorsShot","Gatherer:Liquidism"],"picked":"SKIP","floor":30},{"not_picked":["Gatherer:AcidicSpray","Gatherer:FlowerBeam"],"picked":"Gatherer:Liquidism","floor":35},{"not_picked":["Gatherer:Frenzy+1","Gatherer:SaveValuables+1","Gatherer:Enchant"],"picked":"SKIP","floor":38},{"not_picked":["Gatherer:UpgradeBag","Gatherer:Duality+1"],"picked":"Gatherer:Misfortune+1","floor":39},{"not_picked":["Gatherer:AcidicSpray","Gatherer:ScherryThrow+1","Gatherer:EchoOfNature+1"],"picked":"SKIP","floor":40},{"not_picked":["Gatherer:TreeGrowth","Gatherer:DrugPower+1"],"picked":"Gatherer:QuickSynthesis+1","floor":42},{"not_picked":["Gatherer:Convert","Gatherer:FruitForce+1","Gatherer:Duplicator+1"],"picked":"SKIP","floor":45},{"not_picked":["Gatherer:DrugPower+1","Gatherer:AcidicSpray+1"],"picked":"Gatherer:Snatch+1","floor":48}],"player_experience":1234870,"relics_obtained":[{"floor":6,"key":"Replay:Towering Pillar of Hats"},{"floor":8,"key":"Smiling Mask"},{"floor":9,"key":"PreservedInsect"},{"floor":11,"key":"Gremlin Food"},{"floor":23,"key":"hubris:Potato"},{"floor":26,"key":"Boot"},{"floor":27,"key":"Pear"},{"floor":40,"key":"Strawberry"},{"floor":42,"key":"StoneCalendar"},{"floor":43,"key":"Anchor"},{"floor":48,"key":"hubris:BundleOfHerbs"}],"event_choices":[{"cards_removed":["Gatherer:AlchemyTrial"],"damage_healed":0,"gold_gain":0,"player_choice":"Got a Spare Bottle","damage_taken":0,"max_hp_gain":0,"max_hp_loss":0,"event_name":"Gatherer:BottleCollector","floor":5,"gold_loss":0,"cards_obtained":["Gatherer:SpareBottle"]},{"damage_healed":0,"gold_gain":0,"player_choice":"Became a vampire","damage_taken":0,"max_hp_gain":0,"max_hp_loss":20,"event_name":"Vampires","floor":22,"gold_loss":0,"cards_obtained":["Bite","Bite","Bite","Bite","Bite"]},{"cards_removed":["Gatherer:Defend_Gatherer"],"damage_healed":0,"gold_gain":0,"player_choice":"Removed Skill","damage_taken":0,"max_hp_gain":0,"max_hp_loss":0,"event_name":"Falling","floor":36,"gold_loss":0},{"damage_healed":0,"gold_gain":0,"player_choice":"Copied","damage_taken":0,"max_hp_gain":0,"max_hp_loss":0,"event_name":"Duplicator","floor":47,"gold_loss":0,"cards_obtained":["Gatherer:Misfortune"]}],"is_beta":false,"boss_relics":[{"not_picked":["Sozu","Pandora\u0027s Box"],"picked":"Replay:Grab Bag"},{"not_picked":["Coffee Dripper","Fusion Hammer"],"picked":"reliquary:Ember"},{"not_picked":["Snecko Eye","Empty Cage"],"picked":"construct:ClawGrip"},{"not_picked":["Busted Crown","reliquary:WritOfMandamus"],"picked":"reliquary:RedPaperclip"}],"items_purged_floors":[37,44],"is_endless":false,"potions_floor_spawned":[4,6,11,20,23,25,29,40,45,48],"ascension_level":2}}