{"host":"AZZAM","time":1613874152,"event":{"mods":["BaseMod","Colored Map","Highlight Path","Minty Spire (QoL Compilation)","Relic Stats","Unceasing Turn Reminder"],"gold_per_floor":[110,42,62,72,87,112,112,139,185,260,293,293,65,85,85,182,182,194,194,206,206,221,253,253,270,318,333,344,122,149,74,74,173,173,191,191,191,243,543,575,575,575,602,256,306,324,357,374,374,374,374,374,19,19,19],"floor_reached":54,"language":"ENG","playtime":5674,"items_purged":["Strike_P","Writhe","Strike_P+1","Defend_P+1"],"score":1079,"play_id":"4d828b84-b2ca-4a42-9372-a727dd4c3b4f","local_time":"20210221052232","is_ascension_mode":true,"campfire_choices":[{"data":"BowlingBash","floor":7.0,"key":"SMITH"},{"data":"Consecrate","floor":15.0,"key":"SMITH"},{"floor":24,"key":"RECALL"},{"floor":32,"key":"REST"},{"floor":42,"key":"REST"},{"floor":49,"key":"REST"},{"floor":52,"key":"REST"}],"circlet_count":0,"master_deck":["Strike_P+1","Defend_P+1","Defend_P+1","Defend_P+1","Eruption+1","Vigilance","Wallop+1","LessonLearned+1","Consecrate+1","DeceiveReality+1","CutThroughFate+1","BowlingBash+1","Meditate+1","BowlingBash+1","EmptyFist+1","DeusExMachina+1","RitualDagger+1","CutThroughFate+1","ThirdEye+1","Omniscience+1","Wireheading","SashWhip+1","LikeWater+1","Dark Shackles","Scrawl","LikeWater+1","Adaptation+1","EmptyBody+1","CrushJoints","CrushJoints+1"],"relics":["PureWater","HornCleat","Pantograph","War Paint","Juzu Bracelet","Ornamental Fan","DollysMirror","Fusion Hammer","Ancient Tea Set","Vajra","Tiny Chest","SacredBark","Whetstone","InkBottle","Bronze Scales","Lantern","Torii","Bag of Marbles","Medical Kit"],"acts_visited":["Exordium","TheCity","TheBeyond","TheEnding"],"potions_floor_usage":[23,23,50,54,54],"damage_taken":[{"damage":0.0,"enemies":"Cultist","floor":1.0,"turns":3.0},{"damage":3.0,"enemies":"2 Louse","floor":3.0,"turns":2.0},{"damage":13.0,"enemies":"Jaw Worm","floor":4.0,"turns":5.0},{"damage":3.0,"enemies":"Blue Slaver","floor":5.0,"turns":6.0},{"damage":0.0,"enemies":"Gremlin Nob","floor":6.0,"turns":3.0},{"damage":21.0,"enemies":"Lagavulin","floor":8.0,"turns":9.0},{"damage":7.0,"enemies":"3 Sentries","floor":11.0,"turns":3.0},{"damage":0.0,"enemies":"3 Louse","floor":14.0,"turns":2.0},{"damage":0.0,"enemies":"Slime Boss","floor":16.0,"turns":6.0},{"damage":0.0,"enemies":"2 Thieves","floor":18.0,"turns":3.0},{"damage":0,"enemies":"3 Byrds","floor":20,"turns":4},{"damage":0,"enemies":"3 Cultists","floor":22,"turns":4},{"damage":0,"enemies":"Slavers","floor":23,"turns":4},{"damage":3,"enemies":"Shelled Parasite and Fungi","floor":25,"turns":5},{"damage":6,"enemies":"Centurion and Healer","floor":27,"turns":4},{"damage":0,"enemies":"Snecko","floor":28,"turns":4},{"damage":0,"enemies":"Gremlin Leader","floor":30,"turns":3},{"damage":7,"enemies":"Champ","floor":33,"turns":10},{"damage":29,"enemies":"3 Darklings","floor":35,"turns":5},{"damage":25,"enemies":"Giant Head","floor":40,"turns":7},{"damage":0,"enemies":"Mind Bloom Boss Battle","floor":45,"turns":2},{"damage":0,"enemies":"Orb Walker","floor":46,"turns":2},{"damage":11,"enemies":"Nemesis","floor":47,"turns":5},{"damage":9,"enemies":"Spire Growth","floor":48,"turns":4},{"damage":43,"enemies":"Awakened One","floor":50,"turns":14},{"damage":80,"enemies":"Shield and Spear","floor":54,"turns":9}],"seed_played":"1523580235781289748","potions_obtained":[{"floor":1.0,"key":"SkillPotion"},{"floor":4.0,"key":"SteroidPotion"},{"floor":5.0,"key":"Regen Potion"},{"floor":14.0,"key":"FearPotion"},{"floor":20,"key":"Weak Potion"},{"floor":25,"key":"BlessingOfTheForge"},{"floor":27,"key":"GamblersBrew"},{"floor":46,"key":"AttackPotion"},{"floor":48,"key":"DistilledChaos"}],"is_trial":false,"path_per_floor":["M","$","M","M","M","E","R","E","T","?","E","?","$","M","R","B",null,"M","?","M","?","M","E","R","M","T","M","M","$","E","?","R","B",null,"M","?","?","T","?","E","?","R","T","$","?","M","E","M","R","B",null,"R","$","E"],"character_chosen":"WATCHER","items_purchased":["LessonLearned","DollysMirror","LikeWater","Dark Shackles","DuplicationPotion","Lantern","Medical Kit","FearPotion"],"campfire_rested":4,"item_purchase_floors":[2,13,29,29,44,44,53,53],"current_hp_per_floor":[79,79,76,63,60,60,60,39,39,28,30,23,23,23,23,48,79,79,73,73,73,73,73,73,70,70,64,64,64,64,64,79,72,79,50,50,50,50,50,25,25,48,48,48,73,73,62,53,76,36,79,79,79,0,0],"gold":19,"neow_bonus":"TEN_PERCENT_HP_BONUS","is_daily":false,"chose_seed":false,"campfire_upgraded":2,"win_rate":0.0,"timestamp":1613874152,"path_taken":["M","$","?","M","M","E","R","E","T","?","E","?","?","M","R","BOSS","M","?","M","?","M","E","R","M","T","M","M","$","E","?","R","BOSS","M","?","?","?","?","E","?","R","T","$","?","M","E","M","R","BOSS","R","$","E"],"items_purchased_type":["Card","Relic","Card","Card","Potion","Relic","Relic","Potion"],"build_version":"2020-12-18","purchased_purges":4,"victory":false,"max_hp_per_floor":[79,79,79,79,79,79,79,79,79,79,79,79,79,79,79,79,79,79,79,79,79,79,79,79,79,79,79,79,79,79,79,79,79,79,79,79,79,79,79,79,79,79,79,79,79,79,79,79,79,79,79,79,79,79,79],"relic_stats":{"Torii":3,"counters":[26,128],"Ornamental Fan":[204],"Pantograph":53,"Bronze Scales":[133],"Tiny Chest":1,"Juzu Bracelet":2,"Whetstone":["SashWhip"],"War Paint":["Defend_P","DeceiveReality"],"Medical Kit":[0],"obtain_stats":[{"Lantern":44,"Torii":45,"SacredBark":34,"Vajra":23,"Juzu Bracelet":11,"Whetstone":38,"War Paint":9,"Ancient Tea Set":21,"Medical Kit":53,"HornCleat":6,"Ornamental Fan":12,"DollysMirror":13,"Pantograph":8,"Bronze Scales":43,"Tiny Chest":30,"Fusion Hammer":17,"Bag of Marbles":47,"PureWater":0,"InkBottle":40},{"Lantern":20,"Torii":21,"SacredBark":18,"Vajra":13,"Juzu Bracelet":7,"Whetstone":19,"War Paint":6,"Ancient Tea Set":11,"Medical Kit":25,"HornCleat":5,"Ornamental Fan":7,"DollysMirror":7,"Pantograph":6,"Bronze Scales":20,"Tiny Chest":17,"Fusion Hammer":9,"Bag of Marbles":23,"PureWater":0,"InkBottle":20},{"Lantern":92,"Torii":94,"SacredBark":80,"Vajra":54,"Juzu Bracelet":31,"Whetstone":85,"War Paint":28,"Ancient Tea Set":46,"Medical Kit":119,"HornCleat":19,"Ornamental Fan":31,"DollysMirror":31,"Pantograph":28,"Bronze Scales":92,"Tiny Chest":70,"Fusion Hammer":39,"Bag of Marbles":101,"PureWater":0,"InkBottle":92}],"InkBottle":[20]},"card_choices":[{"not_picked":["EmptyMind","JustLucky"],"picked":"Wallop","floor":1.0},{"not_picked":["Evaluate","SashWhip"],"picked":"Consecrate","floor":3.0},{"not_picked":["SignatureMove","Pray"],"picked":"DeceiveReality","floor":4.0},{"not_picked":["Perseverance","Evaluate"],"picked":"CutThroughFate","floor":5.0},{"not_picked":["Wallop","ClearTheMind"],"picked":"BowlingBash","floor":6.0},{"not_picked":["WreathOfFlame","WheelKick","Collect"],"picked":"SKIP","floor":8.0},{"not_picked":["ClearTheMind","WaveOfTheHand"],"picked":"Meditate","floor":11.0},{"not_picked":["FlyingSleeves","SashWhip"],"picked":"EmptyFist","floor":14.0},{"not_picked":["Ragnarok","LessonLearned"],"picked":"DeusExMachina","floor":16.0},{"not_picked":["BowlingBash","FlurryOfBlows","EmptyFist+1"],"picked":"SKIP","floor":18},{"not_picked":["PathToVictory","BattleHymn"],"picked":"CutThroughFate+1","floor":20},{"not_picked":["JustLucky","FlurryOfBlows+1"],"picked":"ThirdEye","floor":22},{"not_picked":["Protect","Vengeance"],"picked":"Omniscience","floor":23},{"not_picked":["Crescendo+1","ThirdEye"],"picked":"Wireheading","floor":25},{"not_picked":["JustLucky","WaveOfTheHand","WreathOfFlame"],"picked":"SKIP","floor":27},{"not_picked":["BowlingBash","Adaptation"],"picked":"SashWhip","floor":28},{"not_picked":["PathToVictory","SpiritShield"],"picked":"Scrawl","floor":30},{"not_picked":["EmptyBody+1","SashWhip"],"picked":"LikeWater","floor":35},{"not_picked":["Protect+1","Vengeance"],"picked":"Adaptation+1","floor":40},{"not_picked":["Conclude","FlyingSleeves"],"picked":"EmptyBody+1","floor":45},{"not_picked":["JustLucky","Brilliance"],"picked":"CrushJoints","floor":46},{"not_picked":["Evaluate","Ragnarok","Meditate"],"picked":"SKIP","floor":47},{"not_picked":["EmptyFist","ClearTheMind"],"picked":"CrushJoints+1","floor":48}],"player_experience":97756,"relics_obtained":[{"floor":6.0,"key":"HornCleat"},{"floor":8.0,"key":"Pantograph"},{"floor":9.0,"key":"War Paint"},{"floor":11.0,"key":"Juzu Bracelet"},{"floor":23,"key":"Vajra"},{"floor":30,"key":"Tiny Chest"},{"floor":38,"key":"Whetstone"},{"floor":40,"key":"InkBottle"},{"floor":43,"key":"Bronze Scales"},{"floor":45,"key":"Torii"},{"floor":47,"key":"Bag of Marbles"}],"event_choices":[{"damage_healed":0.0,"max_hp_gain":0.0,"max_hp_loss":0.0,"gold_gain":75.0,"event_name":"World of Goop","player_choice":"Gather Gold","floor":10.0,"gold_loss":0.0,"damage_taken":11.0},{"damage_healed":0.0,"max_hp_gain":0.0,"max_hp_loss":0.0,"gold_gain":0.0,"event_name":"Scrap Ooze","player_choice":"Success","floor":12.0,"gold_loss":0.0,"damage_taken":7.0,"relics_obtained":["Ornamental Fan"]},{"damage_healed":0,"gold_gain":0,"player_choice":"Joined the Cult","damage_taken":6,"max_hp_gain":0,"max_hp_loss":0,"event_name":"Nest","floor":19,"gold_loss":0,"cards_obtained":["RitualDagger"]},{"damage_healed":0,"gold_gain":0,"player_choice":"Opened","damage_taken":0,"relics_obtained":["Ancient Tea Set"],"max_hp_gain":0,"max_hp_loss":0,"event_name":"The Mausoleum","floor":21,"gold_loss":0,"cards_obtained":["Writhe"]},{"cards_removed":["Strike_P"],"damage_healed":0,"gold_gain":0,"player_choice":"Gave Gold","damage_taken":0,"max_hp_gain":0,"max_hp_loss":0,"event_name":"Beggar","floor":31,"gold_loss":75},{"damage_healed":0,"gold_gain":0,"player_choice":"Upgraded","damage_taken":0,"max_hp_gain":0,"max_hp_loss":0,"event_name":"Upgrade Shrine","floor":36,"gold_loss":0,"cards_upgraded":["LikeWater"]},{"damage_healed":0,"gold_gain":0,"player_choice":"Ignored","damage_taken":0,"max_hp_gain":0,"max_hp_loss":0,"event_name":"Tomb of Lord Red Mask","floor":37,"gold_loss":0},{"damage_healed":0,"gold_gain":300,"player_choice":"Gold","damage_taken":0,"max_hp_gain":0,"max_hp_loss":0,"event_name":"Wheel of Change","floor":39,"gold_loss":0},{"damage_healed":0,"gold_gain":0,"player_choice":"Ignored","damage_taken":0,"max_hp_gain":0,"max_hp_loss":0,"event_name":"Mysterious Sphere","floor":41,"gold_loss":0},{"damage_healed":0,"gold_gain":0,"player_choice":"Fight","damage_taken":0,"max_hp_gain":0,"max_hp_loss":0,"event_name":"MindBloom","floor":45,"gold_loss":0}],"is_beta":true,"boss_relics":[{"not_picked":["SlaversCollar","Empty Cage"],"picked":"Fusion Hammer"},{"not_picked":["Snecko Eye","Sozu"],"picked":"SacredBark"}],"items_purged_floors":[13,29,44,53],"is_endless":false,"potions_floor_spawned":[1,4,5,6,14,20,25,27,30,35,46,48],"killed_by":"Shield and Spear","ascension_level":4}}