{"host":"2se5dq1do2gp0x9k","time":1613929290,"event":{"mods":["AchievementEnabler","BaseMod","Block Reminder","Colored Map","Colored Powertips","Minty Spire (QoL Compilation)","Relic Stats","StSLib","SuperFastMode"],"gold_per_floor":[117,31,41,60,75,75,75,75,75,104,104,14,14,26,26,97,97,116,116,31,42,42,73,73,90,90,90,90,102,137,147,147,224,224,235,103,122,147,157,182,197,197,197],"floor_reached":42,"language":"ENG","playtime":1767,"items_purged":["Bite"],"score":986,"play_id":"0c1c9195-c8ac-42a9-9a62-ee7255d2b96f","local_time":"20210221094130","is_ascension_mode":true,"campfire_choices":[{"data":"Apotheosis","floor":6.0,"key":"SMITH"},{"data":"Acrobatics","floor":8.0,"key":"SMITH"},{"floor":11.0,"key":"REST"},{"floor":15.0,"key":"RECALL"},{"floor":24.0,"key":"REST"},{"floor":27.0,"key":"REST"},{"floor":32.0,"key":"REST"}],"circlet_count":0,"master_deck":["AscendersBane","Defend_G","Defend_G","Defend_G","Defend_G","Survivor","Neutralize","Apotheosis+1","Leg Sweep","Dagger Spray","Cloak And Dagger","Leg Sweep","Acrobatics+1","A Thousand Cuts","Deadly Poison","Endless Agony","Terror","Blade Dance","Envenom","Backflip+1","Bite","Bite","Bite","Bite","Burst","Backflip+1","Slice","Endless Agony","Footwork+1","Malaise","Acrobatics+1","PiercingWail","Leg Sweep","Deflect","Night Terror"],"relics":["Ring of the Snake","Mercury Hourglass","Pocketwatch","Pen Nib","WristBlade","Centennial Puzzle","Ninja Scroll","Strawberry","Sozu","PreservedInsect","Torii"],"acts_visited":["Exordium","TheCity","TheBeyond"],"potions_floor_usage":[33,33],"damage_taken":[{"damage":6.0,"enemies":"Small Slimes","floor":1.0,"turns":5.0},{"damage":0.0,"enemies":"2 Louse","floor":3.0,"turns":6.0},{"damage":0.0,"enemies":"Cultist","floor":4.0,"turns":4.0},{"damage":11.0,"enemies":"2 Fungi Beasts","floor":5.0,"turns":3.0},{"damage":1.0,"enemies":"Lagavulin","floor":10.0,"turns":7.0},{"damage":0.0,"enemies":"Gremlin Gang","floor":14.0,"turns":2.0},{"damage":19.0,"enemies":"Hexaghost","floor":16.0,"turns":7.0},{"damage":1.0,"enemies":"3 Byrds","floor":18.0,"turns":3.0},{"damage":13.0,"enemies":"2 Thieves","floor":21.0,"turns":4.0},{"damage":24.0,"enemies":"Book of Stabbing","floor":23.0,"turns":5.0},{"damage":9.0,"enemies":"Snake Plant","floor":25.0,"turns":4.0},{"damage":3.0,"enemies":"Centurion and Healer","floor":29.0,"turns":5.0},{"damage":4.0,"enemies":"Slavers","floor":30.0,"turns":3.0},{"damage":7.0,"enemies":"Snecko","floor":31.0,"turns":4.0},{"damage":48,"enemies":"Collector","floor":33,"turns":7},{"damage":0,"enemies":"Orb Walker","floor":35,"turns":1},{"damage":0,"enemies":"3 Shapes","floor":37,"turns":6},{"damage":26,"enemies":"Sphere and 2 Shapes","floor":39,"turns":10},{"damage":27,"enemies":"Nemesis","floor":40,"turns":5},{"damage":0,"enemies":"Maw","floor":41,"turns":7},{"damage":48,"enemies":"Reptomancer","floor":42,"turns":4}],"seed_played":"3592205919509771923","potions_obtained":[{"floor":3.0,"key":"Block Potion"},{"floor":14.0,"key":"AttackPotion"},{"floor":16.0,"key":"ColorlessPotion"},{"floor":29.0,"key":"Poison Potion"},{"floor":30.0,"key":"BlessingOfTheForge"},{"floor":31.0,"key":"Regen Potion"}],"is_trial":false,"path_per_floor":["M","$","M","M","M","R","?","R","T","E","R","$","?","M","R","B",null,"M","?","$","M","?","E","R","M","T","R","$","M","E","M","R","B",null,"M","$","M","T","M","E","M","E"],"character_chosen":"THE_SILENT","items_purchased":["Dagger Spray","Cloak And Dagger","Endless Agony","Burst","PiercingWail"],"campfire_rested":4,"item_purchase_floors":[2,2,12,20,36],"current_hp_per_floor":[53,53,53,53,42,42,31,31,31,30,48,48,48,48,48,29,52,51,42,42,33,33,15,27,20,20,32,32,42,49,45,49,22,42,45,45,47,47,40,24,35,0,0],"gold":197,"neow_bonus":"RANDOM_COLORLESS_2","is_daily":false,"chose_seed":false,"campfire_upgraded":2,"win_rate":0.0,"timestamp":1613929290,"path_taken":["M","$","M","M","M","R","?","R","T","E","R","$","?","M","R","BOSS","M","?","$","M","?","E","R","M","T","R","$","M","E","M","R","BOSS","M","$","M","?","M","E","M","E"],"items_purchased_type":["Card","Card","Card","Card","Card"],"build_version":"2020-12-22","purchased_purges":1,"victory":false,"max_hp_per_floor":[60,60,60,60,60,60,60,60,60,60,60,60,60,60,60,60,60,60,42,42,42,42,42,42,42,42,42,42,42,49,49,49,49,49,49,49,49,49,49,49,49,49,49],"relic_stats":{"Sozu":2,"Centennial Puzzle":[27],"Torii":0,"counters":[21,102],"Pen Nib":[21],"PreservedInsect":110,"obtain_stats":[{"Sozu":34,"Centennial Puzzle":23,"WristBlade":17,"Torii":40,"Ninja Scroll":26,"Strawberry":30,"Pen Nib":10,"PreservedInsect":38,"Ring of the Snake":0,"Mercury Hourglass":7,"Pocketwatch":9},{"Sozu":15,"Centennial Puzzle":10,"WristBlade":7,"Torii":19,"Ninja Scroll":11,"Strawberry":13,"Pen Nib":5,"PreservedInsect":17,"Ring of the Snake":0,"Mercury Hourglass":4,"Pocketwatch":4},{"Sozu":69,"Centennial Puzzle":46,"WristBlade":34,"Torii":91,"Ninja Scroll":50,"Strawberry":58,"Pen Nib":25,"PreservedInsect":76,"Ring of the Snake":0,"Mercury Hourglass":18,"Pocketwatch":18}],"Ring of the Snake":[40],"Mercury Hourglass":[305],"Pocketwatch":[68]},"card_choices":[{"not_picked":["Master of Strategy","Secret Technique"],"picked":"Apotheosis","floor":0.0},{"not_picked":["Slice","Backflip"],"picked":"Leg Sweep","floor":1.0},{"not_picked":["Expertise","Underhanded Strike"],"picked":"Leg Sweep","floor":3.0},{"not_picked":["Outmaneuver","Distraction"],"picked":"Acrobatics","floor":4.0},{"not_picked":["Quick Slash","Cloak And Dagger"],"picked":"A Thousand Cuts","floor":5.0},{"not_picked":["Dagger Throw","Bane"],"picked":"Deadly Poison","floor":10.0},{"not_picked":["Expertise","Escape Plan"],"picked":"Blade Dance","floor":14.0},{"not_picked":["Tools of the Trade","Wraith Form v2"],"picked":"Envenom","floor":16.0},{"not_picked":["Backstab+1","Dagger Spray"],"picked":"Backflip+1","floor":18.0},{"not_picked":["Choke","Leg Sweep"],"picked":"Backflip+1","floor":21.0},{"not_picked":["Flying Knee","Deadly Poison"],"picked":"Slice","floor":23.0},{"not_picked":["Bouncing Flask+1","Expertise+1","Slice"],"picked":"SKIP","floor":25.0},{"not_picked":["Infinite Blades","Catalyst"],"picked":"Endless Agony","floor":29.0},{"not_picked":["Deadly Poison","Masterful Stab","Finisher"],"picked":"SKIP","floor":30.0},{"not_picked":["Distraction","Acrobatics"],"picked":"Footwork+1","floor":31.0},{"not_picked":["Storm of Steel","Doppelganger"],"picked":"Malaise","floor":33},{"not_picked":["Quick Slash+1","Eviscerate"],"picked":"Acrobatics+1","floor":35},{"not_picked":["Expertise+1","Flechettes"],"picked":"Leg Sweep","floor":37},{"not_picked":["Quick Slash+1","Slice","All Out Attack+1"],"picked":"SKIP","floor":39},{"not_picked":["Backstab","Dodge and Roll"],"picked":"Deflect","floor":40},{"not_picked":["Caltrops","Deflect"],"picked":"Night Terror","floor":41}],"player_experience":4099363,"relics_obtained":[{"floor":9.0,"key":"Pocketwatch"},{"floor":10.0,"key":"Pen Nib"},{"floor":23.0,"key":"Centennial Puzzle"},{"floor":26.0,"key":"Ninja Scroll"},{"floor":30.0,"key":"Strawberry"},{"floor":38,"key":"PreservedInsect"},{"floor":40,"key":"Torii"}],"event_choices":[{"damage_healed":0.0,"max_hp_gain":0.0,"max_hp_loss":0.0,"gold_gain":0.0,"event_name":"Scrap Ooze","player_choice":"Success","floor":7.0,"gold_loss":0.0,"damage_taken":11.0,"relics_obtained":["Mercury Hourglass"]},{"damage_healed":0.0,"max_hp_gain":0.0,"max_hp_loss":0.0,"gold_gain":0.0,"cards_transformed":["Strike_G"],"event_name":"Living Wall","player_choice":"Change","floor":13.0,"gold_loss":0.0,"damage_taken":0.0,"cards_obtained":["Terror"]},{"damage_healed":0.0,"max_hp_gain":0.0,"max_hp_loss":18.0,"gold_gain":0.0,"event_name":"Vampires","player_choice":"Became a vampire","floor":19.0,"gold_loss":0.0,"damage_taken":0.0,"cards_obtained":["Bite","Bite","Bite","Bite","Bite"]},{"cards_removed":["Defend_G"],"damage_healed":0.0,"max_hp_gain":0.0,"max_hp_loss":0.0,"gold_gain":0.0,"event_name":"Purifier","player_choice":"Purged","floor":22.0,"gold_loss":0.0,"damage_taken":0.0}],"is_beta":false,"boss_relics":[{"not_picked":["Velvet Choker","Pandora\u0027s Box"],"picked":"WristBlade"},{"not_picked":["Ring of the Serpent","Astrolabe"],"picked":"Sozu"}],"items_purged_floors":[36],"is_endless":false,"potions_floor_spawned":[3,14,16,29,30,31,37,41],"killed_by":"Reptomancer","ascension_level":20}}