{"host":"72n3jwtrlpjobydj","time":1613884375,"event":{"mods":["AchievementEnabler","BaseMod","CapriCore","DeckTracker","Hermit","Koishi","KomeijiMod","Lobotomy","Marisa£¨Ùöéë¡¡Øª×âÞÞ£©","Minty Spire (QoL Compilation)","Permanent Neow","StSLib","SuperFastMode","The Cursed","The Hierophant","The Immortal"],"gold_per_floor":[113,113,133,143,143,169,169,184,258,258,258,258,33,33,33,131,131,147,147,147,167,179,179,189,216,264,7,0,0,0,14,14,14,14],"floor_reached":33,"language":"KOR","playtime":816,"items_purged":["Parasite"],"score":255,"play_id":"0b463ee4-b04d-4130-8ce1-96fe94debc50","local_time":"20210221141255","is_ascension_mode":true,"campfire_choices":[{"floor":7.0,"key":"REST"},{"floor":10.0,"key":"REST"},{"floor":12.0,"key":"RECALL"},{"data":"Deadly Poison","floor":15.0,"key":"SMITH"},{"floor":23,"key":"REST"},{"floor":32,"key":"REST"}],"circlet_count":0,"master_deck":["Strike_G","Strike_G","Strike_G","Strike_G","Strike_G","Defend_G","Defend_G","Defend_G","Defend_G","Defend_G","Survivor","Neutralize","PiercingWail","Deadly Poison+1","Deadly Poison","Writhe","Bouncing Flask","Noxious Fumes+1","Footwork"],"relics":["Ring of the Snake","Orichalcum","Du-Vu Doll","Bag of Preparation","Bottled Lightning","TwistedFunnel","Sozu","HoshigumaDish","Anchor","Matryoshka"],"acts_visited":["Exordium","TheCity"],"potions_floor_usage":[],"damage_taken":[{"damage":0.0,"enemies":"Jaw Worm","floor":1.0,"turns":5.0},{"damage":1.0,"enemies":"Cultist","floor":3.0,"turns":5.0},{"damage":2.0,"enemies":"Small Slimes","floor":4.0,"turns":4.0},{"damage":33.0,"enemies":"3 Sentries","floor":6.0,"turns":14.0},{"damage":6.0,"enemies":"3 Louse","floor":8.0,"turns":3.0},{"damage":4.0,"enemies":"Hexaghost","floor":16.0,"turns":8.0},{"damage":10.0,"enemies":"3 Byrds","floor":18.0,"turns":6.0},{"damage":21.0,"enemies":"2 Thieves","floor":21.0,"turns":4.0},{"damage":2.0,"enemies":"Snake Plant","floor":22.0,"turns":3.0},{"damage":18,"enemies":"Sentry and Sphere","floor":24,"turns":4},{"damage":18,"enemies":"3 Cultists","floor":31,"turns":5},{"damage":39,"enemies":"Automaton","floor":33,"turns":6}],"seed_played":"3162789270677666741","potions_obtained":[{"floor":1.0,"key":"GamblersBrew"},{"floor":4.0,"key":"EssenceOfSteel"},{"floor":8.0,"key":"JyouchiReiPotion"}],"is_trial":false,"path_per_floor":["M","?","M","M","?","E","R","M","T","R","?","R","$","?","R","B",null,"M","?","?","M","M","R","M","T","T","$","?","$","?","M","R","B"],"character_chosen":"THE_SILENT","items_purchased":["TwistedFunnel","Matryoshka"],"campfire_rested":4,"item_purchase_floors":[13,27],"current_hp_per_floor":[70,70,69,67,67,34,55,49,49,70,70,70,67,67,67,63,67,57,57,57,36,34,54,36,36,36,36,36,36,36,18,38,0,0],"gold":14,"neow_bonus":"RANDOM_COMMON_RELIC","is_daily":false,"chose_seed":false,"campfire_upgraded":1,"win_rate":0.0,"timestamp":1613884375,"path_taken":["M","?","?","M","?","E","R","M","T","R","?","R","$","?","R","BOSS","M","?","?","M","M","R","M","?","T","?","?","$","?","M","R","BOSS"],"items_purchased_type":["Relic","Relic"],"build_version":"2020-12-22","purchased_purges":1,"victory":false,"max_hp_per_floor":[70,70,70,70,70,70,70,70,70,70,70,70,67,67,67,67,67,67,67,67,67,67,67,67,67,67,67,67,67,67,67,67,67,67],"card_choices":[{"not_picked":["Prepared","Eviscerate"],"picked":"PiercingWail","floor":1.0},{"not_picked":["Cloak And Dagger","Dagger Spray","Calculated Gamble"],"picked":"SKIP","floor":3.0},{"not_picked":["Underhanded Strike","Expertise"],"picked":"Deadly Poison","floor":4.0},{"not_picked":["PiercingWail","Dagger Throw","Acrobatics"],"picked":"SKIP","floor":6.0},{"not_picked":["Calculated Gamble","Dash"],"picked":"Deadly Poison","floor":8.0},{"not_picked":["Blade Dance","Acrobatics","Outmaneuver"],"picked":"SKIP","floor":18.0},{"not_picked":["Cloak And Dagger","Well Laid Plans"],"picked":"Noxious Fumes+1","floor":21.0},{"not_picked":["Acrobatics+1","PiercingWail","Leg Sweep"],"picked":"SKIP","floor":22.0},{"not_picked":["Dash","Slice+1","Dagger Throw+1"],"picked":"SKIP","floor":24},{"not_picked":["Adrenaline","PiercingWail+1"],"picked":"Footwork","floor":31}],"player_experience":106738,"relics_obtained":[{"floor":6.0,"key":"Bag of Preparation"},{"floor":9.0,"key":"Bottled Lightning"},{"floor":26,"key":"Anchor"}],"event_choices":[{"damage_healed":0.0,"max_hp_gain":0.0,"max_hp_loss":0.0,"gold_gain":0.0,"event_name":"WeMeetAgain","player_choice":"Gave Potion","floor":2.0,"gold_loss":0.0,"damage_taken":0.0,"relics_obtained":["Du-Vu Doll"]},{"damage_healed":0.0,"max_hp_gain":0.0,"max_hp_loss":0.0,"gold_gain":0.0,"event_name":"Liars Game","player_choice":"Ignored","floor":5.0,"gold_loss":0.0,"damage_taken":0.0},{"damage_healed":17.0,"max_hp_gain":0.0,"max_hp_loss":0.0,"gold_gain":0.0,"event_name":"Mushrooms","player_choice":"Healed and dodged fight","floor":11.0,"gold_loss":0.0,"damage_taken":0.0,"cards_obtained":["Parasite"]},{"damage_healed":0.0,"max_hp_gain":0.0,"max_hp_loss":0.0,"gold_gain":0.0,"event_name":"The Mausoleum","player_choice":"Opened","floor":19.0,"gold_loss":0.0,"damage_taken":0.0,"relics_obtained":["HoshigumaDish"],"cards_obtained":["Writhe"]},{"damage_healed":0.0,"max_hp_gain":0.0,"max_hp_loss":0.0,"gold_gain":0.0,"event_name":"The Library","player_choice":"Read","floor":20.0,"gold_loss":0.0,"damage_taken":0.0,"cards_obtained":["Bouncing Flask"]},{"damage_healed":0,"gold_gain":0,"player_choice":"Paid Fearfully","damage_taken":0,"max_hp_gain":0,"max_hp_loss":0,"event_name":"Masked Bandits","floor":28,"gold_loss":7},{"damage_healed":0,"gold_gain":0,"player_choice":"Ignored","damage_taken":0,"max_hp_gain":0,"max_hp_loss":0,"event_name":"Vampires","floor":30,"gold_loss":0}],"is_beta":false,"boss_relics":[{"not_picked":["Ectoplasm","HoveringKite"],"picked":"Sozu"}],"items_purged_floors":[13],"is_endless":false,"potions_floor_spawned":[1,4,8,22,31],"killed_by":"Automaton","ascension_level":1}}