{"host":"test","time":1613895652,"event":{"mods":["BaseMod","Colored Map","Colored Powertips","Minty Spire (QoL Compilation)","Relic Stats","SpireBot","StSLib","Twitch Utils","ojb\u0027s Better Paths Mod","ojb\u0027s Info Mod"],"gold_per_floor":[155,193,193,227,34,34,99,187,187,245,61,126,3,86,86,185,185,222,257,257,293,218,218,13,89,112,112,171,171,231,316,316,420,420,461,500,562,603,603,603,654,694,721,16,76,129,171,197,197,247,272,272,272,3,63,88],"floor_reached":57,"language":"JPN","playtime":5554,"items_purged":["Strike_G","Defend_G","Well Laid Plans","Defend_G"],"score":3168,"play_id":"fc283a9b-587c-49fd-9e49-85afc03da5ae","local_time":"20210221172052","is_ascension_mode":true,"campfire_choices":[{"data":"HandOfGreed","floor":6,"key":"SMITH"},{"data":"Blade Dance","floor":15,"key":"SMITH"},{"data":"Wraith Form v2","floor":23,"key":"SMITH"},{"floor":27,"key":"REST"},{"data":"Calculated Gamble","floor":29,"key":"SMITH"},{"floor":32,"key":"REST"},{"data":"Footwork","floor":40,"key":"SMITH"},{"floor":49,"key":"RECALL"},{"data":"After Image","floor":53,"key":"SMITH"}],"circlet_count":0,"master_deck":["AscendersBane","Defend_G","Defend_G","Defend_G+1","Survivor","Neutralize","HandOfGreed+1","Dagger Spray","Skewer+1","Blade Dance+1","Accuracy","Tools of the Trade","Dash","PiercingWail","Footwork+1","Wraith Form v2+1","CurseOfTheBell","Backstab","Outmaneuver","Terror","Dagger Throw","Blur","Underhanded Strike+1","Calculated Gamble+1","Tactician","After Image+1","Outmaneuver+1","Prepared","Concentrate+1","Adrenaline","Acrobatics","Malaise+1","Footwork","Expertise+1","Leg Sweep+1","Backflip+1","Reflex+1","Prepared+1","Cloak And Dagger+1"],"relics":["Ring of the Snake","Membership Card","White Beast Statue","The Courier","Ornamental Fan","OrangePellets","Letter Opener","Calling Bell","Orichalcum","Paper Crane","Tingsha","Tough Bandages","Potion Belt","Whetstone","Pantograph","Omamori","Runic Pyramid","Lantern","CeramicFish","Kunai","Medical Kit","Oddly Smooth Stone","Bag of Preparation","Incense Burner","Nunchaku","Toxic Egg 2","Pear","Anchor","War Paint","Happy Flower"],"acts_visited":["Exordium","TheCity","TheBeyond","TheEnding"],"potions_floor_usage":[8,10,14,16,18,19,21,21,25,25,31,31,33,37,41,56,56],"damage_taken":[{"damage":1,"enemies":"2 Louse","floor":1,"turns":5},{"damage":6,"enemies":"Cultist","floor":2,"turns":5},{"damage":3,"enemies":"Small Slimes","floor":4,"turns":5},{"damage":0,"enemies":"Exordium Wildlife","floor":7,"turns":4},{"damage":7,"enemies":"3 Sentries","floor":8,"turns":7},{"damage":17,"enemies":"Lagavulin","floor":10,"turns":7},{"damage":1,"enemies":"2 Fungi Beasts","floor":12,"turns":4},{"damage":6,"enemies":"3 Sentries","floor":14,"turns":9},{"damage":3,"enemies":"Hexaghost","floor":16,"turns":11},{"damage":7,"enemies":"Shell Parasite","floor":18,"turns":8},{"damage":7,"enemies":"3 Byrds","floor":19,"turns":8},{"damage":0,"enemies":"Cultist and Chosen","floor":21,"turns":5},{"damage":7,"enemies":"Slavers","floor":25,"turns":6},{"damage":19,"enemies":"Book of Stabbing","floor":28,"turns":6},{"damage":0,"enemies":"Centurion and Healer","floor":30,"turns":6},{"damage":16,"enemies":"Slavers","floor":31,"turns":8},{"damage":44,"enemies":"Collector","floor":33,"turns":11},{"damage":2,"enemies":"Orb Walker","floor":35,"turns":4},{"damage":1,"enemies":"3 Shapes","floor":36,"turns":7},{"damage":0,"enemies":"Sphere and 2 Shapes","floor":37,"turns":5},{"damage":0,"enemies":"4 Shapes","floor":38,"turns":9},{"damage":0,"enemies":"Nemesis","floor":41,"turns":9},{"damage":0,"enemies":"Maw","floor":42,"turns":8},{"damage":0,"enemies":"Giant Head","floor":45,"turns":10},{"damage":0,"enemies":"Jaw Worm Horde","floor":46,"turns":6},{"damage":0,"enemies":"3 Darklings","floor":47,"turns":5},{"damage":0,"enemies":"Transient","floor":48,"turns":6},{"damage":0,"enemies":"Donu and Deca","floor":50,"turns":13},{"damage":3,"enemies":"Time Eater","floor":51,"turns":24},{"damage":0,"enemies":"Shield and Spear","floor":55,"turns":12},{"damage":0,"enemies":"The Heart","floor":56,"turns":11}],"seed_played":"-4409312289510243284","potions_obtained":[{"floor":1,"key":"CultistPotion"},{"floor":10,"key":"LiquidMemories"},{"floor":14,"key":"Dexterity Potion"},{"floor":16,"key":"Swift Potion"},{"floor":18,"key":"SteroidPotion"},{"floor":19,"key":"CunningPotion"},{"floor":21,"key":"SneckoOil"},{"floor":25,"key":"Energy Potion"},{"floor":28,"key":"Weak Potion"},{"floor":30,"key":"FearPotion"},{"floor":31,"key":"Strength Potion"},{"floor":33,"key":"CunningPotion"},{"floor":35,"key":"GamblersBrew"},{"floor":36,"key":"Block Potion"},{"floor":37,"key":"AttackPotion"},{"floor":41,"key":"LiquidMemories"},{"floor":42,"key":"BlessingOfTheForge"},{"floor":45,"key":"SpeedPotion"}],"is_trial":false,"path_per_floor":["M","M","?","M","$","R","M","?","T","E","$","M","$","E","R","B",null,"M","M","?","M","?","R","$","E","T","R","E","R","M","E","R","B",null,"M","M","M","M","T","R","E","M","T","$","E","M","M","M","R","B","B",null,"R","$","E","B",null],"character_chosen":"THE_SILENT","items_purchased":["Membership Card","AttackPotion","Ornamental Fan","EssenceOfSteel","OrangePellets","Footwork","Well Laid Plans","Tough Bandages","SteroidPotion","Kunai","Medical Kit","Oddly Smooth Stone","Bag of Preparation","Incense Burner","Nunchaku","Toxic Egg 2","Malaise+1","Footwork","Anchor","Reflex+1","Prepared+1","Cloak And Dagger+1","Swift Potion","War Paint"],"campfire_rested":2,"item_purchase_floors":[5,5,11,11,13,13,13,24,24,44,44,44,44,44,44,44,44,44,54,54,54,54,54,54],"current_hp_per_floor":[58,52,52,49,49,49,49,42,42,25,25,24,24,18,18,15,49,42,35,35,35,35,35,35,28,28,46,27,27,27,11,29,10,48,46,45,45,45,45,45,45,45,45,45,55,55,55,55,55,70,67,69,69,69,69,70],"gold":88,"neow_bonus":"RANDOM_COLORLESS_2","is_daily":false,"chose_seed":true,"campfire_upgraded":6,"win_rate":0.0,"timestamp":1613895652,"path_taken":["M","M","?","M","$","R","?","?","T","E","$","M","?","E","R","BOSS","M","M","?","M","?","R","$","E","T","R","E","R","M","E","R","BOSS","M","M","?","M","?","R","E","M","T","?","E","M","M","M","R","BOSS","BOSS","R","$","E","BOSS"],"items_purchased_type":["Relic","Potion","Relic","Potion","Relic","Card","Card","Relic","Potion","Relic","Relic","Relic","Relic","Relic","Relic","Relic","Card","Card","Relic","Card","Card","Card","Potion","Relic"],"build_version":"2020-12-18","purchased_purges":4,"victory":true,"max_hp_per_floor":[60,60,60,60,60,60,60,60,60,60,60,60,60,60,60,60,60,60,60,60,60,60,60,60,60,60,60,60,60,60,60,60,60,60,60,60,60,60,60,60,60,60,60,60,70,70,70,70,70,70,70,70,70,70,70,70],"relic_stats":{"Happy Flower":[3],"counters":[31,244],"CeramicFish":72,"Tingsha":[985],"Bag of Preparation":[16],"Letter Opener":[368],"Whetstone":["Skewer","Underhanded Strike"],"Orichalcum":[90],"War Paint":["Concentrate","Defend_G"],"Medical Kit":[13],"OrangePellets":[30],"Tough Bandages":[1260],"Nunchaku":[18],"Ornamental Fan":[348],"Pantograph":41,"Kunai":[43],"obtain_stats":[{"Lantern":41,"CeramicFish":43,"Bag of Preparation":44,"Incense Burner":44,"Whetstone":26,"Tough Bandages":24,"Nunchaku":44,"Pantograph":28,"Kunai":44,"Toxic Egg 2":44,"Ring of the Snake":0,"Runic Pyramid":34,"Potion Belt":25,"Pear":45,"Happy Flower":55,"Oddly Smooth Stone":44,"Tingsha":17,"The Courier":10,"Omamori":31,"Letter Opener":14,"Orichalcum":17,"Paper Crane":17,"War Paint":54,"Medical Kit":44,"White Beast Statue":9,"Calling Bell":17,"OrangePellets":13,"Anchor":54,"Ornamental Fan":11,"Membership Card":5},{"Lantern":22,"CeramicFish":23,"Bag of Preparation":23,"Incense Burner":23,"Whetstone":13,"Tough Bandages":12,"Nunchaku":23,"Pantograph":14,"Kunai":23,"Toxic Egg 2":23,"Ring of the Snake":0,"Runic Pyramid":17,"Potion Belt":13,"Pear":24,"Happy Flower":30,"Oddly Smooth Stone":23,"Tingsha":9,"The Courier":6,"Omamori":16,"Letter Opener":8,"Orichalcum":9,"Paper Crane":9,"War Paint":29,"Medical Kit":23,"White Beast Statue":5,"Calling Bell":9,"OrangePellets":7,"Anchor":29,"Ornamental Fan":6,"Membership Card":3},{"Lantern":149,"CeramicFish":157,"Bag of Preparation":157,"Incense Burner":157,"Whetstone":84,"Tough Bandages":78,"Nunchaku":157,"Pantograph":90,"Kunai":157,"Toxic Egg 2":157,"Ring of the Snake":0,"Runic Pyramid":115,"Potion Belt":84,"Pear":167,"Happy Flower":233,"Oddly Smooth Stone":157,"Tingsha":57,"The Courier":33,"Omamori":104,"Letter Opener":46,"Orichalcum":57,"Paper Crane":57,"War Paint":221,"Medical Kit":157,"White Beast Statue":26,"Calling Bell":57,"OrangePellets":37,"Anchor":221,"Ornamental Fan":33,"Membership Card":15}],"Ring of the Snake":[62]},"card_choices":[{"not_picked":["Master of Strategy","Magnetism"],"picked":"HandOfGreed","floor":0},{"not_picked":["Slice","Sucker Punch"],"picked":"Dagger Spray","floor":1},{"not_picked":["Quick Slash","Concentrate"],"picked":"Skewer","floor":2},{"not_picked":["Outmaneuver","Deflect"],"picked":"Accuracy","floor":4},{"not_picked":["All Out Attack","Prepared"],"picked":"Tools of the Trade","floor":7},{"not_picked":["Dodge and Roll","Dagger Throw"],"picked":"Dash","floor":10},{"not_picked":["Bouncing Flask","Accuracy"],"picked":"PiercingWail","floor":12},{"not_picked":["Deadly Poison","Bane","Envenom"],"picked":"SKIP","floor":14},{"not_picked":["Doppelganger","Storm of Steel"],"picked":"Wraith Form v2","floor":16},{"not_picked":["Poisoned Stab+1","Deadly Poison"],"picked":"Backstab","floor":18},{"not_picked":["Caltrops","Predator"],"picked":"Outmaneuver","floor":19},{"not_picked":["Bane","Terror","Dodge and Roll"],"picked":"SKIP","floor":21},{"not_picked":["Dagger Throw","Predator","Bane"],"picked":"SKIP","floor":25},{"not_picked":["Cloak And Dagger","Prepared"],"picked":"Calculated Gamble","floor":28},{"not_picked":["Backstab","Prepared","All Out Attack+1"],"picked":"SKIP","floor":30},{"not_picked":["Dagger Spray","Footwork"],"picked":"Tactician","floor":31},{"not_picked":["Die Die Die","Burst"],"picked":"After Image","floor":33},{"not_picked":["Well Laid Plans","Dodge and Roll+1"],"picked":"Outmaneuver+1","floor":35},{"not_picked":["Distraction","Deflect","Dodge and Roll"],"picked":"SKIP","floor":36},{"not_picked":["Acrobatics+1","Distraction"],"picked":"Prepared","floor":37},{"not_picked":["Prepared","Backflip+1"],"picked":"Concentrate","floor":38},{"not_picked":["Acrobatics","Blur"],"picked":"Adrenaline","floor":41},{"not_picked":["Slice","Dodge and Roll"],"picked":"Acrobatics","floor":42},{"not_picked":["Footwork+1","Masterful Stab"],"picked":"Expertise+1","floor":45},{"not_picked":["Flying Knee","Masterful Stab"],"picked":"Leg Sweep+1","floor":46},{"not_picked":["Acrobatics+1","Noxious Fumes+1","Dash"],"picked":"SKIP","floor":47},{"not_picked":["Deflect+1","Tactician+1"],"picked":"Backflip+1","floor":48},{"not_picked":["Underhanded Strike","Deflect+1","Reflex+1"],"picked":"SKIP","floor":55}],"player_experience":2092236,"relics_obtained":[{"floor":9,"key":"White Beast Statue"},{"floor":10,"key":"The Courier"},{"floor":14,"key":"Letter Opener"},{"floor":17,"key":"Orichalcum"},{"floor":17,"key":"Paper Crane"},{"floor":17,"key":"Tingsha"},{"floor":25,"key":"Potion Belt"},{"floor":26,"key":"Whetstone"},{"floor":28,"key":"Pantograph"},{"floor":31,"key":"Omamori"},{"floor":41,"key":"Lantern"},{"floor":43,"key":"CeramicFish"},{"floor":45,"key":"Pear"},{"floor":55,"key":"Happy Flower"}],"event_choices":[{"damage_healed":0,"gold_gain":0,"player_choice":"1 cards matched","damage_taken":0,"max_hp_gain":0,"max_hp_loss":0,"event_name":"Match and Keep!","floor":3,"gold_loss":0,"cards_obtained":["Blade Dance"]},{"damage_healed":0,"gold_gain":0,"player_choice":"1 cards matched","damage_taken":0,"max_hp_gain":0,"max_hp_loss":0,"event_name":"Match and Keep!","floor":3,"gold_loss":0,"cards_obtained":["Blade Dance"]},{"damage_healed":0,"gold_gain":0,"player_choice":"Searched \u00271\u0027 times","damage_taken":0,"max_hp_gain":0,"max_hp_loss":0,"event_name":"Dead Adventurer","floor":8,"gold_loss":0},{"damage_healed":0,"gold_gain":0,"cards_transformed":["Strike_G","Strike_G"],"player_choice":"Became Test Subject","damage_taken":0,"max_hp_gain":0,"max_hp_loss":0,"event_name":"Drug Dealer","floor":20,"gold_loss":0,"cards_obtained":["Terror","Dagger Throw"]},{"damage_healed":0,"gold_gain":0,"cards_transformed":["Strike_G","Strike_G"],"player_choice":"Transformed Cards","damage_taken":0,"max_hp_gain":0,"max_hp_loss":0,"event_name":"Designer","floor":22,"gold_loss":75,"cards_obtained":["Blur","Underhanded Strike"]}],"is_beta":true,"boss_relics":[{"not_picked":["Runic Dome","Empty Cage"],"picked":"Calling Bell"},{"not_picked":["WristBlade","HoveringKite"],"picked":"Runic Pyramid"}],"items_purged_floors":[11,24,44,54],"is_endless":false,"potions_floor_spawned":[1,7,10,12,14,16,18,19,21,25,28,30,31,33,35,36,37,38,41,42,45,46,47,48,55],"ascension_level":20}}