{"host":"xjj3c712op3vq4z0","time":1613943852,"event":{"mods":["BaseMod","Challenge The Spire","Curses Come First","Highlight Path","Minty Spire (QoL Compilation)","Permanent Neow","Quick Restart","Relic Stats","StSLib"],"gold_per_floor":[114,184,184,199,219,219,253,253,253,282,282,307,307,340,340,445,445,445,445,445,445,445,445,445,445,445,445,445,445,38,38,38,38,38,38,38,38,38,38,38,38,38,38,38,38,38,38,38,38,38,38,38,38,38,38],"floor_reached":54,"language":"ENG","playtime":2899,"items_purged":["Writhe"],"score":1291,"play_id":"58b15647-e3e1-467f-8479-3693e4438bbf","local_time":"20210221224412","is_ascension_mode":true,"campfire_choices":[{"data":"TalkToTheHand","floor":6.0,"key":"SMITH"},{"data":"Establishment","floor":8.0,"key":"SMITH"},{"data":"FearNoEvil","floor":11.0,"key":"SMITH"},{"data":"Halt","floor":13.0,"key":"SMITH"},{"data":"WheelKick","floor":15.0,"key":"SMITH"},{"data":"Blasphemy","floor":27,"key":"SMITH"},{"floor":32,"key":"REST"},{"data":"Wish","floor":40,"key":"SMITH"},{"data":"Vault","floor":42,"key":"SMITH"},{"data":"Fasting2","floor":46,"key":"SMITH"},{"floor":49,"key":"RECALL"},{"floor":52,"key":"REST"}],"circlet_count":0,"master_deck":["Eruption+1","Vigilance","Crescendo","Conclude","TalkToTheHand+1","WreathOfFlame","FollowUp","WheelKick+1","Consecrate","WheelKick","Halt","Protect","FearNoEvil+1","Establishment+1","TalkToTheHand+1","Halt+1","DevaForm","Blasphemy+1","DeceiveReality","ReachHeaven+1","Ghostly","Ghostly","Ghostly","Ghostly","Ghostly","Protect+1","CutThroughFate+1","Evaluate","Fasting2+1","Master of Strategy","Vault+1","Wish+1","FlurryOfBlows+1","TalkToTheHand+1","Protect+1"],"relics":["Pandora\u0027s Box","Happy Flower","Molten Egg 2","The Courier","Matryoshka","Vajra","Ectoplasm","MutagenicStrength","Omamori","Bag of Preparation","Bottled Tornado","ClockworkSouvenir","Bottled Lightning","Cursed Key","MealTicket","Letter Opener","Prayer Wheel","Smiling Mask","Lizard Tail"],"acts_visited":["Exordium","TheCity","TheBeyond","TheEnding"],"potions_floor_usage":[19,22,31,41,47,54],"damage_taken":[{"damage":0.0,"enemies":"Cultist","floor":1.0,"turns":2.0},{"damage":0.0,"enemies":"2 Louse","floor":4.0,"turns":1.0},{"damage":4.0,"enemies":"Jaw Worm","floor":5.0,"turns":3.0},{"damage":7.0,"enemies":"3 Sentries","floor":7.0,"turns":2.0},{"damage":12.0,"enemies":"Gremlin Nob","floor":10.0,"turns":3.0},{"damage":10.0,"enemies":"3 Sentries","floor":12.0,"turns":3.0},{"damage":0.0,"enemies":"Gremlin Nob","floor":14.0,"turns":2.0},{"damage":0.0,"enemies":"Slime Boss","floor":16.0,"turns":3.0},{"damage":0.0,"enemies":"Spheric Guardian","floor":18.0,"turns":1.0},{"damage":4,"enemies":"Chosen","floor":19,"turns":3},{"damage":8,"enemies":"Shelled Parasite and Fungi","floor":22,"turns":2},{"damage":2,"enemies":"Slavers","floor":25,"turns":4},{"damage":10,"enemies":"Cultist and Chosen","floor":28,"turns":4},{"damage":0,"enemies":"Centurion and Healer","floor":29,"turns":4},{"damage":10,"enemies":"Book of Stabbing","floor":31,"turns":5},{"damage":0,"enemies":"Collector","floor":33,"turns":8},{"damage":0,"enemies":"Orb Walker","floor":35,"turns":3},{"damage":2,"enemies":"3 Shapes","floor":36,"turns":3},{"damage":3,"enemies":"Jaw Worm Horde","floor":37,"turns":4},{"damage":2,"enemies":"3 Darklings","floor":39,"turns":3},{"damage":0,"enemies":"Nemesis","floor":41,"turns":6},{"damage":0,"enemies":"Giant Head","floor":44,"turns":6},{"damage":0,"enemies":"4 Shapes","floor":45,"turns":6},{"damage":0,"enemies":"Nemesis","floor":47,"turns":5},{"damage":0,"enemies":"Maw","floor":48,"turns":6},{"damage":100003,"enemies":"Donu and Deca","floor":50,"turns":8},{"damage":100035,"enemies":"Shield and Spear","floor":54,"turns":5}],"seed_played":"1293352867212367225","potions_obtained":[{"floor":4.0,"key":"SmokeBomb"},{"floor":7.0,"key":"LiquidBronze"},{"floor":12.0,"key":"FairyPotion"},{"floor":19,"key":"Weak Potion"},{"floor":25,"key":"SmokeBomb"},{"floor":31,"key":"BottledMiracle"},{"floor":37,"key":"CultistPotion"},{"floor":38,"key":"Regen Potion"},{"floor":39,"key":"Block Potion"},{"floor":47,"key":"SneckoOil"}],"is_trial":false,"path_per_floor":["M","?","?","M","M","R","E","R","T","E","R","E","R","E","R","B",null,"M","M","?","?","M","?","?","E","T","R","M","M","$","E","R","B",null,"M","M","M","?","M","R","E","R","T","E","M","R","E","M","R","B",null,"R","$","E"],"character_chosen":"WATCHER","items_purchased":["ClockworkSouvenir","Evaluate","Fasting2","Master of Strategy"],"campfire_rested":2,"item_purchase_floors":[30,30,30,30],"current_hp_per_floor":[72,72,72,72,68,68,61,61,61,49,49,39,39,39,39,39,64,64,60,60,60,52,52,36,34,34,34,24,24,24,14,24,24,33,33,31,28,28,26,26,36,36,36,36,36,36,36,36,36,10,30,36,36,0,0],"gold":38,"neow_bonus":"BOSS_RELIC","is_daily":false,"chose_seed":false,"campfire_upgraded":9,"win_rate":0.0,"timestamp":1613943852,"path_taken":["M","?","?","M","M","R","E","R","T","E","R","E","R","E","R","BOSS","M","?","?","?","M","?","?","E","T","R","?","M","?","E","R","BOSS","M","M","M","?","M","R","E","R","T","E","M","R","E","M","R","BOSS","R","$","E"],"items_purchased_type":["Relic","Card","Card","Card"],"build_version":"2020-12-22","purchased_purges":1,"victory":false,"max_hp_per_floor":[72,72,72,72,72,72,72,72,72,72,72,72,72,72,72,72,72,72,72,72,72,72,72,36,36,36,36,36,36,36,36,36,36,36,36,36,36,36,36,36,36,36,36,36,36,36,36,36,36,36,36,36,36,36,36],"relic_stats":{"Lizard Tail":18,"Happy Flower":[32],"counters":[27,104],"Pandora\u0027s Box":["Crescendo","Conclude","TalkToTheHand","WreathOfFlame","FollowUp","WheelKick","Consecrate","WheelKick"],"MealTicket":0,"Prayer Wheel":2,"Ectoplasm":423,"Bag of Preparation":[30],"Letter Opener":[92],"Cursed Key":1,"Smiling Mask":0,"obtain_stats":[{"Happy Flower":7,"Vajra":14,"The Courier":10,"Omamori":23,"Bag of Preparation":25,"Letter Opener":43,"Bottled Tornado":26,"Cursed Key":34,"Smiling Mask":44,"ClockworkSouvenir":30,"Lizard Tail":47,"Matryoshka":12,"MutagenicStrength":21,"Pandora\u0027s Box":0,"Molten Egg 2":9,"MealTicket":41,"Prayer Wheel":43,"Ectoplasm":17,"Bottled Lightning":31,"PureWater":0},{"Happy Flower":4,"Vajra":7,"The Courier":5,"Omamori":11,"Bag of Preparation":12,"Letter Opener":21,"Bottled Tornado":12,"Cursed Key":16,"Smiling Mask":22,"ClockworkSouvenir":14,"Lizard Tail":24,"Matryoshka":6,"MutagenicStrength":10,"Pandora\u0027s Box":0,"Molten Egg 2":4,"MealTicket":21,"Prayer Wheel":21,"Ectoplasm":8,"Bottled Lightning":15,"PureWater":0},{"Happy Flower":8,"Vajra":16,"The Courier":11,"Omamori":25,"Bag of Preparation":29,"Letter Opener":69,"Bottled Tornado":29,"Cursed Key":50,"Smiling Mask":75,"ClockworkSouvenir":37,"Lizard Tail":86,"Matryoshka":14,"MutagenicStrength":23,"Pandora\u0027s Box":0,"Molten Egg 2":8,"MealTicket":69,"Prayer Wheel":69,"Ectoplasm":19,"Bottled Lightning":42,"PureWater":0}]},"card_choices":[{"not_picked":["CutThroughFate","EmptyFist"],"picked":"Halt","floor":1.0},{"not_picked":["SashWhip","Evaluate"],"picked":"Protect","floor":4.0},{"not_picked":["PathToVictory","Evaluate"],"picked":"FearNoEvil","floor":5.0},{"not_picked":["EmptyFist","ThirdEye"],"picked":"Establishment","floor":7.0},{"not_picked":["ForeignInfluence","ClearTheMind"],"picked":"TalkToTheHand+1","floor":10.0},{"not_picked":["Conclude+1","Nirvana"],"picked":"Halt","floor":12.0},{"not_picked":["WaveOfTheHand","Omniscience"],"picked":"DevaForm","floor":14.0},{"not_picked":["Devotion","Ragnarok+1"],"picked":"Blasphemy","floor":16.0},{"not_picked":["FollowUp+1","JustLucky+1"],"picked":"DeceiveReality","floor":18.0},{"not_picked":["Prostrate","BowlingBash+1"],"picked":"ReachHeaven+1","floor":19},{"not_picked":["Vault","Sanctity"],"picked":"Protect+1","floor":25},{"not_picked":["Halt+1","CrushJoints+1"],"picked":"CutThroughFate+1","floor":28},{"not_picked":["Weave+1","Swivel","EmptyFist+1"],"picked":"SKIP","floor":29},{"not_picked":["JustLucky+1","Tantrum+1"],"picked":"Vault","floor":31},{"not_picked":["Judgement","Scrawl"],"picked":"Wish","floor":33},{"not_picked":["SashWhip+1","Crescendo+1"],"picked":"FlurryOfBlows+1","floor":35},{"not_picked":["Halt","CarveReality+1","WindmillStrike+1"],"picked":"SKIP","floor":36},{"not_picked":["ThirdEye","LikeWater","Crescendo"],"picked":"SKIP","floor":37},{"not_picked":["ClearTheMind","ForeignInfluence"],"picked":"TalkToTheHand+1","floor":39},{"not_picked":["EmptyFist+1","Conclude+1","DeusExMachina"],"picked":"SKIP","floor":41},{"not_picked":["Consecrate+1","Conclude+1","SashWhip+1"],"picked":"SKIP","floor":44},{"not_picked":["CutThroughFate+1","ConjureBlade","PathToVictory+1"],"picked":"SKIP","floor":45},{"not_picked":["Weave+1","FlurryOfBlows+1","FollowUp+1"],"picked":"SKIP","floor":45},{"not_picked":["PathToVictory+1","FollowUp+1","EmptyFist+1"],"picked":"SKIP","floor":47},{"not_picked":["EmptyBody","TalkToTheHand+1"],"picked":"Protect+1","floor":48},{"not_picked":["BowlingBash+1","EmptyBody+1","FlurryOfBlows+1"],"picked":"SKIP","floor":48}],"player_experience":682317,"relics_obtained":[{"floor":7.0,"key":"Happy Flower"},{"floor":9.0,"key":"Molten Egg 2"},{"floor":10.0,"key":"The Courier"},{"floor":12.0,"key":"Matryoshka"},{"floor":14.0,"key":"Vajra"},{"floor":25,"key":"Bag of Preparation"},{"floor":26,"key":"Bottled Tornado"},{"floor":31,"key":"Bottled Lightning"},{"floor":41,"key":"MealTicket"},{"floor":43,"key":"Letter Opener"},{"floor":43,"key":"Prayer Wheel"},{"floor":44,"key":"Smiling Mask"},{"floor":47,"key":"Lizard Tail"}],"event_choices":[{"damage_healed":0.0,"max_hp_gain":0.0,"max_hp_loss":0.0,"gold_gain":70.0,"event_name":"Golden Wing","player_choice":"Gained Gold","floor":2.0,"gold_loss":0.0,"damage_taken":0.0},{"damage_healed":0.0,"max_hp_gain":0.0,"max_hp_loss":0.0,"gold_gain":0.0,"event_name":"Upgrade Shrine","player_choice":"Upgraded","floor":3.0,"gold_loss":0.0,"damage_taken":0.0,"cards_upgraded":["Eruption"]},{"damage_healed":0,"gold_gain":0,"player_choice":"Ignored","damage_taken":0,"max_hp_gain":0,"max_hp_loss":0,"event_name":"Vampires","floor":20,"gold_loss":0},{"damage_healed":0,"gold_gain":0,"player_choice":"Inject Mutagens","damage_taken":0,"relics_obtained":["MutagenicStrength"],"max_hp_gain":0,"max_hp_loss":0,"event_name":"Drug Dealer","floor":21,"gold_loss":0},{"damage_healed":0,"gold_gain":0,"player_choice":"Opened","damage_taken":0,"relics_obtained":["Omamori"],"max_hp_gain":0,"max_hp_loss":0,"event_name":"The Mausoleum","floor":23,"gold_loss":0,"cards_obtained":["Writhe"]},{"damage_healed":0,"gold_gain":0,"player_choice":"Became a Ghost","damage_taken":0,"max_hp_gain":0,"max_hp_loss":36,"event_name":"Ghosts","floor":24,"gold_loss":0,"cards_obtained":["Ghostly","Ghostly","Ghostly","Ghostly","Ghostly"]},{"damage_healed":0,"gold_gain":0,"player_choice":"Got Potions","damage_taken":0,"max_hp_gain":0,"max_hp_loss":0,"event_name":"Lab","floor":38,"gold_loss":0}],"is_beta":false,"boss_relics":[{"not_picked":["Snecko Eye","VioletLotus"],"picked":"Ectoplasm"},{"not_picked":["SacredBark","Calling Bell"],"picked":"Cursed Key"}],"items_purged_floors":[30],"is_endless":false,"potions_floor_spawned":[4,7,12,19,25,28,31,37,39,47],"killed_by":"Shield and Spear","ascension_level":5}}