{"host":"mc4amcm0108w7k6t","time":1613870941,"event":{"mods":["BaseMod","Minty Spire (QoL Compilation)","StSLib","The Hierophant"],"gold_per_floor":[112,128,203,217,236,268,259,244,244,211,211,208,187,64,64,54,54],"floor_reached":16,"language":"ENG","playtime":776,"items_purged":["hierophant:Strike_Hierophant"],"score":116,"play_id":"0796eb61-1b7c-468a-b7c4-50042e6f6754","local_time":"20210220202901","is_ascension_mode":false,"campfire_choices":[{"floor":11,"key":"REST"},{"data":"hierophant:PassingBell","floor":15,"key":"SMITH"}],"circlet_count":0,"master_deck":["hierophant:Strike_Hierophant","hierophant:Strike_Hierophant","hierophant:Strike_Hierophant","hierophant:Punish","hierophant:Defend_Hierophant","hierophant:Defend_Hierophant","hierophant:Defend_Hierophant","hierophant:Defend_Hierophant","hierophant:ChurchCoffers","hierophant:RepressedViolence","hierophant:PassingBell+1","hierophant:Community","hierophant:AuricBeam","hierophant:Shelter","hierophant:PassingBell","hierophant:Repentance","hierophant:HolyVerse"],"relics":["hierophant:PropheticMaskRelic","Centennial Puzzle","Question Card","Gambling Chip"],"acts_visited":["Exordium"],"potions_floor_usage":[10,16],"damage_taken":[{"damage":0,"enemies":"Small Slimes","floor":1,"turns":2},{"damage":0,"enemies":"2 Louse","floor":2,"turns":2},{"damage":6,"enemies":"Jaw Worm","floor":4,"turns":3},{"damage":5,"enemies":"3 Louse","floor":5,"turns":2},{"damage":34,"enemies":"Gremlin Nob","floor":6,"turns":5},{"damage":0,"enemies":"2 Fungi Beasts","floor":7,"turns":2},{"damage":8,"enemies":"Red Slaver","floor":8,"turns":2},{"damage":8,"enemies":"Lagavulin","floor":10,"turns":6},{"damage":0,"enemies":"Exordium Thugs","floor":12,"turns":3},{"damage":2,"enemies":"Gremlin Gang","floor":13,"turns":5},{"damage":41,"enemies":"Slime Boss","floor":16,"turns":5}],"seed_played":"-4015904947348796222","potions_obtained":[{"floor":6,"key":"SpeedPotion"},{"floor":8,"key":"Energy Potion"},{"floor":13,"key":"DuplicationPotion"}],"is_trial":false,"path_per_floor":["M","M","?","M","M","E","M","M","T","E","R","M","M","$","R","B"],"character_chosen":"HIEROPHANT","items_purchased":["hierophant:HolyVerse"],"campfire_rested":1,"item_purchase_floors":[14],"current_hp_per_floor":[82,82,71,65,60,26,26,18,18,10,34,34,32,32,32,0,0],"gold":54,"neow_bonus":"TEN_PERCENT_HP_BONUS","is_daily":false,"chose_seed":false,"campfire_upgraded":1,"win_rate":0.0,"timestamp":1613870941,"path_taken":["M","M","?","M","M","E","M","M","T","E","R","M","M","$","R","BOSS"],"items_purchased_type":["Card"],"build_version":"2020-12-22","purchased_purges":1,"victory":false,"max_hp_per_floor":[82,82,82,82,82,82,82,82,82,82,82,82,82,82,82,82,82],"card_choices":[{"not_picked":["hierophant:Zeal","hierophant:Rebuild"],"picked":"hierophant:RepressedViolence","floor":1},{"not_picked":["hierophant:SecretStash","hierophant:MorningPrayer"],"picked":"hierophant:PassingBell","floor":2},{"not_picked":["hierophant:Zeal","hierophant:HammerAndAnvil","hierophant:Cornucopia"],"picked":"SKIP","floor":4},{"not_picked":["hierophant:Dazzle","hierophant:Doubloon","hierophant:Remorse"],"picked":"SKIP","floor":5},{"not_picked":["hierophant:Cornucopia","hierophant:Racketeering"],"picked":"hierophant:Community","floor":6},{"not_picked":["hierophant:SecretStash","hierophant:Empathy"],"picked":"hierophant:AuricBeam","floor":7},{"not_picked":["hierophant:FlamingChariot","hierophant:Smite"],"picked":"hierophant:Shelter","floor":8},{"not_picked":["hierophant:Patience","hierophant:HolyVerse","hierophant:Blessing"],"picked":"hierophant:PassingBell","floor":10},{"not_picked":["hierophant:ArchangelShield","hierophant:ThreeLashes","hierophant:Charity","hierophant:DisplayOfPower"],"picked":"SKIP","floor":12},{"not_picked":["hierophant:Doomsaying","hierophant:DisplayOfPower","hierophant:SolarFlare"],"picked":"hierophant:Repentance","floor":13}],"player_experience":350687,"relics_obtained":[{"floor":6,"key":"Centennial Puzzle"},{"floor":9,"key":"Question Card"},{"floor":10,"key":"Gambling Chip"}],"event_choices":[{"damage_healed":0,"gold_gain":75,"player_choice":"Gather Gold","damage_taken":11,"max_hp_gain":0,"max_hp_loss":0,"event_name":"World of Goop","floor":3,"gold_loss":0}],"is_beta":false,"boss_relics":[],"items_purged_floors":[14],"is_endless":false,"potions_floor_spawned":[6,8,13],"killed_by":"Slime Boss","ascension_level":0}}