{"host":"zsnmfqgcm92hlreo","time":1613871963,"event":{"mods":["AchievementEnabler","BaseMod","Bestiary","Block Reminder","Colored Map","Colored Powertips","Filter the Spire","Minty Spire (QoL Compilation)","Permanent Neow","Quick Restart","Relic Stats","StSLib","Weighted Paths"],"gold_per_floor":[119,129,146,221,221,221,221,257,257,257,50,91,111,152,152,248,248,262,280,280,300,350,383,419,334,385,404,439,480,518,553,553,553,553],"floor_reached":33,"language":"ENG","playtime":1166,"items_purged":[],"score":947,"play_id":"80cb4166-a9cf-4f4a-bb7d-15c0be40e998","local_time":"20210220194603","is_ascension_mode":true,"campfire_choices":[{"data":"Armaments","floor":7.0,"key":"SMITH"},{"floor":10.0,"key":"REST"},{"data":"Armaments","floor":15.0,"key":"SMITH"},{"data":"Offering","floor":32,"key":"SMITH"}],"circlet_count":0,"master_deck":["AscendersBane","Defend_R","Defend_R","Defend_R","Defend_R","Bash","Hemokinesis","Armaments+1","Headbutt","Blood for Blood","Blood for Blood","Dropkick","Shrug It Off","Armaments+1","Immolate","Whirlwind+1","Bite","Bite","Bite","Bite","Bite","Inflame","Dark Embrace","Clothesline","Offering+1","Immolate","Feed+1"],"relics":["Snecko Eye","Golden Idol","Ornamental Fan","Eternal Feather","Sling","Bag of Marbles","PreservedInsect","Calling Bell","Akabeko","White Beast Statue","WingedGreaves","The Courier","Art of War","Oddly Smooth Stone","Lantern","Red Mask","Regal Pillow","Shuriken","Molten Egg 2"],"acts_visited":["Exordium","TheCity"],"potions_floor_usage":[29,31,33,33],"damage_taken":[{"damage":14.0,"enemies":"Small Slimes","floor":1.0,"turns":6.0},{"damage":2.0,"enemies":"2 Louse","floor":2.0,"turns":2.0},{"damage":3.0,"enemies":"Cultist","floor":3.0,"turns":3.0},{"damage":36.0,"enemies":"Lagavulin","floor":8.0,"turns":4.0},{"damage":5.0,"enemies":"3 Sentries","floor":12.0,"turns":4.0},{"damage":15.0,"enemies":"3 Louse","floor":13.0,"turns":3.0},{"damage":2.0,"enemies":"Lagavulin","floor":14.0,"turns":4.0},{"damage":7.0,"enemies":"Slime Boss","floor":16.0,"turns":6.0},{"damage":0.0,"enemies":"Spheric Guardian","floor":18.0,"turns":2.0},{"damage":0.0,"enemies":"3 Byrds","floor":19.0,"turns":1.0},{"damage":20.0,"enemies":"Snecko","floor":21.0,"turns":3.0},{"damage":0.0,"enemies":"Slavers","floor":23.0,"turns":1.0},{"damage":2,"enemies":"Gremlin Leader","floor":24,"turns":3},{"damage":0,"enemies":"Shelled Parasite and Fungi","floor":27,"turns":1},{"damage":0,"enemies":"Masked Bandits","floor":28,"turns":1},{"damage":8,"enemies":"Slavers","floor":29,"turns":4},{"damage":6,"enemies":"Gremlin Leader","floor":30,"turns":2},{"damage":10,"enemies":"Book of Stabbing","floor":31,"turns":2},{"damage":78,"enemies":"Automaton","floor":33,"turns":6}],"seed_played":"-8685067258814465406","potions_obtained":[{"floor":1.0,"key":"EntropicBrew"},{"floor":13.0,"key":"SteroidPotion"},{"floor":14.0,"key":"ColorlessPotion"},{"floor":18.0,"key":"BloodPotion"},{"floor":19.0,"key":"Energy Potion"},{"floor":29,"key":"BloodPotion"},{"floor":31,"key":"SteroidPotion"}],"is_trial":false,"path_per_floor":["M","M","M","?","?","?","R","E","T","R","$","E","M","E","R","B",null,"M","M","?","M","?","E","E","?","T","M","?","E","E","E","R","B"],"character_chosen":"IRONCLAD","items_purchased":["Blood for Blood","Sling"],"campfire_rested":1,"item_purchase_floors":[11,11],"current_hp_per_floor":[54,52,49,38,38,38,38,2,2,28,28,23,8,6,15,8,53,53,53,47,29,29,29,33,33,33,33,33,39,38,37,47,0,0],"gold":553,"neow_bonus":"BOSS_RELIC","is_daily":false,"chose_seed":false,"campfire_upgraded":3,"win_rate":0.0,"timestamp":1613871963,"path_taken":["M","M","M","?","?","?","R","E","T","R","$","E","M","E","R","BOSS","M","M","?","M","?","E","E","?","T","?","?","E","E","E","R","BOSS"],"items_purchased_type":["Card","Relic"],"build_version":"2020-12-22","purchased_purges":0,"victory":false,"max_hp_per_floor":[75,75,75,75,68,68,68,68,68,68,68,68,68,68,68,68,68,68,68,47,47,47,47,47,47,47,47,47,47,47,47,47,47,47],"relic_stats":{"Regal Pillow":0,"counters":[19,58],"Golden Idol":112,"Ornamental Fan":[68],"Shuriken":[4],"Snecko Eye":[87,90,114,101],"Eternal Feather":25,"PreservedInsect":222,"Art of War":[0],"obtain_stats":[{"Lantern":26,"Regal Pillow":29,"Golden Idol":5,"Oddly Smooth Stone":25,"Eternal Feather":9,"PreservedInsect":14,"The Courier":23,"Sling":11,"Burning Blood":0,"Akabeko":17,"White Beast Statue":17,"Calling Bell":17,"Ornamental Fan":8,"Shuriken":30,"Snecko Eye":0,"Molten Egg 2":31,"WingedGreaves":17,"Bag of Marbles":12,"Art of War":24,"Red Mask":28},{"Lantern":13,"Regal Pillow":16,"Golden Idol":3,"Oddly Smooth Stone":13,"Eternal Feather":4,"PreservedInsect":7,"The Courier":12,"Sling":4,"Burning Blood":0,"Akabeko":8,"White Beast Statue":8,"Calling Bell":8,"Ornamental Fan":4,"Shuriken":17,"Snecko Eye":0,"Molten Egg 2":18,"WingedGreaves":8,"Bag of Marbles":5,"Art of War":13,"Red Mask":15},{"Lantern":42,"Regal Pillow":48,"Golden Idol":11,"Oddly Smooth Stone":42,"Eternal Feather":15,"PreservedInsect":26,"The Courier":39,"Sling":15,"Burning Blood":0,"Akabeko":32,"White Beast Statue":32,"Calling Bell":32,"Ornamental Fan":15,"Shuriken":50,"Snecko Eye":0,"Molten Egg 2":52,"WingedGreaves":32,"Bag of Marbles":19,"Art of War":42,"Red Mask":44}]},"card_choices":[{"not_picked":["Warcry","Burning Pact"],"picked":"Hemokinesis","floor":1.0},{"not_picked":["Bloodletting","Infernal Blade"],"picked":"Armaments","floor":2.0},{"not_picked":["Wild Strike","Searing Blow"],"picked":"Headbutt","floor":3.0},{"not_picked":["Iron Wave","Offering"],"picked":"Blood for Blood","floor":8.0},{"not_picked":["Armaments","Havoc"],"picked":"Dropkick","floor":12.0},{"not_picked":["Clash","Entrench"],"picked":"Shrug It Off","floor":13.0},{"not_picked":["Thunderclap","Anger"],"picked":"Armaments","floor":14.0},{"not_picked":["Barricade","Double Tap"],"picked":"Immolate","floor":16.0},{"not_picked":["Fire Breathing","Body Slam+1"],"picked":"Whirlwind+1","floor":18.0},{"not_picked":["Clash","Flex","True Grit"],"picked":"SKIP","floor":19.0},{"not_picked":["Headbutt","Flex"],"picked":"Inflame","floor":21.0},{"not_picked":["Ghostly Armor","Sever Soul"],"picked":"Dark Embrace","floor":23},{"not_picked":["Intimidate","Ghostly Armor"],"picked":"Clothesline","floor":24},{"not_picked":["Carnage","Warcry","Sever Soul"],"picked":"SKIP","floor":27},{"not_picked":["Fire Breathing","Dropkick"],"picked":"Offering","floor":29},{"not_picked":["Pummel+1","Rampage"],"picked":"Immolate","floor":30},{"not_picked":["Uppercut+1","Twin Strike+1"],"picked":"Feed+1","floor":31}],"player_experience":1247988,"relics_obtained":[{"floor":8.0,"key":"Ornamental Fan"},{"floor":9.0,"key":"Eternal Feather"},{"floor":12.0,"key":"Bag of Marbles"},{"floor":14.0,"key":"PreservedInsect"},{"floor":17.0,"key":"Akabeko"},{"floor":17.0,"key":"White Beast Statue"},{"floor":17.0,"key":"WingedGreaves"},{"floor":23,"key":"The Courier"},{"floor":24,"key":"Art of War"},{"floor":26,"key":"Lantern"},{"floor":28,"key":"Red Mask"},{"floor":29,"key":"Regal Pillow"},{"floor":30,"key":"Shuriken"},{"floor":31,"key":"Molten Egg 2"}],"event_choices":[{"damage_healed":0.0,"max_hp_gain":0.0,"max_hp_loss":0.0,"gold_gain":75.0,"event_name":"World of Goop","player_choice":"Gather Gold","floor":4.0,"gold_loss":0.0,"damage_taken":11.0},{"damage_healed":0.0,"max_hp_gain":0.0,"max_hp_loss":7.0,"gold_gain":0.0,"event_name":"Golden Idol","player_choice":"Lose Max HP","floor":5.0,"gold_loss":0.0,"damage_taken":0.0,"relics_obtained":["Golden Idol"]},{"cards_removed":["Strike_R"],"damage_healed":0.0,"max_hp_gain":0.0,"max_hp_loss":0.0,"gold_gain":0.0,"event_name":"Bonfire Elementals","player_choice":"Offered Basic","floor":6.0,"gold_loss":0.0,"damage_taken":0.0},{"damage_healed":0.0,"max_hp_gain":0.0,"max_hp_loss":21.0,"gold_gain":0.0,"event_name":"Vampires","player_choice":"Became a vampire","floor":20.0,"gold_loss":0.0,"damage_taken":0.0,"cards_obtained":["Bite","Bite","Bite","Bite","Bite"]},{"damage_healed":0.0,"max_hp_gain":0.0,"max_hp_loss":0.0,"gold_gain":50.0,"event_name":"Nest","player_choice":"Stole From Cult","floor":22.0,"gold_loss":0.0,"damage_taken":0.0},{"damage_healed":0,"gold_gain":0,"player_choice":"Obtained Relic","damage_taken":0,"relics_obtained":["Oddly Smooth Stone"],"max_hp_gain":0,"max_hp_loss":0,"event_name":"Addict","floor":25,"gold_loss":85},{"damage_healed":0,"gold_gain":0,"player_choice":"Fought Bandits","damage_taken":0,"max_hp_gain":0,"max_hp_loss":0,"event_name":"Masked Bandits","floor":28,"gold_loss":0}],"is_beta":false,"boss_relics":[{"not_picked":["Empty Cage","Sozu"],"picked":"Calling Bell"}],"items_purged_floors":[],"is_endless":false,"potions_floor_spawned":[1,3,13,14,18,19,21,23,24,27,28,29,30,31],"killed_by":"Automaton","ascension_level":20}}