{"host":"a3gu5zu37ht99mpa","time":1613936481,"event":{"mods":["100% Spire Juice","Act Like it!","BaseMod","Better Silent Start","Better Third Choice","BetterRewards","Conspire","Downfall","Energized Spire","Friendly Minions","GifTheSpireLib","Gold Saver","Gremlin Mod","Halation","Hallownest","Hermit","HololiveMod","JesterMod","Koishi","Lobotomy","LobotomyExtend","Luminous","Minty Spire (QoL Compilation)","Reliquary","Shade Mod","StSLib","Stuff the Spire","The Administrix","The Animator","The Bug Knight","The Cursed","The Hayseed","The Necromancer","The Poker Player","The Runesmith","The Saiyan","The Senshi","The Showman","The Wild Card","Virulent Crown","Wandering Minibosses","WarShipGirlsR/????R mod","Yohane!","Yuyuko","yUi","??????REMEMod"],"gold_per_floor":[112,78,8,8,27,57,57,57,82,170,271,319,358,404,404,529,529,550,1115,1036,1066,762,819,819,892,917,971,995,1010,1010,1010],"floor_reached":29,"language":"ENG","playtime":1927,"items_purged":[],"score":333,"play_id":"86d5770b-0203-4951-9a9b-fb0152265461","local_time":"20210221144121","is_ascension_mode":false,"metric_token":2962,"campfire_choices":[{"data":"PokerPlayerMod:Mulligan","floor":15,"key":"SMITH"},{"data":"PokerPlayerMod:TrumpStrike","floor":24,"key":"SMITH"}],"circlet_count":0,"master_deck":["PokerPlayerMod:Diamond4","PokerPlayerMod:Diamond2","PokerPlayerMod:Diamond3","PokerPlayerMod:Diamond4","PokerPlayerMod:Diamond5","PokerPlayerMod:Spade1","PokerPlayerMod:Spade2","PokerPlayerMod:Spade3","PokerPlayerMod:Spade4","PokerPlayerMod:Club1","PokerPlayerMod:Club2","PokerPlayerMod:Heart2","PokerPlayerMod:TrumpStrike+1","PokerPlayerMod:BadJoker","PokerPlayerMod:Mulligan+1","PokerPlayerMod:Trickery+1","PokerPlayerMod:CardPrinter","PokerPlayerMod:SpadeStrike+1","PokerPlayerMod:Spade5","PokerPlayerMod:Raise","PokerPlayerMod:Diamond5","PokerPlayerMod:Diamond6","PokerPlayerMod:Overdeal","PokerPlayerMod:RiskyBet","PokerPlayerMod:GamblerForm","PokerPlayerMod:DartThrow+1","PokerPlayerMod:Sharpen","PokerPlayerMod:Heart2","PokerPlayerMod:CardBurn","PokerPlayerMod:Configure","PokerPlayerMod:ClubsClub+1","PokerPlayerMod:Configure"],"relics":["PokerPlayerMod:DeckCase","REME_ComplimentaryCards","NeowsBlessing","LetterFromLob","Hallownest:StagBellRelic1","REME_ArchaeologicalTools","halation:PinkSoulGem","reliquary:SilkGlove","reliquary:WeakTea","PokerPlayerMod:PenAndEraser","reliquary:SharkskinSheath","HollowMod:PaleOreRelic","halation:PrussianBluePaint","Blood Vial"],"acts_visited":["Hallownest:Greenpath","Hallownest:CityofTears"],"potions_floor_usage":[28],"damage_taken":[{"damage":0,"enemies":"Hallownest:monsterHuskGuard","floor":1,"turns":1},{"damage":0,"enemies":"Hallownest:monsterHuskWarrior","floor":5,"turns":1},{"damage":0,"enemies":"Hallownest:eliteCrystalGuardian","floor":6,"turns":1},{"damage":3,"enemies":"Hallownest:2_Tiktiks_and_1_Crawlid","floor":10,"turns":3},{"damage":4,"enemies":"Hallownest:eliteVengeflyKing","floor":11,"turns":3},{"damage":21,"enemies":"Hallownest:Guard_and_Warrior","floor":12,"turns":4},{"damage":4,"enemies":"Hallownest:MossCreep_and_Mosskin","floor":13,"turns":4},{"damage":5,"enemies":"Hallownest:eliteMossKnight","floor":14,"turns":4},{"damage":12,"enemies":"Hallownest:BossBrokenVessel","floor":16,"turns":10},{"damage":10,"enemies":"Hallownest:2_Mistakes","floor":18,"turns":4},{"damage":13,"enemies":"Hallownest:Guard_and_Sentry","floor":21,"turns":4},{"damage":14,"enemies":"Hallownest:eliteWatcherKnight","floor":23,"turns":9},{"damage":15,"enemies":"Hallownest:Glutton_and_Coward","floor":25,"turns":4},{"damage":7,"enemies":"Hallownest:eliteSoulWarrior","floor":27,"turns":5},{"damage":5,"enemies":"Hallownest:Warrior_and_Youth","floor":28,"turns":3},{"damage":51,"enemies":"Hallownest:eliteWatcherKnight","floor":29,"turns":4}],"seed_played":"3460109411497393971","potions_obtained":[{"floor":5,"key":"SteroidPotion"},{"floor":10,"key":"SmokeBomb"},{"floor":11,"key":"ColorlessPotion"},{"floor":23,"key":"Strength Potion"},{"floor":28,"key":"BlessingOfTheForge"}],"is_trial":false,"path_per_floor":["M","$","?","?","M","E","?","?","T","M","E","M","M","E","R","B",null,"M","?","$","M","$","E","R","M","T","E","M","E"],"character_chosen":"THE_POKER_PLAYER","items_purchased":["PokerPlayerMod:CardPrinter","PokerPlayerMod:Sharpen","PokerPlayerMod:PenAndEraser","reliquary:SharkskinSheath"],"campfire_rested":0,"item_purchase_floors":[2,20,22,22],"current_hp_per_floor":[52,52,52,43,43,43,43,43,43,46,48,29,27,28,28,16,52,51,51,51,39,39,38,38,26,26,21,30,0,0,0],"gold":1010,"neow_bonus":"THREE_ENEMY_KILL","is_daily":false,"chose_seed":false,"campfire_upgraded":2,"win_rate":0.0,"timestamp":1613936481,"path_taken":["M","$","?","?","M","E","?","?","T","M","E","M","M","E","R","BOSS","M","?","$","M","$","E","R","M","T","E","M","E"],"items_purchased_type":["Card","Card","Relic","Relic"],"build_version":"2020-12-22","purchased_purges":0,"victory":false,"max_hp_per_floor":[52,52,52,52,52,52,52,52,52,52,52,52,52,52,52,52,52,52,52,52,52,52,52,52,52,52,52,52,52,52,52],"card_choices":[{"not_picked":["PokerPlayerMod:Diamond4","PokerPlayerMod:Diamond3"],"picked":"PokerPlayerMod:Trickery","floor":1},{"not_picked":["PokerPlayerMod:Diamond1","PokerPlayerMod:Spade1"],"picked":"PokerPlayerMod:SpadeStrike","floor":5},{"not_picked":["PokerPlayerMod:Fold","PokerPlayerMod:Diamond7"],"picked":"PokerPlayerMod:Spade5","floor":6},{"not_picked":["PokerPlayerMod:CardBurn","PokerPlayerMod:PoorCopy"],"picked":"PokerPlayerMod:Raise","floor":10},{"not_picked":["PokerPlayerMod:ClubStrike","PokerPlayerMod:Club1"],"picked":"PokerPlayerMod:Diamond5","floor":11},{"not_picked":["PokerPlayerMod:CardBurn","PokerPlayerMod:HiddenCard"],"picked":"PokerPlayerMod:Diamond3","floor":12},{"not_picked":["PokerPlayerMod:ClubDance","PokerPlayerMod:Diamond3"],"picked":"PokerPlayerMod:Overdeal","floor":13},{"not_picked":["PokerPlayerMod:MagicTrick","PokerPlayerMod:SpadeStrike"],"picked":"PokerPlayerMod:RiskyBet","floor":14},{"not_picked":["PokerPlayerMod:Duplicate","PokerPlayerMod:WildCard"],"picked":"PokerPlayerMod:GamblerForm","floor":16},{"not_picked":["PokerPlayerMod:ClubStrike","PokerPlayerMod:JackOfSpades+1"],"picked":"PokerPlayerMod:DartThrow+1","floor":18},{"not_picked":["PokerPlayerMod:SpadeStrike","PokerPlayerMod:Club4"],"picked":"PokerPlayerMod:Heart2","floor":21},{"not_picked":["PokerPlayerMod:SpadeStrike","PokerPlayerMod:Diamond3"],"picked":"PokerPlayerMod:CardBurn","floor":23},{"not_picked":["PokerPlayerMod:Spade5","PokerPlayerMod:Diamond5"],"picked":"PokerPlayerMod:Configure","floor":25},{"not_picked":["PokerPlayerMod:SpadeStrike","PokerPlayerMod:Sharpen"],"picked":"PokerPlayerMod:ClubsClub+1","floor":27},{"not_picked":["PokerPlayerMod:HiddenCard+1","PokerPlayerMod:Diamond2"],"picked":"PokerPlayerMod:Configure","floor":28}],"player_experience":128972,"relics_obtained":[{"floor":1,"key":"LetterFromLob"},{"floor":6,"key":"REME_ArchaeologicalTools"},{"floor":11,"key":"reliquary:SilkGlove"},{"floor":14,"key":"reliquary:WeakTea"},{"floor":23,"key":"HollowMod:PaleOreRelic"},{"floor":26,"key":"halation:PrussianBluePaint"},{"floor":27,"key":"Blood Vial"}],"event_choices":[],"is_beta":false,"boss_relics":[{"not_picked":["halation:ForbiddenBikini","energizedSpire:StickyHand"],"picked":"StuffTheSpire:Kangaroo"}],"items_purged_floors":[],"is_endless":false,"potions_floor_spawned":[5,10,11,14,21,23,27,28],"killed_by":"Hallownest:eliteWatcherKnight","ascension_level":0}}