{"host":"lnc26sm36s9d8cik","time":1613911828,"event":{"mods":["Act Like it!","Bartender","BaseMod","Duelist Mod","GifTheSpireLib","Magitek Elite","Mimic Mod","Minty Spire (QoL Compilation)","Prisma Mod","Remilia??????","Ruina","Shade Mod","Spicy Shops","StSLib","The Administrix","The Alterego","The Animator","The Cursed","The Exalted","The Gatherer","The Hierophant","The Necromancer","The Poker Player","The Servant 0.9.4"],"gold_per_floor":[93,86,86,86,128,151,251,269,269,283,286,354,402,400,400,396,396],"floor_reached":16,"language":"ENG","playtime":2368,"items_purged":[],"score":149,"play_id":"33a24fe4-4e77-48fc-8402-8d59adde206c","local_time":"20210221135028","is_ascension_mode":false,"campfire_choices":[{"data":"hierophant:Refuge","floor":15,"key":"SMITH"}],"circlet_count":0,"master_deck":["hierophant:Strike_Hierophant","hierophant:Strike_Hierophant","hierophant:Strike_Hierophant","hierophant:Strike_Hierophant","hierophant:Punish","hierophant:Defend_Hierophant","hierophant:Defend_Hierophant","hierophant:Defend_Hierophant","hierophant:Defend_Hierophant","hierophant:ChurchCoffers","hierophant:OrnateBuckler","hierophant:OrnateBuckler","hierophant:Encroach+1","hierophant:PassingBell","hierophant:Doubloon","hierophant:PassingBell","hierophant:Doubloon","hierophant:Refuge+1","hierophant:Glossolalia","hierophant:SealAway","hierophant:RustyCrate","hierophant:Doubloon","hierophant:Doubloon","hierophant:Doubloon","hierophant:Generosity","hierophant:Cornucopia","hierophant:Zeal"],"relics":["hierophant:PropheticMaskRelic","Cleaning_Rag","Bromod:ArcaneAvenger","Bromod:ArcaneMomentum"],"acts_visited":["Exordium"],"potions_floor_usage":[6,13],"damage_taken":[{"damage":1,"enemies":"Cultist","floor":1,"turns":3},{"damage":0,"enemies":"2 Louse","floor":2,"turns":2},{"damage":0,"enemies":"Small Slimes","floor":5,"turns":5},{"damage":51,"enemies":"Gremlin Nob","floor":6,"turns":6},{"damage":0,"enemies":"Red Slaver","floor":8,"turns":7},{"damage":0,"enemies":"Blue Slaver","floor":10,"turns":5},{"damage":6,"enemies":"3 Sentries","floor":11,"turns":8},{"damage":1,"enemies":"2 Fungi Beasts","floor":12,"turns":5},{"damage":23,"enemies":"Gremlin Nob","floor":13,"turns":5},{"damage":2,"enemies":"Looter","floor":14,"turns":4},{"damage":59,"enemies":"Slime Boss","floor":16,"turns":7}],"seed_played":"1558314285622778448","potions_obtained":[{"floor":1,"key":"GamblersBrew"},{"floor":5,"key":"FairyPotion"},{"floor":12,"key":"Regen Potion"}],"is_trial":false,"path_per_floor":["M","M","?","?","M","E","?","M","T","M","E","M","E","M","R","B"],"character_chosen":"HIEROPHANT","items_purchased":[],"campfire_rested":0,"item_purchase_floors":[],"current_hp_per_floor":[81,81,81,81,81,30,30,30,30,30,24,23,14,12,12,0,0],"gold":396,"neow_bonus":"TEN_PERCENT_HP_BONUS","is_daily":false,"chose_seed":false,"campfire_upgraded":1,"win_rate":0.0,"timestamp":1613911828,"path_taken":["M","?","?","?","M","E","?","M","T","M","E","?","E","M","R","BOSS"],"items_purchased_type":[],"build_version":"2020-12-22","purchased_purges":0,"victory":false,"max_hp_per_floor":[82,82,82,82,82,82,82,82,82,82,82,82,82,82,82,82,82],"card_choices":[{"not_picked":["hierophant:Rebuild","hierophant:ThreeLashes"],"picked":"hierophant:OrnateBuckler","floor":1},{"not_picked":["hierophant:Sermon","hierophant:Flagellation"],"picked":"hierophant:OrnateBuckler","floor":2},{"not_picked":["hierophant:Encroach","hierophant:Upheaval","hierophant:PassingBell"],"picked":"SKIP","floor":5},{"not_picked":["hierophant:Zeal","hierophant:Rebuild"],"picked":"hierophant:Glossolalia","floor":6},{"not_picked":["hierophant:Glossolalia","hierophant:Purify"],"picked":"hierophant:SealAway","floor":8},{"not_picked":["hierophant:Doubloon","hierophant:Smite"],"picked":"hierophant:RustyCrate","floor":10},{"not_picked":["hierophant:AuricBeam","hierophant:Sermon"],"picked":"hierophant:Generosity","floor":11},{"not_picked":["hierophant:DisplayOfPower","hierophant:MorningPrayer","hierophant:HolyVerse"],"picked":"SKIP","floor":12},{"not_picked":["hierophant:Smite","hierophant:OrnateJavelin"],"picked":"hierophant:Cornucopia","floor":13},{"not_picked":["hierophant:Alms","hierophant:Sermon"],"picked":"hierophant:Zeal","floor":14}],"player_experience":235562,"relics_obtained":[{"floor":6,"key":"Cleaning_Rag"},{"floor":11,"key":"Bromod:ArcaneAvenger"},{"floor":13,"key":"Bromod:ArcaneMomentum"}],"event_choices":[{"damage_healed":0,"gold_gain":0,"player_choice":"Grow","damage_taken":0,"max_hp_gain":0,"max_hp_loss":0,"event_name":"Living Wall","floor":4,"gold_loss":0,"cards_upgraded":["hierophant:Encroach"]},{"damage_healed":0,"gold_gain":100,"player_choice":"Pray","damage_taken":0,"max_hp_gain":0,"max_hp_loss":0,"event_name":"Golden Shrine","floor":7,"gold_loss":0}],"is_beta":false,"boss_relics":[],"items_purged_floors":[],"is_endless":false,"potions_floor_spawned":[1,5,12],"killed_by":"Slime Boss","ascension_level":0}}