{"host":"cd7awanv0x2msn9z","time":1613879704,"event":{"mods":["BaseMod","Downfall","Minty Spire (QoL Compilation)","Replay The Spire","StSLib","SuperFastMode"],"gold_per_floor":[109,284,294,294,71,71,96,96,119,145,145,65,65,15,15,15,15],"floor_reached":16,"language":"ZHS","playtime":329,"items_purged":[],"score":135,"play_id":"37184f9b-200a-4bc4-83d0-b812a037afd9","local_time":"20210221115504","is_ascension_mode":true,"campfire_choices":[{"data":"Tactician","floor":8.0,"key":"SMITH"},{"data":"Backstab","floor":11.0,"key":"SMITH"}],"circlet_count":0,"master_deck":["Strike_G","Strike_G","Strike_G","Strike_G","Strike_G","Defend_G","Defend_G","Defend_G","Defend_G","Defend_G","Survivor+1","Neutralize","Backstab+1","ReplayTheSpireMod:Scrap Shanks+1","Tactician+1","Accuracy"],"relics":["Ring of the Snake","NeowsBlessing","ClockworkSouvenir","Ninja Scroll","Dream Catcher","Juzu Bracelet","Replay:Wax Seal"],"acts_visited":["Exordium"],"potions_floor_usage":[16],"damage_taken":[{"damage":0.0,"enemies":"Jaw Worm","floor":1.0,"turns":1.0},{"damage":0.0,"enemies":"2 Louse","floor":3.0,"turns":1.0},{"damage":0.0,"enemies":"Lagavulin","floor":7.0,"turns":1.0},{"damage":24.0,"enemies":"Gremlin Nob","floor":10.0,"turns":4.0},{"damage":87,"enemies":"Fading Forest","floor":16,"turns":9}],"seed_played":"-2211518558480539039","potions_obtained":[{"floor":7.0,"key":"Fire Potion"},{"floor":13.0,"key":"FearPotion"},{"floor":13.0,"key":"SneckoOil"},{"floor":13.0,"key":"LiquidBronze"}],"is_trial":false,"path_per_floor":["M","?","M","?","$","?","E","R","T","E","R","$","?","?","R","B"],"character_chosen":"THE_SILENT","items_purchased":["ClockworkSouvenir","ReplayTheSpireMod:Scrap Shanks","Replay:Wax Seal"],"campfire_rested":0,"item_purchase_floors":[5,5,12],"current_hp_per_floor":[70,70,70,70,70,70,70,70,70,46,46,46,46,46,67,0,0],"gold":15,"neow_bonus":"THREE_ENEMY_KILL","is_daily":false,"chose_seed":false,"campfire_upgraded":2,"win_rate":0.0,"timestamp":1613879704,"path_taken":["M","?","M","?","$","?","E","R","T","E","R","?","?","?","R","BOSS"],"items_purchased_type":["Relic","Card","Relic"],"build_version":"2020-12-22","purchased_purges":0,"victory":false,"max_hp_per_floor":[70,70,70,70,70,70,70,70,70,70,70,70,70,70,70,70,70],"card_choices":[{"not_picked":["Underhanded Strike","Caltrops"],"picked":"Backstab","floor":1.0},{"not_picked":["Outmaneuver","Riddle With Holes","ReplayTheSpireMod:Exploit Weakness"],"picked":"SKIP","floor":3.0},{"not_picked":["Dagger Throw","Outmaneuver"],"picked":"Tactician","floor":7.0},{"not_picked":["Dagger Spray","ReplayTheSpireMod:Exploit Weakness","Poisoned Stab"],"picked":"SKIP","floor":10.0},{"not_picked":["Backflip","Hidden Blade"],"picked":"Accuracy","floor":15.0}],"player_experience":96431,"relics_obtained":[{"floor":7.0,"key":"Ninja Scroll"},{"floor":9.0,"key":"Dream Catcher"},{"floor":10.0,"key":"Juzu Bracelet"}],"event_choices":[{"damage_healed":0.0,"max_hp_gain":0.0,"max_hp_loss":0.0,"gold_gain":175.0,"event_name":"Liars Game","player_choice":"AGREE","floor":2.0,"gold_loss":0.0,"damage_taken":0.0,"cards_obtained":["Doubt"]},{"damage_healed":0.0,"max_hp_gain":0.0,"max_hp_loss":0.0,"gold_gain":0.0,"event_name":"Living Wall","player_choice":"Grow","floor":6.0,"gold_loss":0.0,"damage_taken":0.0,"cards_upgraded":["ReplayTheSpireMod:Scrap Shanks"]},{"damage_healed":0.0,"max_hp_gain":0.0,"max_hp_loss":0.0,"gold_gain":0.0,"event_name":"Lab","player_choice":"Got Potions","floor":13.0,"gold_loss":0.0,"damage_taken":0.0},{"cards_removed":["Doubt"],"damage_healed":0.0,"max_hp_gain":0.0,"max_hp_loss":0.0,"gold_gain":0.0,"event_name":"The Cleric","player_choice":"Card Removal","floor":14.0,"gold_loss":50.0,"damage_taken":0.0}],"is_beta":false,"boss_relics":[],"items_purged_floors":[],"is_endless":false,"potions_floor_spawned":[7],"killed_by":"Fading Forest","ascension_level":1}}