{"host":"tnmp9bkutp0enjo6","time":1613925518,"event":{"mods":["2.2 Compatiblity","AchievementEnabler","BaseMod","Block Reminder","Colored Powertips","Highlight Path","Minty Spire (QoL Compilation)","Quick Restart","Random Character Button","Rare Cards Sparkle","Relic Stats","StSLib","The Problem Sleuth"],"gold_per_floor":[116,134,147,166,11,11,26,26,26,26,51,62,81,106,106,203,203,221,231,231,231,246,246,246],"floor_reached":23,"language":"ENG","playtime":2116,"items_purged":[],"score":236,"play_id":"3a3ea4ba-84ed-4796-af76-73f9f3b8cf37","local_time":"20210221173838","is_ascension_mode":true,"campfire_choices":[{"floor":6.0,"key":"RECALL"},{"data":"White Noise","floor":8.0,"key":"SMITH"},{"data":"Zap","floor":10.0,"key":"SMITH"},{"floor":15,"key":"REST"}],"circlet_count":0,"master_deck":["Strike_B","Strike_B","Strike_B","Strike_B","Defend_B","Defend_B","Defend_B","Defend_B","Zap+1","Dualcast","White Noise+1","Gash","Go for the Eyes","Glacier","Ball Lightning","BootSequence","Coolheaded","Hologram","Loop","Gash","Core Surge","Genetic Algorithm+1","Fusion+1","Shame","Writhe","Ball Lightning+1"],"relics":["Cracked Core","Toolbox","Dream Catcher","Anchor","Sundial","Nuclear Battery","Molten Egg 2","Strawberry"],"acts_visited":["Exordium","TheCity"],"potions_floor_usage":[14,16,22],"damage_taken":[{"damage":0.0,"enemies":"Cultist","floor":1.0,"turns":4.0},{"damage":0.0,"enemies":"Small Slimes","floor":2.0,"turns":2.0},{"damage":8.0,"enemies":"Jaw Worm","floor":3.0,"turns":4.0},{"damage":8.0,"enemies":"Red Slaver","floor":4.0,"turns":4.0},{"damage":3.0,"enemies":"Exordium Wildlife","floor":7.0,"turns":4.0},{"damage":10.0,"enemies":"Lagavulin","floor":11.0,"turns":7.0},{"damage":0.0,"enemies":"Lots of Slimes","floor":12.0,"turns":3.0},{"damage":0.0,"enemies":"3 Louse","floor":13.0,"turns":2.0},{"damage":37,"enemies":"Gremlin Nob","floor":14,"turns":4},{"damage":13,"enemies":"The Guardian","floor":16,"turns":10},{"damage":0,"enemies":"Shell Parasite","floor":18,"turns":5},{"damage":10,"enemies":"3 Byrds","floor":19,"turns":6},{"damage":50,"enemies":"Sentry and Sphere","floor":22,"turns":8},{"damage":76,"enemies":"Gremlin Leader","floor":23,"turns":10}],"seed_played":"-1435852495086370674","potions_obtained":[{"floor":1.0,"key":"Swift Potion"},{"floor":2.0,"key":"FearPotion"},{"floor":3.0,"key":"FairyPotion"},{"floor":12.0,"key":"Regen Potion"},{"floor":18,"key":"SkillPotion"}],"is_trial":false,"path_per_floor":["M","M","M","M","$","R","M","R","T","R","E","M","M","E","R","B",null,"M","M","?","?","M","E"],"character_chosen":"DEFECT","items_purchased":["Toolbox"],"campfire_rested":1,"item_purchase_floors":[5],"current_hp_per_floor":[82,82,74,66,66,66,63,63,63,63,53,53,53,16,40,42,82,82,72,72,79,29,0,0],"gold":246,"neow_bonus":"TEN_PERCENT_HP_BONUS","is_daily":false,"chose_seed":false,"campfire_upgraded":2,"win_rate":0.0,"timestamp":1613925518,"path_taken":["M","M","?","M","$","R","M","R","T","R","E","M","M","E","R","BOSS","M","?","?","?","M","E"],"items_purchased_type":["Relic"],"build_version":"2020-12-22","purchased_purges":0,"victory":false,"max_hp_per_floor":[82,82,82,82,82,82,82,82,82,82,82,82,82,82,82,82,82,82,82,82,89,89,89,89],"relic_stats":{"Dream Catcher":1,"counters":[14,73],"Sundial":[4],"obtain_stats":[{"Dream Catcher":9,"Anchor":11,"Sundial":14,"Strawberry":21,"Toolbox":5,"Molten Egg 2":20,"Cracked Core":0,"Nuclear Battery":17},{"Dream Catcher":5,"Anchor":6,"Sundial":9,"Strawberry":12,"Toolbox":4,"Molten Egg 2":12,"Cracked Core":0,"Nuclear Battery":10},{"Dream Catcher":18,"Anchor":25,"Sundial":34,"Strawberry":55,"Toolbox":14,"Molten Egg 2":55,"Cracked Core":0,"Nuclear Battery":44}]},"card_choices":[{"not_picked":["Undo","FTL"],"picked":"White Noise","floor":1.0},{"not_picked":["Compile Driver","Skim"],"picked":"Gash","floor":2.0},{"not_picked":["Gash","Beam Cell"],"picked":"Go for the Eyes","floor":3.0},{"not_picked":["Turbo","Gash"],"picked":"Glacier","floor":4.0},{"not_picked":["Hyperbeam","Rip and Tear"],"picked":"Ball Lightning","floor":7.0},{"not_picked":["Compile Driver","Barrage"],"picked":"BootSequence","floor":11.0},{"not_picked":["Recycle","Barrage"],"picked":"Coolheaded","floor":12.0},{"not_picked":["Skim","Double Energy"],"picked":"Hologram","floor":13.0},{"not_picked":["Barrage","Turbo"],"picked":"Loop","floor":14},{"not_picked":["Glacier","Hello World"],"picked":"Gash","floor":15},{"not_picked":["Thunder Strike","Meteor Strike"],"picked":"Core Surge","floor":16},{"not_picked":["Reinforced Body","Coolheaded+1"],"picked":"Genetic Algorithm+1","floor":18},{"not_picked":["Stack","Gash"],"picked":"Fusion+1","floor":19},{"not_picked":["Conserve Battery","Leap"],"picked":"Ball Lightning+1","floor":22}],"player_experience":199031,"relics_obtained":[{"floor":9.0,"key":"Dream Catcher"},{"floor":11.0,"key":"Anchor"},{"floor":14,"key":"Sundial"}],"event_choices":[{"damage_healed":0,"gold_gain":0,"player_choice":"Stole Relic","damage_taken":0,"relics_obtained":["Molten Egg 2"],"max_hp_gain":0,"max_hp_loss":0,"event_name":"Addict","floor":20,"gold_loss":0,"cards_obtained":["Shame"]},{"damage_healed":0,"gold_gain":0,"player_choice":"Opened","damage_taken":0,"relics_obtained":["Strawberry"],"max_hp_gain":0,"max_hp_loss":0,"event_name":"The Mausoleum","floor":21,"gold_loss":0,"cards_obtained":["Writhe"]}],"is_beta":false,"boss_relics":[{"not_picked":["Ectoplasm","Calling Bell"],"picked":"Nuclear Battery"}],"items_purged_floors":[],"is_endless":false,"potions_floor_spawned":[1,2,3,12,18],"killed_by":"Gremlin Leader","ascension_level":3}}