{"host":"sct5htsgcw1q318k","time":1613919540,"event":{"mods":["BaseMod","Colored Map","Minty Spire (QoL Compilation)","Permanent Neow","Relic Stats"],"gold_per_floor":[99,99,99,99,99,99,99,69,69,69,69,69,34,34,34,34,34],"floor_reached":16,"language":"ENG","playtime":1519,"items_purged":[],"score":214,"play_id":"19d22041-271a-45d6-8d0e-ca1cfeaf52ab","local_time":"20210221085900","is_ascension_mode":true,"campfire_choices":[{"floor":7,"key":"REST"},{"data":"Well Laid Plans","floor":15,"key":"SMITH"}],"circlet_count":0,"master_deck":["AscendersBane","Strike_G","Strike_G","Strike_G","Strike_G","Strike_G","Defend_G","Defend_G","Defend_G","Defend_G","Defend_G","Survivor","Neutralize","Distraction","Well Laid Plans+1","Deadly Poison","Sucker Punch","Predator","Corpse Explosion","Footwork","PiercingWail","All Out Attack","Deflect"],"relics":["Ectoplasm","Prayer Wheel","Pear","InkBottle","Gremlin Horn"],"acts_visited":["Exordium"],"potions_floor_usage":[6,14],"damage_taken":[{"damage":2,"enemies":"Cultist","floor":1,"turns":4},{"damage":0,"enemies":"2 Louse","floor":2,"turns":3},{"damage":2,"enemies":"Jaw Worm","floor":3,"turns":4},{"damage":13,"enemies":"Large Slime","floor":5,"turns":10},{"damage":41,"enemies":"Gremlin Nob","floor":6,"turns":5},{"damage":3,"enemies":"Looter","floor":8,"turns":3},{"damage":19,"enemies":"Lagavulin","floor":10,"turns":7},{"damage":3,"enemies":"Red Slaver","floor":12,"turns":5},{"damage":4,"enemies":"3 Sentries","floor":14,"turns":3},{"damage":29,"enemies":"The Guardian","floor":16,"turns":9}],"seed_played":"251981996791175101","potions_obtained":[{"floor":2,"key":"Strength Potion"},{"floor":10,"key":"GhostInAJar"},{"floor":14,"key":"Strength Potion"}],"is_trial":false,"path_per_floor":["M","M","M","?","M","E","R","M","T","E","?","M","?","E","R","B"],"character_chosen":"THE_SILENT","items_purchased":[],"campfire_rested":1,"item_purchase_floors":[],"current_hp_per_floor":[57,57,55,60,47,6,27,24,34,15,15,12,32,28,28,0,0],"gold":34,"neow_bonus":"BOSS_RELIC","is_daily":false,"chose_seed":false,"campfire_upgraded":1,"win_rate":0.0,"timestamp":1613919540,"path_taken":["M","?","M","?","M","E","R","M","T","E","?","M","?","E","R","BOSS"],"items_purchased_type":[],"build_version":"2020-12-22","purchased_purges":0,"victory":false,"max_hp_per_floor":[66,66,66,71,71,71,71,71,81,81,81,81,81,81,81,81,81],"relic_stats":{"Gremlin Horn":[0,0],"counters":[10,53],"Prayer Wheel":2,"Ectoplasm":216,"obtain_stats":[{"Pear":9,"Gremlin Horn":14,"Prayer Wheel":6,"Ectoplasm":0,"InkBottle":10,"Ring of the Snake":0},{"Pear":6,"Gremlin Horn":9,"Prayer Wheel":5,"Ectoplasm":0,"InkBottle":7,"Ring of the Snake":0},{"Pear":29,"Gremlin Horn":44,"Prayer Wheel":26,"Ectoplasm":0,"InkBottle":36,"Ring of the Snake":0}],"InkBottle":[5]},"card_choices":[{"not_picked":["PiercingWail","Dodge and Roll"],"picked":"Distraction","floor":1},{"not_picked":["Flechettes","Heel Hook","Expertise"],"picked":"SKIP","floor":2},{"not_picked":["Underhanded Strike","Slice"],"picked":"Well Laid Plans","floor":3},{"not_picked":["Terror","Deflect"],"picked":"Deadly Poison","floor":5},{"not_picked":["Distraction","Slice"],"picked":"Sucker Punch","floor":6},{"not_picked":["Dodge and Roll","Choke"],"picked":"Predator","floor":8},{"not_picked":["Slice","Skewer"],"picked":"Corpse Explosion","floor":8},{"not_picked":["Terror","Crippling Poison"],"picked":"Footwork","floor":10},{"not_picked":["Distraction","Blade Dance"],"picked":"PiercingWail","floor":12},{"not_picked":["Underhanded Strike","Dodge and Roll"],"picked":"All Out Attack","floor":12},{"not_picked":["Infinite Blades","Phantasmal Killer"],"picked":"Deflect","floor":14}],"player_experience":870277,"relics_obtained":[{"floor":6,"key":"Prayer Wheel"},{"floor":9,"key":"Pear"},{"floor":10,"key":"InkBottle"},{"floor":14,"key":"Gremlin Horn"}],"event_choices":[{"damage_healed":0,"gold_gain":0,"player_choice":"Donut","damage_taken":0,"max_hp_gain":5,"max_hp_loss":0,"event_name":"Big Fish","floor":4,"gold_loss":0},{"damage_healed":0,"gold_gain":0,"player_choice":"Fled","damage_taken":0,"max_hp_gain":0,"max_hp_loss":0,"event_name":"Scrap Ooze","floor":11,"gold_loss":0},{"damage_healed":20,"gold_gain":0,"player_choice":"Healed","damage_taken":0,"max_hp_gain":0,"max_hp_loss":0,"event_name":"The Cleric","floor":13,"gold_loss":35}],"is_beta":false,"boss_relics":[],"items_purged_floors":[],"is_endless":false,"potions_floor_spawned":[2,10,14],"killed_by":"The Guardian","ascension_level":15}}