{"host":"vxy6xn7iqo09pby3","time":1613937601,"event":{"mods":["2.2 Compatiblity","AchievementEnabler","Act Like it!","Aspiration","BaseMod","Beaked The Cultist","Better Note","BetterRewards","Block Reminder","Challenge The Spire","Colored Map","Colored Powertips","Conspire","Downfall","Gremlin Mod","Halation","Hallownest","Hermit","Highlight Path","Hubris","Infinite Spire","Jorbs\u0027s Wanderer Trilogy","Mimic Mod","Minty Spire (QoL Compilation)","Permanent Neow","Quick Restart","Random Character Button","Relic Sorter","Relic Stats","Replay The Spire","Shop Mod","Spicy Shops","StSLib","The Animator","The Construct","The Cursed","The Disciple","The Jungle","The Mystic","The Necromancer","The Runesmith","Trackpad","everything is the same but u backflip on backflip"],"gold_per_floor":[119,130,145,145,145,145,145,178,178,22,33,33,65,84,84,183,183,194,206,206,206,217,217,249,298,325,325,339,352,368,6,6,109,109,129,129,179,194,194,194,233,233,267,297,58,73,73,73,73,73,73],"floor_reached":50,"language":"ENG","playtime":2197,"items_purged":["Strike_G","Strike_G"],"score":623,"play_id":"080b8ffc-2502-4ac8-8f26-b4625f7ca153","local_time":"20210221140001","is_ascension_mode":false,"campfire_choices":[{"data":"infinitespire:Fortify","floor":6,"key":"SMITH"},{"data":"Toxin Wave","floor":12,"key":"SMITH"},{"floor":15,"key":"REST"},{"data":"Catalyst","floor":23,"key":"SMITH"},{"data":"Footwork","floor":32,"key":"SMITH"},{"floor":40,"key":"REST"},{"floor":47,"key":"RECALL"},{"floor":49,"key":"REST"}],"circlet_count":0,"master_deck":["Strike_G","Strike_G","Defend_G","Defend_G","Defend_G","Defend_G","Survivor","Neutralize","Bouncing Flask","Bouncing Flask","infinitespire:Fortify+1","Toxin Wave+1","Catalyst+1","Crippling Poison","ReplayTheSpireMod:Necrosis","Noxious Fumes","Footwork+1","Burst","Masterful Stab+1"],"relics":["Ring of the Snake","hubris:Icosahedron","halation:PromiseList","Question Card","Strawberry","WristBlade","trackpad:IceCube","Orichalcum","hubris:BottledHeart","infinitespire:FocusingShard","Ring of Chaos","Pocketwatch","Fusion Hammer","hubris:CuriousFeather","halation:PenCase","ReplayFunnel","conspire:Flyswatter"],"acts_visited":["Exordium","TheCity","TheBeyond"],"potions_floor_usage":[16,19,50,50,50],"damage_taken":[{"damage":0,"enemies":"2 Louse","floor":1,"turns":2},{"damage":0,"enemies":"Small Slimes","floor":2,"turns":7},{"damage":4,"enemies":"Jaw Worm","floor":3,"turns":4},{"damage":31,"enemies":"3 Sentries","floor":8,"turns":7},{"damage":0,"enemies":"Looter","floor":11,"turns":4},{"damage":11,"enemies":"Lagavulin","floor":13,"turns":4},{"damage":0,"enemies":"3 Louse","floor":14,"turns":3},{"damage":43,"enemies":"Fading Forest","floor":16,"turns":11},{"damage":5,"enemies":"Shell Parasite","floor":18,"turns":5},{"damage":17,"enemies":"Chosen","floor":19,"turns":5},{"damage":35,"enemies":"Snake Plant","floor":22,"turns":5},{"damage":11,"enemies":"Nightmare","floor":24,"turns":6},{"damage":0,"enemies":"Cultist and Chosen","floor":28,"turns":7},{"damage":0,"enemies":"Shelled Parasite and Fungi","floor":29,"turns":5},{"damage":0,"enemies":"Centurion and Healer","floor":30,"turns":6},{"damage":0,"enemies":"conspire:MysteriousRune","floor":33,"turns":7},{"damage":0,"enemies":"Orb Walker","floor":35,"turns":5},{"damage":0,"enemies":"Mind Bloom Boss Battle","floor":37,"turns":6},{"damage":0,"enemies":"3 Darklings","floor":38,"turns":5},{"damage":0,"enemies":"Transient","floor":41,"turns":5},{"damage":0,"enemies":"Transient","floor":43,"turns":5},{"damage":0,"enemies":"Nemesis","floor":44,"turns":4},{"damage":0,"enemies":"Transient","floor":46,"turns":5},{"damage":1,"enemies":"Awakened One","floor":50,"turns":5}],"seed_played":"9183510891834674175","potions_obtained":[{"floor":1,"key":"Explosive Potion"},{"floor":11,"key":"Weak Potion"},{"floor":13,"key":"SneckoOil"},{"floor":22,"key":"Languid Potion"},{"floor":28,"key":"Fire Potion"},{"floor":29,"key":"Energy Potion"},{"floor":37,"key":"Flashbang"}],"is_trial":false,"path_per_floor":["M","M","M","?","?","R","?","E","T","$","M","R","E","M","R","B",null,"M","M","?","?","M","R","NM","T","T","?","M","M","M","$","R","B",null,"M","?","?","M","AVR","R","MIM","?","MIM","E","$","M","R","$","R","B"],"character_chosen":"THE_SILENT","items_purchased":["Catalyst","infinitespire:FocusingShard","conspire:Flyswatter"],"campfire_rested":3,"item_purchase_floors":[10,31,45],"current_hp_per_floor":[75,75,71,71,53,53,53,22,29,29,29,29,18,18,42,9,82,77,60,60,60,25,25,14,14,14,1,1,1,1,1,1,1,1,1,1,1,1,1,1,1,1,1,1,1,1,1,1,1,0,0],"gold":73,"neow_bonus":"RANDOM_EVENT","is_daily":false,"chose_seed":false,"campfire_upgraded":4,"win_rate":0.0,"timestamp":1613937601,"path_taken":["M","M","M","?","?","R","?","E","T","$","M","R","E","M","R","BOSS","M","M","?","?","?","R","NM","?","T","?","?","M","M","?","R","BOSS","M","?","?","M","AVR","R","?","?","MIM","E","?","M","R","$","R","BOSS"],"items_purchased_type":["Card","Relic","Relic"],"build_version":"2020-12-22","purchased_purges":2,"victory":false,"max_hp_per_floor":[75,75,75,75,75,75,75,75,82,82,82,82,82,82,82,82,82,82,82,82,82,82,82,82,82,82,1,1,1,1,1,1,1,1,1,1,1,1,1,1,1,1,1,1,1,1,1,1,1,1,1],"relic_stats":{"counters":[24,128],"Orichalcum":[264],"Question Card":22,"obtain_stats":[{"ReplayFunnel":44,"trackpad:IceCube":24,"infinitespire:FocusingShard":31,"Ring of Chaos":34,"Orichalcum":25,"Question Card":8,"hubris:Icosahedron":42,"WristBlade":17,"hubris:BottledHeart":27,"Strawberry":9,"halation:PenCase":43,"Fusion Hammer":39,"hubris:CuriousFeather":41,"halation:PromiseList":13,"Ring of the Snake":0,"Pocketwatch":37,"conspire:Flyswatter":45},{"ReplayFunnel":22,"trackpad:IceCube":12,"infinitespire:FocusingShard":15,"Ring of Chaos":16,"Orichalcum":12,"Question Card":4,"hubris:Icosahedron":20,"WristBlade":8,"hubris:BottledHeart":12,"Strawberry":4,"halation:PenCase":21,"Fusion Hammer":19,"hubris:CuriousFeather":20,"halation:PromiseList":6,"Ring of the Snake":0,"Pocketwatch":18,"conspire:Flyswatter":22},{"ReplayFunnel":118,"trackpad:IceCube":63,"infinitespire:FocusingShard":81,"Ring of Chaos":88,"Orichalcum":63,"Question Card":20,"hubris:Icosahedron":109,"WristBlade":42,"hubris:BottledHeart":63,"Strawberry":20,"halation:PenCase":114,"Fusion Hammer":104,"hubris:CuriousFeather":109,"halation:PromiseList":28,"Ring of the Snake":0,"Pocketwatch":99,"conspire:Flyswatter":118}],"Ring of the Snake":[48],"Pocketwatch":[42]},"card_choices":[{"not_picked":["Dodge and Roll","Heel Hook","Masterful Stab"],"picked":"SKIP","floor":1},{"not_picked":["Underhanded Strike","hubris:SlightOfHand"],"picked":"Bouncing Flask","floor":2},{"not_picked":["Quick Slash","Fluid Movement"],"picked":"Bouncing Flask","floor":3},{"not_picked":["infinitespire:Punishment","infinitespire:Starlight"],"picked":"infinitespire:Fortify","floor":5},{"not_picked":["hubris:SlightOfHand","Acrobatics","Wraith Form v2"],"picked":"SKIP","floor":8},{"not_picked":["hubris:Counter","Dagger Spray","Dodge and Roll","hubris:SlightOfHand"],"picked":"SKIP","floor":11},{"not_picked":["ReplayTheSpireMod:Speed Training","ReplayTheSpireMod:The Works","Calculated Gamble"],"picked":"Crippling Poison","floor":13},{"not_picked":["hubris:Counter","Outmaneuver","Hidden Blade","Caltrops"],"picked":"SKIP","floor":14},{"not_picked":["Venomology","Die Die Die","Tools of the Trade"],"picked":"ReplayTheSpireMod:Necrosis","floor":16},{"not_picked":["Replay:Poison Smokescreen","ReplayTheSpireMod:Tripwire+1","Flying Knee"],"picked":"Noxious Fumes","floor":18},{"not_picked":["Dagger Spray+1","hubris:SlightOfHand+1","Heel Hook","Riddle With Holes"],"picked":"SKIP","floor":19},{"not_picked":["Bane+1","Dagger Spray","Outmaneuver","Underhanded Strike+1"],"picked":"SKIP","floor":22},{"not_picked":["Infinite Blades+1","ReplayTheSpireMod:The Works","Distraction","Bane"],"picked":"SKIP","floor":24},{"not_picked":["Poisoned Stab+1","Outmaneuver","Prepared+1","Flechettes"],"picked":"SKIP","floor":28},{"not_picked":["Hidden Blade+1","Deadly Poison","Bane"],"picked":"Footwork","floor":29},{"not_picked":["Unload","Skewer+1","Sucker Punch","Backflip"],"picked":"SKIP","floor":30},{"not_picked":["Glass Knife","Atom Bomb","Phantasmal Killer"],"picked":"Burst","floor":33},{"not_picked":["Deadly Poison+1","Slice+1","Flying Knee+1","Dagger Throw"],"picked":"SKIP","floor":35},{"not_picked":["Quick Slash","Infinite Blades","Dagger Throw"],"picked":"Masterful Stab+1","floor":38},{"not_picked":["Footwork","Phantasmal Killer","Well Laid Plans","Outmaneuver+1"],"picked":"SKIP","floor":44},{"not_picked":["Blur+1","hubris:TrickCloak","Hidden Blade+1","Deadly Poison"],"picked":"SKIP","floor":46}],"player_experience":122318,"relics_obtained":[{"floor":8,"key":"Question Card"},{"floor":9,"key":"Strawberry"},{"floor":13,"key":"halation:PromiseList"},{"floor":24,"key":"trackpad:IceCube"},{"floor":25,"key":"Orichalcum"},{"floor":37,"key":"Pocketwatch"},{"floor":41,"key":"hubris:CuriousFeather"},{"floor":43,"key":"halation:PenCase"},{"floor":44,"key":"ReplayFunnel"}],"event_choices":[{"damage_healed":0,"gold_gain":0,"player_choice":"Donut","damage_taken":0,"max_hp_gain":5,"max_hp_loss":0,"event_name":"Big Fish","floor":0,"gold_loss":0},{"cards_removed":["Strike_G"],"damage_healed":0,"gold_gain":0,"player_choice":"Purged","damage_taken":0,"max_hp_gain":0,"max_hp_loss":0,"event_name":"Purifier","floor":20,"gold_loss":0},{"cards_removed":["Strike_G"],"damage_healed":0,"gold_gain":0,"player_choice":"Give","damage_taken":0,"max_hp_gain":0,"max_hp_loss":0,"event_name":"betterNote:BetterNote","floor":21,"gold_loss":0,"cards_obtained":["construct:BatteryCore"]},{"damage_healed":0,"gold_gain":0,"player_choice":"Leave","damage_taken":0,"max_hp_gain":0,"max_hp_loss":0,"event_name":"conspire:Investor","floor":36,"gold_loss":0},{"damage_healed":0,"gold_gain":0,"player_choice":"Fight","damage_taken":0,"max_hp_gain":0,"max_hp_loss":0,"event_name":"MindBloom","floor":37,"gold_loss":0}],"is_beta":false,"boss_relics":[{"not_picked":["hubris:GrandSneckoEye","Astrolabe"],"picked":"WristBlade"},{"not_picked":["hubris:RunicObelisk","Snecko Scales"],"picked":"Ring of Chaos"}],"items_purged_floors":[10,31],"is_endless":true,"potions_floor_spawned":[1,11,13,22,28,29,33,37,44,46],"killed_by":"Awakened One","ascension_level":0}}