{"host":"s0nrlal5fls38heo","time":1613951105,"event":{"mods":["AchievementEnabler","BaseMod","Colored Powertips","Dark Map","Displayed Cursed Tome","Downfall","Faster Ascension Climbing","GifTheSpireLib","Minty Spire (QoL Compilation)","Permanent Neow","Rare Cards Sparkle","Relic Filter Mod","StSLib"],"gold_per_floor":[0,17,32,50,50,69,69,81,100,131,131,128,140,183,207,322,334,246,277,302,334,364,407,419,431,443,443,443],"floor_reached":26,"language":"ENG","playtime":1209,"items_purged":[],"score":401,"play_id":"b2502d8a-85c6-44ef-898f-87c5268cfa68","local_time":"20210222004505","is_ascension_mode":true,"campfire_choices":[{"data":"hexamod:Float","floor":1,"key":"SMITH"},{"data":"hexamod:FlamesFromBeyond","floor":13,"key":"SMITH"},{"data":"hexamod:GiftsFromTheDead","floor":18,"key":"SMITH"}],"circlet_count":0,"master_deck":["AscendersBane","hexamod:Strike","hexamod:Strike","hexamod:Defend","hexamod:Defend","hexamod:Defend","hexamod:Defend+1","hexamod:Sear+1","hexamod:Float+1","hexamod:SpectersWail+1","hexamod:ParanormalForm","hexamod:FlamesFromBeyond+1","hexamod:GhostLash","hexamod:Hexaguard","hexamod:WildfireWeapon+1","hexamod:GiftsFromTheDead+1","hexamod:RadiantFlame","hexamod:Hexaguard","hexamod:Rewind+1","hexamod:HeatShield","hexamod:ShieldOfDarkness"],"relics":["hexamod:SpiritBrand","StoneCalendar","Mango","MawBank","Pantograph","Coffee Dripper","downfall:HeartBlessingGreen","White Beast Statue","Frozen Egg 2"],"acts_visited":["Exordium","TheCity"],"potions_floor_usage":[10,14,15,19],"damage_taken":[{"damage":0,"enemies":"Small Slimes","floor":2,"turns":4},{"damage":0,"enemies":"2 Louse","floor":3,"turns":3},{"damage":0,"enemies":"Cultist","floor":4,"turns":4},{"damage":6,"enemies":"2 Fungi Beasts","floor":6,"turns":3},{"damage":7,"enemies":"downfall:LooterAlt","floor":8,"turns":4},{"damage":0,"enemies":"3 Louse","floor":9,"turns":3},{"damage":5,"enemies":"3 Sentries","floor":10,"turns":6},{"damage":0,"enemies":"downfall:FleeingMerchant","floor":12,"turns":4},{"damage":17,"enemies":"Gremlin Nob","floor":14,"turns":3},{"damage":6,"enemies":"Exordium Thugs","floor":15,"turns":3},{"damage":30,"enemies":"DF_ARCHETYPE_STREAMLINE","floor":16,"turns":12},{"damage":17,"enemies":"downfall:LooterAlt2","floor":19,"turns":3},{"damage":9,"enemies":"3 Byrds","floor":20,"turns":5},{"damage":19,"enemies":"Snecko","floor":21,"turns":7},{"damage":7,"enemies":"Cultist and Chosen","floor":22,"turns":5},{"damage":0,"enemies":"Gremlin Leader","floor":23,"turns":7},{"damage":11,"enemies":"Book of Stabbing","floor":26,"turns":3}],"seed_played":"-4495376853614506574","potions_obtained":[{"floor":4,"key":"SpeedPotion"},{"floor":8,"key":"FearPotion"},{"floor":9,"key":"SkillPotion"},{"floor":10,"key":"SteroidPotion"},{"floor":15,"key":"SteroidPotion"},{"floor":16,"key":"SneckoOil"}],"is_trial":false,"path_per_floor":["R","M","M","M","?","M","T","M","M","E","?","$","R","E","M","B",null,"R","M","M","M","M","E","T","?","E"],"character_chosen":"THE_SPIRIT","items_purchased":[],"campfire_rested":0,"item_purchase_floors":[],"current_hp_per_floor":[63,63,63,63,63,57,57,50,50,59,56,56,56,39,33,28,70,70,53,44,25,18,18,18,10,0,0,0],"gold":443,"neow_bonus":"REMOVE_TWO","is_daily":false,"chose_seed":false,"campfire_upgraded":3,"win_rate":0.0,"timestamp":1613951105,"path_taken":["R","M","M","M","?","M","T","M","M","E","?","$","R","E","M","BOSS","R","M","M","M","M","E","T","?","E"],"items_purchased_type":[],"build_version":"2020-12-22","purchased_purges":0,"victory":false,"max_hp_per_floor":[70,70,70,70,70,70,70,70,70,84,84,84,84,84,84,84,84,84,84,84,84,84,84,84,84,84,84,84],"card_choices":[{"not_picked":["hexamod:HeatMetal","hexamod:Firestarter"],"picked":"hexamod:SpectersWail","floor":2},{"not_picked":["hexamod:ShieldOfDarkness","hexamod:InspiringFlames"],"picked":"hexamod:ParanormalForm","floor":3},{"not_picked":["hexamod:ThermalTransfer","hexamod:SkipABeat"],"picked":"hexamod:FlamesFromBeyond","floor":4},{"not_picked":["hexamod:BurningTouch","hexamod:PhantomFireball"],"picked":"hexamod:GhostLash","floor":6},{"not_picked":["hexamod:CatchUp","hexamod:AdvancingGuard","hexamod:HauntingEcho"],"picked":"SKIP","floor":8},{"not_picked":["hexamod:Rewind","hexamod:NightmareGuise"],"picked":"hexamod:Hexaguard","floor":9},{"not_picked":["hexamod:AdvancingGuard","hexamod:BurningTouch","hexamod:BacktrackSmack"],"picked":"SKIP","floor":10},{"not_picked":["hexamod:SkipABeat","hexamod:RecurringNightmare"],"picked":"hexamod:WildfireWeapon","floor":12},{"not_picked":["hexamod:BurningTouch","hexamod:DynamicBlow","hexamod:FastForward"],"picked":"SKIP","floor":14},{"not_picked":["hexamod:HauntingEcho","hexamod:ThermalTransfer","hexamod:AdvancingGuard"],"picked":"SKIP","floor":15},{"not_picked":["hexamod:VolcanoVisage","hexamod:ParanormalForm"],"picked":"hexamod:GiftsFromTheDead","floor":16},{"not_picked":["hexamod:ChargedBarrage","hexamod:ThermalTransfer"],"picked":"hexamod:RadiantFlame","floor":19},{"not_picked":["hexamod:AdvancingGuard","hexamod:NightmareStrike"],"picked":"hexamod:Hexaguard","floor":20},{"not_picked":["hexamod:GhostShield+1","hexamod:SpectersWail"],"picked":"hexamod:Rewind+1","floor":21},{"not_picked":["hexamod:SpectralAdrenaline+1","hexamod:FastForward"],"picked":"hexamod:HeatShield","floor":22},{"not_picked":["hexamod:ParanormalForm","hexamod:AdvancingGuard"],"picked":"hexamod:ShieldOfDarkness","floor":23}],"player_experience":60887,"relics_obtained":[{"floor":7,"key":"StoneCalendar"},{"floor":10,"key":"Mango"},{"floor":14,"key":"Pantograph"},{"floor":23,"key":"White Beast Statue"},{"floor":24,"key":"Frozen Egg 2"}],"event_choices":[{"damage_healed":0,"gold_gain":0,"player_choice":"Success","damage_taken":3,"relics_obtained":["MawBank"],"max_hp_gain":0,"max_hp_loss":0,"event_name":"Scrap Ooze","floor":11,"gold_loss":0}],"is_beta":false,"boss_relics":[{"not_picked":["Runic Dome","hexamod:UnbrokenSoul"],"picked":"Coffee Dripper"}],"items_purged_floors":[],"is_endless":false,"potions_floor_spawned":[4,8,9,10,15,16],"killed_by":"Book of Stabbing","ascension_level":10}}