{"host":"o1wkfo8ppvrprpet","time":1613923530,"event":{"mods":["Aspiration","Astrologer","BaseMod","CapriCore","Colored Powertips","Koishi","Minty Spire (QoL Compilation)","MostiFishMod","Reimu£¨²©ÀöÁéÃÎ£©","Replay The Spire","RumiaBox-Â¶Ã×æ«µÄÉñÃØºÐ×Ó","Spicy Shops","StSLib","The Administrix","The Gatherer","The Immortal","Waifu the Spire","Yakumo Yukari mod"],"gold_per_floor":[115,40,40,56,97,126,126,126,178,253,267,296,296,308,308,386,386,399,417,430,447,447,447],"floor_reached":22,"language":"ZHS","playtime":859,"items_purged":["Strike_G"],"score":409,"play_id":"20df70ee-7945-4799-8f77-ca9d8c6a6b18","local_time":"20210222000530","is_ascension_mode":true,"campfire_choices":[{"data":"MostiFishMod:PerfectParry","floor":8.0,"key":"SMITH"},{"data":"Infinite Blades","floor":15,"key":"SMITH"}],"circlet_count":0,"master_deck":["AscendersBane","Strike_G","Strike_G","Strike_G","Strike_G","Defend_G","Defend_G","Defend_G","Defend_G","Defend_G","Survivor","Neutralize+1","MostiFishMod:PerfectParry+1","Backflip","Dagger Spray","Die Die Die","Infinite Blades+1","Acrobatics","MostiFishMod:Neurotoxin","MostiFishMod:PreservedThorns","MostiFishMod:WinterMarkForm","ReplayTheSpireMod:Scrap Shanks","MostiFishMod:Listen"],"relics":["Ring of the Snake","DaveBox","NeowsBlessing","SynthV:TestCard","MagicDraw1","Blue Doll","Gremlin Food","Replay:Baseball","RhineCircuit"],"acts_visited":["Exordium","TheCity"],"potions_floor_usage":[16,20,22],"damage_taken":[{"damage":0.0,"enemies":"2 Louse","floor":1.0,"turns":1.0},{"damage":0.0,"enemies":"Cultist","floor":4.0,"turns":1.0},{"damage":0.0,"enemies":"Lagavulin","floor":6.0,"turns":1.0},{"damage":0.0,"enemies":"Jaw Worm","floor":11.0,"turns":4.0},{"damage":21.0,"enemies":"Gremlin Nob","floor":12.0,"turns":4.0},{"damage":0,"enemies":"2 Fungi Beasts","floor":14,"turns":2},{"damage":7,"enemies":"Fading Forest","floor":16,"turns":11},{"damage":0,"enemies":"3 Byrds","floor":18,"turns":3},{"damage":15,"enemies":"Shell Parasite","floor":19,"turns":4},{"damage":12,"enemies":"Snake Plant","floor":20,"turns":5},{"damage":14,"enemies":"Chosen and Byrds","floor":21,"turns":4},{"damage":16,"enemies":"Masked Bandits","floor":22,"turns":2}],"seed_played":"-8600133836979019284","potions_obtained":[{"floor":4.0,"key":"Dexterity Potion"},{"floor":5.0,"key":"FearPotion"},{"floor":12.0,"key":"Adrenaline Potion"},{"floor":16,"key":"DistilledChaos"}],"is_trial":false,"path_per_floor":["M","$","?","M","?","E","?","R","T","?","M","E","?","M","R","B",null,"M","M","M","M","?"],"character_chosen":"THE_SILENT","items_purchased":[],"campfire_rested":0,"item_purchase_floors":[],"current_hp_per_floor":[59,59,59,59,59,59,54,54,54,43,43,22,22,22,22,23,55,55,40,28,14,0,0],"gold":447,"neow_bonus":"THREE_ENEMY_KILL","is_daily":false,"chose_seed":false,"campfire_upgraded":2,"win_rate":0.0,"timestamp":1613923530,"path_taken":["M","$","?","?","?","E","?","R","T","?","M","E","?","M","R","BOSS","M","M","?","M","?"],"items_purchased_type":[],"build_version":"2020-12-22","purchased_purges":1,"victory":false,"max_hp_per_floor":[66,66,66,66,66,66,66,66,66,66,66,66,66,66,66,66,66,66,66,66,66,66,66],"card_choices":[{"not_picked":["Heel Hook","Draining Mist"],"picked":"MostiFishMod:PerfectParry","floor":1.0},{"not_picked":["Quick Slash","ReplayTheSpireMod:Exploit Weakness","Replay:Poison Smokescreen","Leg Sweep"],"picked":"Backflip","floor":4.0},{"not_picked":["Hidden Blade","Prepared","Escape Plan","Dodge and Roll"],"picked":"Dagger Spray","floor":5.0},{"not_picked":["Poisoned Stab","Concentrate","ReplayTheSpireMod:Speed Training","Outmaneuver"],"picked":"Die Die Die","floor":6.0},{"not_picked":["ReplayTheSpireMod:Exploit Weakness","MostiFishMod:PerfectParry","Quick Slash","Catalyst"],"picked":"Infinite Blades","floor":11.0},{"not_picked":["Deflect","Backflip","MostiFishMod:AdrenalineArouse","Catalyst"],"picked":"Acrobatics","floor":12.0},{"not_picked":["Riddle With Holes","Backflip","Calculated Gamble","Dagger Spray"],"picked":"MostiFishMod:PreservedThorns","floor":14},{"not_picked":["Die Die Die","Bullet Time","Malaise","MostiFishMod:Neurotoxin"],"picked":"MostiFishMod:WinterMarkForm","floor":16},{"not_picked":["Dodge and Roll","Hidden Blade","Blade Dance","Deflect+1"],"picked":"ReplayTheSpireMod:Scrap Shanks","floor":18},{"not_picked":["Poisoned Stab","Backflip","Hidden Blade","Draining Mist","MostiFishMod:VineMother"],"picked":"SKIP","floor":19},{"not_picked":["Cloak And Dagger","Masterful Stab","Leg Sweep","Setup","Predator"],"picked":"SKIP","floor":20},{"not_picked":["Dagger Throw","Dagger Spray+1","Poisoned Stab+1","ReplayTheSpireMod:Tripwire"],"picked":"MostiFishMod:Listen","floor":21}],"player_experience":651343,"relics_obtained":[{"floor":1.0,"key":"SynthV:TestCard"},{"floor":6.0,"key":"MagicDraw1"},{"floor":9.0,"key":"Gremlin Food"},{"floor":12.0,"key":"Replay:Baseball"}],"event_choices":[{"damage_healed":0.0,"max_hp_gain":0.0,"max_hp_loss":0.0,"gold_gain":0.0,"event_name":"Upgrade Shrine","player_choice":"Upgraded","floor":3.0,"gold_loss":0.0,"damage_taken":0.0,"cards_upgraded":["Neutralize"]},{"damage_healed":0.0,"max_hp_gain":0.0,"max_hp_loss":0.0,"gold_gain":0.0,"event_name":"Scrap Ooze","player_choice":"Success","floor":7.0,"gold_loss":0.0,"damage_taken":5.0,"relics_obtained":["Blue Doll"]},{"damage_healed":0.0,"max_hp_gain":0.0,"max_hp_loss":0.0,"gold_gain":75.0,"event_name":"World of Goop","player_choice":"Gather Gold","floor":10.0,"gold_loss":0.0,"damage_taken":11.0},{"damage_healed":0,"gold_gain":0,"player_choice":"1 cards matched","damage_taken":0,"max_hp_gain":0,"max_hp_loss":0,"event_name":"Match and Keep!","floor":13,"gold_loss":0,"cards_obtained":["MostiFishMod:Neurotoxin"]},{"damage_healed":0,"gold_gain":0,"player_choice":"Fought Bandits","damage_taken":0,"max_hp_gain":0,"max_hp_loss":0,"event_name":"Masked Bandits","floor":22,"gold_loss":0}],"is_beta":false,"boss_relics":[{"not_picked":["Pandora\u0027s Box","FixedStarFall","Philosopher\u0027s Stone"]}],"items_purged_floors":[2],"is_endless":false,"potions_floor_spawned":[4,12,16,18],"killed_by":"Masked Bandits","ascension_level":17}}