{"host":"8is2j71l4wmybkoi","time":1613909021,"event":{"mods":["AchievementEnabler","BaseMod","Colored Map","DeckTracker","Minty Spire (QoL Compilation)","Rare Cards Sparkle","Relic Stats","StSLib","SuperFastMode"],"gold_per_floor":[119,194,194,204,204,204,214,214,214,249,265,277,304,317,317,388,438,438,438,148,148,165,165,197,197,243,243,260,260,277,293,293,293,293],"floor_reached":33,"language":"KOR","playtime":1056,"items_purged":["Strike_R"],"score":488,"play_id":"e4fa0847-4073-44f7-821e-f4b6cce14641","local_time":"20210221210341","is_ascension_mode":true,"campfire_choices":[{"data":"Bash","floor":6.0,"key":"SMITH"},{"data":"Flame Barrier","floor":8.0,"key":"SMITH"},{"floor":15.0,"key":"DIG"},{"data":"Barricade","floor":23,"key":"SMITH"},{"floor":25,"key":"DIG"},{"data":"Body Slam","floor":27,"key":"SMITH"},{"floor":29,"key":"DIG"},{"floor":32,"key":"DIG"}],"circlet_count":0,"master_deck":["AscendersBane","Strike_R","Strike_R","Strike_R","Strike_R","Defend_R","Defend_R","Defend_R+1","Defend_R","Bash+1","Flex+1","Cleave","Flame Barrier+1","Inflame","Spot Weakness+1","True Grit+1","Havoc+1","Infernal Blade+1","Barricade+1","Rage+1","Good Instincts+1","Impervious+1","Hemokinesis","Shame","Burning Pact+1","Body Slam+1","Evolve","Warcry+1","Impervious+1"],"relics":["Burning Blood","Pantograph","Toxic Egg 2","Shovel","Potion Belt","Mummified Hand","Tiny House","Letter Opener","Akabeko","Anchor","Shuriken","Singing Bowl"],"acts_visited":["Exordium","TheCity"],"potions_floor_usage":[24,33],"damage_taken":[{"damage":9.0,"enemies":"Jaw Worm","floor":1.0,"turns":3.0},{"damage":5.0,"enemies":"Small Slimes","floor":4.0,"turns":3.0},{"damage":1.0,"enemies":"Cultist","floor":7.0,"turns":4.0},{"damage":18.0,"enemies":"Gremlin Nob","floor":10.0,"turns":4.0},{"damage":8.0,"enemies":"Blue Slaver","floor":11.0,"turns":3.0},{"damage":0.0,"enemies":"Exordium Thugs","floor":12.0,"turns":4.0},{"damage":15.0,"enemies":"3 Sentries","floor":13.0,"turns":7.0},{"damage":8.0,"enemies":"Looter","floor":14.0,"turns":3.0},{"damage":46.0,"enemies":"Slime Boss","floor":16.0,"turns":9.0},{"damage":14.0,"enemies":"Shell Parasite","floor":18.0,"turns":4.0},{"damage":1.0,"enemies":"3 Byrds","floor":19.0,"turns":3.0},{"damage":6.0,"enemies":"Centurion and Healer","floor":22.0,"turns":9.0},{"damage":30,"enemies":"Slavers","floor":24,"turns":8},{"damage":2,"enemies":"Chosen and Byrds","floor":28,"turns":6},{"damage":14,"enemies":"Snake Plant","floor":30,"turns":4},{"damage":0,"enemies":"3 Cultists","floor":31,"turns":6},{"damage":74,"enemies":"Collector","floor":33,"turns":11}],"seed_played":"5263150286609846141","potions_obtained":[{"floor":7.0,"key":"LiquidBronze"},{"floor":11.0,"key":"DuplicationPotion"},{"floor":14.0,"key":"Block Potion"},{"floor":16.0,"key":"SmokeBomb"},{"floor":17.0,"key":"SmokeBomb"},{"floor":24,"key":"Ancient Potion"}],"is_trial":false,"path_per_floor":["M","?","?","M","?","R","M","R","T","E","M","M","E","M","R","B",null,"M","M","$","?","M","R","E","R","T","R","M","R","M","M","R","B"],"character_chosen":"IRONCLAD","items_purchased":["Rage+1","Fire Potion","Good Instincts+1"],"campfire_rested":0,"item_purchase_floors":[20,20,20],"current_hp_per_floor":[72,61,43,44,44,44,49,49,49,37,35,41,32,30,30,15,70,62,67,67,67,67,67,43,43,43,43,47,47,39,45,45,0,0],"gold":293,"neow_bonus":"TEN_PERCENT_HP_BONUS","is_daily":false,"chose_seed":false,"campfire_upgraded":4,"win_rate":0.0,"timestamp":1613909021,"path_taken":["M","?","?","M","?","R","M","R","T","E","M","M","E","?","R","BOSS","M","M","$","?","M","R","E","R","T","R","M","R","M","M","R","BOSS"],"items_purchased_type":["Card","Potion","Card"],"build_version":"2020-12-22","purchased_purges":1,"victory":false,"max_hp_per_floor":[82,82,82,82,82,82,82,82,82,82,82,82,82,82,82,82,87,87,87,87,87,87,87,87,87,87,87,87,87,87,87,87,87,87],"relic_stats":{"Shovel":4,"Singing Bowl":0,"counters":[17,91],"Mummified Hand":[18],"Shuriken":[1],"Pantograph":50,"Letter Opener":[120],"obtain_stats":[{"Potion Belt":13,"Anchor":26,"Shovel":10,"Tiny House":17,"Singing Bowl":32,"Mummified Hand":15,"Shuriken":29,"Pantograph":3,"Letter Opener":24,"Toxic Egg 2":9,"Burning Blood":0,"Akabeko":25},{"Potion Belt":7,"Anchor":13,"Shovel":4,"Tiny House":9,"Singing Bowl":16,"Mummified Hand":8,"Shuriken":14,"Pantograph":1,"Letter Opener":13,"Toxic Egg 2":3,"Burning Blood":0,"Akabeko":13},{"Potion Belt":28,"Anchor":64,"Shovel":14,"Tiny House":40,"Singing Bowl":80,"Mummified Hand":31,"Shuriken":70,"Pantograph":3,"Letter Opener":64,"Toxic Egg 2":10,"Burning Blood":0,"Akabeko":64}],"Burning Blood":96},"card_choices":[{"not_picked":["Armaments","True Grit"],"picked":"Flex","floor":1.0},{"not_picked":["Heavy Blade","Wild Strike"],"picked":"Cleave","floor":4.0},{"not_picked":["Headbutt","Wild Strike"],"picked":"Flame Barrier","floor":7.0},{"not_picked":["Thunderclap","Pommel Strike"],"picked":"Inflame","floor":10.0},{"not_picked":["Headbutt","Reckless Charge"],"picked":"Spot Weakness+1","floor":11.0},{"not_picked":["Demon Form","Iron Wave"],"picked":"True Grit+1","floor":12.0},{"not_picked":["Pommel Strike","Clash"],"picked":"Havoc+1","floor":13.0},{"not_picked":["Thunderclap","Sever Soul"],"picked":"Infernal Blade+1","floor":14.0},{"not_picked":["Berserk","Immolate"],"picked":"Barricade","floor":16.0},{"not_picked":["Headbutt+1","True Grit+1"],"picked":"Burning Pact+1","floor":22.0},{"not_picked":["Cleave","Thunderclap"],"picked":"Body Slam","floor":24},{"not_picked":["Headbutt","Flex+1"],"picked":"Evolve","floor":28},{"not_picked":["Perfected Strike","Cleave"],"picked":"Warcry+1","floor":30},{"not_picked":["Armaments+1","Iron Wave"],"picked":"Impervious+1","floor":31}],"player_experience":1283769,"relics_obtained":[{"floor":9.0,"key":"Toxic Egg 2"},{"floor":10.0,"key":"Shovel"},{"floor":13.0,"key":"Potion Belt"},{"floor":15.0,"key":"Mummified Hand"},{"floor":24,"key":"Letter Opener"},{"floor":25,"key":"Akabeko"},{"floor":26,"key":"Anchor"},{"floor":29,"key":"Shuriken"},{"floor":32,"key":"Singing Bowl"}],"event_choices":[{"damage_healed":0.0,"max_hp_gain":0.0,"max_hp_loss":0.0,"gold_gain":75.0,"event_name":"World of Goop","player_choice":"Gather Gold","floor":2.0,"gold_loss":0.0,"damage_taken":11.0},{"damage_healed":0.0,"max_hp_gain":0.0,"max_hp_loss":0.0,"gold_gain":0.0,"event_name":"Scrap Ooze","player_choice":"Success","floor":3.0,"gold_loss":0.0,"damage_taken":18.0,"relics_obtained":["Pantograph"]},{"damage_healed":0.0,"max_hp_gain":0.0,"max_hp_loss":0.0,"gold_gain":0.0,"event_name":"Accursed Blacksmith","player_choice":"Forge","floor":5.0,"gold_loss":0.0,"damage_taken":0.0,"cards_upgraded":["Flex"]},{"damage_healed":0.0,"max_hp_gain":0.0,"max_hp_loss":0.0,"gold_gain":0.0,"event_name":"Match and Keep!","player_choice":"3 cards matched","floor":21.0,"gold_loss":0.0,"damage_taken":0.0,"cards_obtained":["Impervious","Hemokinesis","Shame"]}],"is_beta":false,"boss_relics":[{"not_picked":["Velvet Choker","SacredBark"],"picked":"Tiny House"}],"items_purged_floors":[20],"is_endless":false,"potions_floor_spawned":[7,11,14,16,19,24],"killed_by":"Collector","ascension_level":15}}