{"host":"buxto8uli99gfndb","time":1613900792,"event":{"mods":["Bard","BaseMod","Colored Map","Colored Powertips","Conspire","Halation","Mimic Mod","Minty Spire (QoL Compilation)","StSLib","SuperFastMode","The Construct","The Cursed","The Jungle","The Runesmith"],"gold_per_floor":[118,153,153,173,186,186,218,228,258,258,270,287,315,334,334,432,432,451,451,451,251,319,319,319,329,354,354,354,396,396,415,415],"floor_reached":31,"language":"ENG","playtime":1289,"items_purged":[],"score":309,"play_id":"675a6b14-aa0b-4d33-9f23-034e717b15cb","local_time":"20210221044632","is_ascension_mode":true,"campfire_choices":[{"data":"Pain","floor":6,"key":"SMITH"},{"floor":10,"key":"REST"},{"floor":15,"key":"REST"},{"data":"conspire:Blindness","floor":24,"key":"SMITH"},{"floor":28,"key":"REST"},{"floor":30,"key":"REST"}],"circlet_count":0,"master_deck":["Strike_B","Defend_B","Defend_B","Defend_B","Defend_B+1","Zap","Dualcast","Biased Cognition","Coolheaded","Streamline","Chaos","Ball Lightning","Sweeping Beam","Rebound","FTL","Melter","conspire:SharedLibrary","Heatsinks+1","Loop+1","Thunder Strike","Stack+1","Reprogram+1","Aggregate+1","Tempest+1","conspire:SpireCoStock","conspire:SpireCoStock","conspire:SpireCoStock","conspire:SpireCoStock","Beam Cell+1","conspire:SharedLibrary+1","Hologram"],"relics":["Cracked Core","halation:PrussianBluePaint","WarpedTongs","Bottled Lightning","MealTicket","Frozen Egg 2","Astrolabe","Happy Flower","halation:TwoAmDonut"],"acts_visited":["Exordium","TheCity"],"potions_floor_usage":[11,14,16,16,25],"damage_taken":[{"damage":1,"enemies":"2 Louse","floor":1,"turns":2},{"damage":7,"enemies":"conspire:MimicChest","floor":2,"turns":3},{"damage":7,"enemies":"Jaw Worm","floor":4,"turns":2},{"damage":6,"enemies":"Cultist","floor":5,"turns":4},{"damage":25,"enemies":"3 Sentries","floor":7,"turns":7},{"damage":14,"enemies":"3 Louse","floor":8,"turns":3},{"damage":0,"enemies":"Lots of Slimes","floor":9,"turns":3},{"damage":6,"enemies":"Lots of Slimes","floor":11,"turns":3},{"damage":11,"enemies":"Large Slime","floor":12,"turns":4},{"damage":10,"enemies":"Lagavulin","floor":13,"turns":6},{"damage":1,"enemies":"Exordium Thugs","floor":14,"turns":6},{"damage":15,"enemies":"Hexaghost","floor":16,"turns":8},{"damage":20,"enemies":"Chosen","floor":18,"turns":5},{"damage":11,"enemies":"Shell Parasite","floor":22,"turns":6},{"damage":13,"enemies":"Snake Plant","floor":25,"turns":3},{"damage":17,"enemies":"Sentry and Sphere","floor":29,"turns":6},{"damage":53,"enemies":"Book of Stabbing","floor":31,"turns":6}],"seed_played":"1291401577096407017","potions_obtained":[{"floor":5,"key":"LiquidBronze"},{"floor":7,"key":"Swift Potion"},{"floor":8,"key":"SpeedPotion"},{"floor":12,"key":"Block Potion"},{"floor":14,"key":"LiquidMemories"},{"floor":18,"key":"SteroidPotion"}],"is_trial":false,"path_per_floor":["M","?","?","M","M","R","E","M","MIM","R","M","M","E","M","R","B",null,"M","?","?","?","M","?","R","M","T","T","R","M","R","E"],"character_chosen":"DEFECT","items_purchased":[],"campfire_rested":4,"item_purchase_floors":[],"current_hp_per_floor":[74,67,67,60,54,54,29,15,15,37,31,20,10,9,31,16,75,55,41,41,41,30,30,30,17,17,17,41,24,48,0,0],"gold":415,"neow_bonus":"THREE_RARE_CARDS","is_daily":false,"chose_seed":false,"campfire_upgraded":2,"win_rate":0.0,"timestamp":1613900792,"path_taken":["M","?","?","?","M","R","E","M","MIM","R","M","?","E","M","R","BOSS","M","?","?","?","?","?","R","?","T","?","R","M","R","E"],"items_purchased_type":[],"build_version":"2020-12-22","purchased_purges":0,"victory":false,"max_hp_per_floor":[75,75,75,75,75,75,75,75,75,75,75,75,75,75,75,75,75,75,80,80,80,80,80,80,80,80,80,80,80,80,80,80],"card_choices":[{"not_picked":["Multi-Cast","Meteor Strike"],"picked":"Biased Cognition","floor":0},{"not_picked":["Conserve Battery","Blizzard"],"picked":"Coolheaded","floor":1},{"not_picked":["conspire:Rain","Aggregate"],"picked":"Streamline","floor":2},{"not_picked":["Static Discharge","Turbo"],"picked":"Chaos","floor":4},{"not_picked":["Doom and Gloom","Coolheaded"],"picked":"Ball Lightning","floor":5},{"not_picked":["Turbo","Cold Snap"],"picked":"Sweeping Beam","floor":7},{"not_picked":["Redo","conspire:Rain"],"picked":"Rebound","floor":8},{"not_picked":["Steam","Double Energy"],"picked":"FTL","floor":9},{"not_picked":["Turbo","Go for the Eyes"],"picked":"Melter","floor":11},{"not_picked":["Redo","Rip and Tear"],"picked":"conspire:SharedLibrary","floor":12},{"not_picked":["Melter","Multi-Cast"],"picked":"Heatsinks+1","floor":13},{"not_picked":["Recycle","BootSequence"],"picked":"Loop+1","floor":14},{"not_picked":["Meteor Strike","Hyperbeam"],"picked":"Thunder Strike","floor":16},{"not_picked":["Undo","Go for the Eyes"],"picked":"Tempest+1","floor":18},{"not_picked":["Sweeping Beam+1","Hello World+1"],"picked":"Beam Cell","floor":22},{"not_picked":["Heatsinks+1","Coolheaded"],"picked":"Hologram","floor":25},{"not_picked":["Sweeping Beam","Beam Cell+1","Compile Driver"],"picked":"SKIP","floor":29}],"player_experience":459471,"relics_obtained":[{"floor":2,"key":"halation:PrussianBluePaint"},{"floor":7,"key":"Bottled Lightning"},{"floor":9,"key":"MealTicket"},{"floor":13,"key":"Frozen Egg 2"},{"floor":26,"key":"Happy Flower"},{"floor":27,"key":"halation:TwoAmDonut"}],"event_choices":[{"damage_healed":0,"gold_gain":0,"player_choice":"Rummage","damage_taken":0,"relics_obtained":["WarpedTongs"],"max_hp_gain":0,"max_hp_loss":0,"event_name":"Accursed Blacksmith","floor":3,"gold_loss":0,"cards_obtained":["Pain"]},{"damage_healed":0,"gold_gain":0,"player_choice":"Shed Blood","damage_taken":19,"max_hp_gain":5,"max_hp_loss":0,"event_name":"Forgotten Altar","floor":19,"gold_loss":0},{"damage_healed":0,"gold_gain":0,"player_choice":"Invest 4","damage_taken":0,"max_hp_gain":0,"max_hp_loss":0,"event_name":"conspire:Investor","floor":21,"gold_loss":0},{"damage_healed":0,"gold_gain":0,"player_choice":"1 cards matched","damage_taken":0,"max_hp_gain":0,"max_hp_loss":0,"event_name":"Match and Keep!","floor":23,"gold_loss":0,"cards_obtained":["conspire:SharedLibrary"]}],"is_beta":false,"boss_relics":[{"not_picked":["halation:CatFaceCupcake","Black Star"],"picked":"Astrolabe"}],"items_purged_floors":[],"is_endless":false,"potions_floor_spawned":[5,7,8,12,14,18],"killed_by":"Book of Stabbing","ascension_level":3}}