{"host":"xub9x5qyeglziwrr","time":1613869268,"event":{"mods":["Act Like it!","BaseMod","Colored Map","Duelist Mod","GifTheSpireLib","Minty Spire (QoL Compilation)","Pale of the Ancients","Permanent Neow","Rare Cards Sparkle","Relic Filter","StSLib","SuperFastMode"],"gold_per_floor":[137,157,157,167,187,187,215,215,238,254,254,285,285,27,27,101,101,115,132,145,145,157,168,168,196,208,220,260,292,304,18,18,97,97,109,9,9,9,20,53,53,86,110,122,122,36,36,56,56,56,56,56,56,56],"floor_reached":53,"language":"ENG","playtime":7015,"items_purged":["theDuelist:CastleWalls","theDuelist:Sparks"],"score":2019,"play_id":"ed3490c5-213d-4ed0-932d-e19c83c87f13","local_time":"20210220170108","is_ascension_mode":true,"campfire_choices":[{"data":"theDuelist:AncientGearChimera","floor":6,"key":"SMITH"},{"data":"theDuelist:CatapultTurtle","floor":8,"key":"SMITH"},{"data":"theDuelist:GreenGadget","floor":11,"key":"SMITH"},{"data":"theDuelist:Raigeki","floor":15,"key":"SMITH"},{"floor":24,"key":"REST"},{"floor":27,"key":"REST"},{"data":"theDuelist:GoldGadget","floor":32,"key":"SMITH"},{"floor":45,"key":"REST"},{"data":"1","floor":47,"key":"LIFT"},{"floor":49,"key":"REST"}],"circlet_count":0,"master_deck":["theDuelist:GreenGadget","theDuelist:FrontlineObserver","AscendersBane","Panache","theDuelist:AncientGearChimera+1","theDuelist:Deskbot004","theDuelist:PsychicShockwave","theDuelist:SolemnWarning+1","theDuelist:Tuningware","theDuelist:UnionHangar","theDuelist:SolemnWarning+1","theDuelist:Deskbot004","theDuelist:Deskbot005","theDuelist:CatapultTurtle+1","theDuelist:Deskbot005","theDuelist:Apoqliphort","theDuelist:Raigeki+1","theDuelist:Apoqliphort","theDuelist:GreenGadget+1","theDuelist:AncientGearGolem","theDuelist:Apoqliphort","theDuelist:CyberRaider+1","Trip+1","theDuelist:GoldGadget+1","theDuelist:IronDraw","theDuelist:Biofalcon","theDuelist:JunkKuriboh"],"relics":["theDuelist:MillenniumPuzzle","theDuelist:ChallengePuzzle","theDuelist:CardPoolRelic","theDuelist:CardPoolBasicRelic","theDuelist:BoosterPackPoolRelic","theDuelist:CardPoolAddRelic","theDuelist:CardPoolMinusRelic","theDuelist:CardPoolSaveRelic","theDuelist:CardPoolOptionsRelic","MealTicket","Vajra","theDuelist:MillenniumArmor","Art of War","theDuelist:MerchantPendant","theDuelist:MillenniumKey","Nilry\u0027s Codex","MawBank","Singing Bowl","theDuelist:Fluxrod","Frozen Eye","Runic Pyramid","Girya","Boot","Potion Belt","paleoftheancients:Timepiece","Spirit Poop"],"acts_visited":["Exordium","TheCity","TheBeyond","paleoftheancients:PaleOfTheAncients"],"potions_floor_usage":[7,10,16,22,28,28,33,50,50],"damage_taken":[{"damage":2,"enemies":"Small Slimes","floor":1,"turns":2},{"damage":0,"enemies":"Jaw Worm","floor":2,"turns":3},{"damage":0,"enemies":"Cultist","floor":4,"turns":2},{"damage":0,"enemies":"Blue Slaver","floor":5,"turns":2},{"damage":5,"enemies":"Gremlin Nob","floor":7,"turns":3},{"damage":0,"enemies":"Large Slime","floor":10,"turns":3},{"damage":7,"enemies":"Lagavulin","floor":12,"turns":3},{"damage":20,"enemies":"Slime Boss","floor":16,"turns":5},{"damage":6,"enemies":"3 Byrds","floor":18,"turns":4},{"damage":0,"enemies":"Spheric Guardian","floor":19,"turns":2},{"damage":6,"enemies":"Shelled Parasite and Fungi","floor":20,"turns":3},{"damage":0,"enemies":"Centurion and Healer","floor":22,"turns":4},{"damage":17,"enemies":"Chosen and Byrds","floor":23,"turns":3},{"damage":11,"enemies":"Slavers","floor":25,"turns":4},{"damage":0,"enemies":"Book of Stabbing","floor":28,"turns":3},{"damage":0,"enemies":"Snake Plant","floor":29,"turns":1},{"damage":28,"enemies":"Collector","floor":33,"turns":6},{"damage":0,"enemies":"3 Shapes","floor":35,"turns":4},{"damage":0,"enemies":"Orb Walker","floor":39,"turns":3},{"damage":17,"enemies":"Nemesis","floor":40,"turns":6},{"damage":41,"enemies":"Giant Head","floor":42,"turns":10},{"damage":0,"enemies":"Maw","floor":44,"turns":6},{"damage":3,"enemies":"Transient","floor":48,"turns":6},{"damage":22,"enemies":"Awakened One","floor":50,"turns":11},{"damage":30,"enemies":"Donu and Deca","floor":51,"turns":10},{"damage":70,"enemies":"Donu and Deca","floor":52,"turns":4},{"damage":79,"enemies":"Donu and Deca","floor":53,"turns":1}],"seed_played":"7909446322106448689","potions_obtained":[{"floor":1,"key":"theDuelist:BurningPotion"},{"floor":5,"key":"SkillPotion"},{"floor":12,"key":"theDuelist:StunPotion"},{"floor":13,"key":"theDuelist:TokenPotion"},{"floor":16,"key":"BlessingOfTheForge"},{"floor":18,"key":"FearPotion"},{"floor":19,"key":"theDuelist:IcePotion"},{"floor":22,"key":"PowerPotion"},{"floor":29,"key":"EssenceOfSteel"},{"floor":42,"key":"SkillPotion"}],"is_trial":false,"path_per_floor":["M","M","?","M","M","R","E","R","T","M","R","E","?","$","R","B",null,"M","M","M","?","M","M","R","E","T","R","E","M","?","$","R","B",null,"M","$","?","?","M","E","?","E","T","M","R","$","R","M","R","B","B","M","M"],"character_chosen":"THE_DUELIST","items_purchased":["Art of War","theDuelist:MerchantPendant","theDuelist:GoldGadget","theDuelist:Tuningware","Trip","Frozen Eye","theDuelist:IcePotion"],"campfire_rested":4,"item_purchase_floors":[14,14,14,31,31,31,46],"current_hp_per_floor":[43,43,36,36,36,36,31,31,31,31,31,24,24,39,39,19,57,51,51,45,24,24,7,28,17,17,38,44,46,46,61,61,33,64,64,74,70,70,70,55,55,14,14,14,35,50,50,47,68,50,59,72,0,0],"gold":56,"neow_bonus":"THREE_RARE_CARDS","is_daily":false,"chose_seed":false,"campfire_upgraded":5,"win_rate":0.0,"timestamp":1613869268,"path_taken":["M","M","?","M","M","R","E","R","T","M","R","E","?","$","R","BOSS","M","?","M","?","M","M","R","E","T","R","E","M","?","$","R","BOSS","M","$","?","?","?","E","?","E","T","M","R","$","R","M","R","BOSS","BOSS","M","M"],"items_purchased_type":["Relic","Relic","Card","Card","Card","Relic","Potion"],"build_version":"2020-12-22","purchased_purges":2,"victory":false,"max_hp_per_floor":[70,70,70,70,70,70,70,70,70,70,70,70,70,70,70,70,70,70,70,70,70,70,70,70,70,70,70,72,74,74,74,74,74,74,74,74,70,70,70,72,72,72,72,72,72,72,72,72,72,72,72,72,72,72],"card_choices":[{"not_picked":["theDuelist:SolemnWarning","theDuelist:MachineKingPrototype"],"picked":"theDuelist:Apoqliphort","floor":0},{"not_picked":["theDuelist:TokenVacuum","theDuelist:Factory100Machines","theDuelist:CardsFromTheSky","theDuelist:HeavyMechSupportPlatform"],"picked":"theDuelist:FrontlineObserver","floor":1},{"not_picked":["theDuelist:ScrapBeast","theDuelist:Deskbot004","theDuelist:Biofalcon","theDuelist:LimiterRemoval"],"picked":"theDuelist:AncientGearChimera","floor":2},{"not_picked":["theDuelist:DoubleTool","theDuelist:CoreBlaster","theDuelist:StimPack","theDuelist:CardsFromTheSky","theDuelist:ArtifactIgnition"],"picked":"SKIP","floor":4},{"not_picked":["theDuelist:Deskbot004","theDuelist:Biofalcon","theDuelist:Deskbot003","theDuelist:Quariongandrax"],"picked":"theDuelist:GreenGadget","floor":5},{"not_picked":["theDuelist:ZONE","theDuelist:RevolvingSwitchyard","theDuelist:Geartown"],"picked":"theDuelist:CatapultTurtle","floor":7},{"not_picked":["theDuelist:JunkWarrior","theDuelist:Deskbot003","theDuelist:ScrapBeast","theDuelist:TokenVacuum","theDuelist:MetalDetector"],"picked":"SKIP","floor":10},{"not_picked":["theDuelist:Sangan","theDuelist:JunkSpeeder","theDuelist:PowerGiant","theDuelist:WormWarlord"],"picked":"theDuelist:Raigeki","floor":12},{"not_picked":["theDuelist:SolemnWarning","theDuelist:SatelliteCannon","theDuelist:NightmareWheel","theDuelist:Deskbot009"],"picked":"theDuelist:Apoqliphort","floor":16},{"not_picked":["theDuelist:Geargiauger","theDuelist:Deskbot001","theDuelist:JunkWarrior","theDuelist:GadgetSoldier","theDuelist:Deskbot004"],"picked":"SKIP","floor":18},{"not_picked":["theDuelist:CoreBlaster","theDuelist:BlastJuggler","theDuelist:JadeKnight","theDuelist:Deskbot008","theDuelist:BlindDestruction"],"picked":"SKIP","floor":19},{"not_picked":["theDuelist:CoreBlaster","theDuelist:BlastJuggler","theDuelist:JadeKnight","theDuelist:Deskbot008","theDuelist:BlindDestruction"],"picked":"SKIP","floor":19},{"not_picked":["theDuelist:CoreBlaster","theDuelist:BlastJuggler","theDuelist:JadeKnight","theDuelist:Deskbot008","theDuelist:BlindDestruction"],"picked":"SKIP","floor":19},{"not_picked":["theDuelist:TokenVacuum","theDuelist:ScrapIronScarecrow","theDuelist:OrbitalBombardment","theDuelist:ImperialOrder"],"picked":"theDuelist:IronDraw","floor":20},{"not_picked":["theDuelist:ImperialOrder","theDuelist:GravityAxe","theDuelist:Geartown"],"picked":"theDuelist:UnionHangar","floor":22},{"not_picked":["Discovery","Madness+1","The Bomb"],"picked":"Panache","floor":23},{"not_picked":["theDuelist:ScrapBeast","theDuelist:AncientGearChimera","theDuelist:Factory100Machines","theDuelist:CyberRaider+1","theDuelist:BlastingFuse"],"picked":"SKIP","floor":25},{"not_picked":["theDuelist:ScrapBeast","theDuelist:AncientGearChimera","theDuelist:Factory100Machines","theDuelist:BlastingFuse"],"picked":"theDuelist:CyberRaider+1","floor":25},{"not_picked":["theDuelist:Hinotama","theDuelist:JunkSpeeder","theDuelist:PowerGiant","theDuelist:WingedKuriboh","theDuelist:WormWarlord"],"picked":"Singing Bowl","floor":28},{"not_picked":["theDuelist:MachineKing","theDuelist:Deskbot008","theDuelist:Deskbot007"],"picked":"Singing Bowl","floor":29},{"not_picked":["theDuelist:SolemnStrike","theDuelist:PlatinumGadget","theDuelist:JinzoLord","theDuelist:GoldGadget"],"picked":"theDuelist:SolemnWarning+1","floor":33},{"not_picked":["theDuelist:AllySalvo","theDuelist:PotDuality","theDuelist:Deskbot006+1","theDuelist:HeavyMetalRaiders"],"picked":"theDuelist:AncientGearGolem","floor":35},{"not_picked":["theDuelist:ScrapBeast+1","theDuelist:Deskbot004+1","theDuelist:Tuningware","theDuelist:AirCrackingStorm"],"picked":"theDuelist:JunkKuriboh","floor":39},{"not_picked":["theDuelist:UnionHangar+1","theDuelist:MetalholdMovingBlockade","theDuelist:CatapultTurtle","theDuelist:ArtifactSanctum","theDuelist:Geartown"],"picked":"Singing Bowl","floor":40},{"not_picked":["theDuelist:Flashbang","theDuelist:Mixeroid","theDuelist:Geartown+1","theDuelist:SatelliteCannon"],"picked":"theDuelist:Apoqliphort","floor":42},{"not_picked":["theDuelist:WonderGarage","theDuelist:PortableBatteryPack","theDuelist:IronDraw","theDuelist:ImperialOrder+1"],"picked":"theDuelist:PsychicShockwave","floor":44},{"not_picked":["theDuelist:Shekhinaga","theDuelist:SwordsConcealing","theDuelist:JinzoLord","theDuelist:Deskbot007"],"picked":"theDuelist:SolemnWarning+1","floor":48}],"player_experience":2429626,"relics_obtained":[{"floor":7,"key":"MealTicket"},{"floor":9,"key":"Vajra"},{"floor":12,"key":"theDuelist:MillenniumArmor"},{"floor":21,"key":"Nilry\u0027s Codex"},{"floor":25,"key":"MawBank"},{"floor":26,"key":"Singing Bowl"},{"floor":28,"key":"theDuelist:Fluxrod"},{"floor":40,"key":"Girya"},{"floor":42,"key":"Boot"},{"floor":43,"key":"Potion Belt"}],"event_choices":[{"cards_removed":["theDuelist:Sparks"],"damage_healed":0,"gold_gain":0,"player_choice":"Card Removal","damage_taken":7,"max_hp_gain":0,"max_hp_loss":0,"event_name":"Golden Wing","floor":3,"gold_loss":0},{"damage_healed":0,"gold_gain":0,"player_choice":"Got Potions","damage_taken":0,"max_hp_gain":0,"max_hp_loss":0,"event_name":"Lab","floor":13,"gold_loss":0},{"damage_healed":0,"gold_gain":0,"player_choice":"Obtained Book","damage_taken":21,"max_hp_gain":0,"max_hp_loss":0,"event_name":"Cursed Tome","floor":21,"gold_loss":0},{"damage_healed":0,"gold_gain":0,"player_choice":"Ignored","damage_taken":0,"max_hp_gain":0,"max_hp_loss":0,"event_name":"The Mausoleum","floor":30,"gold_loss":0},{"damage_healed":0,"gold_gain":0,"player_choice":"Max HP","damage_taken":0,"max_hp_gain":0,"max_hp_loss":4,"event_name":"Winding Halls","floor":37,"gold_loss":0},{"damage_healed":0,"gold_gain":0,"player_choice":"Forge","damage_taken":0,"max_hp_gain":0,"max_hp_loss":0,"event_name":"Accursed Blacksmith","floor":38,"gold_loss":0,"cards_upgraded":["Trip"]},{"cards_removed":["theDuelist:CastleWalls"],"damage_healed":0,"gold_gain":0,"player_choice":"Purged","damage_taken":0,"max_hp_gain":0,"max_hp_loss":0,"event_name":"Purifier","floor":41,"gold_loss":0}],"is_beta":false,"boss_relics":[{"not_picked":["theDuelist:ElectricKey","Tiny House"],"picked":"theDuelist:MillenniumKey"},{"not_picked":["SlaversCollar","Cursed Key"],"picked":"Runic Pyramid"}],"items_purged_floors":[14,36],"is_endless":false,"potions_floor_spawned":[1,5,12,16,18,19,22,25,29,42],"killed_by":"Donu and Deca","ascension_level":20}}