{"host":"a1249rztnhonb7m0","time":1613907710,"event":{"mods":["BaseMod","Minty Spire (QoL Compilation)","Relic Stats"],"gold_per_floor":[99,99,99,99,99,99,99,99,99,99,99,99,99,99,99,99,99,99,24,24,24,24,24,24,24,24,24,24,24,24],"floor_reached":29,"language":"ENG","playtime":1215,"items_purged":["Strike_B"],"score":576,"play_id":"3a4e59f7-720d-4a07-85b4-725e85cb127a","local_time":"20210221114150","is_ascension_mode":true,"campfire_choices":[{"data":"Sweeping Beam","floor":6,"key":"SMITH"},{"floor":8,"key":"REST"},{"data":"Ball Lightning","floor":10,"key":"SMITH"},{"data":"Sunder","floor":15,"key":"SMITH"},{"data":"Biased Cognition","floor":25,"key":"SMITH"},{"data":"Sweeping Beam","floor":27,"key":"SMITH"}],"circlet_count":0,"master_deck":["AscendersBane","Defend_B","Defend_B","Defend_B","Defend_B","Zap","Dualcast","Barrage","Ball Lightning+1","Rip and Tear","Seek","Sweeping Beam+1","Sunder+1","Darkness","Coolheaded","Sweeping Beam+1","Biased Cognition+1","Self Repair+1","Static Discharge+1","Cold Snap+1","Undo+1"],"relics":["Ectoplasm","Blue Candle","Prayer Wheel","Kunai","Astrolabe","Girya","Omamori","Happy Flower"],"acts_visited":["Exordium","TheCity"],"potions_floor_usage":[7,12,18,28],"damage_taken":[{"damage":0.0,"enemies":"Cultist","floor":1.0,"turns":4.0},{"damage":4.0,"enemies":"Small Slimes","floor":2.0,"turns":4.0},{"damage":13.0,"enemies":"Jaw Worm","floor":3.0,"turns":4.0},{"damage":11.0,"enemies":"Exordium Wildlife","floor":4.0,"turns":4.0},{"damage":8,"enemies":"Large Slime","floor":5,"turns":5},{"damage":20,"enemies":"3 Sentries","floor":7,"turns":6},{"damage":14,"enemies":"Red Slaver","floor":11,"turns":3},{"damage":8,"enemies":"Gremlin Nob","floor":12,"turns":3},{"damage":0,"enemies":"Exordium Wildlife","floor":13,"turns":3},{"damage":0,"enemies":"2 Fungi Beasts","floor":14,"turns":2},{"damage":0,"enemies":"Slime Boss","floor":16,"turns":5},{"damage":6,"enemies":"Chosen","floor":18,"turns":5},{"damage":10,"enemies":"Spheric Guardian","floor":20,"turns":4},{"damage":5,"enemies":"Centurion and Healer","floor":22,"turns":6},{"damage":38,"enemies":"Book of Stabbing","floor":23,"turns":4},{"damage":12,"enemies":"3 Cultists","floor":24,"turns":4},{"damage":21,"enemies":"Slavers","floor":28,"turns":3},{"damage":28,"enemies":"Snecko","floor":29,"turns":4}],"seed_played":"-2147255508212576024","potions_obtained":[{"floor":2.0,"key":"FearPotion"},{"floor":3.0,"key":"SteroidPotion"},{"floor":13,"key":"Energy Potion"},{"floor":14,"key":"Swift Potion"},{"floor":23,"key":"Ancient Potion"}],"is_trial":false,"path_per_floor":["M","M","M","M","M","R","E","R","T","R","M","E","M","M","R","B",null,"M","$","M","T","M","E","M","R","T","R","E","M"],"character_chosen":"DEFECT","items_purchased":[],"campfire_rested":1,"item_purchase_floors":[],"current_hp_per_floor":[64,60,47,36,28,28,8,29,29,29,15,7,7,7,7,7,55,59,59,59,59,64,36,34,34,34,34,23,0,0],"gold":24,"neow_bonus":"BOSS_RELIC","is_daily":false,"chose_seed":false,"campfire_upgraded":5,"win_rate":0.0,"timestamp":1613907710,"path_taken":["M","?","M","M","M","R","E","R","T","R","M","E","M","M","R","BOSS","M","$","M","?","M","E","M","R","T","R","E","M"],"items_purchased_type":[],"build_version":"2020-12-22","purchased_purges":1,"victory":false,"max_hp_per_floor":[71,71,71,71,71,71,71,71,71,71,71,71,71,71,71,71,71,71,71,71,71,71,71,71,71,71,71,71,71,71],"relic_stats":{"Happy Flower":[1],"counters":[18,73],"Blue Candle":[0],"Astrolabe":["Self Repair","Static Discharge","Cold Snap"],"Prayer Wheel":7,"Ectoplasm":387,"Kunai":[8],"obtain_stats":[{"Girya":23,"Happy Flower":28,"Blue Candle":7,"Astrolabe":17,"Prayer Wheel":9,"Ectoplasm":0,"Omamori":26,"Kunai":12,"Cracked Core":0},{"Girya":15,"Happy Flower":17,"Blue Candle":6,"Astrolabe":11,"Prayer Wheel":6,"Ectoplasm":0,"Omamori":16,"Kunai":8,"Cracked Core":0},{"Girya":62,"Happy Flower":69,"Blue Candle":27,"Astrolabe":43,"Prayer Wheel":27,"Ectoplasm":0,"Omamori":66,"Kunai":33,"Cracked Core":0}]},"card_choices":[{"not_picked":["Beam Cell","Turbo"],"picked":"Barrage","floor":1.0},{"not_picked":["Genetic Algorithm","Leap"],"picked":"Ball Lightning","floor":2.0},{"not_picked":["Redo","Barrage"],"picked":"Rip and Tear","floor":3.0},{"not_picked":["Steam","Beam Cell"],"picked":"Seek","floor":4.0},{"not_picked":["Gash","Steam"],"picked":"Sweeping Beam","floor":5},{"not_picked":["Beam Cell","Barrage","Hello World"],"picked":"SKIP","floor":7},{"not_picked":["Conserve Battery","Steam"],"picked":"Sunder","floor":11},{"not_picked":["Rebound","Heatsinks"],"picked":"Darkness","floor":11},{"not_picked":["Leap","Darkness"],"picked":"Coolheaded","floor":12},{"not_picked":["Rebound","Tempest"],"picked":"Sweeping Beam","floor":13},{"not_picked":["Barrage","Gash","Streamline"],"picked":"SKIP","floor":13},{"not_picked":["Beam Cell","Amplify","Heatsinks"],"picked":"SKIP","floor":14},{"not_picked":["Lockon","Go for the Eyes","Aggregate"],"picked":"SKIP","floor":14},{"not_picked":["Thunder Strike","Fission"],"picked":"Biased Cognition","floor":16},{"not_picked":["Go for the Eyes","BootSequence","Heatsinks"],"picked":"SKIP","floor":18},{"not_picked":["Streamline","Heatsinks","Steam"],"picked":"SKIP","floor":18},{"not_picked":["Steam","Beam Cell"],"picked":"Undo+1","floor":20},{"not_picked":["Recycle","Static Discharge","Steam"],"picked":"SKIP","floor":20},{"not_picked":["Hyperbeam","Leap","Lockon"],"picked":"SKIP","floor":22},{"not_picked":["Beam Cell","Consume","Ball Lightning"],"picked":"SKIP","floor":22},{"not_picked":["Sweeping Beam","White Noise","Gash"],"picked":"SKIP","floor":23},{"not_picked":["Beam Cell","Hologram","Chaos"],"picked":"SKIP","floor":24},{"not_picked":["Turbo","Steam","Compile Driver"],"picked":"SKIP","floor":24},{"not_picked":["Steam","Scrape","Beam Cell"],"picked":"SKIP","floor":28}],"player_experience":2535258,"relics_obtained":[{"floor":7,"key":"Blue Candle"},{"floor":9,"key":"Prayer Wheel"},{"floor":12,"key":"Kunai"},{"floor":23,"key":"Girya"},{"floor":26,"key":"Omamori"},{"floor":28,"key":"Happy Flower"}],"event_choices":[],"is_beta":false,"boss_relics":[{"not_picked":["Philosopher\u0027s Stone","SacredBark"],"picked":"Astrolabe"}],"items_purged_floors":[19],"is_endless":false,"potions_floor_spawned":[2,3,13,14,23],"killed_by":"Snecko","ascension_level":15}}