{"host":"i9wanet4r0ff4t9y","time":1613943475,"event":{"mods":["2.2 Compatiblity","Act Like it!","BaseMod","Bestiary","Better Altar","Better Match","Better Note","Better Sensory Stone","Better Skull","Better Third Choice","Better Vampires","BetterRewards","CapriCore","Colored Map","Curses Come First","Downfall","Hubris","Minty Spire (QoL Compilation)","Quick Restart","READ ME - Guardian Mod","READ ME - Snecko Mod","Relic Stats","Reliquary","Ruina","Say the Spire","Spicy Shops","StSLib","The Gatherer","Waifu the Spire"],"gold_per_floor":[117,117,117,134,148,179,179,240,240,250,250,250,276,294,294,389,389,400,97,113,113,113,113,113,113,113,142,156,188,188,215,215,319,319,336,336,386,50,99,126,75,0,0,0,0,0,19,74,74,74],"floor_reached":51,"language":"POL","playtime":1323,"items_purged":[],"score":1085,"play_id":"43dd91bb-2ca9-46a3-8849-e65e2a6490e1","local_time":"20210221223755","daily_mods":["Insanity","Flight","Binary"],"is_ascension_mode":false,"campfire_choices":[{"data":"Spot Weakness","floor":12.0,"key":"SMITH"},{"data":"Spot Weakness","floor":15.0,"key":"SMITH"},{"floor":23.0,"key":"REST"},{"floor":24.0,"key":"REST"},{"data":"Metallicize","floor":30.0,"key":"SMITH"},{"data":"Infernal Blade","floor":32.0,"key":"SMITH"},{"data":"Shockwave","floor":49.0,"key":"SMITH"}],"circlet_count":0,"master_deck":["Body Slam","Reckless Charge","Disarm","Twin Strike","Twin Strike","Flex","Sword Boomerang","Iron Wave","Evolve","hubris:ReadiedAction","Havoc","Clothesline","Pommel Strike","Headbutt","Shockwave+1","Shrug It Off","Infernal Blade+1","Clash","Perfected Strike","True Grit","Havoc","hubris:ReadiedAction","Wild Strike","Warcry","Blood for Blood","Dropkick","Body Slam","Warcry","Warcry","True Grit","Perfected Strike","Power Through","Wild Strike","Anger","Wild Strike","Wild Strike","True Grit","Iron Wave","Clash","Metallicize","Heavy Blade","Metallicize+1","Evolve","Shrug It Off","Cleave","Perfected Strike","Searing Blow","Wild Strike","Shockwave","Combust+1","Anger","Flame Barrier","Anger","Spot Weakness+1","Brutality+1","Sword Boomerang+1","Intimidate","Pain","Intimidate+1","Uppercut+1","Perfected Strike+1","Rampage+1","Demon Form+1","Flame Barrier","Metallicize+1","Metallicize+1","Seeing Red+1","Wild Strike+1","Feel No Pain+1","Demon Form+1","Writhe","Rupture+1","hubris:DuctTapeCard"],"relics":["Burning Blood","hubris:Towel","hubris:Icosahedron","reliquary:TuningFork","Frozen Egg 2","Mummified Hand","MealTicket","reliquary:Craggleroot","Juzu Bracelet","DollysMirror","Oddly Smooth Stone","Anchor","PreservedInsect","WarpedTongs","hubris:Metronome","reliquary:Spinner","hubris:ToyBattleship","hubris:DuctTape","SlaversCollar","hubris:Potato","bronze:BronzeIdol","reliquary:FingerTrap","TungstenRod","Gremlin Horn","Red Mask","Kunai","reliquary:Crutches"],"acts_visited":["Exordium","TheCity","TheBeyond"],"potions_floor_usage":[50,50],"damage_taken":[{"damage":0.0,"enemies":"Cultist","floor":1.0,"turns":3.0},{"damage":5.0,"enemies":"Jaw Worm","floor":4.0,"turns":2.0},{"damage":7.0,"enemies":"Small Slimes","floor":5.0,"turns":2.0},{"damage":0.0,"enemies":"Lagavulin","floor":6.0,"turns":3.0},{"damage":0.0,"enemies":"2 Fungi Beasts","floor":10.0,"turns":2.0},{"damage":0.0,"enemies":"Gremlin Nob","floor":13.0,"turns":2.0},{"damage":0.0,"enemies":"Looter","floor":14.0,"turns":2.0},{"damage":11.0,"enemies":"Slime Boss","floor":16.0,"turns":6.0},{"damage":0.0,"enemies":"Chosen","floor":18.0,"turns":2.0},{"damage":2.0,"enemies":"Spheric Guardian","floor":20.0,"turns":3.0},{"damage":6.0,"enemies":"Gremlin Leader","floor":27.0,"turns":4.0},{"damage":5.0,"enemies":"Snake Plant","floor":28.0,"turns":3.0},{"damage":8.0,"enemies":"Slavers","floor":29.0,"turns":4.0},{"damage":4.0,"enemies":"Gremlin Leader","floor":31.0,"turns":3.0},{"damage":4.0,"enemies":"DF_ARCHETYPE_CLAW","floor":33.0,"turns":4.0},{"damage":20.0,"enemies":"3 Shapes","floor":35.0,"turns":5.0},{"damage":21.0,"enemies":"Mind Bloom Boss Battle","floor":37.0,"turns":5.0},{"damage":23.0,"enemies":"2 Orb Walkers","floor":39.0,"turns":4.0},{"damage":17.0,"enemies":"Reptomancer","floor":40.0,"turns":4.0},{"damage":6.0,"enemies":"Orb Walker","floor":47.0,"turns":3.0},{"damage":38,"enemies":"WA_ARCHETYPE_DIVINITY","floor":50,"turns":8}],"seed_played":"2654008536529366047","potions_obtained":[{"floor":6.0,"key":"Dexterity Potion"},{"floor":13.0,"key":"Block Potion"},{"floor":16.0,"key":"Weak Potion"},{"floor":20.0,"key":"Explosive Potion"},{"floor":28.0,"key":"hexamod:SoulburnPotion"},{"floor":33.0,"key":"BloodPotion"},{"floor":40.0,"key":"BloodPotion"},{"floor":47.0,"key":"Swift Potion"}],"is_trial":true,"path_per_floor":["M","?","?","M","M","E","?","?","T","M","T","R","E","M","R","B",null,"M","$","M","?","?","R","R","?","T","E","M","E","R","E","R","B",null,"M","?","?","$","?","E","$","?","T","?","?","?","M","T","R","B",null],"character_chosen":"IRONCLAD","items_purchased":["Juzu Bracelet","DollysMirror","bronze:BronzeIdol","reliquary:FingerTrap","Metallicize+1","Feel No Pain+1"],"campfire_rested":2,"item_purchase_floors":[19,19,38,38,38,41],"current_hp_per_floor":[80,80,80,80,79,80,80,80,80,80,80,80,80,80,80,75,80,80,80,80,80,22,46,70,70,70,70,71,69,69,71,71,73,80,66,66,51,66,65,54,69,69,69,54,74,74,74,74,74,58],"gold":74,"neow_bonus":"","is_daily":false,"chose_seed":false,"campfire_upgraded":5,"win_rate":0.0,"timestamp":1613943475,"path_taken":["M","?","?","?","?","E","?","?","T","M","?","R","E","M","R","BOSS","M","?","M","?","?","R","R","?","T","E","M","E","R","E","R","BOSS","M","?","?","$","?","E","?","?","T","?","?","?","M","?","R","BOSS"],"items_purchased_type":["Relic","Relic","Relic","Relic","Card","Card"],"build_version":"2020-12-22","purchased_purges":0,"victory":true,"max_hp_per_floor":[80,80,80,80,80,80,80,80,80,80,80,80,80,80,80,80,80,80,80,80,80,80,80,80,80,80,80,80,80,80,80,80,80,80,80,80,80,80,80,80,80,80,80,80,80,80,80,80,80,80],"relic_stats":{"Gremlin Horn":[0,0],"counters":[21,74],"Mummified Hand":[51],"MealTicket":30,"PreservedInsect":184,"Juzu Bracelet":3,"Kunai":[3],"obtain_stats":[{"hubris:Metronome":26,"Gremlin Horn":40,"Juzu Bracelet":19,"Burning Blood":0,"hubris:Icosahedron":3,"Mummified Hand":11,"DollysMirror":19,"MealTicket":13,"Red Mask":42,"reliquary:FingerTrap":38,"Kunai":43,"hubris:DuctTape":31,"Oddly Smooth Stone":22,"PreservedInsect":22,"reliquary:Spinner":27,"hubris:Towel":2,"Frozen Egg 2":9,"WarpedTongs":25,"bronze:BronzeIdol":38,"reliquary:Crutches":48,"SlaversCollar":34,"Anchor":22,"reliquary:Craggleroot":17,"reliquary:TuningFork":6,"hubris:ToyBattleship":29,"hubris:Potato":37,"TungstenRod":39},{"hubris:Metronome":10,"Gremlin Horn":19,"Juzu Bracelet":9,"Burning Blood":0,"hubris:Icosahedron":1,"Mummified Hand":5,"DollysMirror":9,"MealTicket":6,"Red Mask":19,"reliquary:FingerTrap":17,"Kunai":19,"hubris:DuctTape":14,"Oddly Smooth Stone":10,"PreservedInsect":10,"reliquary:Spinner":11,"hubris:Towel":1,"Frozen Egg 2":4,"WarpedTongs":10,"bronze:BronzeIdol":17,"reliquary:Crutches":20,"SlaversCollar":15,"Anchor":10,"reliquary:Craggleroot":8,"reliquary:TuningFork":4,"hubris:ToyBattleship":13,"hubris:Potato":17,"TungstenRod":18},{"hubris:Metronome":27,"Gremlin Horn":63,"Juzu Bracelet":24,"Burning Blood":0,"hubris:Icosahedron":3,"Mummified Hand":12,"DollysMirror":24,"MealTicket":14,"Red Mask":63,"reliquary:FingerTrap":55,"Kunai":63,"hubris:DuctTape":41,"Oddly Smooth Stone":27,"PreservedInsect":27,"reliquary:Spinner":31,"hubris:Towel":3,"Frozen Egg 2":10,"WarpedTongs":27,"bronze:BronzeIdol":55,"reliquary:Crutches":66,"SlaversCollar":45,"Anchor":27,"reliquary:Craggleroot":22,"reliquary:TuningFork":10,"hubris:ToyBattleship":38,"hubris:Potato":55,"TungstenRod":59}],"Burning Blood":86,"TungstenRod":10,"WarpedTongs":[47]},"card_choices":[{"not_picked":["hubris:ReadiedAction"],"picked":"Wild Strike","floor":1.0},{"not_picked":["Flex"],"picked":"Shockwave","floor":4.0},{"not_picked":["Thunderclap"],"picked":"Combust","floor":5.0},{"not_picked":["Shrug It Off"],"picked":"Anger","floor":6.0},{"not_picked":["Intimidate"],"picked":"Anger","floor":10.0},{"not_picked":["Perfected Strike","Headbutt"],"picked":"SKIP","floor":13.0},{"not_picked":["Thunderclap"],"picked":"Spot Weakness","floor":14.0},{"not_picked":["Fiend Fire"],"picked":"Brutality+1","floor":16.0},{"not_picked":["True Grit","hubris:ReadiedAction"],"picked":"SKIP","floor":18.0},{"not_picked":["Dark Embrace+1"],"picked":"Sword Boomerang+1","floor":20.0},{"not_picked":["Clothesline"],"picked":"Intimidate+1","floor":27.0},{"not_picked":["Power Through+1"],"picked":"Uppercut+1","floor":28.0},{"not_picked":["Shrug It Off"],"picked":"Perfected Strike+1","floor":29.0},{"not_picked":["Iron Wave"],"picked":"Rampage+1","floor":31.0},{"not_picked":["Fiend Fire"],"picked":"Demon Form+1","floor":33.0},{"not_picked":["Carnage+1"],"picked":"Flame Barrier","floor":35.0},{"not_picked":["hubris:ReadiedAction+1"],"picked":"Metallicize+1","floor":37.0},{"not_picked":["Whirlwind+1"],"picked":"Seeing Red+1","floor":39.0},{"not_picked":["Sentinel"],"picked":"Wild Strike+1","floor":40.0},{"not_picked":["Seeing Red"],"picked":"Rupture+1","floor":47.0}],"player_experience":480437,"relics_obtained":[{"floor":6.0,"key":"reliquary:TuningFork"},{"floor":9.0,"key":"Frozen Egg 2"},{"floor":11.0,"key":"Mummified Hand"},{"floor":13.0,"key":"MealTicket"},{"floor":26.0,"key":"hubris:Metronome"},{"floor":27.0,"key":"reliquary:Spinner"},{"floor":29.0,"key":"hubris:ToyBattleship"},{"floor":31.0,"key":"hubris:DuctTape"},{"floor":37.0,"key":"hubris:Potato"},{"floor":39.0,"key":"TungstenRod"},{"floor":40.0,"key":"Gremlin Horn"},{"floor":43.0,"key":"Kunai"},{"floor":48.0,"key":"reliquary:Crutches"}],"event_choices":[{"damage_healed":0.0,"max_hp_gain":0.0,"max_hp_loss":0.0,"gold_gain":61.0,"event_name":"Golden Wing","player_choice":"Gained Gold","floor":8.0,"gold_loss":0.0,"damage_taken":0.0},{"damage_healed":0.0,"max_hp_gain":0.0,"max_hp_loss":0.0,"gold_gain":0.0,"cards_transformed":["Battle Trance"],"event_name":"Transmorgrifier","player_choice":"Transformed","floor":21.0,"gold_loss":0.0,"damage_taken":0.0,"cards_obtained":["Intimidate"]},{"damage_healed":0.0,"max_hp_gain":0.0,"max_hp_loss":0.0,"gold_gain":0.0,"event_name":"betterSkull:BetterSkull","player_choice":"RE RE RE ","floor":22.0,"gold_loss":0.0,"damage_taken":64.0,"cards_upgraded":[],"relics_obtained":["Oddly Smooth Stone","Anchor","PreservedInsect"]},{"damage_healed":0.0,"max_hp_gain":0.0,"max_hp_loss":0.0,"gold_gain":0.0,"event_name":"Accursed Blacksmith","player_choice":"Rummage","floor":25.0,"gold_loss":0.0,"damage_taken":0.0,"relics_obtained":["WarpedTongs"],"cards_obtained":["Pain"]},{"cards_removed":["Sever Soul"],"damage_healed":0.0,"max_hp_gain":0.0,"max_hp_loss":0.0,"gold_gain":0.0,"event_name":"Falling","player_choice":"Removed Attack","floor":36.0,"gold_loss":0.0,"damage_taken":0.0},{"damage_healed":0.0,"max_hp_gain":0.0,"max_hp_loss":0.0,"gold_gain":0.0,"event_name":"MindBloom","player_choice":"Fight","floor":37.0,"gold_loss":0.0,"damage_taken":0.0},{"damage_healed":0.0,"max_hp_gain":0.0,"max_hp_loss":0.0,"gold_gain":0.0,"event_name":"Mysterious Sphere","player_choice":"Fight","floor":39.0,"gold_loss":0.0,"damage_taken":0.0},{"damage_healed":0.0,"max_hp_gain":0.0,"max_hp_loss":0.0,"gold_gain":0.0,"event_name":"Tomb of Lord Red Mask","player_choice":"Paid","floor":42.0,"gold_loss":75.0,"damage_taken":0.0,"relics_obtained":["Red Mask"]},{"damage_healed":0.0,"max_hp_gain":0.0,"max_hp_loss":16.0,"gold_gain":3.0,"event_name":"betterStone:BetterStone","player_choice":"2","floor":44.0,"gold_loss":0.0,"damage_taken":0.0},{"damage_healed":20.0,"max_hp_gain":0.0,"max_hp_loss":0.0,"gold_gain":0.0,"event_name":"Winding Halls","player_choice":"Writhe","floor":45.0,"gold_loss":0.0,"damage_taken":0.0,"cards_obtained":["Writhe"]},{"damage_healed":0.0,"max_hp_gain":0.0,"max_hp_loss":0.0,"gold_gain":0.0,"event_name":"Upgrade Shrine","player_choice":"Upgraded","floor":46.0,"gold_loss":0.0,"damage_taken":0.0,"cards_upgraded":["Combust"]}],"is_beta":false,"boss_relics":[{"not_picked":["reliquary:Ember","Runic Pyramid"],"picked":"reliquary:Craggleroot"},{"not_picked":["Runic Dome","Snecko Eye"],"picked":"SlaversCollar"}],"items_purged_floors":[],"is_endless":false,"potions_floor_spawned":[6,13,16,20,28,33,40,47],"ascension_level":0}}