{"host":"x730sfaw5rd1mxd8","time":1613906517,"event":{"mods":["BaseMod","BetterRewards","Colored Powertips","Downfall","Highlight Path","Minty Spire (QoL Compilation)","Relic Sorter","Relic Stats","Replay The Spire","StSLib"],"gold_per_floor":[99,110,121,121,134,163,163,163,193,203,226,245,258,283,297,393,393,393,411,411,422,414,457,457,457,495,495,564,624,524,249,315,450,450,450,501,81,133,189,89,112,278,331,461,361,311,356,475,584,676,688,814,352,352,352,352],"floor_reached":57,"language":"ENG","playtime":6745,"items_purged":["hexamod:Strike","hexamod:Strike","hexamod:Defend","hexamod:Defend"],"score":1525,"play_id":"4ffcbe13-c406-45a8-8fe1-871240934024","local_time":"20210221062157","is_ascension_mode":false,"campfire_choices":[{"data":"hexamod:Sear","floor":1.0,"key":"SMITH"},{"data":"hexamod:RainOfEmbers","floor":8.0,"key":"SMITH"},{"floor":18.0,"key":"DIG"},{"data":"hexamod:CatchUp","floor":25.0,"key":"SMITH"},{"data":"hexamod:RainOfEmbers","floor":30,"key":"SMITH"},{"floor":35,"key":"RECALL"},{"data":"hexamod:HexaLevel","floor":40,"key":"SMITH"},{"floor":45,"key":"REST"},{"data":"hexamod:VolcanoVisage","floor":54,"key":"SMITH"}],"circlet_count":0,"master_deck":["hexamod:Strike+1","hexamod:Defend+1","hexamod:Defend+1","hexamod:Sear+1","hexamod:Float","hexamod:BacktrackSmack+1","hexamod:ShieldOfDarkness+1","hexamod:RainOfEmbers+1","hexamod:GhostShield","hexamod:FastForward+1","hexamod:ExtraCrispy","hexamod:AdvancingGuard+1","hexamod:TimeOfNeed+1","hexamod:StepThrough+1","hexamod:Hexaguard+1","hexamod:SkipABeat+1","hexamod:CatchUp+1","hexamod:SoulSteal","hexamod:EtherealExpedition","hexamod:Incineration","hexamod:RainOfEmbers+1","hexamod:Hexaguard+1","hexamod:ChargedBarrage","hexamod:PhantomFireball+1","hexamod:HexaLevel+1","hexamod:BurningTouch+1","hexamod:WildfireWeapon","hexamod:RecurringNightmare+1","hexamod:HeatCrush+1","hexamod:Hexaguard+1","hexamod:AdvancingGuard+1","hexamod:Incineration+1","hexamod:VolcanoVisage+1"],"relics":["hexamod:SpiritBrand","WingedGreaves","Replay:Ringing Soul","Replay:Wax Seal","Odd Mushroom","Counterbalance","Honey Jar","Smiling Mask","Replay:Kaleidoscope","Chameleon Ring","Juzu Bracelet","downfall:KnowingSkull","Mirror","downfall:HeartBlessingGreen","Torii","hexamod:TheBrokenSeal","hexamod:IceCube","Snack Pack","Sling","Kunai","downfall:HeartBlessingRed","Chemical X","Girya","downfall:HeartBlessingBlue","MawBank","Happy Flower","Replay:PocketPolymizer","Guardian:PocketSentry","Slimebound:StickyStick"],"acts_visited":["Exordium","TheCity","TheBeyond","TheEnding"],"potions_floor_usage":[28,28,29,44,55,55,56,56,56,56],"damage_taken":[{"damage":0.0,"enemies":"Small Slimes","floor":2.0,"turns":3.0},{"damage":1.0,"enemies":"Jaw Worm","floor":3.0,"turns":4.0},{"damage":0.0,"enemies":"2 Louse","floor":5.0,"turns":3.0},{"damage":9.0,"enemies":"Lagavulin","floor":6.0,"turns":7.0},{"damage":12.0,"enemies":"Exordium Wildlife","floor":10.0,"turns":5.0},{"damage":0.0,"enemies":"The Mushroom Lair","floor":11.0,"turns":4.0},{"damage":0.0,"enemies":"Gremlin Gang","floor":12.0,"turns":5.0},{"damage":0.0,"enemies":"3 Louse","floor":13.0,"turns":4.0},{"damage":0.0,"enemies":"Replay:BlueRogue","floor":14.0,"turns":4.0},{"damage":3.0,"enemies":"Blue Slaver","floor":15.0,"turns":4.0},{"damage":17.0,"enemies":"SI_SHIV_ARCHETYPE","floor":16.0,"turns":9.0},{"damage":5.0,"enemies":"3 Byrds","floor":19.0,"turns":4.0},{"damage":5.0,"enemies":"Spheric Guardian","floor":21.0,"turns":4.0},{"damage":13.0,"enemies":"Book of Stabbing","floor":23.0,"turns":6.0},{"damage":5.0,"enemies":"Replay:Snechameleon","floor":26.0,"turns":7.0},{"damage":3,"enemies":"Gremlin Leader","floor":28,"turns":6},{"damage":11,"enemies":"Chosen and Byrds","floor":29,"turns":8},{"damage":3,"enemies":"downfall:FleeingMerchant","floor":31,"turns":4},{"damage":17,"enemies":"Shelled Parasite and Fungi","floor":32,"turns":6},{"damage":30,"enemies":"DF_ARCHETYPE_CLAW","floor":33,"turns":7},{"damage":3,"enemies":"3 Shapes","floor":36,"turns":3},{"damage":3,"enemies":"downfall:FleeingMerchant","floor":37,"turns":4},{"damage":3,"enemies":"Orb Walker","floor":38,"turns":3},{"damage":3,"enemies":"downfall:FleeingMerchant","floor":42,"turns":2},{"damage":3,"enemies":"Spire Growth","floor":43,"turns":2},{"damage":7,"enemies":"2 Orb Walkers","floor":44,"turns":5},{"damage":6,"enemies":"Nemesis","floor":48,"turns":5},{"damage":6,"enemies":"Sphere and 2 Shapes","floor":49,"turns":2},{"damage":6,"enemies":"WA_ARCHETYPE_DIVINITY","floor":50,"turns":5},{"damage":24,"enemies":"downfall:CharBossMerchant","floor":52,"turns":6},{"damage":0,"enemies":"downfall:NeowBoss","floor":55,"turns":10},{"damage":10,"enemies":"downfall:NeowBossFinal","floor":56,"turns":8}],"seed_played":"5447063821695721235","potions_obtained":[{"floor":5.0,"key":"LiquidBronze"},{"floor":10.0,"key":"DuplicationPotion"},{"floor":12.0,"key":"Explosive Potion"},{"floor":13.0,"key":"Block Potion"},{"floor":21.0,"key":"Adrenaline Potion"},{"floor":23.0,"key":"EssenceOfSteel"},{"floor":26,"key":"SkillPotion"},{"floor":26,"key":"hexamod:SoulburnPotion"},{"floor":28,"key":"Fruit Juice"},{"floor":29,"key":"EssenceOfSteel"},{"floor":29,"key":"LifebloodPotion"},{"floor":32,"key":"ColorlessPotion"},{"floor":33,"key":"Reflective Coating"},{"floor":38,"key":"Slimebound:ThreeZeroPotion"},{"floor":43,"key":"Regen Potion"},{"floor":48,"key":"sneckomod:MuddlingPotion"}],"is_trial":false,"path_per_floor":["R","M","M","?","M","E","T","R","?","M","?","M","M","E","M","B",null,"R","M","?","M","?","E","T","R","E","?","E","M","R","$","M","B",null,"R","M","$","M","?","R","T","?","M","?","R","$","T","E","M","B",null,"E","$","R","B","B",null],"character_chosen":"THE_SPIRIT","items_purchased":["Torii","Snack Pack","Sling","Chemical X","Guardian:PocketSentry","Slimebound:StickyStick","Dexterity Potion","Milkshake"],"campfire_rested":1,"item_purchase_floors":[31,37,37,42,53,53,53,53],"current_hp_per_floor":[77,77,76,76,76,67,67,67,67,58,68,78,88,91,95,81,98,98,101,101,104,107,104,104,104,109,102,116,115,115,122,142,115,145,145,145,145,145,110,110,110,110,107,102,163,163,163,162,161,155,176,154,154,157,179,173],"gold":352,"neow_bonus":"TEN_PERCENT_HP_BONUS","is_daily":false,"chose_seed":false,"campfire_upgraded":6,"win_rate":0.0,"timestamp":1613906517,"path_taken":["R","M","M","?","M","E","T","R","?","M","?","M","?","E","M","BOSS","R","M","?","M","?","E","T","R","E","?","E","M","R","$","M","BOSS","R","M","$","M","?","R","T","?","M","?","R","?","?","E","M","BOSS","E","$","R","BOSS","BOSS"],"items_purchased_type":["Relic","Relic","Relic","Relic","Relic","Relic","Potion","Potion"],"build_version":"2020-12-22","purchased_purges":4,"victory":true,"max_hp_per_floor":[77,77,77,77,77,77,77,77,77,80,83,86,89,92,95,98,98,98,101,101,104,107,110,110,110,113,113,123,126,126,129,142,145,145,145,148,151,154,157,157,157,160,160,160,170,170,170,173,176,176,176,176,176,179,179,179],"relic_stats":{"Torii":4,"Happy Flower":[10],"counters":[32,159],"Juzu Bracelet":1,"Kunai":[7],"Chemical X":[18],"Smiling Mask":250,"MawBank":72,"obtain_stats":[{"Replay:PocketPolymizer":52,"Torii":31,"downfall:HeartBlessingGreen":30,"Juzu Bracelet":26,"Smiling Mask":18,"Sling":37,"Replay:Ringing Soul":7,"Chameleon Ring":24,"downfall:HeartBlessingBlue":45,"Slimebound:StickyStick":53,"Honey Jar":17,"downfall:KnowingSkull":27,"WingedGreaves":6,"Kunai":39,"Chemical X":42,"Replay:Wax Seal":9,"hexamod:SpiritBrand":0,"Girya":44,"downfall:HeartBlessingRed":40,"Happy Flower":48,"Counterbalance":14,"hexamod:TheBrokenSeal":32,"Guardian:PocketSentry":53,"Replay:Kaleidoscope":23,"Odd Mushroom":11,"MawBank":47,"Snack Pack":37,"Mirror":28,"hexamod:IceCube":34},{"Replay:PocketPolymizer":30,"Torii":18,"downfall:HeartBlessingGreen":17,"Juzu Bracelet":15,"Smiling Mask":11,"Sling":22,"Replay:Ringing Soul":4,"Chameleon Ring":14,"downfall:HeartBlessingBlue":26,"Slimebound:StickyStick":30,"Honey Jar":11,"downfall:KnowingSkull":15,"WingedGreaves":4,"Kunai":23,"Chemical X":24,"Replay:Wax Seal":4,"hexamod:SpiritBrand":0,"Girya":26,"downfall:HeartBlessingRed":23,"Happy Flower":27,"Counterbalance":9,"hexamod:TheBrokenSeal":19,"Guardian:PocketSentry":30,"Replay:Kaleidoscope":14,"Odd Mushroom":6,"MawBank":26,"Snack Pack":22,"Mirror":16,"hexamod:IceCube":20},{"Replay:PocketPolymizer":141,"Torii":91,"downfall:HeartBlessingGreen":87,"Juzu Bracelet":73,"Smiling Mask":52,"Sling":111,"Replay:Ringing Soul":17,"Chameleon Ring":66,"downfall:HeartBlessingBlue":123,"Slimebound:StickyStick":141,"Honey Jar":52,"downfall:KnowingSkull":73,"WingedGreaves":17,"Kunai":114,"Chemical X":116,"Replay:Wax Seal":17,"hexamod:SpiritBrand":0,"Girya":123,"downfall:HeartBlessingRed":114,"Happy Flower":128,"Counterbalance":39,"hexamod:TheBrokenSeal":97,"Guardian:PocketSentry":141,"Replay:Kaleidoscope":66,"Odd Mushroom":26,"MawBank":123,"Snack Pack":111,"Mirror":79,"hexamod:IceCube":104}]},"card_choices":[{"not_picked":["hexamod:SwordOfDarkness","hexamod:GhostOfSpireFuture"],"picked":"hexamod:BacktrackSmack","floor":2.0},{"not_picked":["hexamod:HeatMetal","hexamod:DynamicBlow"],"picked":"hexamod:ShieldOfDarkness","floor":3.0},{"not_picked":["hexamod:SkipABeat","hexamod:Incineration"],"picked":"hexamod:RainOfEmbers","floor":5.0},{"not_picked":["hexamod:RecurringNightmare","hexamod:StepThrough"],"picked":"hexamod:FirstSeal","floor":6.0},{"not_picked":["hexamod:Again","hexamod:RainOfEmbers"],"picked":"hexamod:GhostShield","floor":10.0},{"not_picked":["hexamod:BurningTouch","hexamod:BacktrackSmack"],"picked":"hexamod:FastForward","floor":11.0},{"not_picked":["hexamod:AdvancingGuard","hexamod:HeatCrush"],"picked":"hexamod:ExtraCrispy","floor":12.0},{"not_picked":["hexamod:InspiringFlames","hexamod:FastForward"],"picked":"hexamod:HeatMetal","floor":13.0},{"not_picked":["hexamod:SpectersWail","hexamod:Again"],"picked":"hexamod:SixthSeal","floor":14.0},{"not_picked":["hexamod:ThermalTransfer","hexamod:ExtraCrispy"],"picked":"hexamod:AdvancingGuard","floor":15.0},{"not_picked":["hexamod:TurnItUp","hexamod:UnleashSpirits"],"picked":"hexamod:TimeOfNeed","floor":16.0},{"not_picked":["hexamod:ThermalTransfer+1","hexamod:HauntingEcho","hexamod:Incineration+1"],"picked":"hexamod:StepThrough+1","floor":19.0},{"not_picked":["hexamod:ThermalTransfer","hexamod:GhostLash","hexamod:FirstSeal"],"picked":"hexamod:Hexaguard+1","floor":21.0},{"not_picked":["hexamod:WildfireWeapon","hexamod:PhantomFireball+1","hexamod:PhantomCloak"],"picked":"hexamod:SkipABeat+1","floor":23.0},{"not_picked":["hexamod:Hexaguard","hexamod:GhostOfSpireFuture","hexamod:HauntingEcho+1"],"picked":"hexamod:CatchUp","floor":23.0},{"not_picked":["hexamod:TimeWarp","hexamod:ShieldOfDarkness","hexamod:DynamicBlow"],"picked":"hexamod:SoulSteal","floor":26},{"not_picked":["hexamod:HauntingEcho","hexamod:HeatShield","hexamod:InspiringFlames+1"],"picked":"hexamod:EtherealExpedition","floor":28},{"not_picked":["hexamod:NightmareStrike","hexamod:Rewind","hexamod:BurningTouch"],"picked":"hexamod:Incineration","floor":28},{"not_picked":["hexamod:AdvancingGuard","hexamod:BacktrackSmack","hexamod:Hexaguard"],"picked":"hexamod:RainOfEmbers","floor":29},{"not_picked":["hexamod:ShieldOfDarkness+1","hexamod:ExtraCrispy+1","hexamod:ThermalTransfer+1"],"picked":"hexamod:Hexaguard+1","floor":29},{"not_picked":["hexamod:SoulSteal","hexamod:HeatMetal+1","hexamod:BacktrackSmack"],"picked":"hexamod:FifthSeal","floor":31},{"not_picked":["hexamod:GhostShield","hexamod:GhostLash","hexamod:FastForward"],"picked":"hexamod:ChargedBarrage","floor":31},{"not_picked":["hexamod:SpectersWail","hexamod:NightmareStrike","hexamod:Again"],"picked":"hexamod:PhantomFireball+1","floor":32},{"not_picked":["hexamod:UnlimitedPower","hexamod:TimeOfNeed","hexamod:ParanormalForm"],"picked":"hexamod:HexaLevel","floor":33},{"not_picked":["hexamod:Firestarter","hexamod:Hexaguard+1","hexamod:NightmareGuise"],"picked":"hexamod:BurningTouch+1","floor":36},{"not_picked":["hexamod:ThermalTransfer+1","hexamod:SpectralAdrenaline+1","hexamod:SoulSteal+1"],"picked":"hexamod:WildfireWeapon","floor":37},{"not_picked":["hexamod:SpectersWail","hexamod:Firestarter+1","hexamod:RadiantFlame"],"picked":"hexamod:RecurringNightmare+1","floor":38},{"not_picked":["hexamod:AdvancingGuard","hexamod:SpectralAdrenaline","hexamod:Hexaguard"],"picked":"hexamod:HeatCrush+1","floor":39},{"not_picked":["hexamod:TimeOfNeed","hexamod:BacktrackSmack+1","hexamod:CatchUp+1"],"picked":"hexamod:Hexaguard+1","floor":42},{"not_picked":["hexamod:BacktrackSmack+1","hexamod:GhostShield","hexamod:ShieldOfDarkness","hexamod:RadiantFlame"],"picked":"SKIP","floor":43},{"not_picked":["hexamod:NightmareGuise","hexamod:BacktrackSmack","hexamod:NightmareStrike+1"],"picked":"hexamod:AdvancingGuard+1","floor":48},{"not_picked":["hexamod:SpectralAdrenaline+1","hexamod:UnlimitedPower","hexamod:ThermalTransfer+1"],"picked":"hexamod:Incineration+1","floor":49},{"not_picked":["hexamod:HeatCrush+1","hexamod:SpectralAdrenaline+1","hexamod:Firestarter","hexamod:EmpoweredFlame"],"picked":"SKIP","floor":52}],"player_experience":4256565,"relics_obtained":[{"floor":6.0,"key":"WingedGreaves"},{"floor":7.0,"key":"Replay:Ringing Soul"},{"floor":11.0,"key":"Odd Mushroom"},{"floor":14.0,"key":"Counterbalance"},{"floor":18.0,"key":"Smiling Mask"},{"floor":23.0,"key":"Replay:Kaleidoscope"},{"floor":24.0,"key":"Chameleon Ring"},{"floor":26,"key":"Juzu Bracelet"},{"floor":28,"key":"Mirror"},{"floor":39,"key":"Kunai"},{"floor":44,"key":"Girya"},{"floor":47,"key":"MawBank"},{"floor":48,"key":"Happy Flower"},{"floor":52,"key":"Replay:PocketPolymizer"}],"event_choices":[{"damage_healed":0.0,"max_hp_gain":0.0,"max_hp_loss":0.0,"gold_gain":0.0,"event_name":"Mushrooms","player_choice":"Fought Mushrooms","floor":11.0,"gold_loss":0.0,"damage_taken":0.0},{"damage_healed":0,"gold_gain":0,"player_choice":"Fight","damage_taken":0,"max_hp_gain":0,"max_hp_loss":0,"event_name":"Mysterious Sphere","floor":44,"gold_loss":0}],"is_beta":false,"boss_relics":[{"not_picked":["ReplayTheSpireMod:DimensionalGlitch","Replay:Ancient Bell"],"picked":"Honey Jar"},{"not_picked":["Runic Pyramid","Ring of Chaos"],"picked":"hexamod:IceCube"}],"items_purged_floors":[37,42,46,53],"is_endless":false,"potions_floor_spawned":[5,10,12,13,14,16,21,26,29,33,38,43,48],"ascension_level":0}}