{"host":"qnonbmyem8gan59d","time":1613935518,"event":{"mods":["BaseMod","Colored Powertips","Downfall","Hermit","Minty Spire (QoL Compilation)","Replay The Spire","StSLib"],"gold_per_floor":[99,110,110,110,123,150,173,88,100,133,33,48,48,33,49,146,146,46,146,61,61,80,80,125,125,225,271,171,184,184,216,236,339,339,339,350,366,366,377,426,474,490,490,252,252,266,266,278,288,288,288,288],"floor_reached":50,"language":"ENG","playtime":5611,"items_purged":[],"score":620,"play_id":"e58fd1b7-a7e7-48ed-aa16-66f7c0748e93","local_time":"20210221132518","is_ascension_mode":false,"campfire_choices":[{"floor":1.0,"key":"DIG"},{"floor":11.0,"key":"RECALL"},{"data":"champ:Duel","floor":13.0,"key":"SMITH"},{"data":"Double Tap","floor":18.0,"key":"SMITH"},{"data":"champ:FlashCut","floor":28.0,"key":"SMITH"},{"data":"champ:StanceDance","floor":30.0,"key":"SMITH"}],"circlet_count":0,"master_deck":["champ:Strike+1","champ:Strike","champ:Strike+1","champ:Defend","champ:Defend","champ:Defend","champ:Defend","champ:Execute+1","champ:Taunt","champ:FocusedBerserking","champ:CrownThrow","champ:PreciseThrust","champ:Duel","champ:BerserkersShout","champ:PreciseThrust","champ:PreciseThrust","champ:Duel+1","champ:PreciseThrust","champ:StanceDance+1","champ:AdrenalArmor","champ:FlashCut+1","Double Tap+1","champ:Shatter","champ:EnGarde+1","champ:FocusedDefense","champ:CalledShot","champ:Lariat+1","champ:EnGarde","champ:PreciseThrust","champ:VampiricStrike","champ:ArenaPreparation+1","Hallucinations","champ:StanceDance+1","champ:CalledShot","champ:Encircle","champ:Duel","champ:FlashCut","champ:FancyFootwork+1"],"relics":["Whetstone","m_IronCrown","Juzu Bracelet","Blue Doll","Garlic","downfall:HeartBlessingGreen","Coffee Dripper","downfall:HeartBlessingRed","Pocketwatch","Mummified Hand","Simple Rune","downfall:HeartBlessingBlue","PreservedInsect","Fusion Hammer","Ring of Fury","ReplayTheSpireMod:Ring of Challenge","Pen Nib","ClockworkSouvenir","Orichalcum","Snack Pack"],"acts_visited":["Exordium","TheCity","TheBeyond"],"potions_floor_usage":[],"damage_taken":[{"damage":10.0,"enemies":"Small Slimes","floor":2.0,"turns":3.0},{"damage":16.0,"enemies":"Jaw Worm","floor":5.0,"turns":3.0},{"damage":56.0,"enemies":"3 Sentries","floor":6.0,"turns":9.0},{"damage":25.0,"enemies":"downfall:FleeingMerchant","floor":8.0,"turns":4.0},{"damage":5.0,"enemies":"2 Louse","floor":9.0,"turns":2.0},{"damage":30.0,"enemies":"Gremlin Nob","floor":10.0,"turns":4.0},{"damage":0.0,"enemies":"Red Slaver","floor":12.0,"turns":3.0},{"damage":10.0,"enemies":"downfall:FleeingMerchant","floor":14.0,"turns":4.0},{"damage":20.0,"enemies":"3 Louse","floor":15.0,"turns":2.0},{"damage":61.0,"enemies":"WA_ARCHETYPE_RETAIN","floor":16.0,"turns":7.0},{"damage":20.0,"enemies":"IC_STATUS_ARCHETYPE","floor":19.0,"turns":4.0},{"damage":40.0,"enemies":"downfall:FleeingMerchant","floor":20.0,"turns":4.0},{"damage":30.0,"enemies":"Shell Parasite","floor":22.0,"turns":3.0},{"damage":30.0,"enemies":"Chosen","floor":29.0,"turns":3.0},{"damage":50.0,"enemies":"Replay:Snechameleon","floor":31.0,"turns":5.0},{"damage":36.0,"enemies":"Snecko","floor":32.0,"turns":4.0},{"damage":143.0,"enemies":"DF_ARCHETYPE_CLAW","floor":33.0,"turns":9.0},{"damage":34.0,"enemies":"3 Shapes","floor":36.0,"turns":4.0},{"damage":49.0,"enemies":"3 Darklings","floor":37.0,"turns":6.0},{"damage":24.0,"enemies":"Jaw Worm Horde","floor":39.0,"turns":5.0},{"damage":15.0,"enemies":"downfall:FleeingMerchant","floor":40.0,"turns":3.0},{"damage":25.0,"enemies":"4 Shapes","floor":42.0,"turns":3.0},{"damage":5.0,"enemies":"Sphere and 2 Shapes","floor":46.0,"turns":2.0},{"damage":30.0,"enemies":"Jaw Worm Horde","floor":48.0,"turns":3.0},{"damage":55.0,"enemies":"Transient","floor":49.0,"turns":5.0},{"damage":122,"enemies":"IC_BLOCK_ARCHETYPE","floor":50,"turns":9}],"seed_played":"-6076222505158491931","potions_obtained":[{"floor":5.0,"key":"Explosive Potion"},{"floor":6.0,"key":"champ:OpenerPotion"},{"floor":9.0,"key":"AttackPotion"},{"floor":12.0,"key":"sneckomod:MuddlingPotion"},{"floor":16.0,"key":"Doom Potion"},{"floor":22.0,"key":"Block Potion"},{"floor":31.0,"key":"LifebloodPotion"},{"floor":33.0,"key":"SpeedPotion"},{"floor":36.0,"key":"Reflective Coating"},{"floor":37.0,"key":"DuplicationPotion"}],"is_trial":false,"path_per_floor":["R","M","?","?","M","E","T","$","M","E","R","M","R","$","M","B",null,"R","?","$","?","M","?","T","?","?","T","R","M","R","E","M","B",null,"R","M","M","?","M","$","T","M","R","$","R","M","R","M","M","B"],"character_chosen":"THE_CHAMP","items_purchased":["champ:BerserkersShout","champ:PreciseThrust","champ:FocusedDefense","Pen Nib","ClockworkSouvenir","Snack Pack"],"campfire_rested":0,"item_purchase_floors":[8,8,20,40,40,44],"current_hp_per_floor":[99,99,99,99,99,74,74,80,86,92,92,98,98,99,99,99,99,99,99,99,99,99,99,99,99,99,99,109,109,109,109,109,52,109,109,106,98,98,90,96,96,102,102,102,102,109,109,109,109,0,0,0],"gold":288,"neow_bonus":"TEN_PERCENT_HP_BONUS","is_daily":false,"chose_seed":false,"campfire_upgraded":4,"win_rate":0.0,"timestamp":1613935518,"path_taken":["R","M","?","?","M","E","T","$","M","E","R","M","R","?","M","BOSS","R","?","$","?","M","?","T","?","?","?","R","M","R","E","M","BOSS","R","M","M","?","M","$","T","M","R","$","R","M","R","M","M","BOSS"],"items_purchased_type":["Card","Card","Card","Relic","Relic","Relic"],"build_version":"2020-12-22","purchased_purges":0,"victory":false,"max_hp_per_floor":[99,99,99,99,99,99,99,99,99,99,99,99,99,99,99,99,99,99,99,99,99,99,99,99,99,99,99,109,109,109,109,109,109,109,109,109,109,109,109,109,109,109,109,109,109,109,109,109,109,109,109,109],"card_choices":[{"not_picked":["champ:PerfectedStrike","champ:RisingSlash"],"picked":"champ:FocusedBerserking","floor":2.0},{"not_picked":["champ:SetATrap","champ:FlashCut"],"picked":"champ:CrownThrow","floor":5.0},{"not_picked":["champ:Circumvent","ReplayTheSpireMod:Muscle Training"],"picked":"champ:PreciseThrust","floor":6.0},{"not_picked":["Twin Strike","champ:ShieldSlam"],"picked":"champ:Duel","floor":8.0},{"not_picked":["Twin Strike","champ:EndlessRage"],"picked":"champ:Duel","floor":9.0},{"not_picked":["Life Link","champ:Circumvent"],"picked":"champ:PreciseThrust","floor":10.0},{"not_picked":["champ:GladiatorStyle","champ:GutPunch"],"picked":"champ:StanceDance","floor":12.0},{"not_picked":["champ:PerfectedStrike","champ:GladiatorStyle"],"picked":"champ:AdrenalArmor","floor":14.0},{"not_picked":["champ:CrownThrow","champ:HoldFirm"],"picked":"champ:FlashCut","floor":15.0},{"not_picked":["Hemogenesis","champ:MurderStrike"],"picked":"Double Tap","floor":16.0},{"not_picked":["champ:PerfectedStrike+1","champ:PreemptiveStrike+1"],"picked":"champ:Shatter","floor":19.0},{"not_picked":["champ:IgnorePain","champ:RisingSlash"],"picked":"champ:EnGarde+1","floor":20.0},{"not_picked":["champ:IronFortress","champ:SetATrap+1"],"picked":"champ:CalledShot","floor":22.0},{"not_picked":["champ:CrownThrow","champ:RapidStrikes+1"],"picked":"champ:Lariat+1","floor":29.0},{"not_picked":["champ:Devastate","champ:FanOfKnives+1"],"picked":"champ:EnGarde","floor":31.0},{"not_picked":["champ:FocusedDefense","champ:EndlessRage"],"picked":"champ:PreciseThrust","floor":32.0},{"not_picked":["champ:MurderStrike","champ:SwordThrow"],"picked":"champ:VampiricStrike","floor":33.0},{"not_picked":["champ:BladeFlurry","champ:GladiatorStyle","champ:IronFortress"],"picked":"SKIP","floor":36.0},{"not_picked":["champ:Haymaker+1","champ:Circumvent+1"],"picked":"champ:ArenaPreparation+1","floor":37.0},{"not_picked":["champ:PreemptiveStrike","champ:FocusedBerserking"],"picked":"champ:StanceDance+1","floor":39.0},{"not_picked":["champ:Shatter+1","champ:EndlessRage+1"],"picked":"champ:CalledShot","floor":40.0},{"not_picked":["champ:TornadoPunch","champ:HeartStrike"],"picked":"champ:Encircle","floor":42.0},{"not_picked":["champ:Circumvent","champ:PerfectedStrike+1"],"picked":"champ:Duel","floor":46.0},{"not_picked":["champ:BerserkersShout+1","champ:PerfectedStrike+1"],"picked":"champ:FlashCut","floor":48.0},{"not_picked":["champ:FalseCounter+1","champ:ShieldWall"],"picked":"champ:FancyFootwork+1","floor":49.0}],"player_experience":116241,"relics_obtained":[{"floor":1.0,"key":"Whetstone"},{"floor":6.0,"key":"Juzu Bracelet"},{"floor":7.0,"key":"Blue Doll"},{"floor":10.0,"key":"Garlic"},{"floor":19.0,"key":"Pocketwatch"},{"floor":19.0,"key":"Mummified Hand"},{"floor":27.0,"key":"Simple Rune"},{"floor":31.0,"key":"PreservedInsect"},{"floor":38.0,"key":"Ring of Fury"},{"floor":38.0,"key":"ReplayTheSpireMod:Ring of Challenge"},{"floor":41.0,"key":"Orichalcum"}],"event_choices":[{"cards_removed":["champ:Strike"],"damage_healed":0.0,"max_hp_gain":0.0,"max_hp_loss":0.0,"gold_gain":0.0,"event_name":"Bonfire Elementals","player_choice":"Offered Basic","floor":21.0,"gold_loss":0.0,"damage_taken":0.0}],"is_beta":false,"boss_relics":[{"not_picked":["SacredBark","Replay:Ancient Bell"],"picked":"Coffee Dripper"},{"not_picked":["Velvet Choker","Calling Bell"],"picked":"Fusion Hammer"}],"items_purged_floors":[],"is_endless":false,"potions_floor_spawned":[5,6,9,12,16,22,31,33,36,37],"killed_by":"IC_BLOCK_ARCHETYPE","ascension_level":0}}