{"host":"jsd6g3c2vo13e69c","time":1613903217,"event":{"mods":["2.2 Compatiblity","Act Like it!","BaseMod","Better Altar","Better Match","Better Note","Better Sensory Stone","Better Third Choice","BetterRewards","Colored Map","Colored Powertips","Curses Come First","Downfall","Friendly Minions","GifTheSpireLib","Googly Eyes","Gremlin Mod","Hermit","Hubris","Infinite Spire","Melee Mod","Minty Spire (QoL Compilation)","Permanent Neow","Quick Restart","Random Character Button","Replay The Spire","Shop Mod","Spire Arcade","StSLib","SuperFastMode","The Cursed","The Disciple","The Forsaken","The Jungle","The Spell Scribe","thorton"],"gold_per_floor":[116,76,92,111,123,123,123,21,21,101,121,121,137,151,151,250,250,260,260,260,359,375,375,388,388,388,388,388,388],"floor_reached":28,"language":"ENG","playtime":1126,"items_purged":[],"score":235,"play_id":"88cca77f-7cb7-4f0e-9270-590821ea8440","local_time":"20210221052657","is_ascension_mode":false,"campfire_choices":[{"data":"meleeMod_TeamAttackOn","floor":6,"key":"SMITH"},{"data":"meleeMod_DownAir","floor":23,"key":"SMITH"},{"data":"meleeMod_HomieStock","floor":25,"key":"SMITH"},{"data":"meleeMod_PowerShield","floor":27,"key":"SMITH"}],"circlet_count":0,"master_deck":["meleeMod_Shield","meleeMod_Shield","meleeMod_Shield","meleeMod_Shield","meleeMod_NeutralAir+1","meleeMod_BackAir","meleeMod_EdgeCancel","meleeMod_SoftKnee","meleeMod_DownAir+1","meleeMod_Gentleman","meleeMod_TeamAttackOn+1","meleeMod_L_Cancel+1","meleeMod_WallJump","Delirium","meleeMod_EdgeGuard+1","meleeMod_PowerShield+1","meleeMod_SoftKnee","meleeMod_HomieStock+1","meleeMod_NeutralAir+1","meleeMod_Gentleman","meleeMod_NippleSpike","meleeMod_Shine","meleeMod_Shine","meleeMod_Shine","meleeMod_Shine","meleeMod_Shine"],"relics":["meleeMod_LosersMang0","Blue Candle","Replay:WaspNest","Replay:Blank Codex","meleeMod_B0XX"],"acts_visited":["Exordium","TheCity"],"potions_floor_usage":[16,24,24],"damage_taken":[{"damage":2,"enemies":"Jaw Worm","floor":1,"turns":3},{"damage":0,"enemies":"Cultist","floor":3,"turns":3},{"damage":0,"enemies":"2 Louse","floor":4,"turns":2},{"damage":0,"enemies":"Exordium Wildlife","floor":5,"turns":2},{"damage":11,"enemies":"2 Fungi Beasts","floor":11,"turns":3},{"damage":5,"enemies":"3 Louse","floor":13,"turns":2},{"damage":3,"enemies":"Exordium Wildlife","floor":14,"turns":3},{"damage":41,"enemies":"The Guardian","floor":16,"turns":8},{"damage":28,"enemies":"Shell Parasite","floor":18,"turns":6},{"damage":0,"enemies":"Chosen","floor":22,"turns":3},{"damage":38,"enemies":"Snake Plant","floor":24,"turns":3},{"damage":3,"enemies":"Centurion and Healer","floor":28,"turns":1}],"seed_played":"8073889071558103826","potions_obtained":[{"floor":2,"key":"LifebloodPotion"},{"floor":2,"key":"SpeedPotion"},{"floor":2,"key":"CultistPotion"},{"floor":4,"key":"Flashbang"},{"floor":11,"key":"DistilledChaos"}],"is_trial":false,"path_per_floor":["M","?","M","M","M","R","?","$","T","?","M","?","M","M","R_BF","B",null,"M","?","?","?","M","R","M","R","T","R","M"],"character_chosen":"FALCON","items_purchased":["meleeMod_L_Cancel+1","meleeMod_WallJump"],"campfire_rested":0,"item_purchase_floors":[8,8],"current_hp_per_floor":[59,59,59,59,59,59,54,54,54,54,43,43,38,35,60,19,85,57,57,41,41,41,41,3,3,3,3,0,0],"gold":388,"neow_bonus":"THREE_RARE_CARDS","is_daily":false,"chose_seed":false,"campfire_upgraded":4,"win_rate":0.0,"timestamp":1613903217,"path_taken":["M","?","?","M","M","R","?","?","T","?","?","?","M","M","R_BF","BOSS","M","?","?","?","M","R","M","R","T","R","M"],"items_purchased_type":["Card","Card"],"build_version":"2020-12-22","purchased_purges":0,"victory":false,"max_hp_per_floor":[85,85,85,85,85,85,85,85,85,85,85,85,85,85,85,85,85,85,85,85,85,85,85,85,85,85,85,85,85],"card_choices":[{"not_picked":["meleeMod_IKilledMufasa","meleeMod_PhantomHit"],"picked":"meleeMod_EdgeCancel","floor":0},{"not_picked":["meleeMod_DownSmash","meleeMod_CommandGrab"],"picked":"meleeMod_SoftKnee","floor":1},{"not_picked":["meleeMod_Fishing","meleeMod_FalconKick"],"picked":"meleeMod_DownAir","floor":3},{"not_picked":["meleeMod_UpSmash","meleeMod_RaptorBoost"],"picked":"meleeMod_Gentleman","floor":4},{"not_picked":["meleeMod_WaveDash","meleeMod_Grab"],"picked":"meleeMod_TeamAttackOn","floor":5},{"not_picked":["meleeMod_AirDodge","meleeMod_ForwardTilt"],"picked":"meleeMod_EdgeGuard","floor":11},{"not_picked":["meleeMod_NoDI","meleeMod_SoftKnee"],"picked":"meleeMod_PowerShield","floor":13},{"not_picked":["meleeMod_CommandGrab","meleeMod_FalconDive"],"picked":"meleeMod_SoftKnee","floor":14},{"not_picked":["meleeMod_VCancel","meleeMod_UCF"],"picked":"meleeMod_HomieStock","floor":16},{"not_picked":["meleeMod_ShieldPoke+1","meleeMod_WaveLand+1"],"picked":"meleeMod_NeutralAir+1","floor":18},{"not_picked":["meleeMod_UpTilt","meleeMod_RockCrock+1"],"picked":"meleeMod_Gentleman","floor":22},{"not_picked":["meleeMod_DownAir","meleeMod_UpSmash+1"],"picked":"meleeMod_NippleSpike","floor":24}],"player_experience":390920,"relics_obtained":[{"floor":9,"key":"Replay:WaspNest"},{"floor":20,"key":"Replay:Blank Codex"},{"floor":26,"key":"meleeMod_B0XX"}],"event_choices":[{"damage_healed":0,"gold_gain":0,"player_choice":"Bought 3 Potions","damage_taken":0,"max_hp_gain":0,"max_hp_loss":0,"event_name":"The Woman in Blue","floor":2,"gold_loss":0},{"damage_healed":0,"gold_gain":0,"player_choice":"Upgraded","damage_taken":0,"max_hp_gain":0,"max_hp_loss":0,"event_name":"Upgrade Shrine","floor":12,"gold_loss":0,"cards_upgraded":["meleeMod_EdgeGuard"]},{"damage_healed":0,"gold_gain":0,"player_choice":"Ignored","damage_taken":0,"max_hp_gain":0,"max_hp_loss":0,"event_name":"betterNote:BetterNote","floor":19,"gold_loss":0,"cards_obtained":["thethorton:CreditCard"]},{"damage_healed":0,"gold_gain":0,"player_choice":"Obtained Book","damage_taken":16,"max_hp_gain":0,"max_hp_loss":0,"event_name":"Cursed Tome","floor":20,"gold_loss":0},{"damage_healed":0,"gold_gain":99,"player_choice":"Steal","damage_taken":0,"max_hp_gain":0,"max_hp_loss":0,"event_name":"betterThird:BetterNest","floor":21,"gold_loss":0}],"is_beta":false,"boss_relics":[{"not_picked":["infinitespire:Cupcake","ChewingGum","Kintsugi"]}],"items_purged_floors":[],"is_endless":false,"potions_floor_spawned":[4,5,11,14],"killed_by":"Centurion and Healer","ascension_level":0}}