{"host":"gk9qdtkqd8dwfeg2","time":1613927808,"event":{"mods":["ATMod(∞¢Ë™Mod)","Act Like it!","Aspiration","BaseMod","Colored Powertips","Gensokyo","Minty Spire (QoL Compilation)","Quick Restart","Reimu£®≤©¿ˆ¡È√Œ£©","Remilia£®¿Ÿ√◊¿Ú—«£©","Shop Mod","StSLib","The Servant 0.9.4","Waifu the Spire","Youmu£®ªÍ∆«—˝√Œ£©"],"gold_per_floor":[118,118,78,78,78,78,111,11,84,84,98,98,130,55,55,55,55],"floor_reached":16,"language":"ZHS","playtime":387,"items_purged":["Strike_R"],"score":188,"play_id":"3c88690b-e3d0-418a-8b87-1593949bc913","local_time":"20210222011648","is_ascension_mode":true,"campfire_choices":[{"data":"AT_FamilyPortrait","floor":6.0,"key":"SMITH"},{"data":"Burning Pact","floor":10.0,"key":"SMITH"},{"data":"AT_ManFootWork","floor":12.0,"key":"SMITH"},{"floor":15,"key":"REST"}],"circlet_count":0,"master_deck":["AscendersBane","Strike_R","Strike_R","Strike_R","Strike_R","Defend_R","Defend_R","Defend_R","Defend_R","Bash","AT_FamilyPortrait+1","Sword Boomerang+1","Clumsy","Burning Pact+1","AT_ManFootWork+1","Shockwave+1"],"relics":["Burning Blood","AT_ATBox","NeowsBlessing","Gensokyo:NagashiBinaDoll","AT_ImmortalShieldbow","Strawberry","Bag of Preparation","AT_SilvercatRing","Letter Opener","Toy Ornithopter","Pocketwatch"],"acts_visited":["Exordium"],"potions_floor_usage":[13,13,16],"damage_taken":[{"damage":0.0,"enemies":"Gensokyo:Python","floor":1.0,"turns":1.0},{"damage":10.0,"enemies":"Gensokyo:Mamizou","floor":7.0,"turns":3.0},{"damage":0.0,"enemies":"Gensokyo:2_Kodama","floor":11.0,"turns":1.0},{"damage":59,"enemies":"Gensokyo:Aya","floor":13,"turns":8},{"damage":62,"enemies":"Gensokyo:Yukari","floor":16,"turns":9}],"seed_played":"2545125657364245528","potions_obtained":[{"floor":13,"key":"BloodPotion"}],"is_trial":false,"path_per_floor":["M","?","COS","?","?","R","E","?","T","R","M","R","E","$","R","B"],"character_chosen":"IRONCLAD","items_purchased":[],"campfire_rested":1,"item_purchase_floors":[],"current_hp_per_floor":[74,74,74,56,49,49,45,45,45,45,51,51,29,29,53,21,21],"gold":55,"neow_bonus":"THREE_ENEMY_KILL","is_daily":false,"chose_seed":false,"campfire_upgraded":3,"win_rate":0.0,"timestamp":1613927808,"path_taken":["M","?","COS","?","?","R","E","?","T","R","M","R","E","$","R","BOSS"],"items_purchased_type":[],"build_version":"2020-12-22","purchased_purges":1,"victory":false,"max_hp_per_floor":[75,75,75,75,82,82,82,82,82,82,82,82,82,82,82,82,82],"card_choices":[{"not_picked":["Perfected Strike","Wild Strike"],"picked":"Sword Boomerang","floor":1.0},{"not_picked":["Sword Boomerang","Clothesline"],"picked":"Burning Pact","floor":7.0},{"not_picked":["Twin Strike","Hemokinesis"],"picked":"AT_ManFootWork","floor":11.0},{"not_picked":["Shrug It Off","Havoc"],"picked":"Shockwave","floor":13}],"player_experience":805805,"relics_obtained":[{"floor":7.0,"key":"Bag of Preparation"},{"floor":9.0,"key":"Letter Opener"},{"floor":13,"key":"Pocketwatch"}],"event_choices":[],"is_beta":false,"boss_relics":[],"items_purged_floors":[14],"is_endless":false,"potions_floor_spawned":[13],"killed_by":"Gensokyo:Yukari","ascension_level":20}}