{"host":"l15sdf2mmi0nobpi","time":1613892135,"event":{"mods":["BaseMod","Highlight Path","Minty Spire (QoL Compilation)","MostiFishMod","Quick Restart","StSLib","¡¾¹¦ÄÜMod¡¿Neow½±Àø"],"gold_per_floor":[110,110,110,130,148,191,191,229,279,292,292,326,326,364,364,460,460,475,518,433,433,200,200,236,250,276,314,314,327,-1253,-1212,-1212,-1122,-1122,-1108,-1084,-1084,-1084],"floor_reached":37,"language":"ZHS","playtime":844,"items_purged":["Strike_G","Strike_G"],"score":1456,"play_id":"7627b78e-1a5b-4125-872b-c193eaae45c1","local_time":"20210221152215","is_ascension_mode":true,"campfire_choices":[{"data":"Accuracy","floor":7.0,"key":"SMITH"},{"data":"Blade Dance","floor":15.0,"key":"SMITH"},{"data":"MostiFishMod:ShivMaster","floor":23.0,"key":"SMITH"},{"data":"Strike_G","floor":28.0,"key":"PURGE"},{"data":"Blade Dance","floor":32.0,"key":"SMITH"}],"circlet_count":0,"master_deck":["AscendersBane","Defend_G","Defend_G","Defend_G","Defend_G","Defend_G","Survivor","Neutralize+1","Dash","Well Laid Plans","Accuracy+1","Acrobatics","Blade Dance+1","MostiFishMod:ShivMaster+1","Blade Dance+1","Infinite Blades","MostiFishMod:PerfectParry","MostiFishMod:FullyArmed","Tactician"],"relics":["DaveBox","PatriotShield","HereWithMe","SynthV:TestCard","Golden Idol","Ninja Scroll","Bag of Marbles","Blue Candle","Peace Pipe","SlaversCollar","Red Mask","Regal Pillow","Omamori","Art of War","Blood Vial","SynthV:C4","SynthV:MejaisSoulstealer","Letter Opener","OneHitWonderSystem"],"acts_visited":["Exordium","TheCity","TheBeyond"],"potions_floor_usage":[],"damage_taken":[{"damage":0.0,"enemies":"2 Louse","floor":1.0,"turns":2.0},{"damage":0.0,"enemies":"Cultist","floor":4.0,"turns":2.0},{"damage":0.0,"enemies":"Small Slimes","floor":5.0,"turns":2.0},{"damage":0.0,"enemies":"3 Sentries","floor":6.0,"turns":5.0},{"damage":0.0,"enemies":"Gremlin Nob","floor":8.0,"turns":1.0},{"damage":0.0,"enemies":"Exordium Wildlife","floor":10.0,"turns":1.0},{"damage":0.0,"enemies":"3 Sentries","floor":12.0,"turns":3.0},{"damage":0.0,"enemies":"Lagavulin","floor":14.0,"turns":1.0},{"damage":0.0,"enemies":"Hexaghost","floor":16.0,"turns":3.0},{"damage":0.0,"enemies":"Shell Parasite","floor":18.0,"turns":1.0},{"damage":0.0,"enemies":"Masked Bandits","floor":19.0,"turns":1.0},{"damage":0.0,"enemies":"Slavers","floor":24.0,"turns":3.0},{"damage":0.0,"enemies":"2 Thieves","floor":25.0,"turns":1.0},{"damage":0.0,"enemies":"Book of Stabbing","floor":27.0,"turns":2.0},{"damage":0.0,"enemies":"Snecko","floor":29.0,"turns":2.0},{"damage":0.0,"enemies":"Gremlin Leader","floor":31.0,"turns":2.0},{"damage":0.0,"enemies":"Collector","floor":33.0,"turns":2.0},{"damage":0.0,"enemies":"Orb Walker","floor":35.0,"turns":1.0},{"damage":0.0,"enemies":"3 Darklings","floor":36.0,"turns":1.0}],"seed_played":"-1685326004562452802","potions_obtained":[{"floor":1.0,"key":"Energy Potion"},{"floor":5.0,"key":"DuplicationPotion"},{"floor":16.0,"key":"PowerPotion"},{"floor":18.0,"key":"Regen Potion"}],"is_trial":false,"path_per_floor":["M","?","?","M","M","E","R","E","T","M","?","E","?","E","R","B",null,"M","?","?","?","$","R","E","M","T","E","R","M","$","E","R","B",null,"M","M","?"],"character_chosen":"THE_SILENT","items_purchased":["Omamori","DuplicationPotion","SynthV:MejaisSoulstealer"],"campfire_rested":0,"item_purchase_floors":[22,30,30],"current_hp_per_floor":[59,36,36,36,36,36,36,36,36,36,36,36,29,29,29,29,57,57,57,57,57,57,57,57,57,57,59,59,61,61,63,63,65,1,1,1,0,0],"gold":-1084,"neow_bonus":"BOSS_RELIC","is_daily":false,"chose_seed":false,"campfire_upgraded":4,"win_rate":0.0,"timestamp":1613892135,"path_taken":["M","?","?","M","M","E","R","E","T","?","?","E","?","E","R","BOSS","M","?","?","?","$","R","E","M","T","E","R","?","$","E","R","BOSS","M","M","?"],"items_purchased_type":["Relic","Potion","Relic"],"build_version":"2020-12-22","purchased_purges":2,"victory":false,"max_hp_per_floor":[66,66,66,66,66,66,66,66,66,66,66,66,66,66,66,66,66,66,66,66,66,66,66,66,66,66,66,66,66,66,66,66,66,1,1,1,1,1],"card_choices":[{"not_picked":["MostiFishMod:PreservedThorns","Tactician"],"picked":"Dash","floor":1.0},{"not_picked":["Skewer","Endless Agony","Distraction","Cloak And Dagger"],"picked":"Well Laid Plans","floor":4.0},{"not_picked":["Deadly Poison","Bane","MostiFishMod:PoisonShield","Footwork"],"picked":"Accuracy","floor":5.0},{"not_picked":["Underhanded Strike","Deflect","Crippling Poison","Choke","Expertise"],"picked":"SKIP","floor":6.0},{"not_picked":["Cloak And Dagger","MostiFishMod:PoisonShield","Backstab","Quick Slash"],"picked":"MostiFishMod:FullyArmed","floor":8.0},{"not_picked":["Deadly Poison","Quick Slash","Sucker Punch","Underhanded Strike","MostiFishMod:PoisonShield"],"picked":"SKIP","floor":10.0},{"not_picked":["Sucker Punch","Dagger Spray","Heel Hook","Poisoned Stab"],"picked":"Acrobatics","floor":12.0},{"not_picked":["Bane","Setup","PiercingWail","Escape Plan"],"picked":"Blade Dance","floor":14.0},{"not_picked":["MostiFishMod:HiddenBlade","Malaise","MostiFishMod:Wind","A Thousand Cuts"],"picked":"MostiFishMod:ShivMaster","floor":16.0},{"not_picked":["MostiFishMod:PoisonShield","Deadly Poison","Noxious Fumes","Dodge and Roll","MostiFishMod:PerfectParry"],"picked":"SKIP","floor":18.0},{"not_picked":["Expertise+1","MostiFishMod:PerfectParry","MostiFishMod:InvigoratingSolution","Wraith Form v2"],"picked":"Blade Dance","floor":24.0},{"not_picked":["Blade Dance","Noxious Fumes","Flying Knee","MostiFishMod:InvigoratingSolution","Slice"],"picked":"SKIP","floor":25.0},{"not_picked":["Prepared","Poisoned Stab","Deadly Poison","Dodge and Roll"],"picked":"Infinite Blades","floor":27.0},{"not_picked":["Endless Agony","Dagger Spray","Sucker Punch","Heel Hook+1","Cloak And Dagger"],"picked":"SKIP","floor":29.0},{"not_picked":["Venomology","Deadly Poison","Outmaneuver","Cloak And Dagger"],"picked":"MostiFishMod:PerfectParry","floor":31.0},{"not_picked":["Wraith Form v2","MostiFishMod:WinterMarkForm","Doppelganger","Storm of Steel"],"picked":"MostiFishMod:FullyArmed","floor":33.0},{"not_picked":["Distraction","Acrobatics","Eviscerate","Concentrate"],"picked":"Tactician","floor":35.0},{"not_picked":["Well Laid Plans+1","Flechettes","PiercingWail","Dodge and Roll","Crippling Poison+1"],"picked":"SKIP","floor":36.0}],"player_experience":565114,"relics_obtained":[{"floor":1.0,"key":"SynthV:TestCard"},{"floor":6.0,"key":"Ninja Scroll"},{"floor":8.0,"key":"Bag of Marbles"},{"floor":12.0,"key":"Blue Candle"},{"floor":14.0,"key":"Peace Pipe"},{"floor":19.0,"key":"Red Mask"},{"floor":24.0,"key":"Art of War"},{"floor":26.0,"key":"Blood Vial"},{"floor":27.0,"key":"SynthV:C4"},{"floor":31.0,"key":"Letter Opener"}],"event_choices":[{"damage_healed":0.0,"max_hp_gain":0.0,"max_hp_loss":0.0,"gold_gain":0.0,"event_name":"Golden Idol","player_choice":"Take Damage","floor":2.0,"gold_loss":0.0,"damage_taken":23.0,"relics_obtained":["Golden Idol"]},{"damage_healed":0.0,"max_hp_gain":0.0,"max_hp_loss":0.0,"gold_gain":0.0,"event_name":"Upgrade Shrine","player_choice":"Upgraded","floor":3.0,"gold_loss":0.0,"damage_taken":0.0,"cards_upgraded":["Neutralize"]},{"damage_healed":0.0,"max_hp_gain":0.0,"max_hp_loss":0.0,"gold_gain":0.0,"event_name":"Liars Game","player_choice":"Ignored","floor":11.0,"gold_loss":0.0,"damage_taken":0.0},{"cards_removed":["Strike_G"],"damage_healed":0.0,"max_hp_gain":0.0,"max_hp_loss":0.0,"gold_gain":0.0,"event_name":"Golden Wing","player_choice":"Card Removal","floor":13.0,"gold_loss":0.0,"damage_taken":7.0},{"damage_healed":0.0,"max_hp_gain":0.0,"max_hp_loss":0.0,"gold_gain":0.0,"event_name":"Masked Bandits","player_choice":"Fought Bandits","floor":19.0,"gold_loss":0.0,"damage_taken":0.0},{"damage_healed":0.0,"max_hp_gain":0.0,"max_hp_loss":0.0,"gold_gain":0.0,"event_name":"Addict","player_choice":"Obtained Relic","floor":20.0,"gold_loss":85.0,"damage_taken":0.0,"relics_obtained":["Regal Pillow"]},{"cards_removed":["Strike_G"],"damage_healed":0.0,"max_hp_gain":0.0,"max_hp_loss":0.0,"gold_gain":0.0,"event_name":"Back to Basics","player_choice":"Elegance","floor":21.0,"gold_loss":0.0,"damage_taken":0.0},{"damage_healed":0,"gold_gain":0,"player_choice":"Memory 3","damage_taken":10,"max_hp_gain":0,"max_hp_loss":0,"event_name":"SensoryStone","floor":37,"gold_loss":0}],"is_beta":false,"boss_relics":[{"not_picked":["Sozu","Runic Dome"],"picked":"SlaversCollar"},{"not_picked":["GuanYuAspect","Runic Pyramid"],"picked":"OneHitWonderSystem"}],"items_purged_floors":[22,30],"is_endless":false,"potions_floor_spawned":[1,5,6,16,18,24,27,31,36],"ascension_level":20}}