{"host":"5sw3zovcv0q4yiho","time":1613877553,"event":{"mods":["BaseMod","Minty Spire (QoL Compilation)","Replay The Spire","StSLib"],"gold_per_floor":[116,132,147,147,164,164,181,194,194,222,233,233,233,158,158,284,284,309,234,247,79,79,79,115,115,169,207,61,61,75,98,98,222,222,236,491,505,90,2,2,27,27,27,27,14,27,27,27,27,27,27,27,2,46,46,46],"floor_reached":55,"language":"ENG","playtime":8571,"items_purged":["Injury","ReplayTheSpireMod:Repulse","ReplayTheSpireMod:Splinters","Skim"],"score":532,"play_id":"dd4507c1-8028-49be-9b87-57ca3d3b2d83","local_time":"20210220211913","is_ascension_mode":false,"campfire_choices":[{"data":"Zap","floor":6,"key":"SMITH"},{"data":"Streamline","floor":12,"key":"SMITH"},{"floor":15,"key":"DIG"},{"data":"Defragment","floor":23,"key":"SMITH"},{"data":"Echo Form","floor":25,"key":"SMITH"},{"floor":29,"key":"REST"},{"data":"Seek","floor":32,"key":"SMITH"},{"floor":40,"key":"RECALL"},{"data":"Creative AI","floor":42,"key":"SMITH"},{"data":"Double Energy","floor":44,"key":"SMITH"},{"data":"Go for the Eyes","floor":49,"key":"SMITH"},{"data":"Conserve Battery","floor":52,"key":"SMITH"}],"circlet_count":0,"master_deck":["Zap+1","Conserve Battery+1","Self Repair","BootSequence","Go for the Eyes+1","Defragment+1","Streamline+1","Seek+1","ReplayTheSpireMod:Calculation Training+1","Cold Snap","Amplify+1","Echo Form+1","Double Energy+1","Go for the Eyes","Conserve Battery","Cold Snap","Panacea+1","Coolheaded","Creative AI+1","Self Repair","Fusion+1","Streamline+1","Conserve Battery+1"],"relics":["Cracked Core","Calipers","Blue Doll","Golden Idol","Bottled Tornado","Pandora\u0027s Box","Unceasing Top","Blood Vial","Replay:Towering Pillar of Hats","ClockworkSouvenir","SacredBark","Membership Card","War Paint","Solar Panel","Replay:Ringing Soul","Replay:Kaleidoscope"],"acts_visited":["Exordium","TheCity","TheBeyond","TheEnding"],"potions_floor_usage":[16,16,33,33,37,41,48,50,54,55],"damage_taken":[{"damage":1,"enemies":"Cultist","floor":1,"turns":4},{"damage":2,"enemies":"2 Louse","floor":2,"turns":3},{"damage":1,"enemies":"Jaw Worm","floor":3,"turns":5},{"damage":0,"enemies":"Looter","floor":5,"turns":4},{"damage":12,"enemies":"Blue Slaver","floor":7,"turns":3},{"damage":15,"enemies":"Exordium Thugs","floor":8,"turns":5},{"damage":24,"enemies":"Lagavulin","floor":10,"turns":7},{"damage":5,"enemies":"Looter","floor":11,"turns":3},{"damage":16,"enemies":"Hexaghost","floor":16,"turns":9},{"damage":3,"enemies":"Chosen","floor":18,"turns":5},{"damage":2,"enemies":"3 Byrds","floor":20,"turns":5},{"damage":4,"enemies":"Book of Stabbing","floor":24,"turns":8},{"damage":46,"enemies":"Slavers","floor":27,"turns":8},{"damage":8,"enemies":"Centurion and Healer","floor":30,"turns":11},{"damage":0,"enemies":"Chosen and Byrds","floor":31,"turns":7},{"damage":7,"enemies":"Collector","floor":33,"turns":13},{"damage":22,"enemies":"Orb Walker","floor":35,"turns":5},{"damage":9,"enemies":"3 Darklings","floor":37,"turns":8},{"damage":21,"enemies":"Sphere and 2 Shapes","floor":41,"turns":7},{"damage":16,"enemies":"Spire Growth","floor":46,"turns":7},{"damage":3,"enemies":"4 Shapes","floor":48,"turns":2},{"damage":14,"enemies":"Replay:Hell Engine","floor":50,"turns":14},{"damage":44,"enemies":"Shield and Spear","floor":54,"turns":7},{"damage":72,"enemies":"The Heart","floor":55,"turns":5}],"seed_played":"-2375327202296940327","potions_obtained":[{"floor":3,"key":"Elixir"},{"floor":8,"key":"PowerPotion"},{"floor":10,"key":"Strength Potion"},{"floor":11,"key":"DistilledChaos"},{"floor":18,"key":"BlessingOfTheForge"},{"floor":27,"key":"Ancient Potion"},{"floor":33,"key":"FearPotion"},{"floor":35,"key":"AttackPotion"},{"floor":37,"key":"EssenceOfDarkness"},{"floor":41,"key":"SmokeBomb"},{"floor":54,"key":"SpeedPotion"}],"is_trial":false,"path_per_floor":["M","M","M","T","M","R","M","M","T","E","M","R","?","$","R","B",null,"M","?","M","$","?","R","E","R","T","E","$","R","M","M","R","B",null,"M","?","M","$","$","R","M","R","T","R","$","M","?","M","R","B",null,"R","$","E","B"],"character_chosen":"DEFECT","items_purchased":["Cold Snap","Panacea+1","ClockworkSouvenir","Membership Card","War Paint","Solar Panel","Self Repair","Streamline+1","Adrenaline Potion"],"campfire_rested":1,"item_purchase_floors":[21,21,28,38,38,38,39,45,53],"current_hp_per_floor":[81,79,82,82,82,82,77,69,69,52,54,54,54,54,54,45,82,82,82,82,82,82,82,82,82,82,50,50,74,82,82,82,82,82,67,67,67,67,67,67,78,78,78,78,81,85,85,84,84,85,85,85,85,67,0,0],"gold":46,"neow_bonus":"TEN_PERCENT_HP_BONUS","is_daily":false,"chose_seed":false,"campfire_upgraded":9,"win_rate":0.0,"timestamp":1613877553,"path_taken":["M","M","M","?","M","R","M","M","T","E","M","R","?","?","R","BOSS","M","?","M","$","?","R","E","R","T","E","$","R","M","M","R","BOSS","M","?","M","?","$","R","M","R","T","R","$","M","?","M","R","BOSS","R","$","E","BOSS"],"items_purchased_type":["Card","Card","Relic","Relic","Relic","Relic","Card","Card","Potion"],"build_version":"2020-12-22","purchased_purges":4,"victory":false,"max_hp_per_floor":[82,82,82,82,82,82,82,82,82,82,82,82,82,82,82,82,82,82,82,82,82,82,82,82,82,82,82,82,82,82,82,82,82,82,82,82,82,82,82,82,82,82,82,82,85,85,85,85,85,85,85,85,85,88,88,88],"card_choices":[{"not_picked":["Storm","Rebound"],"picked":"Conserve Battery","floor":1},{"not_picked":["Cold Snap","Steam"],"picked":"Self Repair","floor":2},{"not_picked":["Rip and Tear","Redo"],"picked":"BootSequence","floor":3},{"not_picked":["Time Bomb","Force Field"],"picked":"Go for the Eyes","floor":5},{"not_picked":["Steam","Cold Snap"],"picked":"Defragment","floor":7},{"not_picked":["Steam","Ball Lightning"],"picked":"Streamline","floor":8},{"not_picked":["Multi-Cast","Scrape","Beam Cell"],"picked":"SKIP","floor":10},{"not_picked":["Gash","ReplayTheSpireMod:Repulse","Aggregate"],"picked":"SKIP","floor":11},{"not_picked":["Multi-Cast","Fission"],"picked":"Seek","floor":16},{"not_picked":["Streamline+1","Compile Driver"],"picked":"Go for the Eyes","floor":18},{"not_picked":["Hologram","Streamline"],"picked":"Conserve Battery","floor":20},{"not_picked":["Cold Snap","ReplaySolidLightProjector+1","Consume"],"picked":"SKIP","floor":24},{"not_picked":["Panic Button","Streamline"],"picked":"Coolheaded","floor":27},{"not_picked":["Streamline","Thunder Strike","Ball Lightning"],"picked":"SKIP","floor":30},{"not_picked":["Barrage+1","Compile Driver","Stack+1"],"picked":"SKIP","floor":31},{"not_picked":["All For One","ReplayTheSpireMod:Omega Cannon"],"picked":"Creative AI","floor":33},{"not_picked":["Streamline+1","Gash","Panic Button"],"picked":"SKIP","floor":35},{"not_picked":["Stack+1","Gash+1","Turbo+1"],"picked":"SKIP","floor":37},{"not_picked":["Conserve Battery","BasicCrystalCard+1"],"picked":"Fusion+1","floor":41},{"not_picked":["Leap+1","Scrape","ReplaySolidLightProjector+1"],"picked":"SKIP","floor":46},{"not_picked":["Fusion+1","Streamline"],"picked":"Conserve Battery+1","floor":54}],"player_experience":282888,"relics_obtained":[{"floor":9,"key":"Calipers"},{"floor":10,"key":"Blue Doll"},{"floor":15,"key":"Bottled Tornado"},{"floor":24,"key":"Unceasing Top"},{"floor":26,"key":"Blood Vial"},{"floor":27,"key":"Replay:Towering Pillar of Hats"},{"floor":43,"key":"Replay:Ringing Soul"},{"floor":54,"key":"Replay:Kaleidoscope"}],"event_choices":[{"damage_healed":0,"gold_gain":0,"player_choice":"Take Wound","damage_taken":0,"relics_obtained":["Golden Idol"],"max_hp_gain":0,"max_hp_loss":0,"event_name":"Golden Idol","floor":13,"gold_loss":0,"cards_obtained":["Injury"]},{"cards_removed":["Blizzard"],"damage_healed":0,"gold_gain":0,"player_choice":"Gave Gold","damage_taken":0,"max_hp_gain":0,"max_hp_loss":0,"event_name":"Beggar","floor":19,"gold_loss":75},{"cards_removed":["Dualcast"],"damage_healed":0,"gold_gain":0,"player_choice":"Elegance","damage_taken":0,"max_hp_gain":0,"max_hp_loss":0,"event_name":"Back to Basics","floor":22,"gold_loss":0},{"damage_healed":0,"gold_gain":0,"player_choice":"Ignored","damage_taken":0,"max_hp_gain":0,"max_hp_loss":0,"event_name":"SecretPortal","floor":47,"gold_loss":0}],"is_beta":false,"boss_relics":[{"not_picked":["Painkiller Herb","Runic Dome"],"picked":"Pandora\u0027s Box"},{"not_picked":["Sozu","Replay:Wanted Poster"],"picked":"SacredBark"}],"items_purged_floors":[14,21,38,39],"is_endless":false,"potions_floor_spawned":[3,8,10,11,18,27,33,35,37,41,54],"killed_by":"The Heart","ascension_level":0}}