{"host":"8pvw2tcf9wctlvur","time":1613932820,"event":{"mods":["BaseMod","Better Third Choice","Colored Powertips","Curses Come First","Minty Spire (QoL Compilation)","Rare Cards Sparkle","Relic Stats","StSLib","SuperFastMode"],"gold_per_floor":[119,137,137,70,83,83,83,115,115,115,173,2,2,2],"floor_reached":13,"language":"ENG","playtime":267,"items_purged":[],"score":97,"play_id":"1705c62b-ca2b-48af-8786-2e15ab24a4a5","local_time":"20210221114020","is_ascension_mode":true,"campfire_choices":[{"data":"Rupture","floor":6,"key":"SMITH"},{"floor":10,"key":"REST"}],"circlet_count":0,"master_deck":["Strike_R","Strike_R","Strike_R","Strike_R","Strike_R","Defend_R","Defend_R","Defend_R","Defend_R","Bash","Rupture+1","Sever Soul","Combust","Wild Strike","Burn","Twin Strike","Wild Strike","Immolate","Brutality"],"relics":["Velvet Choker","The Courier","Lantern","Bottled Flame"],"acts_visited":["Exordium"],"potions_floor_usage":[8],"damage_taken":[{"damage":8,"enemies":"Small Slimes","floor":1,"turns":3},{"damage":7,"enemies":"Jaw Worm","floor":2,"turns":3},{"damage":7,"enemies":"2 Louse","floor":5,"turns":2},{"damage":42,"enemies":"Lagavulin","floor":8,"turns":6},{"damage":8,"enemies":"Gremlin Nob","floor":11,"turns":3},{"damage":33,"enemies":"3 Sentries","floor":13,"turns":2}],"seed_played":"5136008406305128577","potions_obtained":[{"floor":2,"key":"Dexterity Potion"}],"is_trial":false,"path_per_floor":["M","M","?","$","M","R","?","E","T","R","?","$","E"],"character_chosen":"IRONCLAD","items_purchased":["Combust","Immolate","Brutality"],"campfire_rested":1,"item_purchase_floors":[4,12,12],"current_hp_per_floor":[72,65,65,65,58,58,58,16,16,40,32,32,0,0],"gold":2,"neow_bonus":"BOSS_RELIC","is_daily":false,"chose_seed":false,"campfire_upgraded":1,"win_rate":0.0,"timestamp":1613932820,"path_taken":["M","M","?","$","M","R","?","E","T","R","?","$","E"],"items_purchased_type":["Card","Card","Card"],"build_version":"2020-12-22","purchased_purges":0,"victory":false,"max_hp_per_floor":[80,80,80,80,80,80,80,80,80,80,80,80,80,80],"relic_stats":{"counters":[6,19],"obtain_stats":[{"Lantern":9,"Bottled Flame":11,"Velvet Choker":0,"The Courier":8,"Burning Blood":0},{"Lantern":4,"Bottled Flame":5,"Velvet Choker":0,"The Courier":4,"Burning Blood":0},{"Lantern":14,"Bottled Flame":17,"Velvet Choker":0,"The Courier":14,"Burning Blood":0}]},"card_choices":[{"not_picked":["Cleave","Burning Pact"],"picked":"Rupture","floor":1},{"not_picked":["Havoc","Sword Boomerang"],"picked":"Sever Soul","floor":2},{"not_picked":["True Grit","Clash"],"picked":"Wild Strike","floor":5},{"not_picked":["Wild Strike","Sword Boomerang"],"picked":"Twin Strike","floor":8},{"not_picked":["Body Slam","Havoc"],"picked":"Wild Strike","floor":11}],"player_experience":300505,"relics_obtained":[{"floor":8,"key":"The Courier"},{"floor":9,"key":"Lantern"},{"floor":11,"key":"Bottled Flame"}],"event_choices":[{"damage_healed":0,"gold_gain":0,"player_choice":"Leave","damage_taken":0,"max_hp_gain":0,"max_hp_loss":0,"event_name":"The Cleric","floor":3,"gold_loss":0},{"damage_healed":58,"gold_gain":0,"player_choice":"Embrace Burn","damage_taken":0,"max_hp_gain":0,"max_hp_loss":80,"event_name":"betterThird:BetterShining","floor":7,"gold_loss":0},{"damage_healed":0,"gold_gain":0,"player_choice":"Searched \u00271\u0027 times","damage_taken":0,"max_hp_gain":0,"max_hp_loss":0,"event_name":"Dead Adventurer","floor":11,"gold_loss":0}],"is_beta":false,"boss_relics":[],"items_purged_floors":[],"is_endless":false,"potions_floor_spawned":[2],"killed_by":"3 Sentries","ascension_level":4}}