{"host":"3c8ytfy490czj03c","time":1613899389,"event":{"mods":["BaseMod","Downfall","Minty Spire (QoL Compilation)","StSLib"],"gold_per_floor":[99,112,127,127,127,127,150,150,164,174,174,206,206,35,50,50,50,50],"floor_reached":16,"language":"ENG","playtime":12387,"items_purged":[],"score":100,"play_id":"90deed2a-d9fd-46c2-9220-1741eae1b879","local_time":"20210221012309","is_ascension_mode":false,"campfire_choices":[{"data":"bronze:Goto","floor":1,"key":"SMITH"},{"data":"bronze:ForLoop","floor":6,"key":"SMITH"},{"data":"bronze:Overload","floor":8,"key":"SMITH"},{"data":"bronze:Return","floor":11,"key":"SMITH"},{"data":"bronze:BitShift","floor":13,"key":"SMITH"}],"circlet_count":0,"master_deck":["bronze:Strike","bronze:Strike","bronze:Strike","bronze:Strike","bronze:Defend+1","bronze:Defend","bronze:Defend","bronze:Defend+1","bronze:Replicate+1","bronze:Goto+1","bronze:Overload+1","bronze:ForLoop+1","bronze:Return+1","bronze:BitShift+1","bronze:SpaghettiCode"],"relics":["bronze:BronzeCore","War Paint","Anchor","Bag of Preparation"],"acts_visited":["Exordium"],"potions_floor_usage":[12,16],"damage_taken":[{"damage":0,"enemies":"Cultist","floor":2,"turns":4},{"damage":2,"enemies":"Jaw Worm","floor":3,"turns":4},{"damage":0,"enemies":"2 Louse","floor":9,"turns":2},{"damage":8,"enemies":"Lots of Slimes","floor":10,"turns":5},{"damage":20,"enemies":"Gremlin Nob","floor":12,"turns":4},{"damage":2,"enemies":"downfall:FleeingMerchant","floor":14,"turns":4},{"damage":7,"enemies":"Exordium Thugs","floor":15,"turns":5},{"damage":57,"enemies":"IC_STATUS_ARCHETYPE","floor":16,"turns":10}],"seed_played":"5903628020473015318","potions_obtained":[{"floor":3,"key":"FearPotion"},{"floor":10,"key":"Ancient Potion"},{"floor":15,"key":"EssenceOfSteel"}],"is_trial":false,"path_per_floor":["R","M","M","?","?","R","T","R","M","M","R","E","R","$","M","B"],"character_chosen":"THE_AUTOMATON","items_purchased":["Bag of Preparation"],"campfire_rested":0,"item_purchase_floors":[14],"current_hp_per_floor":[77,77,75,80,80,80,80,80,80,72,72,52,52,50,43,0,0,0],"gold":50,"neow_bonus":"TEN_PERCENT_HP_BONUS","is_daily":false,"chose_seed":false,"campfire_upgraded":5,"win_rate":0.0,"timestamp":1613899389,"path_taken":["R","M","M","?","?","R","T","R","M","M","R","E","R","$","M","BOSS"],"items_purchased_type":["Relic"],"build_version":"2020-12-22","purchased_purges":0,"victory":false,"max_hp_per_floor":[77,77,77,82,82,82,82,82,82,82,82,82,82,82,82,82,82,82],"card_choices":[{"not_picked":["bronze:Branch","bronze:Safeguard"],"picked":"bronze:Overload","floor":2},{"not_picked":["bronze:DelayedGuard","bronze:BuggyMess"],"picked":"bronze:ForLoop","floor":3},{"not_picked":["bronze:BugBarrage","bronze:Frontload","bronze:DelayedGuard"],"picked":"SKIP","floor":9},{"not_picked":["bronze:OilSpill","bronze:Break"],"picked":"bronze:Return","floor":10},{"not_picked":["bronze:Branch","bronze:FollowUp"],"picked":"bronze:BitShift","floor":12},{"not_picked":["bronze:Turbo","bronze:RecursiveStrike"],"picked":"bronze:SpaghettiCode","floor":14},{"not_picked":["bronze:BuggyMess","bronze:OilSpill","bronze:WildBeam"],"picked":"SKIP","floor":15}],"player_experience":202864,"relics_obtained":[{"floor":7,"key":"War Paint"},{"floor":12,"key":"Anchor"}],"event_choices":[{"damage_healed":0,"gold_gain":0,"player_choice":"Donut","damage_taken":0,"max_hp_gain":5,"max_hp_loss":0,"event_name":"Big Fish","floor":4,"gold_loss":0}],"is_beta":false,"boss_relics":[],"items_purged_floors":[],"is_endless":false,"potions_floor_spawned":[3,10,15],"killed_by":"IC_STATUS_ARCHETYPE","ascension_level":0}}