{"host":"6ggzka4dag2kvku2","time":1613928578,"event":{"mods":["AchievementEnabler","BaseMod","DeckTracker","Minty Spire (QoL Compilation)","Permanent Neow","Quick Restart","SuperFastMode"],"gold_per_floor":[19,19,29,49,67,102,116,147,173,173,206,206,206,206,206,306,306,326,339,339,350,27,55,55,87,110,155,184,211,257,280,292,407,419,444,356,371,371,390,390,80,124,133,133,172,181,202,212,221,221],"floor_reached":51,"language":"KOR","playtime":2633,"items_purged":["Strike_B","Shame","Strike_B+1"],"score":1048,"play_id":"b49dbaea-325f-4e0e-8407-0704ba6f9add","local_time":"20210222022938","is_ascension_mode":true,"campfire_choices":[{"floor":10,"key":"REST"},{"data":"Defragment","floor":12,"key":"SMITH"},{"data":"Aggregate","floor":15,"key":"SMITH"},{"data":"Creative AI","floor":24,"key":"SMITH"},{"floor":32,"key":"REST"},{"floor":40,"key":"RECALL"},{"data":"Aggregate","floor":44,"key":"SMITH"},{"floor":49,"key":"REST"}],"circlet_count":0,"master_deck":["Strike_B","Defend_B","Defend_B","Defend_B","Defend_B","Zap","Dualcast","Apotheosis+1","Go for the Eyes+1","Chaos","Conserve Battery","Coolheaded","Consume","Defragment+1","Aggregate+1","Recycle","Creative AI+1","Glacier","Skim+1","Deep Breath","Amplify","White Noise","Redo+1","Loop+1","Skim+1","Aggregate+1","Defragment","Tempest+1","Clumsy","Coolheaded+1","Panacea+1","Seek+1","Fusion+1"],"relics":["Cracked Core","Mercury Hourglass","DataDisk","PreservedInsect","Oddly Smooth Stone","Cursed Key","Centennial Puzzle","Bag of Preparation","Whetstone","MawBank","MealTicket","Blood Vial","Black Star","Toxic Egg 2","ClockworkSouvenir","CeramicFish","Smiling Mask","Symbiotic Virus","Dream Catcher"],"acts_visited":["Exordium","TheCity","TheBeyond"],"potions_floor_usage":[6,6,11,21,28,30,45],"damage_taken":[{"damage":4,"enemies":"Small Slimes","floor":1,"turns":3},{"damage":0,"enemies":"2 Louse","floor":3,"turns":2},{"damage":0,"enemies":"Cultist","floor":4,"turns":3},{"damage":6,"enemies":"3 Louse","floor":5,"turns":3},{"damage":30,"enemies":"Gremlin Nob","floor":6,"turns":4},{"damage":8,"enemies":"Exordium Thugs","floor":7,"turns":4},{"damage":3,"enemies":"Lagavulin","floor":8,"turns":4},{"damage":0,"enemies":"Gremlin Nob","floor":11,"turns":3},{"damage":0,"enemies":"Slime Boss","floor":16,"turns":5},{"damage":10,"enemies":"Chosen","floor":18,"turns":6},{"damage":6,"enemies":"Shell Parasite","floor":19,"turns":6},{"damage":0,"enemies":"3 Cultists","floor":21,"turns":4},{"damage":2,"enemies":"Gremlin Leader","floor":23,"turns":6},{"damage":3,"enemies":"Book of Stabbing","floor":25,"turns":5},{"damage":0,"enemies":"Slavers","floor":27,"turns":6},{"damage":17,"enemies":"Shelled Parasite and Fungi","floor":28,"turns":5},{"damage":8,"enemies":"Centurion and Healer","floor":29,"turns":6},{"damage":0,"enemies":"Gremlin Leader","floor":30,"turns":4},{"damage":6,"enemies":"Chosen and Byrds","floor":31,"turns":4},{"damage":16,"enemies":"Collector","floor":33,"turns":7},{"damage":13,"enemies":"3 Shapes","floor":35,"turns":3},{"damage":0,"enemies":"Orb Walker","floor":37,"turns":3},{"damage":0,"enemies":"Maw","floor":39,"turns":6},{"damage":0,"enemies":"Giant Head","floor":42,"turns":7},{"damage":22,"enemies":"Reptomancer","floor":45,"turns":7},{"damage":13,"enemies":"Sphere and 2 Shapes","floor":47,"turns":4},{"damage":18,"enemies":"Transient","floor":48,"turns":5},{"damage":7,"enemies":"Time Eater","floor":50,"turns":15}],"seed_played":"-3471155207289159496","potions_obtained":[{"floor":3,"key":"ColorlessPotion"},{"floor":4,"key":"PowerPotion"},{"floor":5,"key":"Fire Potion"},{"floor":6,"key":"Energy Potion"},{"floor":16,"key":"LiquidBronze"},{"floor":18,"key":"DuplicationPotion"},{"floor":19,"key":"Explosive Potion"},{"floor":21,"key":"SpeedPotion"},{"floor":28,"key":"Explosive Potion"},{"floor":37,"key":"SneckoOil"},{"floor":42,"key":"LiquidBronze"},{"floor":47,"key":"DuplicationPotion"}],"is_trial":false,"path_per_floor":["M","?","M","M","M","E","M","E","T","R","E","R","?","?","R","B",null,"M","M","?","M","$","E","R","E","T","E","M","M","E","M","R","B",null,"M","$","M","?","M","R","$","E","T","R","E","?","M","M","R","B",null],"character_chosen":"DEFECT","items_purchased":["Centennial Puzzle","Deep Breath","Defragment","ClockworkSouvenir"],"campfire_rested":3,"item_purchase_floors":[22,22,41,41],"current_hp_per_floor":[71,71,71,71,65,35,27,24,24,46,46,46,39,64,64,64,75,65,59,59,59,59,57,57,54,54,54,37,29,29,25,47,33,75,62,75,75,75,75,75,75,75,75,75,53,53,42,26,48,43],"gold":221,"neow_bonus":"RANDOM_COLORLESS_2","is_daily":false,"chose_seed":false,"campfire_upgraded":4,"win_rate":0.0,"timestamp":1613928578,"path_taken":["M","?","M","M","M","E","M","E","T","R","E","R","?","?","R","BOSS","M","M","?","M","$","E","R","E","T","E","?","M","E","M","R","BOSS","M","$","M","?","?","R","$","E","T","R","E","?","M","M","R","BOSS"],"items_purchased_type":["Relic","Card","Card","Relic"],"build_version":"2020-12-22","purchased_purges":3,"victory":true,"max_hp_per_floor":[75,75,75,75,75,75,75,75,75,75,75,75,75,75,75,75,75,75,75,75,75,75,75,75,75,75,75,75,75,75,75,75,75,75,75,75,75,75,75,75,75,75,75,75,75,75,75,75,75,75],"card_choices":[{"not_picked":["Master of Strategy","Violence"],"picked":"Apotheosis","floor":0},{"not_picked":["Stack","Barrage"],"picked":"Go for the Eyes","floor":1},{"not_picked":["Stack","FTL"],"picked":"Chaos","floor":3},{"not_picked":["Storm","Reprogram"],"picked":"Conserve Battery","floor":4},{"not_picked":["All For One","Doom and Gloom"],"picked":"Coolheaded","floor":5},{"not_picked":["Electrodynamics","Doom and Gloom"],"picked":"Consume","floor":6},{"not_picked":["Sweeping Beam","Streamline"],"picked":"Defragment","floor":7},{"not_picked":["Glacier","Melter"],"picked":"Aggregate","floor":8},{"not_picked":["Beam Cell","Redo"],"picked":"Recycle","floor":11},{"not_picked":["Reboot","Biased Cognition"],"picked":"Creative AI","floor":16},{"not_picked":["Blizzard+1","Rebound+1","Chaos+1"],"picked":"SKIP","floor":18},{"not_picked":["Conserve Battery+1","Redo"],"picked":"Glacier","floor":19},{"not_picked":["Gash+1","Force Field"],"picked":"Skim+1","floor":21},{"not_picked":["Streamline+1","Steam"],"picked":"Amplify","floor":23},{"not_picked":["BootSequence+1","Rebound"],"picked":"White Noise","floor":25},{"not_picked":["Compile Driver","Turbo"],"picked":"Redo+1","floor":27},{"not_picked":["Gash+1","Recycle","Consume+1"],"picked":"SKIP","floor":28},{"not_picked":["Redo+1","Steam"],"picked":"Loop+1","floor":29},{"not_picked":["Ball Lightning","Sweeping Beam","Rainbow"],"picked":"SKIP","floor":30},{"not_picked":["Stack","Chaos","Turbo"],"picked":"SKIP","floor":31},{"not_picked":["Coolheaded+1","Conserve Battery"],"picked":"Skim+1","floor":35},{"not_picked":["Leap+1","Streamline"],"picked":"Aggregate","floor":37},{"not_picked":["Loop+1","Ball Lightning+1","Genetic Algorithm+1"],"picked":"SKIP","floor":39},{"not_picked":["Redo+1","Gash"],"picked":"Tempest+1","floor":42},{"not_picked":["Conserve Battery+1","Recycle+1"],"picked":"Coolheaded+1","floor":45},{"not_picked":["Dramatic Entrance","Dark Shackles+1"],"picked":"Panacea+1","floor":46},{"not_picked":["Streamline","Redo+1"],"picked":"Seek+1","floor":47},{"not_picked":["Storm+1","Rebound","Consume+1"],"picked":"SKIP","floor":48},{"not_picked":["Loop+1","Stack+1"],"picked":"Fusion+1","floor":49}],"player_experience":128620,"relics_obtained":[{"floor":6,"key":"Mercury Hourglass"},{"floor":8,"key":"DataDisk"},{"floor":9,"key":"PreservedInsect"},{"floor":11,"key":"Oddly Smooth Stone"},{"floor":23,"key":"Bag of Preparation"},{"floor":25,"key":"Whetstone"},{"floor":26,"key":"MawBank"},{"floor":27,"key":"MealTicket"},{"floor":30,"key":"Blood Vial"},{"floor":42,"key":"CeramicFish"},{"floor":42,"key":"Smiling Mask"},{"floor":45,"key":"Symbiotic Virus"},{"floor":45,"key":"Dream Catcher"}],"event_choices":[{"damage_healed":0,"gold_gain":0,"player_choice":"Grow","damage_taken":0,"max_hp_gain":0,"max_hp_loss":0,"event_name":"Living Wall","floor":2,"gold_loss":0,"cards_upgraded":["Apotheosis"]},{"cards_removed":["Strike_B"],"damage_healed":0,"gold_gain":0,"player_choice":"Card Removal","damage_taken":7,"max_hp_gain":0,"max_hp_loss":0,"event_name":"Golden Wing","floor":13,"gold_loss":0},{"damage_healed":25,"gold_gain":0,"player_choice":"Banana","damage_taken":0,"max_hp_gain":0,"max_hp_loss":0,"event_name":"Big Fish","floor":14,"gold_loss":0},{"damage_healed":0,"gold_gain":0,"player_choice":"Ignored","damage_taken":0,"max_hp_gain":0,"max_hp_loss":0,"event_name":"N\u0027loth","floor":20,"gold_loss":0},{"damage_healed":0,"gold_gain":0,"player_choice":"Gave Potion","damage_taken":0,"relics_obtained":["Toxic Egg 2"],"max_hp_gain":0,"max_hp_loss":0,"event_name":"WeMeetAgain","floor":38,"gold_loss":0},{"damage_healed":0,"gold_gain":0,"player_choice":"Memory 1","damage_taken":0,"max_hp_gain":0,"max_hp_loss":0,"event_name":"SensoryStone","floor":46,"gold_loss":0}],"is_beta":false,"boss_relics":[{"not_picked":["Busted Crown","Sozu"],"picked":"Cursed Key"},{"not_picked":["Philosopher\u0027s Stone","SlaversCollar"],"picked":"Black Star"}],"items_purged_floors":[22,36,41],"is_endless":false,"potions_floor_spawned":[3,4,5,6,16,18,19,21,27,28,37,42,47],"ascension_level":2}}