{"host":"5n1fl7z5i1vf7jan","time":1613901272,"event":{"mods":["BaseMod","Minty Spire (QoL Compilation)","Quick Restart","Relic Stats"],"gold_per_floor":[12,62,75,86,25,25,355,374,374,374,393,409,409,444,444,515,515,535,535,553,90,290,290,324,324,350,385,402,421,421,421,421,498,498,511,523,523,535,550,576,587,587,587,88,101,101,113,132,132,132,132,132,132,77,102,102,102],"floor_reached":56,"language":"ENG","playtime":3817,"items_purged":["Pain","Writhe"],"score":2112,"play_id":"240206ed-45cf-4d86-90a8-091fb88e1d6c","local_time":"20210221015432","is_ascension_mode":true,"campfire_choices":[{"data":"Sunder","floor":6.0,"key":"SMITH"},{"data":"Beam Cell","floor":10.0,"key":"SMITH"},{"data":"Seek","floor":15.0,"key":"SMITH"},{"data":"Chill","floor":23.0,"key":"SMITH"},{"floor":25.0,"key":"REST"},{"floor":32.0,"key":"REST"},{"floor":42.0,"key":"REST"},{"floor":46.0,"key":"REST"},{"floor":49.0,"key":"RECALL"},{"floor":53.0,"key":"REST"}],"circlet_count":0,"master_deck":["AscendersBane","Zap","Sunder+1","Beam Cell+1","Rip and Tear","Cold Snap","White Noise","Conserve Battery","Sweeping Beam","Seek+1","Hologram","Chill+1","Meteor Strike","Core Surge","Force Field","Darkness","Hello World","Hologram","BootSequence","Chaos","Rainbow","Streamline+1","Auto Shields+1","Electrodynamics","Double Energy","Double Energy","Capacitor","Stack+1","Reinforced Body+1","Double Energy","Aggregate","Fission","Compile Driver"],"relics":["Cracked Core","Dead Branch","Prayer Wheel","Old Coin","Ice Cream","Centennial Puzzle","Pandora\u0027s Box","WarpedTongs","DataDisk","Boot","PreservedInsect","Cables","Happy Flower","Fusion Hammer","Nunchaku","Emotion Chip","Pen Nib"],"acts_visited":["Exordium","TheCity","TheBeyond","TheEnding"],"potions_floor_usage":[56,56],"damage_taken":[{"damage":4.0,"enemies":"Small Slimes","floor":1.0,"turns":3.0},{"damage":0.0,"enemies":"Cultist","floor":3.0,"turns":3.0},{"damage":2.0,"enemies":"Jaw Worm","floor":4.0,"turns":3.0},{"damage":20.0,"enemies":"3 Sentries","floor":7.0,"turns":5.0},{"damage":0.0,"enemies":"Lots of Slimes","floor":8.0,"turns":3.0},{"damage":5.0,"enemies":"Large Slime","floor":11.0,"turns":3.0},{"damage":0.0,"enemies":"2 Fungi Beasts","floor":12.0,"turns":3.0},{"damage":0.0,"enemies":"Gremlin Nob","floor":14.0,"turns":2.0},{"damage":0.0,"enemies":"Slime Boss","floor":16.0,"turns":5.0},{"damage":1.0,"enemies":"Chosen","floor":18.0,"turns":6.0},{"damage":15.0,"enemies":"3 Byrds","floor":20.0,"turns":4.0},{"damage":22.0,"enemies":"Gremlin Leader","floor":24.0,"turns":5.0},{"damage":0.0,"enemies":"Slavers","floor":27.0,"turns":4.0},{"damage":1.0,"enemies":"Shelled Parasite and Fungi","floor":28.0,"turns":4.0},{"damage":7.0,"enemies":"3 Cultists","floor":29.0,"turns":4.0},{"damage":11.0,"enemies":"Champ","floor":33.0,"turns":10.0},{"damage":0.0,"enemies":"3 Darklings","floor":35.0,"turns":3.0},{"damage":0.0,"enemies":"Orb Walker","floor":36.0,"turns":3.0},{"damage":0.0,"enemies":"Maw","floor":38.0,"turns":6.0},{"damage":14.0,"enemies":"Writhing Mass","floor":39.0,"turns":4.0},{"damage":16.0,"enemies":"Reptomancer","floor":40.0,"turns":3.0},{"damage":0.0,"enemies":"Transient","floor":41.0,"turns":6.0},{"damage":16.0,"enemies":"Jaw Worm Horde","floor":45.0,"turns":3.0},{"damage":0.0,"enemies":"3 Darklings","floor":47.0,"turns":4.0},{"damage":0.0,"enemies":"Spire Growth","floor":48.0,"turns":3.0},{"damage":10.0,"enemies":"Awakened One","floor":50.0,"turns":8.0},{"damage":1.0,"enemies":"Donu and Deca","floor":51.0,"turns":7.0},{"damage":8.0,"enemies":"Shield and Spear","floor":55.0,"turns":5.0},{"damage":64,"enemies":"The Heart","floor":56,"turns":8}],"seed_played":"-5930348920103434554","potions_obtained":[{"floor":1.0,"key":"Energy Potion"},{"floor":3.0,"key":"Ancient Potion"},{"floor":11.0,"key":"Block Potion"},{"floor":12.0,"key":"Fire Potion"},{"floor":16.0,"key":"SkillPotion"},{"floor":24.0,"key":"ColorlessPotion"},{"floor":28.0,"key":"Weak Potion"},{"floor":29.0,"key":"SpeedPotion"},{"floor":37.0,"key":"PowerPotion"},{"floor":39.0,"key":"Strength Potion"},{"floor":40.0,"key":"FearPotion"},{"floor":47.0,"key":"DuplicationPotion"},{"floor":55.0,"key":"FocusPotion"}],"is_trial":false,"path_per_floor":["M","?","M","M","?","R","E","M","T","R","M","M","?","E","R","B",null,"M","?","M","$","?","R","E","R","T","E","M","M","?","?","R","B",null,"M","M","?","M","M","E","M","R","T","$","M","R","M","M","R","B","B",null,"R","$","E","B"],"character_chosen":"DEFECT","items_purchased":["DataDisk","PotionOfCapacity","Electrodynamics","Emotion Chip","Swift Potion","Swift Potion"],"campfire_rested":5,"item_purchase_floors":[21,21,21,44,44,54],"current_hp_per_floor":[60,60,60,58,58,58,38,38,38,38,33,33,33,33,33,33,62,61,61,46,46,46,46,24,45,45,45,44,37,37,37,58,47,65,65,65,65,65,51,35,35,56,56,56,40,61,61,61,61,51,50,66,71,71,63,0,0],"gold":102,"neow_bonus":"ONE_RARE_RELIC","is_daily":false,"chose_seed":false,"campfire_upgraded":4,"win_rate":0.0,"timestamp":1613901272,"path_taken":["M","?","M","?","?","R","E","M","T","R","?","?","?","E","R","BOSS","M","?","?","$","?","R","E","R","T","E","M","?","?","?","R","BOSS","M","M","?","M","?","E","M","R","T","$","M","R","M","?","R","BOSS","BOSS","R","$","E","BOSS"],"items_purchased_type":["Relic","Potion","Card","Relic","Potion","Potion"],"build_version":"2020-12-22","purchased_purges":2,"victory":false,"max_hp_per_floor":[71,71,71,71,71,71,71,71,71,71,71,71,71,71,71,71,71,71,71,71,71,71,71,71,71,71,71,71,71,71,71,71,71,71,71,71,71,71,71,71,71,71,71,71,71,71,71,71,71,71,71,71,71,71,71,71,71],"relic_stats":{"Happy Flower":[24],"counters":[29,130],"Dead Branch":[226],"PreservedInsect":179,"Pen Nib":[2],"Boot":[59],"WarpedTongs":[94],"Cables":[76,34,31,4,7],"Centennial Puzzle":[39],"Nunchaku":[11],"Emotion Chip":[40,15,14,9,2],"Prayer Wheel":15,"Pandora\u0027s Box":["Core Surge","Force Field","Darkness","Hello World","Hologram","BootSequence","Chaos","Rainbow"],"obtain_stats":[{"Ice Cream":9,"Happy Flower":31,"Dead Branch":0,"PreservedInsect":26,"Pen Nib":55,"Boot":24,"Old Coin":7,"WarpedTongs":19,"Cables":27,"Centennial Puzzle":14,"DataDisk":21,"Nunchaku":40,"Emotion Chip":44,"Prayer Wheel":5,"Pandora\u0027s Box":17,"Fusion Hammer":34,"Cracked Core":0},{"Ice Cream":5,"Happy Flower":15,"Dead Branch":0,"PreservedInsect":12,"Pen Nib":28,"Boot":12,"Old Coin":4,"WarpedTongs":10,"Cables":13,"Centennial Puzzle":8,"DataDisk":11,"Nunchaku":21,"Emotion Chip":22,"Prayer Wheel":3,"Pandora\u0027s Box":9,"Fusion Hammer":16,"Cracked Core":0},{"Ice Cream":17,"Happy Flower":57,"Dead Branch":0,"PreservedInsect":45,"Pen Nib":122,"Boot":45,"Old Coin":14,"WarpedTongs":36,"Cables":49,"Centennial Puzzle":25,"DataDisk":40,"Nunchaku":86,"Emotion Chip":92,"Prayer Wheel":9,"Pandora\u0027s Box":30,"Fusion Hammer":67,"Cracked Core":0}]},"card_choices":[{"not_picked":["Recycle","Streamline"],"picked":"Sunder","floor":1.0},{"not_picked":["Skim","Coolheaded"],"picked":"Beam Cell","floor":3.0},{"not_picked":["Beam Cell","Hologram"],"picked":"Rip and Tear","floor":4.0},{"not_picked":["Sunder","Turbo","Streamline"],"picked":"SKIP","floor":7.0},{"not_picked":["Coolheaded","Darkness"],"picked":"Cold Snap","floor":8.0},{"not_picked":["Leap","Compile Driver"],"picked":"White Noise","floor":8.0},{"not_picked":["Leap","Gash"],"picked":"Conserve Battery","floor":11.0},{"not_picked":["Auto Shields","White Noise"],"picked":"Sweeping Beam","floor":11.0},{"not_picked":["Hologram","Redo"],"picked":"Seek","floor":12.0},{"not_picked":["Force Field","Consume"],"picked":"Hologram","floor":12.0},{"not_picked":["Ball Lightning","Loop"],"picked":"Chill","floor":14.0},{"not_picked":["Creative AI","Rainbow"],"picked":"Meteor Strike","floor":16.0},{"not_picked":["Hologram","Undo"],"picked":"Streamline+1","floor":18.0},{"not_picked":["Compile Driver","Redo+1","Beam Cell"],"picked":"SKIP","floor":18.0},{"not_picked":["Fusion","Sweeping Beam"],"picked":"Auto Shields+1","floor":20.0},{"not_picked":["Tempest","Doom and Gloom","Chaos"],"picked":"SKIP","floor":20.0},{"not_picked":["Lockon+1","Streamline","Doom and Gloom"],"picked":"SKIP","floor":24.0},{"not_picked":["White Noise","Reboot"],"picked":"Double Energy","floor":27.0},{"not_picked":["White Noise","Redo"],"picked":"Double Energy","floor":28.0},{"not_picked":["Ball Lightning","Gash","Turbo"],"picked":"SKIP","floor":28.0},{"not_picked":["Chill","Rebound","Steam Power"],"picked":"SKIP","floor":29.0},{"not_picked":["Gash","Turbo","Undo"],"picked":"SKIP","floor":29.0},{"not_picked":["Coolheaded","Beam Cell"],"picked":"Stack+1","floor":35.0},{"not_picked":["Leap+1","Sweeping Beam","Conserve Battery"],"picked":"SKIP","floor":35.0},{"not_picked":["Leap","Rebound"],"picked":"Reinforced Body+1","floor":36.0},{"not_picked":["Beam Cell","FTL","Sunder"],"picked":"SKIP","floor":36.0},{"not_picked":["Redo+1","Compile Driver"],"picked":"Double Energy","floor":38.0},{"not_picked":["Stack","Coolheaded","Darkness"],"picked":"SKIP","floor":38.0},{"not_picked":["Consume","Sweeping Beam","Ball Lightning"],"picked":"SKIP","floor":39.0},{"not_picked":["Redo+1","Skim","Lockon+1"],"picked":"SKIP","floor":39.0},{"not_picked":["Rebound","Ball Lightning+1","Echo Form"],"picked":"SKIP","floor":40.0},{"not_picked":["Go for the Eyes","Gash"],"picked":"Aggregate","floor":41.0},{"not_picked":["Conserve Battery","Storm","Cold Snap"],"picked":"SKIP","floor":41.0},{"not_picked":["Steam","Barrage","Coolheaded"],"picked":"SKIP","floor":45.0},{"not_picked":["Reinforced Body","Blizzard+1","Redo"],"picked":"SKIP","floor":45.0},{"not_picked":["Stack+1","Cold Snap","Gash+1"],"picked":"SKIP","floor":47.0},{"not_picked":["Beam Cell","Coolheaded","Recycle"],"picked":"SKIP","floor":47.0},{"not_picked":["Aggregate","Steam"],"picked":"Fission","floor":48.0},{"not_picked":["Heatsinks","Cold Snap","Hologram"],"picked":"SKIP","floor":48.0},{"not_picked":["Sweeping Beam","Stack","Compile Driver"],"picked":"SKIP","floor":55.0},{"not_picked":["Sweeping Beam","Stack"],"picked":"Compile Driver","floor":55.0}],"player_experience":368060,"relics_obtained":[{"floor":7.0,"key":"Old Coin"},{"floor":9.0,"key":"Ice Cream"},{"floor":14.0,"key":"Centennial Puzzle"},{"floor":24.0,"key":"Boot"},{"floor":26.0,"key":"PreservedInsect"},{"floor":27.0,"key":"Cables"},{"floor":40.0,"key":"Nunchaku"},{"floor":55.0,"key":"Pen Nib"}],"event_choices":[{"damage_healed":0.0,"max_hp_gain":0.0,"max_hp_loss":0.0,"gold_gain":50.0,"event_name":"Golden Shrine","player_choice":"Pray","floor":2.0,"gold_loss":0.0,"damage_taken":0.0},{"damage_healed":0.0,"max_hp_gain":0.0,"max_hp_loss":0.0,"gold_gain":0.0,"event_name":"WeMeetAgain","player_choice":"Paid Gold","floor":5.0,"gold_loss":61.0,"damage_taken":0.0,"relics_obtained":["Prayer Wheel"]},{"cards_removed":["Dualcast"],"damage_healed":0.0,"max_hp_gain":0.0,"max_hp_loss":0.0,"gold_gain":0.0,"event_name":"Bonfire Elementals","player_choice":"Offered Basic","floor":13.0,"gold_loss":0.0,"damage_taken":0.0},{"damage_healed":0.0,"max_hp_gain":0.0,"max_hp_loss":0.0,"gold_gain":0.0,"event_name":"Accursed Blacksmith","player_choice":"Rummage","floor":19.0,"gold_loss":0.0,"damage_taken":0.0,"relics_obtained":["WarpedTongs"],"cards_obtained":["Pain"]},{"damage_healed":0.0,"max_hp_gain":0.0,"max_hp_loss":0.0,"gold_gain":250.0,"event_name":"The Joust","player_choice":"Bet on Owner","floor":22.0,"gold_loss":50.0,"damage_taken":0.0},{"damage_healed":0.0,"max_hp_gain":0.0,"max_hp_loss":0.0,"gold_gain":0.0,"event_name":"The Library","player_choice":"Read","floor":30.0,"gold_loss":0.0,"damage_taken":0.0,"cards_obtained":["Capacitor"]},{"damage_healed":0.0,"max_hp_gain":0.0,"max_hp_loss":0.0,"gold_gain":0.0,"event_name":"The Mausoleum","player_choice":"Opened","floor":31.0,"gold_loss":0.0,"damage_taken":0.0,"relics_obtained":["Happy Flower"],"cards_obtained":["Writhe"]},{"damage_healed":0.0,"max_hp_gain":0.0,"max_hp_loss":0.0,"gold_gain":0.0,"event_name":"Lab","player_choice":"Got Potions","floor":37.0,"gold_loss":0.0,"damage_taken":0.0}],"is_beta":false,"boss_relics":[{"not_picked":["Runic Dome","Empty Cage"],"picked":"Pandora\u0027s Box"},{"not_picked":["FrozenCore","Calling Bell"],"picked":"Fusion Hammer"}],"items_purged_floors":[21,44],"is_endless":false,"potions_floor_spawned":[1,3,11,12,16,24,28,29,39,40,47,55],"killed_by":"The Heart","ascension_level":20}}