{"host":"tuvyjqp461ike1dm","time":1613924111,"event":{"mods":["BaseMod","Downfall","Duelist Mod","Minty Spire (QoL Compilation)","Replay The Spire","StSLib","Wandering Minibosses"],"gold_per_floor":[139,153,153,153,166,194,194,46,146,176,176,237,237,294,294,399,399,416,472,252,262,321,398,415,430,457,488,507,537,537,537,537],"floor_reached":31,"language":"ENG","playtime":3525,"items_purged":["downfall:Aged"],"score":442,"play_id":"343ab4f1-f7f2-4608-ae5b-ff35b3734ef6","local_time":"20210221111511","is_ascension_mode":true,"campfire_choices":[{"data":"theDuelist:VampireLady","floor":7.0,"key":"SMITH"},{"data":"theDuelist:UltraPolymerization","floor":13.0,"key":"SMITH"},{"data":"theDuelist:VendreadStriges","floor":15.0,"key":"SMITH"},{"data":"theDuelist:DimensionFusion","floor":30,"key":"SMITH"}],"circlet_count":0,"master_deck":["theDuelist:ZombieCorpse","theDuelist:ZombieCorpse","theDuelist:ZombieCorpse","theDuelist:ZombieCorpse","theDuelist:ZombieCorpse","theDuelist:ZombieCorpse","theDuelist:ZombieCorpse","theDuelist:ZombieCorpse","theDuelist:ArmoredZombie","theDuelist:ArmoredZombie","theDuelist:ArmoredZombie","theDuelist:ClownZombie","theDuelist:ShallowGrave","theDuelist:SkullConductor","theDuelist:TutanMask","theDuelist:DesLacooda","theDuelist:Chewbone","theDuelist:AshBlossom","theDuelist:VampireAwakening","theDuelist:VendreadStriges+1","theDuelist:Chewbone","theDuelist:UltraPolymerization+1","theDuelist:Wasteland","theDuelist:MonsterReborn","theDuelist:NecroworldBanshee+1","theDuelist:ZombiePowerStruggle","theDuelist:VendreadStriges","theDuelist:DimensionFusion+1","theDuelist:CalledByGrave"],"relics":["theDuelist:MillenniumPuzzle","theDuelist:CardPoolRelic","theDuelist:CardPoolBasicRelic","theDuelist:BoosterPackPoolRelic","theDuelist:CardPoolAddRelic","theDuelist:CardPoolMinusRelic","theDuelist:CardPoolSaveRelic","theDuelist:CardPoolOptionsRelic","Eternal Feather","theDuelist:MillenniumCoin","theDuelist:YugiMirror","Ring of Fury","ReplayTheSpireMod:Ring of Challenge","ReplayTheSpireMod:DimensionalGlitch","Centennial Puzzle","ReplayTheSpireMod:TigerMarble","theDuelist:GraveToken","Bird Faced Urn","Potion Belt","Ornamental Fan","Strawberry"],"acts_visited":["Exordium","TheCity"],"potions_floor_usage":[27,29],"damage_taken":[{"damage":0.0,"enemies":"Cultist","floor":1.0,"turns":3.0},{"damage":8.0,"enemies":"Jaw Worm","floor":2.0,"turns":4.0},{"damage":0.0,"enemies":"2 Louse","floor":5.0,"turns":1.0},{"damage":16.0,"enemies":"3 Sentries","floor":6.0,"turns":9.0},{"damage":0.0,"enemies":"Lagavulin","floor":10.0,"turns":3.0},{"damage":0.0,"enemies":"Exordium Thugs","floor":12.0,"turns":3.0},{"damage":0.0,"enemies":"Looter","floor":14.0,"turns":3.0},{"damage":0.0,"enemies":"Slime Boss","floor":16.0,"turns":5.0},{"damage":0.0,"enemies":"Spheric Guardian","floor":18.0,"turns":1.0},{"damage":0.0,"enemies":"2 Thieves","floor":19.0,"turns":3.0},{"damage":1.0,"enemies":"Sentry and Sphere","floor":21.0,"turns":3.0},{"damage":0.0,"enemies":"Centurion and Healer","floor":22.0,"turns":4.0},{"damage":22.0,"enemies":"Gremlin Leader","floor":23.0,"turns":5.0},{"damage":3,"enemies":"Shelled Parasite and Fungi","floor":24,"turns":2},{"damage":0,"enemies":"Cultist and Chosen","floor":25,"turns":3},{"damage":33,"enemies":"Slavers","floor":27,"turns":5},{"damage":0,"enemies":"3 Cultists","floor":28,"turns":4},{"damage":12,"enemies":"Gremlin Leader","floor":29,"turns":3},{"damage":43,"enemies":"Slavers","floor":31,"turns":4}],"seed_played":"3180430398106574497","potions_obtained":[{"floor":1.0,"key":"theDuelist:TokenPotion"},{"floor":5.0,"key":"Block Potion"},{"floor":14.0,"key":"theDuelist:DestructPotionPotB"},{"floor":19.0,"key":"Venom Potion"},{"floor":22.0,"key":"theDuelist:VampireVial"},{"floor":24,"key":"Swift Potion"},{"floor":28,"key":"theDuelist:WhiteBottle"}],"is_trial":false,"path_per_floor":["M","M","?","?","M","E","R","$","T","E","?","M","R","M","R","B",null,"M","M","$","M","M","E","M","M","T","E","M","E","R","E"],"character_chosen":"THE_DUELIST","items_purchased":["theDuelist:VampireAwakening","theDuelist:VendreadStriges","Centennial Puzzle"],"campfire_rested":0,"item_purchase_floors":[8,8,20],"current_hp_per_floor":[80,72,72,72,72,56,65,65,65,65,65,65,77,77,80,80,80,80,80,80,79,79,57,54,54,54,23,24,20,35,0,0],"gold":537,"neow_bonus":"THREE_CARDS","is_daily":false,"chose_seed":true,"campfire_upgraded":4,"win_rate":0.0,"timestamp":1613924111,"path_taken":["M","?","?","?","?","E","R","$","T","E","?","M","R","M","R","BOSS","M","M","$","M","M","E","M","M","T","E","M","E","R","E"],"items_purchased_type":["Card","Card","Relic"],"build_version":"2020-12-22","purchased_purges":1,"victory":false,"max_hp_per_floor":[80,80,80,80,80,80,80,80,80,80,80,80,80,80,80,80,80,80,80,80,80,80,80,80,80,80,80,80,87,87,87,87],"card_choices":[{"not_picked":["theDuelist:GhostrickGhoul","theDuelist:NecroworldBanshee"],"picked":"theDuelist:DesLacooda","floor":0.0},{"not_picked":["theDuelist:SouleatingOviraptor","theDuelist:OvertexQoatlus","theDuelist:MammothGraveyard","theDuelist:FossilSkullknight"],"picked":"theDuelist:Chewbone","floor":1.0},{"not_picked":["theDuelist:Kasha","theDuelist:FossilSkullknight","theDuelist:WightLady","theDuelist:GhostrickYeti"],"picked":"theDuelist:AshBlossom","floor":2.0},{"not_picked":["theDuelist:ClownZombie","theDuelist:ArmoredZombie","theDuelist:SkullConductor","theDuelist:AshBlossom"],"picked":"theDuelist:Chewbone","floor":5.0},{"not_picked":["theDuelist:VampireGenesis","theDuelist:VampireFamiliar","theDuelist:VampireDuke","theDuelist:CrimsonKnightVampire"],"picked":"theDuelist:VampireLady","floor":6.0},{"not_picked":["theDuelist:VampireFamiliar","theDuelist:TriWight","theDuelist:ZombieWarrior","theDuelist:FusionTag","theDuelist:AshBlossom"],"picked":"SKIP","floor":10.0},{"not_picked":["theDuelist:VendreadNightmare","theDuelist:VendreadDaybreak","theDuelist:SoulRelease","theDuelist:DecayedCommander"],"picked":"theDuelist:UltraPolymerization","floor":12.0},{"not_picked":["theDuelist:VampireRetainer","theDuelist:EndlessDecay","theDuelist:BookMoon"],"picked":"theDuelist:Wasteland","floor":14.0},{"not_picked":["theDuelist:VendreadNightmare","theDuelist:SoulRelease","theDuelist:InstantFusion","theDuelist:DecayedCommander"],"picked":"theDuelist:MonsterReborn","floor":16.0},{"not_picked":["theDuelist:VampireGrimson+1","theDuelist:VampireFamiliar","theDuelist:SpiritPharaoh","theDuelist:OvertexQoatlus+1"],"picked":"theDuelist:Skelesaurus","floor":18.0},{"not_picked":["theDuelist:SkullServant","theDuelist:Pumpking","theDuelist:GhostrickYeti","theDuelist:WightLady"],"picked":"theDuelist:NecroworldBanshee+1","floor":19.0},{"not_picked":["theDuelist:Mausoleum","theDuelist:DimensionFusion+1","theDuelist:CardSafeReturn"],"picked":"theDuelist:ZombiePowerStruggle","floor":21.0},{"not_picked":["theDuelist:GhostrickMummy","theDuelist:Chopman","theDuelist:Gashadokuro","theDuelist:BoneMouse","theDuelist:PoisonMummy"],"picked":"SKIP","floor":22.0},{"not_picked":["theDuelist:GiantAxeMummy","theDuelist:VampireSucker+1","theDuelist:GhostrickJiangshi+1","theDuelist:PhantomGhost"],"picked":"theDuelist:Miscellaneousaurus","floor":23},{"not_picked":["theDuelist:MayakashiWinter","theDuelist:VendreadNightmare"],"picked":"theDuelist:VendreadStriges","floor":24},{"not_picked":["theDuelist:VampireLord","theDuelist:VampireVamp","theDuelist:Tsukahagi","theDuelist:YukiOnnaAbsolute"],"picked":"theDuelist:VampireRetainer+1","floor":25},{"not_picked":["theDuelist:AntiFusionDevice","theDuelist:OboroGuruma","theDuelist:VampireRetainer"],"picked":"theDuelist:DimensionFusion","floor":27},{"not_picked":["theDuelist:VampireDuke","theDuelist:RevendreadExecutor","theDuelist:VendreadStriges","theDuelist:GhostrickMummy","theDuelist:GhostrickSkeleton+1"],"picked":"SKIP","floor":28},{"not_picked":["theDuelist:SkullFlame","theDuelist:GhostrickDullahan+1","theDuelist:BookTaiyou","theDuelist:BloodSucker+1"],"picked":"theDuelist:CalledByGrave","floor":29}],"player_experience":54794,"relics_obtained":[{"floor":6.0,"key":"Eternal Feather"},{"floor":9.0,"key":"theDuelist:MillenniumCoin"},{"floor":10.0,"key":"theDuelist:YugiMirror"},{"floor":11.0,"key":"Ring of Fury"},{"floor":11.0,"key":"ReplayTheSpireMod:Ring of Challenge"},{"floor":22.0,"key":"ReplayTheSpireMod:TigerMarble"},{"floor":23,"key":"Bird Faced Urn"},{"floor":26,"key":"Potion Belt"},{"floor":27,"key":"Ornamental Fan"},{"floor":29,"key":"Strawberry"}],"event_choices":[{"damage_healed":0.0,"max_hp_gain":0.0,"max_hp_loss":0.0,"gold_gain":0.0,"event_name":"Egyptian Village","player_choice":"Leave","duelist":true,"floor":3.0,"gold_loss":0.0,"damage_taken":0.0},{"damage_healed":0.0,"max_hp_gain":0.0,"max_hp_loss":0.0,"gold_gain":0.0,"event_name":"Visit from Anubis","player_choice":"Leave","duelist":true,"floor":4.0,"gold_loss":0.0,"damage_taken":0.0}],"is_beta":false,"boss_relics":[{"not_picked":["theDuelist:GamblerChip","Kintsugi"],"picked":"ReplayTheSpireMod:DimensionalGlitch"}],"items_purged_floors":[20],"is_endless":false,"potions_floor_spawned":[1,5,14,19,22,24,25,28],"killed_by":"Slavers","ascension_level":3}}