{"host":"q57ekfojy3i00x9o","time":1613933736,"event":{"mods":["Act Like it!","Arknights","Aspiration","BaseMod","Colored Map","Energized Spire","Hermit","Minty Spire (QoL Compilation)","Quick Restart","Ruina","Spicy Shops","Spikes Relics","StSLib","slay the spire mod where everything is the same but ironclad has a cowboy hat"],"gold_per_floor":[113,126,136,82,82,100,100,100],"floor_reached":7,"language":"RUS","playtime":122,"items_purged":[],"score":80,"play_id":"1c3ec2af-ebdc-499e-adde-0dd17a99218b","local_time":"20210221235536","is_ascension_mode":true,"campfire_choices":[],"circlet_count":0,"master_deck":["AscendersBane","ats:Strike C","ats:Strike G","ats:Strike S","ats:Strike V","ats:Armor Crushing Shot","ats:Defend","ats:Defend","ats:Defend","ats:Defend","ats:Emotion Absorption","ats:Explosion Area Strengthen","ats:Apocalypse","ats:Shadow Assault","ats:Flexible Camouflage","ats:Sunburst"],"relics":["ats:Sanity","NeowsBlessing"],"acts_visited":["Exordium"],"potions_floor_usage":[6],"damage_taken":[{"damage":0.0,"enemies":"Cultist","floor":1.0,"turns":1.0},{"damage":0.0,"enemies":"Small Slimes","floor":2.0,"turns":1.0},{"damage":0.0,"enemies":"Jaw Worm","floor":3.0,"turns":1.0},{"damage":39,"enemies":"Large Slime","floor":6,"turns":5},{"damage":46,"enemies":"Lagavulin","floor":7,"turns":5}],"seed_played":"1196536397659175770","potions_obtained":[{"floor":1.0,"key":"SteroidPotion"},{"floor":3.0,"key":"ats:Top Emergency Sanity Potion"}],"is_trial":false,"path_per_floor":["M","M","M","$","?","M","E"],"character_chosen":"DOCTOR_CLASS","items_purchased":["ats:Flexible Camouflage"],"campfire_rested":0,"item_purchase_floors":[4],"current_hp_per_floor":[65,65,65,65,70,35,0,0],"gold":100,"neow_bonus":"THREE_ENEMY_KILL","is_daily":false,"chose_seed":false,"campfire_upgraded":0,"win_rate":0.0,"timestamp":1613933736,"path_taken":["M","?","M","$","?","M","E"],"items_purchased_type":["Card"],"build_version":"2020-12-22","purchased_purges":0,"victory":false,"max_hp_per_floor":[72,72,72,72,77,77,77,77],"card_choices":[{"not_picked":["ats:Rapid Magazine","ats:Flexible Camouflage"],"picked":"ats:Explosion Area Strengthen","floor":1.0},{"not_picked":["ats:Very Hot Blade","ats:Assault Order"],"picked":"ats:Apocalypse","floor":2.0},{"not_picked":["ats:Leaping Hammer","ats:Healing Strengthening"],"picked":"ats:Shadow Assault","floor":3.0},{"not_picked":["ats:Rapid Magazine","ats:Soul Absorption"],"picked":"ats:Sunburst","floor":6}],"player_experience":783991,"relics_obtained":[],"event_choices":[{"damage_healed":0.0,"max_hp_gain":5.0,"max_hp_loss":0.0,"gold_gain":0.0,"event_name":"Big Fish","player_choice":"Donut","floor":5.0,"gold_loss":0.0,"damage_taken":0.0}],"is_beta":false,"boss_relics":[],"items_purged_floors":[],"is_endless":false,"potions_floor_spawned":[1,3],"killed_by":"Lagavulin","ascension_level":17}}