{"host":"3laxepfr49fclxuk","time":1613915771,"event":{"mods":["BaseMod","Minty Spire (QoL Compilation)","StSLib"],"gold_per_floor":[117,117,132,148,25,59,59,94,94,24,35,50,50,50],"floor_reached":13,"language":"ENG","playtime":890,"items_purged":["Defend_P"],"score":95,"play_id":"93a6e0e9-21c4-452c-8f92-b4beee81059d","local_time":"20210221145611","is_ascension_mode":false,"campfire_choices":[{"floor":7,"key":"REST"}],"circlet_count":0,"master_deck":["Strike_P","Strike_P+1","Strike_P","Strike_P+1","Defend_P","Defend_P","Defend_P","Eruption","Vigilance","Alpha","EmptyBody","MentalFortress","Meditate","ThirdEye","FlurryOfBlows","ThirdEye","FearNoEvil","Wireheading","ClearTheMind"],"relics":["PureWater","Regal Pillow","Ornamental Fan","Oddly Smooth Stone","Whetstone"],"acts_visited":["Exordium"],"potions_floor_usage":[],"damage_taken":[{"damage":3,"enemies":"Small Slimes","floor":1,"turns":5},{"damage":0,"enemies":"Cultist","floor":3,"turns":3},{"damage":4,"enemies":"Jaw Worm","floor":4,"turns":5},{"damage":40,"enemies":"Gremlin Nob","floor":6,"turns":5},{"damage":31,"enemies":"Lagavulin","floor":8,"turns":6},{"damage":4,"enemies":"Gremlin Gang","floor":11,"turns":3},{"damage":6,"enemies":"3 Louse","floor":12,"turns":3},{"damage":20,"enemies":"Gremlin Nob","floor":13,"turns":4}],"seed_played":"-956682155319904048","potions_obtained":[{"floor":6,"key":"Block Potion"},{"floor":8,"key":"LiquidBronze"}],"is_trial":false,"path_per_floor":["M","?","M","M","$","E","R","E","T","$","M","M","E"],"character_chosen":"WATCHER","items_purchased":["ThirdEye","FearNoEvil"],"campfire_rested":1,"item_purchase_floors":[5,10],"current_hp_per_floor":[62,62,62,58,58,18,52,21,21,21,17,11,0,0],"gold":50,"neow_bonus":"THREE_RARE_CARDS","is_daily":false,"chose_seed":false,"campfire_upgraded":0,"win_rate":0.0,"timestamp":1613915771,"path_taken":["M","?","M","M","$","E","R","E","T","$","M","?","E"],"items_purchased_type":["Card","Card"],"build_version":"2020-12-22","purchased_purges":1,"victory":false,"max_hp_per_floor":[65,65,65,65,65,65,65,65,65,65,65,65,65,65],"card_choices":[{"not_picked":["Omniscience","MasterReality"],"picked":"Alpha","floor":0},{"not_picked":["SashWhip","JustLucky"],"picked":"EmptyBody","floor":1},{"not_picked":["PathToVictory","SashWhip"],"picked":"MentalFortress","floor":3},{"not_picked":["EmptyBody","BowlingBash"],"picked":"Meditate","floor":4},{"not_picked":["JustLucky","ThirdEye"],"picked":"FlurryOfBlows","floor":6},{"not_picked":["FollowUp","Fasting2"],"picked":"ThirdEye","floor":8},{"not_picked":["Swivel","JustLucky"],"picked":"Wireheading","floor":11},{"not_picked":["Consecrate","MasterReality"],"picked":"ClearTheMind","floor":12}],"player_experience":195138,"relics_obtained":[{"floor":2,"key":"Regal Pillow"},{"floor":6,"key":"Ornamental Fan"},{"floor":8,"key":"Oddly Smooth Stone"},{"floor":9,"key":"Whetstone"}],"event_choices":[{"damage_healed":0,"gold_gain":0,"player_choice":"Relic","damage_taken":0,"max_hp_gain":0,"max_hp_loss":0,"event_name":"Wheel of Change","floor":2,"gold_loss":0}],"is_beta":false,"boss_relics":[],"items_purged_floors":[5],"is_endless":false,"potions_floor_spawned":[6,8],"killed_by":"Gremlin Nob","ascension_level":0}}