{"host":"zwfn3igoxym2o8ah","time":1613896986,"event":{"mods":["AchievementEnabler","BaseMod","Downfall","Hermit","Minty Spire (QoL Compilation)","Quick Restart","Replay The Spire","StSLib","The Cursed"],"gold_per_floor":[113,129,129,129,144,177,188,188,215,215,234,253,178,204,204,300,300,315,315,335,290,290,290,317,331,331,331,331],"floor_reached":27,"language":"ENG","playtime":2580,"items_purged":[],"score":243,"play_id":"8f7a7338-9649-42a4-ae4f-b959f43a19b4","local_time":"20210221034306","is_ascension_mode":false,"campfire_choices":[{"floor":10,"key":"REST"},{"floor":15,"key":"REST"},{"floor":23,"key":"REST"}],"circlet_count":0,"master_deck":["Strike_G","Strike_G","Strike_G","Strike_G","Strike_G","Defend_G","Defend_G","Defend_G","Defend_G","Survivor","Neutralize","ReplayTheSpireMod:From All Sides","Quick Slash+1","Acrobatics","Tactician+1","Bane","Infinite Blades","Quick Slash","Dagger Spray","Backflip","Riddle With Holes","Crippling Poison","Prepared","Infinite Blades","Toxin Wave","Deadly Poison","Flying Knee+1","Corpse Explosion","Outmaneuver+1"],"relics":["Ring of the Snake","Boot","Dream Catcher","Blue Doll","WristBlade","Nilry\u0027s Codex","Letter Opener","Sundial"],"acts_visited":["Exordium","TheCity"],"potions_floor_usage":[6,14,24,25,27,27],"damage_taken":[{"damage":0,"enemies":"2 Louse","floor":1,"turns":5},{"damage":0,"enemies":"Jaw Worm","floor":2,"turns":4},{"damage":0,"enemies":"Small Slimes","floor":5,"turns":2},{"damage":22,"enemies":"Gremlin Nob","floor":6,"turns":4},{"damage":0,"enemies":"Blue Slaver","floor":7,"turns":3},{"damage":5,"enemies":"Looter","floor":11,"turns":3},{"damage":10,"enemies":"Exordium Thugs","floor":12,"turns":4},{"damage":1,"enemies":"Replay:BlueRogue","floor":14,"turns":4},{"damage":39,"enemies":"The Guardian","floor":16,"turns":11},{"damage":18,"enemies":"2 Thieves","floor":18,"turns":3},{"damage":0,"enemies":"Chosen","floor":20,"turns":4},{"damage":41,"enemies":"Gremlin Leader","floor":24,"turns":8},{"damage":0,"enemies":"3 Cultists","floor":25,"turns":2},{"damage":12,"enemies":"Centurion and Healer","floor":27,"turns":3}],"seed_played":"-4968395331292904481","potions_obtained":[{"floor":1,"key":"ColorlessPotion"},{"floor":5,"key":"sneckomod:MuddlingPotion"},{"floor":7,"key":"GamblersBrew"},{"floor":16,"key":"Weak Potion"},{"floor":20,"key":"champ:CounterPotion"},{"floor":24,"key":"Elixir"},{"floor":25,"key":"AttackPotion"}],"is_trial":false,"path_per_floor":["M","M","?","?","M","E","M","?","T","R","M","M","$","E","R","B",null,"M","?","M","$","?","R","E","M","T","M"],"character_chosen":"THE_SILENT","items_purchased":["Riddle With Holes","Deadly Poison"],"campfire_rested":3,"item_purchase_floors":[13,21],"current_hp_per_floor":[70,70,70,70,70,48,48,48,48,69,64,54,54,53,70,31,70,52,39,39,39,23,45,4,4,4,0,0],"gold":331,"neow_bonus":"ONE_RANDOM_RARE_CARD","is_daily":false,"chose_seed":false,"campfire_upgraded":0,"win_rate":0.0,"timestamp":1613896986,"path_taken":["M","M","?","?","M","E","M","?","T","R","M","M","?","E","R","BOSS","M","?","M","$","?","R","E","M","T","M"],"items_purchased_type":["Card","Card"],"build_version":"2020-12-22","purchased_purges":0,"victory":false,"max_hp_per_floor":[70,70,70,70,70,70,70,70,70,70,70,70,70,70,70,70,70,70,75,75,75,75,75,75,75,75,75,75],"card_choices":[{"not_picked":["Backstab","Riddle With Holes"],"picked":"Quick Slash","floor":1},{"not_picked":["Deflect","Slice"],"picked":"Acrobatics","floor":2},{"not_picked":["Distraction","Flying Knee"],"picked":"Bane","floor":5},{"not_picked":["Tools of the Trade","ReplayTheSpireMod:Shiv Toss"],"picked":"Infinite Blades","floor":6},{"not_picked":["Dodge and Roll","Deflect"],"picked":"Quick Slash","floor":7},{"not_picked":["Hidden Blade","Caltrops"],"picked":"Dagger Spray","floor":10},{"not_picked":["Dodge and Roll","Predator"],"picked":"Backflip","floor":11},{"not_picked":["Backflip","Underhanded Strike","Hidden Blade"],"picked":"SKIP","floor":12},{"not_picked":["Blade Dance","Terror"],"picked":"Crippling Poison","floor":14},{"not_picked":["Deflect","PiercingWail"],"picked":"Prepared","floor":15},{"not_picked":["Prepared","Dodge and Roll"],"picked":"Infinite Blades","floor":18},{"not_picked":["Deflect+1","Flying Knee"],"picked":"Toxin Wave","floor":20},{"not_picked":["Underhanded Strike","Caltrops"],"picked":"Flying Knee+1","floor":23},{"not_picked":["Acrobatics+1","Underhanded Strike+1"],"picked":"Corpse Explosion","floor":24},{"not_picked":["Dash","Backflip"],"picked":"Outmaneuver+1","floor":25}],"player_experience":10785,"relics_obtained":[{"floor":6,"key":"Boot"},{"floor":9,"key":"Dream Catcher"},{"floor":14,"key":"Blue Doll"},{"floor":22,"key":"Nilry\u0027s Codex"},{"floor":24,"key":"Letter Opener"},{"floor":26,"key":"Sundial"}],"event_choices":[{"damage_healed":0,"gold_gain":0,"player_choice":"Grow","damage_taken":0,"max_hp_gain":0,"max_hp_loss":0,"event_name":"Living Wall","floor":4,"gold_loss":0,"cards_upgraded":["Quick Slash"]},{"damage_healed":0,"gold_gain":0,"player_choice":"Ignored","damage_taken":0,"max_hp_gain":0,"max_hp_loss":0,"event_name":"Shining Light","floor":8,"gold_loss":0},{"damage_healed":0,"gold_gain":0,"player_choice":"Shed Blood","damage_taken":18,"max_hp_gain":5,"max_hp_loss":0,"event_name":"Forgotten Altar","floor":19,"gold_loss":0},{"damage_healed":0,"gold_gain":0,"player_choice":"Obtained Book","damage_taken":16,"max_hp_gain":0,"max_hp_loss":0,"event_name":"Cursed Tome","floor":22,"gold_loss":0}],"is_beta":false,"boss_relics":[{"not_picked":["SlaversCollar","Replay:Grab Bag"],"picked":"WristBlade"}],"items_purged_floors":[],"is_endless":false,"potions_floor_spawned":[1,5,7,16,20,24,25],"killed_by":"Centurion and Healer","ascension_level":0}}