{"host":"ow66nzv2xecjoor3","time":1613898580,"event":{"mods":["BaseMod","Bestiary","Block Reminder","Colored Powertips","Curses Come First","Highlight Path","Keyboard Shortcuts","Minty Spire (QoL Compilation)","Permanent Neow","Relic Stats","StSLib","UnlockEverythingMod"],"gold_per_floor":[118,129,147,164,164,199,199,229,303,322,341,26,43,58,58,58,58],"floor_reached":16,"language":"ENG","playtime":616,"items_purged":["Strike_G"],"score":232,"play_id":"8d8e3c84-cf2a-4674-8adb-d2a91b5207c0","local_time":"20210221030940","is_ascension_mode":true,"campfire_choices":[{"data":"Backstab","floor":7.0,"key":"SMITH"},{"data":"Noxious Fumes","floor":15.0,"key":"SMITH"}],"circlet_count":0,"master_deck":["AscendersBane","Strike_G","Strike_G","Strike_G","Strike_G","Defend_G","Defend_G","Defend_G","Defend_G","Defend_G","Survivor","Neutralize","CurseOfTheBell","PiercingWail","All Out Attack+1","Backstab+1","Deflect","Slice","Adrenaline","Backflip","Terror","Leg Sweep","Noxious Fumes+1"],"relics":["Calling Bell","Anchor","Shuriken","Pocketwatch","Snake Skull","Unceasing Top","White Beast Statue","Frozen Eye"],"acts_visited":["Exordium"],"potions_floor_usage":[16],"damage_taken":[{"damage":1.0,"enemies":"2 Louse","floor":1.0,"turns":3.0},{"damage":0.0,"enemies":"Cultist","floor":2.0,"turns":4.0},{"damage":1.0,"enemies":"Small Slimes","floor":3.0,"turns":3.0},{"damage":0.0,"enemies":"Blue Slaver","floor":4.0,"turns":4.0},{"damage":36.0,"enemies":"Lagavulin","floor":6.0,"turns":8.0},{"damage":2.0,"enemies":"3 Sentries","floor":8.0,"turns":4.0},{"damage":0.0,"enemies":"Exordium Wildlife","floor":10.0,"turns":4.0},{"damage":0.0,"enemies":"Large Slime","floor":11.0,"turns":5.0},{"damage":0.0,"enemies":"Blue Slaver","floor":13.0,"turns":2.0},{"damage":0.0,"enemies":"Lots of Slimes","floor":14.0,"turns":3.0},{"damage":19,"enemies":"Slime Boss","floor":16,"turns":5}],"seed_played":"-643636033156601527","potions_obtained":[{"floor":1.0,"key":"Weak Potion"},{"floor":2.0,"key":"GamblersBrew"},{"floor":10.0,"key":"GamblersBrew"},{"floor":11.0,"key":"SteroidPotion"},{"floor":13.0,"key":"Strength Potion"}],"is_trial":false,"path_per_floor":["M","M","M","M","?","E","R","E","T","M","M","$","M","M","R","B"],"character_chosen":"THE_SILENT","items_purchased":["Leg Sweep","Frozen Eye"],"campfire_rested":0,"item_purchase_floors":[12,12],"current_hp_per_floor":[58,58,57,57,57,21,21,19,19,19,19,19,19,19,19,0,0],"gold":58,"neow_bonus":"BOSS_RELIC","is_daily":false,"chose_seed":false,"campfire_upgraded":2,"win_rate":0.0,"timestamp":1613898580,"path_taken":["M","M","M","M","?","E","R","E","T","M","M","$","M","M","R","BOSS"],"items_purchased_type":["Card","Relic"],"build_version":"2020-12-22","purchased_purges":1,"victory":false,"max_hp_per_floor":[66,66,66,66,66,66,66,66,66,66,66,66,66,66,66,66,66],"relic_stats":{"counters":[11,45],"Shuriken":[21],"Snake Skull":[3],"obtain_stats":[{"Calling Bell":0,"Frozen Eye":12,"Anchor":0,"Shuriken":0,"Snake Skull":6,"Unceasing Top":8,"White Beast Statue":9,"Ring of the Snake":0,"Pocketwatch":0},{"Calling Bell":0,"Frozen Eye":8,"Anchor":0,"Shuriken":0,"Snake Skull":5,"Unceasing Top":6,"White Beast Statue":6,"Ring of the Snake":0,"Pocketwatch":0},{"Calling Bell":0,"Frozen Eye":35,"Anchor":0,"Shuriken":0,"Snake Skull":22,"Unceasing Top":26,"White Beast Statue":26,"Ring of the Snake":0,"Pocketwatch":0}],"Unceasing Top":[1],"Pocketwatch":[75]},"card_choices":[{"not_picked":["Deflect","Catalyst"],"picked":"PiercingWail","floor":1.0},{"not_picked":["Poisoned Stab","Quick Slash"],"picked":"All Out Attack","floor":2.0},{"not_picked":["Setup","Expertise"],"picked":"Backstab","floor":3.0},{"not_picked":["Crippling Poison","Dodge and Roll"],"picked":"Deflect","floor":4.0},{"not_picked":["Deadly Poison","Deflect"],"picked":"Slice","floor":6.0},{"not_picked":["Blur","Leg Sweep"],"picked":"Adrenaline","floor":8.0},{"not_picked":["Outmaneuver","Sucker Punch"],"picked":"Backflip","floor":10.0},{"not_picked":["Cloak And Dagger","Dodge and Roll"],"picked":"Terror","floor":11.0},{"not_picked":["Eviscerate","Terror"],"picked":"Noxious Fumes","floor":13.0},{"not_picked":["Flying Knee","Blur","Cloak And Dagger"],"picked":"SKIP","floor":14.0}],"player_experience":2924165,"relics_obtained":[{"floor":0.0,"key":"Anchor"},{"floor":0.0,"key":"Shuriken"},{"floor":0.0,"key":"Pocketwatch"},{"floor":6.0,"key":"Snake Skull"},{"floor":8.0,"key":"Unceasing Top"},{"floor":9.0,"key":"White Beast Statue"}],"event_choices":[{"damage_healed":0.0,"max_hp_gain":0.0,"max_hp_loss":0.0,"gold_gain":0.0,"event_name":"Upgrade Shrine","player_choice":"Upgraded","floor":5.0,"gold_loss":0.0,"damage_taken":0.0,"cards_upgraded":["All Out Attack"]}],"is_beta":false,"boss_relics":[],"items_purged_floors":[12],"is_endless":false,"potions_floor_spawned":[1,2,10,11,13,14],"killed_by":"Slime Boss","ascension_level":20}}