{"host":"BaronFel","time":1613877315,"event":{"mods":["BaseMod","Filter the Spire","Highlight Path","Minty Spire (QoL Compilation)","Relic Stats","ojb\u0027s Info Mod"],"gold_per_floor":[18,38,38,54,74,74,93,93,93,122,122,155,172,201,201,278,278,293,293,313,326,341,341,367,367,367,367,367,402,272,285,285,361,361,381,431,450,466,25,25,55,55,103,128,148,148,162,175,175,175,175,175,175,27,58,58],"floor_reached":57,"language":"ENG","playtime":6955,"items_purged":["Strike_R","Strike_R","Strike_R"],"score":2798,"play_id":"633d1815-14cc-4fe0-a7cb-8b42001c4be2","local_time":"20210220211515","is_ascension_mode":true,"campfire_choices":[{"data":"Combust","floor":6.0,"key":"SMITH"},{"floor":8.0,"key":"REST"},{"floor":11.0,"key":"REST"},{"data":"Disarm","floor":15.0,"key":"SMITH"},{"data":"True Grit","floor":23.0,"key":"SMITH"},{"data":"Armaments","floor":25.0,"key":"SMITH"},{"floor":28.0,"key":"REST"},{"data":"Feel No Pain","floor":32.0,"key":"SMITH"},{"floor":40.0,"key":"REST"},{"data":"Uppercut","floor":42.0,"key":"SMITH"},{"floor":49,"key":"RECALL"},{"data":"Burning Pact","floor":53,"key":"SMITH"}],"circlet_count":0,"master_deck":["AscendersBane","Strike_R","Strike_R","Defend_R","Defend_R","Defend_R","Defend_R","Bash","The Bomb+1","Feel No Pain+1","Combust+1","Armaments","Armaments+1","Disarm+1","Uppercut+1","Impervious","Headbutt","True Grit+1","Dark Embrace","Intimidate","Barricade","True Grit+1","Disarm+1","Dark Embrace","Sentinel","Berserk","Metallicize+1","Entrench","Burning Pact+1","Feel No Pain","Impervious","Seeing Red"],"relics":["Burning Blood","White Beast Statue","Pen Nib","Incense Burner","Ancient Tea Set","Snecko Eye","PreservedInsect","Ginger","Boot","Mark of Pain","Bird Faced Urn","Membership Card","Charon\u0027s Ashes","The Courier","Self Forming Clay","DollysMirror","TungstenRod"],"acts_visited":["Exordium","TheCity","TheBeyond","TheEnding"],"potions_floor_usage":[45,47,51,56],"damage_taken":[{"damage":14.0,"enemies":"Small Slimes","floor":1.0,"turns":5.0},{"damage":2.0,"enemies":"Cultist","floor":2.0,"turns":4.0},{"damage":10.0,"enemies":"2 Louse","floor":4.0,"turns":3.0},{"damage":15.0,"enemies":"2 Fungi Beasts","floor":5.0,"turns":4.0},{"damage":34.0,"enemies":"Lots of Slimes","floor":7.0,"turns":4.0},{"damage":9.0,"enemies":"3 Sentries","floor":10.0,"turns":3.0},{"damage":29.0,"enemies":"Gremlin Nob","floor":12.0,"turns":4.0},{"damage":11.0,"enemies":"3 Louse","floor":13.0,"turns":3.0},{"damage":9.0,"enemies":"3 Sentries","floor":14.0,"turns":3.0},{"damage":22.0,"enemies":"The Guardian","floor":16.0,"turns":11.0},{"damage":13.0,"enemies":"Spheric Guardian","floor":18.0,"turns":5.0},{"damage":1.0,"enemies":"3 Byrds","floor":20.0,"turns":4.0},{"damage":21.0,"enemies":"Shelled Parasite and Fungi","floor":21.0,"turns":5.0},{"damage":19.0,"enemies":"Centurion and Healer","floor":22.0,"turns":4.0},{"damage":15.0,"enemies":"Gremlin Leader","floor":24.0,"turns":6.0},{"damage":14.0,"enemies":"Book of Stabbing","floor":29.0,"turns":5.0},{"damage":5.0,"enemies":"Snake Plant","floor":31.0,"turns":6.0},{"damage":62.0,"enemies":"Champ","floor":33.0,"turns":14.0},{"damage":23.0,"enemies":"3 Darklings","floor":35.0,"turns":5.0},{"damage":0.0,"enemies":"2 Orb Walkers","floor":36.0,"turns":6.0},{"damage":3.0,"enemies":"Orb Walker","floor":37.0,"turns":3.0},{"damage":35.0,"enemies":"3 Darklings","floor":38.0,"turns":3.0},{"damage":8.0,"enemies":"Nemesis","floor":41.0,"turns":9.0},{"damage":7.0,"enemies":"Giant Head","floor":44.0,"turns":12.0},{"damage":5,"enemies":"Sphere and 2 Shapes","floor":45,"turns":3},{"damage":1,"enemies":"Writhing Mass","floor":47,"turns":8},{"damage":12,"enemies":"Jaw Worm Horde","floor":48,"turns":4},{"damage":0,"enemies":"Time Eater","floor":50,"turns":17},{"damage":21,"enemies":"Donu and Deca","floor":51,"turns":12},{"damage":35,"enemies":"Shield and Spear","floor":55,"turns":9},{"damage":59,"enemies":"The Heart","floor":56,"turns":17}],"seed_played":"5312177580093707870","potions_obtained":[{"floor":1.0,"key":"SpeedPotion"},{"floor":2.0,"key":"Dexterity Potion"},{"floor":10.0,"key":"CultistPotion"},{"floor":12.0,"key":"HeartOfIron"},{"floor":13.0,"key":"LiquidMemories"},{"floor":14.0,"key":"SneckoOil"},{"floor":16.0,"key":"LiquidMemories"},{"floor":18.0,"key":"Swift Potion"},{"floor":20.0,"key":"ColorlessPotion"},{"floor":21.0,"key":"Regen Potion"},{"floor":22.0,"key":"LiquidBronze"},{"floor":24.0,"key":"Swift Potion"},{"floor":29.0,"key":"LiquidBronze"},{"floor":31.0,"key":"SkillPotion"},{"floor":33.0,"key":"AttackPotion"},{"floor":35.0,"key":"SneckoOil"},{"floor":36.0,"key":"EntropicBrew"},{"floor":38.0,"key":"SkillPotion"},{"floor":44,"key":"Fire Potion"},{"floor":45,"key":"HeartOfIron"},{"floor":47,"key":"FairyPotion"},{"floor":55,"key":"SkillPotion"}],"is_trial":false,"path_per_floor":["M","M","?","M","M","R","M","R","T","E","R","E","M","E","R","B",null,"M","?","M","M","M","R","E","R","T","?","R","E","$","M","R","B",null,"M","?","M","M","$","R","E","R","T","E","M","?","M","M","R","B","B",null,"R","$","E","B",null],"character_chosen":"IRONCLAD","items_purchased":["BloodPotion","Membership Card","Charon\u0027s Ashes","Dark Embrace","Sentinel","Feel No Pain","DollysMirror"],"campfire_rested":4,"item_purchase_floors":[30,39,39,39,39,54,54],"current_hp_per_floor":[60,64,64,60,51,51,23,45,45,42,64,41,36,33,33,17,61,54,54,59,44,45,45,36,36,36,36,58,50,50,51,51,10,59,42,48,55,30,30,52,60,60,60,69,75,75,75,71,71,75,70,74,74,74,53,14],"gold":58,"neow_bonus":"RANDOM_COLORLESS_2","is_daily":false,"chose_seed":false,"campfire_upgraded":7,"win_rate":0.0,"timestamp":1613877315,"path_taken":["M","M","?","?","M","R","M","R","T","E","R","E","M","E","R","BOSS","M","?","M","M","M","R","E","R","T","?","R","E","$","M","R","BOSS","M","?","M","M","$","R","E","R","T","E","M","?","?","M","R","BOSS","BOSS","R","$","E","BOSS"],"items_purchased_type":["Potion","Relic","Relic","Card","Card","Card","Relic"],"build_version":"2020-12-18","purchased_purges":3,"victory":true,"max_hp_per_floor":[75,75,75,75,75,75,75,75,75,75,75,75,75,75,75,75,75,75,75,75,75,75,75,75,75,75,75,75,75,75,75,75,75,75,75,75,75,75,75,75,75,75,75,75,75,75,75,75,75,75,75,75,75,75,75,75],"relic_stats":{"counters":[31,201],"Self Forming Clay":[60],"Bird Faced Urn":[77],"Snecko Eye":[321,309,331,296],"Pen Nib":[15],"PreservedInsect":299,"Charon\u0027s Ashes":[393],"Ginger":[18],"Boot":[36],"obtain_stats":[{"Self Forming Clay":44,"Pen Nib":10,"PreservedInsect":24,"Charon\u0027s Ashes":39,"The Courier":41,"Incense Burner":12,"Ginger":26,"Ancient Tea Set":14,"Boot":29,"Burning Blood":0,"White Beast Statue":9,"DollysMirror":54,"Bird Faced Urn":36,"Snecko Eye":17,"Mark of Pain":34,"Membership Card":39,"TungstenRod":55},{"Self Forming Clay":24,"Pen Nib":6,"PreservedInsect":15,"Charon\u0027s Ashes":22,"The Courier":23,"Incense Burner":7,"Ginger":15,"Ancient Tea Set":9,"Boot":16,"Burning Blood":0,"White Beast Statue":5,"DollysMirror":29,"Bird Faced Urn":20,"Snecko Eye":10,"Mark of Pain":18,"Membership Card":22,"TungstenRod":30},{"Self Forming Clay":131,"Pen Nib":23,"PreservedInsect":68,"Charon\u0027s Ashes":110,"The Courier":119,"Incense Burner":27,"Ginger":68,"Ancient Tea Set":33,"Boot":73,"Burning Blood":0,"White Beast Statue":20,"DollysMirror":175,"Bird Faced Urn":104,"Snecko Eye":44,"Mark of Pain":93,"Membership Card":110,"TungstenRod":184}],"Burning Blood":169,"TungstenRod":3},"card_choices":[{"not_picked":["Violence","Chrysalis"],"picked":"The Bomb","floor":0.0},{"not_picked":["Disarm","Burning Pact"],"picked":"Feel No Pain","floor":1.0},{"not_picked":["Anger","Clash"],"picked":"Combust","floor":2.0},{"not_picked":["Twin Strike","Iron Wave","Evolve"],"picked":"SKIP","floor":4.0},{"not_picked":["Sword Boomerang","Metallicize","Iron Wave"],"picked":"SKIP","floor":5.0},{"not_picked":["Fiend Fire","Clash"],"picked":"Armaments","floor":7.0},{"not_picked":["Perfected Strike","Twin Strike"],"picked":"Armaments","floor":10.0},{"not_picked":["Sword Boomerang","Anger","Rupture"],"picked":"SKIP","floor":12.0},{"not_picked":["Infernal Blade","Clothesline"],"picked":"Disarm","floor":13.0},{"not_picked":["Sentinel","Whirlwind"],"picked":"Uppercut","floor":14.0},{"not_picked":["Fiend Fire","Corruption"],"picked":"Impervious","floor":16.0},{"not_picked":["Pommel Strike","Thunderclap","Flex"],"picked":"SKIP","floor":18.0},{"not_picked":["Perfected Strike","Entrench"],"picked":"True Grit","floor":20.0},{"not_picked":["Sword Boomerang","Entrench","Cleave"],"picked":"SKIP","floor":21.0},{"not_picked":["Havoc","Twin Strike","Hemokinesis"],"picked":"SKIP","floor":22.0},{"not_picked":["Double Tap","Flex+1"],"picked":"Dark Embrace","floor":24.0},{"not_picked":["Hemokinesis+1","Warcry","Inflame"],"picked":"SKIP","floor":29.0},{"not_picked":["Headbutt+1","Bloodletting"],"picked":"Intimidate","floor":31.0},{"not_picked":["Impervious","Bludgeon"],"picked":"Barricade","floor":33.0},{"not_picked":["Searing Blow","Twin Strike"],"picked":"True Grit+1","floor":35.0},{"not_picked":["Shockwave+1","True Grit"],"picked":"Disarm+1","floor":36.0},{"not_picked":["Sword Boomerang","Heavy Blade","Armaments"],"picked":"SKIP","floor":37.0},{"not_picked":["Perfected Strike","Flex","Anger"],"picked":"SKIP","floor":38.0},{"not_picked":["Immolate","Warcry"],"picked":"Berserk","floor":41.0},{"not_picked":["Reckless Charge","Havoc","Hemokinesis"],"picked":"SKIP","floor":44},{"not_picked":["Cleave","Clothesline"],"picked":"Metallicize+1","floor":45},{"not_picked":["Rupture","True Grit"],"picked":"Entrench","floor":47},{"not_picked":["Clash","Wild Strike"],"picked":"Burning Pact","floor":48},{"not_picked":["Pommel Strike","Offering"],"picked":"Seeing Red","floor":55}],"player_experience":1176164,"relics_obtained":[{"floor":9.0,"key":"White Beast Statue"},{"floor":10.0,"key":"Pen Nib"},{"floor":12.0,"key":"Incense Burner"},{"floor":14.0,"key":"Ancient Tea Set"},{"floor":24.0,"key":"PreservedInsect"},{"floor":26.0,"key":"Ginger"},{"floor":29.0,"key":"Boot"},{"floor":36.0,"key":"Bird Faced Urn"},{"floor":41.0,"key":"The Courier"},{"floor":44,"key":"Self Forming Clay"},{"floor":55,"key":"TungstenRod"}],"event_choices":[{"damage_healed":0.0,"max_hp_gain":0.0,"max_hp_loss":0.0,"gold_gain":0.0,"event_name":"Accursed Blacksmith","player_choice":"Forge","floor":3.0,"gold_loss":0.0,"damage_taken":0.0,"cards_upgraded":["The Bomb"]},{"damage_healed":0.0,"max_hp_gain":0.0,"max_hp_loss":0.0,"gold_gain":0.0,"event_name":"The Library","player_choice":"Read","floor":19.0,"gold_loss":0.0,"damage_taken":0.0,"cards_obtained":["Headbutt"]},{"damage_healed":0.0,"max_hp_gain":0.0,"max_hp_loss":0.0,"gold_gain":0.0,"event_name":"Cursed Tome","player_choice":"Ignored","floor":27.0,"gold_loss":0.0,"damage_taken":0.0},{"damage_healed":0.0,"max_hp_gain":0.0,"max_hp_loss":0.0,"gold_gain":0.0,"event_name":"Mysterious Sphere","player_choice":"Fight","floor":36.0,"gold_loss":0.0,"damage_taken":0.0},{"damage_healed":0,"gold_gain":0,"player_choice":"0 cards matched","damage_taken":0,"max_hp_gain":0,"max_hp_loss":0,"event_name":"Match and Keep!","floor":46,"gold_loss":0,"cards_obtained":[]}],"is_beta":true,"boss_relics":[{"not_picked":["Coffee Dripper","SacredBark"],"picked":"Snecko Eye"},{"not_picked":["Tiny House","Astrolabe"],"picked":"Mark of Pain"}],"items_purged_floors":[30,39,54],"is_endless":false,"potions_floor_spawned":[1,2,5,10,12,13,14,16,18,20,21,22,24,29,31,33,35,36,37,38,41,44,45,47,48,55],"ascension_level":20}}