{"host":"zsnmfqgcm92hlreo","time":1613883916,"event":{"mods":["AchievementEnabler","BaseMod","Bestiary","Block Reminder","Colored Map","Colored Powertips","Filter the Spire","Minty Spire (QoL Compilation)","Permanent Neow","Quick Restart","Relic Stats","StSLib","Weighted Paths"],"gold_per_floor":[117,117,77,97,117,147,147,182,228,262,262,262,296,309,309,386,386,404,429,332,351,312,312],"floor_reached":22,"language":"ENG","playtime":697,"items_purged":[],"score":599,"play_id":"236aacdf-034c-4ef3-9af2-7e33353e7aba","local_time":"20210220230516","daily_mods":["Draft","Heirloom","Flight"],"is_ascension_mode":true,"campfire_choices":[{"floor":7.0,"key":"REST"},{"data":"WindmillStrike","floor":12,"key":"SMITH"},{"data":"WheelKick","floor":15,"key":"SMITH"}],"circlet_count":0,"master_deck":["AscendersBane","SandsOfTime","Crescendo","MentalFortress","SashWhip","WindmillStrike+1","BowlingBash","Tantrum","ThirdEye","EmptyFist","Conclude+1","ThirdEye","ThirdEye","Halt","Protect","WheelKick+1","Omniscience","BowlingBash","SandsOfTime","FearNoEvil"],"relics":["Snecko Eye","Calipers","Singing Bowl","Toy Ornithopter","Art of War","Bottled Flame","Strawberry","Runic Dome","Red Mask"],"acts_visited":["Exordium","TheCity"],"potions_floor_usage":[16],"damage_taken":[{"damage":0.0,"enemies":"2 Louse","floor":1.0,"turns":2.0},{"damage":0.0,"enemies":"Cultist","floor":4.0,"turns":1.0},{"damage":0.0,"enemies":"Jaw Worm","floor":5.0,"turns":2.0},{"damage":0.0,"enemies":"Lagavulin","floor":6.0,"turns":4.0},{"damage":0.0,"enemies":"Gremlin Nob","floor":8.0,"turns":2.0},{"damage":0,"enemies":"3 Sentries","floor":10,"turns":2},{"damage":16,"enemies":"Gremlin Nob","floor":13,"turns":3},{"damage":0,"enemies":"Gremlin Gang","floor":14,"turns":2},{"damage":24,"enemies":"The Guardian","floor":16,"turns":6},{"damage":9,"enemies":"3 Byrds","floor":18,"turns":4},{"damage":0,"enemies":"Masked Bandits","floor":19,"turns":1},{"damage":15,"enemies":"Shell Parasite","floor":21,"turns":2}],"seed_played":"-3111799855246285660","potions_obtained":[{"floor":3.0,"key":"EntropicBrew"},{"floor":3.0,"key":"EntropicBrew"},{"floor":3.0,"key":"Energy Potion"},{"floor":4.0,"key":"StancePotion"},{"floor":16,"key":"SmokeBomb"},{"floor":21,"key":"LiquidBronze"}],"is_trial":true,"path_per_floor":["M","?","?","M","M","E","R","E","T","E","?","R","E","M","R","B",null,"M","?","$","M","$"],"character_chosen":"WATCHER","items_purchased":["BowlingBash","SandsOfTime","FearNoEvil"],"campfire_rested":1,"item_purchase_floors":[20,20,22],"current_hp_per_floor":[61,41,41,41,41,43,64,66,66,68,74,74,67,67,67,60,77,70,72,72,59,59,59],"gold":312,"neow_bonus":"","is_daily":false,"chose_seed":false,"campfire_upgraded":2,"win_rate":0.0,"timestamp":1613883916,"path_taken":["M","?","?","M","?","E","R","E","T","E","?","R","E","?","R","BOSS","M","?","$","M","$"],"items_purchased_type":["Card","Card","Card"],"build_version":"2020-12-22","purchased_purges":0,"victory":false,"max_hp_per_floor":[68,68,68,68,68,70,70,72,72,74,74,74,83,83,83,83,83,85,87,87,89,89,89],"relic_stats":{"Singing Bowl":14,"counters":[12,31],"Snecko Eye":[65,52,48,52],"Art of War":[1],"obtain_stats":[{"Runic Dome":17,"Bottled Flame":10,"Calipers":0,"Singing Bowl":6,"Strawberry":13,"Snecko Eye":0,"Art of War":9,"Red Mask":19,"Toy Ornithopter":8},{"Runic Dome":9,"Bottled Flame":6,"Calipers":0,"Singing Bowl":4,"Strawberry":7,"Snecko Eye":0,"Art of War":5,"Red Mask":11,"Toy Ornithopter":5},{"Runic Dome":24,"Bottled Flame":13,"Calipers":0,"Singing Bowl":9,"Strawberry":16,"Snecko Eye":0,"Art of War":11,"Red Mask":29,"Toy Ornithopter":11}],"Toy Ornithopter":5},"card_choices":[{"not_picked":["EmptyFist","FlurryOfBlows"],"picked":"SandsOfTime","floor":0.0},{"not_picked":["FlyingSleeves","Evaluate"],"picked":"Crescendo","floor":0.0},{"not_picked":["Vengeance","FollowUp"],"picked":"MentalFortress","floor":0.0},{"not_picked":["JustLucky","PathToVictory"],"picked":"SashWhip","floor":0.0},{"not_picked":["Wireheading","ReachHeaven"],"picked":"WindmillStrike","floor":0.0},{"not_picked":["ThirdEye","Consecrate"],"picked":"BowlingBash","floor":0.0},{"not_picked":["ThirdEye","CrushJoints"],"picked":"Tantrum","floor":0.0},{"not_picked":["BattleHymn","Pray"],"picked":"ThirdEye","floor":0.0},{"not_picked":["Prostrate","Crescendo"],"picked":"EmptyFist","floor":0.0},{"not_picked":["JustLucky","ForeignInfluence"],"picked":"Conclude","floor":0.0},{"not_picked":["ForeignInfluence","EmptyBody"],"picked":"ThirdEye","floor":0.0},{"not_picked":["CrushJoints","SashWhip"],"picked":"ThirdEye","floor":0.0},{"not_picked":["Prostrate","FlurryOfBlows"],"picked":"Halt","floor":0.0},{"not_picked":["Crescendo","Prostrate"],"picked":"Nirvana","floor":0.0},{"not_picked":["EmptyFist","EmptyMind"],"picked":"Protect","floor":0.0},{"not_picked":["JustLucky","CutThroughFate","ThirdEye"],"picked":"SKIP","floor":1.0},{"not_picked":["CutThroughFate","Halt","LikeWater"],"picked":"SKIP","floor":4.0},{"not_picked":["ThirdEye","Protect","FlurryOfBlows"],"picked":"SKIP","floor":5.0},{"not_picked":["Protect","ThirdEye","ReachHeaven"],"picked":"Singing Bowl","floor":6.0},{"not_picked":["Protect","Halt","FollowUp"],"picked":"Singing Bowl","floor":8.0},{"not_picked":["Wireheading","FlyingSleeves","Study"],"picked":"Singing Bowl","floor":10},{"not_picked":["Protect","InnerPeace","ThirdEye"],"picked":"Singing Bowl","floor":13},{"not_picked":["JustLucky","FlyingSleeves"],"picked":"WheelKick","floor":14},{"not_picked":["Scrawl","Blasphemy"],"picked":"Omniscience","floor":16},{"not_picked":["CutThroughFate","Nirvana","Vengeance"],"picked":"Singing Bowl","floor":18},{"not_picked":["FollowUp","EmptyFist","Evaluate"],"picked":"Singing Bowl","floor":19},{"not_picked":["Indignation","EmptyBody","BattleHymn+1"],"picked":"Singing Bowl","floor":21}],"player_experience":1252501,"relics_obtained":[{"floor":6.0,"key":"Singing Bowl"},{"floor":8.0,"key":"Toy Ornithopter"},{"floor":9.0,"key":"Art of War"},{"floor":10,"key":"Bottled Flame"},{"floor":13,"key":"Strawberry"},{"floor":19,"key":"Red Mask"}],"event_choices":[{"damage_healed":0.0,"max_hp_gain":0.0,"max_hp_loss":0.0,"gold_gain":0.0,"event_name":"Shining Light","player_choice":"Entered Light","floor":2.0,"gold_loss":0.0,"damage_taken":20.0,"cards_upgraded":["Conclude","Nirvana"]},{"damage_healed":0.0,"max_hp_gain":0.0,"max_hp_loss":0.0,"gold_gain":0.0,"event_name":"The Woman in Blue","player_choice":"Bought 3 Potions","floor":3.0,"gold_loss":0.0,"damage_taken":0.0},{"cards_removed":["Nirvana"],"damage_healed":6,"gold_gain":0,"player_choice":"Offered Uncommon","damage_taken":0,"max_hp_gain":0,"max_hp_loss":0,"event_name":"Bonfire Elementals","floor":11,"gold_loss":0},{"damage_healed":0,"gold_gain":0,"player_choice":"Fought Bandits","damage_taken":0,"max_hp_gain":0,"max_hp_loss":0,"event_name":"Masked Bandits","floor":19,"gold_loss":0}],"is_beta":false,"boss_relics":[{"not_picked":["Runic Pyramid","VioletLotus"],"picked":"Runic Dome"}],"items_purged_floors":[],"is_endless":true,"potions_floor_spawned":[4,8,13,16,21],"ascension_level":20}}