{"host":"dxw0slwvk2p0izr3","time":1613920652,"event":{"mods":["BaseMod","Downfall","Minty Spire (QoL Compilation)","Replay The Spire","Shop Mod","StSLib"],"gold_per_floor":[99,99,99,24,24,24,24,35,61,76,103,121,21,55,72,177,177,77,92,111,29,39,58,58,58,72,72,106,119,119,35,55,154,154,154,168,179,229,104,104,150,178,178,207,107,126,138,138,158,158,158,193,50,50,50,50],"floor_reached":57,"language":"ZHS","playtime":3731,"items_purged":["bronze:Defend","ReplayTheSpireMod:Splinters","Decay"],"score":1567,"play_id":"02e83fc8-0cfe-4bee-998e-9009b3d569dc","local_time":"20210221231732","is_ascension_mode":true,"campfire_choices":[{"floor":1.0,"key":"DIG"},{"data":"bronze:Replicate","floor":6.0,"key":"SMITH"},{"floor":13.0,"key":"RECALL"},{"data":"bronze:Invalidate","floor":18.0,"key":"SMITH"},{"data":"bronze:Separator","floor":30.0,"key":"SMITH"},{"floor":35.0,"key":"REST"},{"floor":40.0,"key":"REST"},{"floor":45.0,"key":"REST"},{"floor":54,"key":"REST"}],"circlet_count":0,"master_deck":["bronze:Strike+2","bronze:Defend","bronze:Replicate+1","bronze:Goto","bronze:Separator+1","bronze:Repulsor+1","bronze:InfiniteLoop+1","bronze:Invalidate+1","bronze:RecursiveStrike+1","bronze:Virus+1","bronze:ChildClass+1","bronze:ChosenStrike+1","bronze:DelayedSlice+1","bronze:InfiniteBeams+1","bronze:Overheat+1","bronze:FunctionCard","bronze:Separator+1","bronze:ClassDefault"],"relics":["bronze:BronzeCore","downfall:HeartsMalice","Golden Egg","Replay:Rubber Ducky","Thread and Needle","downfall:HeartBlessingBlue","ReplayTheSpireMod:Shallot","Kintsugi","downfall:HeartBlessingRed","InkBottle","Lizard Tail","Pantograph","Durian","Replay:Grab Bag","Sozu","Fusion Hammer","Runic Pyramid","FossilizedHelix","Replay:Baseball","Simple Rune","Gremlin Food","downfall:HeartBlessingGreen","Bronze Scales","Sling"],"acts_visited":["Exordium","TheCity","TheBeyond","TheEnding"],"potions_floor_usage":[55],"damage_taken":[{"damage":0.0,"enemies":"Jaw Worm","floor":2.0,"turns":1.0},{"damage":0.0,"enemies":"Cultist","floor":3.0,"turns":1.0},{"damage":0.0,"enemies":"downfall:FleeingMerchant","floor":4.0,"turns":1.0},{"damage":14.0,"enemies":"2 Louse","floor":8.0,"turns":2.0},{"damage":0.0,"enemies":"Gremlin Nob","floor":9.0,"turns":2.0},{"damage":8.0,"enemies":"Exordium Wildlife","floor":10.0,"turns":4.0},{"damage":32.0,"enemies":"3 Sentries","floor":11.0,"turns":6.0},{"damage":0.0,"enemies":"3 Louse","floor":12.0,"turns":3.0},{"damage":0.0,"enemies":"Lagavulin","floor":14.0,"turns":4.0},{"damage":0.0,"enemies":"Large Slime","floor":15.0,"turns":4.0},{"damage":14.0,"enemies":"DF_ARCHETYPE_STREAMLINE","floor":16.0,"turns":6.0},{"damage":19.0,"enemies":"Shell Parasite","floor":19.0,"turns":3.0},{"damage":0.0,"enemies":"downfall:LooterAlt2","floor":20.0,"turns":3.0},{"damage":0.0,"enemies":"downfall:FleeingMerchant","floor":21.0,"turns":4.0},{"damage":0.0,"enemies":"Snecko","floor":22.0,"turns":2.0},{"damage":2.0,"enemies":"Centurion and Healer","floor":23.0,"turns":3.0},{"damage":13.0,"enemies":"Shelled Parasite and Fungi","floor":26.0,"turns":2.0},{"damage":8.0,"enemies":"Gremlin Leader","floor":28.0,"turns":4.0},{"damage":0.0,"enemies":"Snecko","floor":29.0,"turns":2.0},{"damage":14.0,"enemies":"downfall:FleeingMerchant","floor":31.0,"turns":3.0},{"damage":0.0,"enemies":"Snake Plant","floor":32.0,"turns":2.0},{"damage":15.0,"enemies":"IC_MUSHROOM_ARCHETYPE","floor":33.0,"turns":2.0},{"damage":29.0,"enemies":"3 Shapes","floor":36.0,"turns":2.0},{"damage":0.0,"enemies":"Orb Walker","floor":37.0,"turns":2.0},{"damage":25.0,"enemies":"2 Orb Walkers","floor":38.0,"turns":3.0},{"damage":0.0,"enemies":"Giant Head","floor":42.0,"turns":5.0},{"damage":0.0,"enemies":"R_Hoarder","floor":44.0,"turns":4.0},{"damage":0.0,"enemies":"4 Shapes","floor":46.0,"turns":2.0},{"damage":0.0,"enemies":"Transient","floor":47.0,"turns":5.0},{"damage":0,"enemies":"Sphere and 2 Shapes","floor":49,"turns":2},{"damage":0,"enemies":"WA_ARCHETYPE_DIVINITY","floor":50,"turns":4},{"damage":0,"enemies":"downfall:CharBossMerchant","floor":52,"turns":3},{"damage":0,"enemies":"downfall:NeowBoss","floor":55,"turns":6},{"damage":87,"enemies":"downfall:NeowBossFinal","floor":56,"turns":6}],"seed_played":"8018388892308505389","potions_obtained":[{"floor":5.0,"key":"AttackPotion"},{"floor":5.0,"key":"SteroidPotion"},{"floor":5.0,"key":"champ:CounterPotion"},{"floor":9.0,"key":"LiquidMemories"},{"floor":11.0,"key":"Weak Potion"},{"floor":12.0,"key":"bronze:FreeFunctionsPotion"},{"floor":19.0,"key":"LiquidMemories"},{"floor":20.0,"key":"PowerPotion"},{"floor":26.0,"key":"Adrenaline Potion"},{"floor":32.0,"key":"Fire Potion"}],"is_trial":false,"path_per_floor":["R","M","M","$","?","R","T","M","E","M","E","M","R","E","M","B",null,"R","M","M","$","M","M","T","?","M","T","E","M","R","$","M","B",null,"R","M","M","?","$","R","T","E","?","E","R","M","M","?","M","B",null,"E","$","R","B","B",null],"character_chosen":"THE_AUTOMATON","items_purchased":["bronze:ChosenStrike","Durian","Sling"],"campfire_rested":4,"item_purchase_floors":[21,31,53],"current_hp_per_floor":[70,70,70,70,70,70,70,56,56,48,16,16,26,26,26,12,80,80,61,61,61,61,59,59,80,67,67,59,59,59,50,50,60,85,85,56,56,31,31,56,56,56,56,56,81,81,81,81,81,85,85,85,85,85,85,42],"gold":50,"neow_bonus":"THREE_ENEMY_KILL","is_daily":false,"chose_seed":false,"campfire_upgraded":3,"win_rate":0.0,"timestamp":1613920652,"path_taken":["R","M","M","$","?","R","T","M","E","M","E","M","R","E","M","BOSS","R","M","M","$","M","?","T","?","M","?","E","M","R","$","M","BOSS","R","M","M","?","$","R","T","E","?","E","R","M","M","?","M","BOSS","E","$","R","BOSS","BOSS"],"items_purchased_type":["Card","Relic","Relic"],"build_version":"2020-12-22","purchased_purges":3,"victory":true,"max_hp_per_floor":[70,70,70,70,70,70,70,70,70,70,70,70,80,80,80,80,80,80,80,80,80,80,80,80,80,80,80,80,80,80,85,85,85,85,85,85,85,85,85,85,85,85,85,85,85,85,85,85,85,85,85,85,85,85,85,85],"card_choices":[{"not_picked":["bronze:ChildClass","bronze:Allocate"],"picked":"bronze:Separator","floor":2.0},{"not_picked":["bronze:CutThrough","bronze:BitShift","bronze:BuggyMess"],"picked":"SKIP","floor":3.0},{"not_picked":["bronze:Shield","bronze:Overheat"],"picked":"bronze:Repulsor","floor":4.0},{"not_picked":["bronze:FineTuning","bronze:ForceShield","bronze:CutThrough"],"picked":"SKIP","floor":8.0},{"not_picked":["bronze:BitShift","bronze:Overheat","bronze:Shield"],"picked":"SKIP","floor":9.0},{"not_picked":["bronze:BugBarrage","bronze:Deprecate","bronze:BurnOut"],"picked":"SKIP","floor":10.0},{"not_picked":["bronze:Iterate","bronze:CleanCode"],"picked":"bronze:InfiniteLoop","floor":11.0},{"not_picked":["bronze:Deprecate","bronze:Shell"],"picked":"bronze:Invalidate","floor":12.0},{"not_picked":["bronze:BugBarrage","bronze:CleanCode"],"picked":"bronze:RecursiveStrike","floor":14.0},{"not_picked":["bronze:DelayedGuard","bronze:FineTuning","bronze:Separator"],"picked":"SKIP","floor":15.0},{"not_picked":["bronze:SpaghettiCode","bronze:ShipIt"],"picked":"bronze:Virus","floor":16.0},{"not_picked":["bronze:BitShift","bronze:Flail+1"],"picked":"bronze:ChildClass+1","floor":19.0},{"not_picked":["bronze:DelayedGuard","bronze:BugBarrage","bronze:WhirlingStrike"],"picked":"SKIP","floor":20.0},{"not_picked":["bronze:Turbo","bronze:Separator"],"picked":"bronze:CloningBeam","floor":21.0},{"not_picked":["bronze:Invalidate","bronze:Safeguard+1","bronze:Repair+1"],"picked":"SKIP","floor":22.0},{"not_picked":["bronze:Turbo","bronze:BronzeOrb"],"picked":"bronze:NullPointer+1","floor":23.0},{"not_picked":["bronze:CutThrough","bronze:Frontload"],"picked":"bronze:DelayedSlice+1","floor":26.0},{"not_picked":["bronze:Frontload+1","bronze:ChildClass"],"picked":"bronze:InfiniteBeams+1","floor":28.0},{"not_picked":["bronze:CloningBeam","bronze:Shell","bronze:InfiniteLoop"],"picked":"SKIP","floor":29.0},{"not_picked":["bronze:DigitalCarnage","bronze:Constructor","bronze:Shield"],"picked":"SKIP","floor":31.0},{"not_picked":["bronze:BitShift","bronze:CutThrough","bronze:BugBarrage"],"picked":"SKIP","floor":32.0},{"not_picked":["bronze:CleanCode","bronze:HyperBeam"],"picked":"bronze:Hardcode","floor":33.0},{"not_picked":["bronze:DelayedGuard+1","bronze:Fortify","bronze:BuggyMess+1"],"picked":"SKIP","floor":36.0},{"not_picked":["bronze:Overload+1","bronze:DelayedGuard+1"],"picked":"bronze:Overheat","floor":37.0},{"not_picked":["bronze:ForLoop+1","bronze:BitShift+1","bronze:Shell+1"],"picked":"SKIP","floor":42.0},{"not_picked":["bronze:ForLoop+1","bronze:BitShift+1","bronze:Shell+1"],"picked":"SKIP","floor":42.0},{"not_picked":["bronze:FineTuning","bronze:Backtrace"],"picked":"bronze:Separator+1","floor":44.0},{"not_picked":["bronze:BurnOut","bronze:OilSpill+1"],"picked":"bronze:ClassDefault","floor":46.0},{"not_picked":["bronze:Shell","bronze:ForceShield+1","bronze:Repulsor"],"picked":"SKIP","floor":47.0},{"not_picked":["bronze:Invalidate","bronze:ChildClass","bronze:Return+1"],"picked":"SKIP","floor":49},{"not_picked":["bronze:WhirlingStrike","bronze:Turbo","bronze:Repulsor"],"picked":"SKIP","floor":52}],"player_experience":119298,"relics_obtained":[{"floor":1.0,"key":"Golden Egg"},{"floor":9.0,"key":"Replay:Rubber Ducky"},{"floor":11.0,"key":"Thread and Needle"},{"floor":14.0,"key":"ReplayTheSpireMod:Shallot"},{"floor":24.0,"key":"InkBottle"},{"floor":27.0,"key":"Lizard Tail"},{"floor":28.0,"key":"Pantograph"},{"floor":38.0,"key":"FossilizedHelix"},{"floor":41.0,"key":"Replay:Baseball"},{"floor":42.0,"key":"Simple Rune"},{"floor":44.0,"key":"Gremlin Food"},{"floor":52,"key":"Bronze Scales"}],"event_choices":[{"damage_healed":0.0,"max_hp_gain":0.0,"max_hp_loss":0.0,"gold_gain":0.0,"event_name":"Lab","player_choice":"Got Potions","floor":5.0,"gold_loss":0.0,"damage_taken":0.0},{"damage_healed":26.0,"max_hp_gain":0.0,"max_hp_loss":0.0,"gold_gain":0.0,"event_name":"The Library","player_choice":"Heal","floor":25.0,"gold_loss":0.0,"damage_taken":0.0},{"damage_healed":0.0,"max_hp_gain":0.0,"max_hp_loss":0.0,"gold_gain":0.0,"event_name":"Mysterious Sphere","player_choice":"Fight","floor":38.0,"gold_loss":0.0,"damage_taken":0.0},{"cards_removed":["bronze:CloningBeam"],"damage_healed":0.0,"max_hp_gain":0.0,"max_hp_loss":0.0,"gold_gain":0.0,"event_name":"Falling","player_choice":"Removed Attack","floor":43.0,"gold_loss":0.0,"damage_taken":0.0}],"is_beta":false,"boss_relics":[{"not_picked":["ChewingGum","Philosopher\u0027s Stone"],"picked":"Kintsugi"},{"not_picked":["Replay:Ancient Bell","Coffee Dripper"],"picked":"Replay:Grab Bag"},{"not_picked":["Cursed Key","Velvet Choker"],"picked":"Sozu"},{"not_picked":["Runic Dome","Busted Crown"],"picked":"Fusion Hammer"},{"not_picked":["Calling Bell","bronze:PlatinumCore"],"picked":"Runic Pyramid"}],"items_purged_floors":[4,31,39],"is_endless":false,"potions_floor_spawned":[8,9,11,12,19,20,22,26,32,37,38,42,44,46],"ascension_level":3}}