{"host":"Yun Zhang","time":1613922494,"event":{"mods":["BaseMod","Hermit","HololiveMod","Jorbs\u0027s Wanderer Trilogy","Minty Spire (QoL Compilation)","Reimu（博丽灵梦）","Robot Space Explorer","StSLib","The Cursed"],"gold_per_floor":[115,126,126,139,139,139,134,165,165,165,175,195,213,212,212,189,189],"floor_reached":16,"language":"ZHS","playtime":813,"items_purged":[],"score":106,"play_id":"039c7607-fd17-40c2-a79e-2b39e4c429a0","local_time":"20210221234814","is_ascension_mode":false,"campfire_choices":[{"data":"hermit:TakeAim","floor":6.0,"key":"SMITH"},{"floor":15,"key":"REST"}],"circlet_count":0,"master_deck":["hermit:Strike_Hermit","hermit:Strike_Hermit","hermit:Strike_Hermit","hermit:Strike_Hermit","hermit:Defend_Hermit","hermit:Defend_Hermit","hermit:Defend_Hermit","hermit:Defend_Hermit","hermit:Snapshot","hermit:Covet","hermit:TakeAim+1","hermit:Deadeye","Poor:ReiMu","hermit:Malice","Regret","hermit:Headshot","hermit:Enervate","hermit:GhostlyPresence","hermit:ShadowCloak","hermit:ItchyTrigger","hermit:Virtue"],"relics":["hermit:Momento","NeowsBlessing","YidongShenshe:ReiMu","PreservedInsect","Turnip","Bottled Tornado"],"acts_visited":["Exordium"],"potions_floor_usage":[13,16,16],"damage_taken":[{"damage":0.0,"enemies":"Small Slimes","floor":1.0,"turns":1.0},{"damage":0.0,"enemies":"Jaw Worm","floor":2.0,"turns":1.0},{"damage":0.0,"enemies":"Cultist","floor":4.0,"turns":1.0},{"damage":18.0,"enemies":"Red Slaver","floor":7.0,"turns":4.0},{"damage":3,"enemies":"3 Sentries","floor":8,"turns":6},{"damage":14,"enemies":"2 Fungi Beasts","floor":11,"turns":3},{"damage":13,"enemies":"Exordium Wildlife","floor":12,"turns":4},{"damage":10,"enemies":"Looter","floor":13,"turns":2},{"damage":4,"enemies":"Large Slime","floor":14,"turns":6},{"damage":29,"enemies":"The Guardian","floor":16,"turns":6}],"seed_played":"5054968202200488273","potions_obtained":[{"floor":1.0,"key":"LiquidMemories"},{"floor":7.0,"key":"CultistPotion"},{"floor":8,"key":"Explosive Potion"},{"floor":13,"key":"ColorlessPotion"}],"is_trial":false,"path_per_floor":["M","M","?","M","?","R","M","E","T","?","M","M","M","M","R","B"],"character_chosen":"HERMIT","items_purchased":[],"campfire_rested":1,"item_purchase_floors":[],"current_hp_per_floor":[75,75,75,75,75,75,57,54,54,54,40,27,17,13,35,6,6],"gold":189,"neow_bonus":"THREE_ENEMY_KILL","is_daily":false,"chose_seed":false,"campfire_upgraded":1,"win_rate":0.0,"timestamp":1613922494,"path_taken":["M","M","?","M","?","R","M","E","T","?","M","?","M","M","R","BOSS"],"items_purchased_type":[],"build_version":"2020-12-18","purchased_purges":0,"victory":false,"max_hp_per_floor":[75,75,75,75,75,75,75,75,75,75,75,75,75,75,75,75,75],"card_choices":[{"not_picked":["hermit:SprayPray","hermit:HighCaliber"],"picked":"hermit:TakeAim","floor":1.0},{"not_picked":["hermit:Midnight","hermit:HoleUp"],"picked":"hermit:Deadeye","floor":2.0},{"not_picked":["hermit:Dive","hermit:HoleUp"],"picked":"hermit:Malice","floor":4.0},{"not_picked":["hermit:Snipe","hermit:Manifest"],"picked":"hermit:Headshot","floor":7.0},{"not_picked":["hermit:Desperado","hermit:CalledShot"],"picked":"hermit:Enervate","floor":8},{"not_picked":["hermit:Glare","hermit:Coalescence"],"picked":"hermit:GhostlyPresence","floor":11},{"not_picked":["hermit:WideOpen","hermit:Shortfuse"],"picked":"hermit:ShadowCloak","floor":12},{"not_picked":["hermit:Misfire","hermit:Showdown"],"picked":"hermit:ItchyTrigger","floor":13},{"not_picked":["hermit:Coalescence","hermit:FatalDesire"],"picked":"hermit:Virtue","floor":14}],"player_experience":327353,"relics_obtained":[{"floor":8,"key":"Turnip"},{"floor":9,"key":"Bottled Tornado"}],"event_choices":[{"damage_healed":0.0,"max_hp_gain":0.0,"max_hp_loss":0.0,"gold_gain":0.0,"event_name":"yidonshenshe","player_choice":"带走神社","floor":3.0,"gold_loss":0.0,"damage_taken":0.0,"relics_obtained":["YidongShenshe:ReiMu"],"cards_obtained":["Poor:ReiMu"]},{"damage_healed":0.0,"max_hp_gain":0.0,"max_hp_loss":0.0,"gold_gain":0.0,"event_name":"Big Fish","player_choice":"Box","floor":5.0,"gold_loss":0.0,"damage_taken":0.0,"relics_obtained":["PreservedInsect"],"cards_obtained":["Regret"]},{"damage_healed":0,"gold_gain":0,"player_choice":"Ignored","damage_taken":0,"max_hp_gain":0,"max_hp_loss":0,"event_name":"Fountain of Cleansing","floor":10,"gold_loss":0}],"is_beta":true,"boss_relics":[],"items_purged_floors":[],"is_endless":false,"potions_floor_spawned":[1,7,8,11,13],"killed_by":"The Guardian","ascension_level":0}}