{"host":"f8krwbl1oysf3v6f","time":1613867754,"event":{"mods":["AchievementEnabler","BaseMod","Colored Map","DeckTracker","Minty Spire (QoL Compilation)","Permanent Neow","READ ME - Snecko Mod","StSLib","SuperFastMode","Td1madao Mod"],"gold_per_floor":[117,127,127,6,21,21,47,47,47,47,63,63,73,73,73,178,178,189,189,89,101,201,201,213,243,291,307,320,320,331,341,341,438,438,458,476,476,496,509,509,509,528,528,553,553,553,553,573,573,573],"floor_reached":51,"language":"KOR","playtime":2594,"items_purged":["Strike_R","Strike_R"],"score":1311,"play_id":"0b63a8f0-ee47-42fe-aafe-177c8b425b6f","local_time":"20210221093554","is_ascension_mode":true,"campfire_choices":[{"data":"Entrench","floor":6.0,"key":"SMITH"},{"data":"Barricade","floor":10.0,"key":"SMITH"},{"data":"Body Slam","floor":12.0,"key":"SMITH"},{"data":"Rage","floor":15.0,"key":"SMITH"},{"data":"Pommel Strike","floor":23.0,"key":"SMITH"},{"data":"Entrench","floor":29.0,"key":"SMITH"},{"floor":32.0,"key":"REST"},{"floor":40,"key":"REST"},{"floor":46,"key":"REST"},{"floor":49,"key":"REST"}],"circlet_count":0,"master_deck":["Barricade+1","Entrench+1","Body Slam+1","Rage+1","Entrench+1","Second Wind+1","Iron Wave+1","Iron Wave+1","Iron Wave+1","Battle Trance+1"],"relics":["Burning Blood","Self Forming Clay","Bottled Flame","Philosopher\u0027s Stone","Art of War","Whetstone","Runic Dome","Charon\u0027s Ashes","Darkstone Periapt","Molten Egg 2","Bottled Tornado"],"acts_visited":["Exordium","TheCity","TheBeyond"],"potions_floor_usage":[],"damage_taken":[{"damage":6.0,"enemies":"Cultist","floor":1.0,"turns":6.0},{"damage":2.0,"enemies":"Small Slimes","floor":2.0,"turns":5.0},{"damage":0.0,"enemies":"2 Louse","floor":5.0,"turns":5.0},{"damage":19.0,"enemies":"Lagavulin","floor":7.0,"turns":14.0},{"damage":5.0,"enemies":"Looter","floor":11.0,"turns":7.0},{"damage":9.0,"enemies":"Red Slaver","floor":13.0,"turns":6.0},{"damage":0.0,"enemies":"The Guardian","floor":16.0,"turns":11.0},{"damage":11.0,"enemies":"3 Byrds","floor":18.0,"turns":5.0},{"damage":0.0,"enemies":"Chosen","floor":21.0,"turns":4.0},{"damage":11.0,"enemies":"Centurion and Healer","floor":24.0,"turns":8.0},{"damage":32.0,"enemies":"Gremlin Leader","floor":25.0,"turns":8.0},{"damage":11.0,"enemies":"Snake Plant","floor":27.0,"turns":4.0},{"damage":0.0,"enemies":"Cultist and Chosen","floor":28.0,"turns":5.0},{"damage":3.0,"enemies":"Centurion and Healer","floor":30.0,"turns":7.0},{"damage":19.0,"enemies":"3 Cultists","floor":31.0,"turns":8.0},{"damage":0.0,"enemies":"Collector","floor":33.0,"turns":3.0},{"damage":0.0,"enemies":"3 Shapes","floor":35.0,"turns":3.0},{"damage":0.0,"enemies":"3 Darklings","floor":36.0,"turns":7.0},{"damage":0,"enemies":"Spire Growth","floor":38,"turns":2},{"damage":0,"enemies":"Sphere and 2 Shapes","floor":39,"turns":3},{"damage":0,"enemies":"Transient","floor":42,"turns":3},{"damage":0,"enemies":"Nemesis","floor":44,"turns":5},{"damage":0,"enemies":"Spire Growth","floor":48,"turns":3},{"damage":0,"enemies":"Awakened One","floor":50,"turns":4}],"seed_played":"-7197330550017150164","potions_obtained":[{"floor":5.0,"key":"SteroidPotion"},{"floor":7.0,"key":"EntropicBrew"},{"floor":13.0,"key":"GamblersBrew"},{"floor":24.0,"key":"Swift Potion"}],"is_trial":false,"path_per_floor":["M","M","?","$","M","R","E","?","T","R","M","R","M","?","R","B",null,"M","?","$","M","?","R","M","E","T","M","M","R","M","M","R","B",null,"M","M","$","M","M","R","?","M","T","E","T","R","T","M","R","B",null],"character_chosen":"IRONCLAD","items_purchased":["Thunderclap"],"campfire_rested":4,"item_purchase_floors":[4],"current_hp_per_floor":[80,80,80,80,80,80,80,80,80,80,80,80,80,64,64,80,80,75,75,75,80,80,80,75,49,49,44,50,50,53,40,64,70,78,80,80,80,80,80,80,76,76,76,76,76,76,76,76,76,76],"gold":573,"neow_bonus":"ONE_RANDOM_RARE_CARD","is_daily":false,"chose_seed":false,"campfire_upgraded":6,"win_rate":0.0,"timestamp":1613867754,"path_taken":["M","M","?","$","M","R","E","?","T","R","M","R","M","?","R","BOSS","M","?","$","M","?","R","M","E","T","M","M","R","?","M","R","BOSS","M","M","$","M","M","R","?","M","T","E","?","R","?","M","R","BOSS"],"items_purchased_type":["Card"],"build_version":"2020-12-22","purchased_purges":2,"victory":true,"max_hp_per_floor":[80,80,80,80,80,80,80,80,80,80,80,80,80,80,80,80,80,80,80,80,80,80,80,80,80,80,80,80,80,80,80,80,80,80,80,80,80,80,80,80,76,76,76,76,76,76,76,76,76,76],"card_choices":[{"not_picked":["Armaments","Flame Barrier"],"picked":"Pommel Strike","floor":1.0},{"not_picked":["Dual Wield","Evolve"],"picked":"Rage","floor":2.0},{"not_picked":["Havoc","Whirlwind","Warcry"],"picked":"SKIP","floor":5.0},{"not_picked":["Warcry","Anger","True Grit"],"picked":"SKIP","floor":7.0},{"not_picked":["Reaper","Metallicize"],"picked":"Cleave","floor":11.0},{"not_picked":["Shockwave","Rage","True Grit"],"picked":"SKIP","floor":13.0},{"not_picked":["Armaments","Feel No Pain","Spot Weakness"],"picked":"SKIP","floor":18.0},{"not_picked":["Clothesline+1","Wild Strike","Anger+1"],"picked":"SKIP","floor":21.0},{"not_picked":["Anger","Heavy Blade","Havoc"],"picked":"SKIP","floor":24.0},{"not_picked":["Wild Strike","Pommel Strike","Double Tap"],"picked":"SKIP","floor":25.0},{"not_picked":["Hemokinesis","Headbutt+1","Thunderclap"],"picked":"SKIP","floor":27.0},{"not_picked":["Flex+1","Cleave"],"picked":"Entrench","floor":28.0},{"not_picked":["Sword Boomerang","Warcry"],"picked":"Second Wind+1","floor":30.0},{"not_picked":["Searing Blow","Perfected Strike","Iron Wave"],"picked":"SKIP","floor":31.0},{"not_picked":["Perfected Strike","Warcry","Iron Wave+1"],"picked":"SKIP","floor":35.0},{"not_picked":["Sword Boomerang","Iron Wave","Armaments"],"picked":"SKIP","floor":36.0},{"not_picked":["Pommel Strike+1","Body Slam+1","Inflame"],"picked":"SKIP","floor":38},{"not_picked":["Dark Embrace+1","Heavy Blade","Thunderclap"],"picked":"SKIP","floor":39},{"not_picked":["Clothesline","Headbutt+1","Havoc+1"],"picked":"SKIP","floor":42},{"not_picked":["Headbutt","Body Slam","Twin Strike+1"],"picked":"SKIP","floor":44},{"not_picked":["Thunderclap+1","Feel No Pain","Sword Boomerang+1"],"picked":"SKIP","floor":48}],"player_experience":227717,"relics_obtained":[{"floor":7.0,"key":"Self Forming Clay"},{"floor":9.0,"key":"Bottled Flame"},{"floor":25.0,"key":"Art of War"},{"floor":26.0,"key":"Whetstone"},{"floor":43,"key":"Charon\u0027s Ashes"},{"floor":44,"key":"Darkstone Periapt"},{"floor":45,"key":"Molten Egg 2"},{"floor":47,"key":"Bottled Tornado"}],"event_choices":[{"damage_healed":0.0,"max_hp_gain":0.0,"max_hp_loss":0.0,"gold_gain":0.0,"event_name":"Scrap Ooze","player_choice":"Fled","floor":3.0,"gold_loss":0.0,"damage_taken":0.0},{"damage_healed":0.0,"max_hp_gain":0.0,"max_hp_loss":0.0,"gold_gain":0.0,"event_name":"Liars Game","player_choice":"Ignored","floor":8.0,"gold_loss":0.0,"damage_taken":0.0},{"damage_healed":0.0,"max_hp_gain":0.0,"max_hp_loss":0.0,"gold_gain":0.0,"event_name":"Shining Light","player_choice":"Entered Light","floor":14.0,"gold_loss":0.0,"damage_taken":16.0,"cards_upgraded":["Bash","Defend_R"]},{"damage_healed":0.0,"max_hp_gain":0.0,"max_hp_loss":0.0,"gold_gain":0.0,"event_name":"Cursed Tome","player_choice":"Ignored","floor":19.0,"gold_loss":0.0,"damage_taken":0.0},{"damage_healed":0.0,"max_hp_gain":0.0,"max_hp_loss":0.0,"gold_gain":100.0,"event_name":"Golden Shrine","player_choice":"Pray","floor":22.0,"gold_loss":0.0,"damage_taken":0.0},{"damage_healed":0,"gold_gain":0,"player_choice":"Max HP","damage_taken":0,"max_hp_gain":0,"max_hp_loss":4,"event_name":"Winding Halls","floor":41,"gold_loss":0}],"is_beta":false,"boss_relics":[{"not_picked":["Fusion Hammer","Astrolabe"],"picked":"Philosopher\u0027s Stone"},{"not_picked":["Black Blood","Cursed Key"],"picked":"Runic Dome"}],"items_purged_floors":[4,20],"is_endless":false,"potions_floor_spawned":[5,7,13,24,25,33,36,38,44,48],"ascension_level":8}}