{"host":"5wwct7e0z3l0f094","time":1613885085,"event":{"mods":["AchievementEnabler","BaseMod","Downfall","Highlight Path","Minty Spire (QoL Compilation)","Quick Restart","StSLib","SuperFastMode"],"gold_per_floor":[111,111,61,61,78,108,108,128,128,158,177,204,233,260,260,362,362,380,380,380,396,416,416,416],"floor_reached":23,"language":"ENG","playtime":673,"items_purged":[],"score":374,"play_id":"b7e7f315-4c5b-4d37-ad29-b14e5ec558ca","local_time":"20210221002445","is_ascension_mode":true,"campfire_choices":[{"data":"Inflame","floor":7.0,"key":"SMITH"},{"data":"Demon Form","floor":15.0,"key":"SMITH"}],"circlet_count":0,"master_deck":["AscendersBane","Strike_R","Strike_R","Strike_R","Strike_R","Defend_R","Defend_R","Defend_R","Bash","Cleave","Inflame+1","Demon Form+1","Impervious","Whirlwind","Clash","Offering","Heavy Blade","Battle Trance"],"relics":["Burning Blood","NeowsBlessing","Question Card","Tiny Chest","Smiling Mask","Darkstone Periapt","Bottled Flame","Odd Mushroom","Anchor","Mark of Pain","StrikeDummy"],"acts_visited":["Exordium","TheCity"],"potions_floor_usage":[21,21],"damage_taken":[{"damage":0.0,"enemies":"2 Louse","floor":1.0,"turns":1.0},{"damage":0.0,"enemies":"Small Slimes","floor":5.0,"turns":1.0},{"damage":0.0,"enemies":"3 Sentries","floor":6.0,"turns":1.0},{"damage":9.0,"enemies":"Jaw Worm","floor":8.0,"turns":3.0},{"damage":24.0,"enemies":"Gremlin Nob","floor":10.0,"turns":4.0},{"damage":13.0,"enemies":"Red Slaver","floor":11.0,"turns":4.0},{"damage":20.0,"enemies":"Lagavulin","floor":12.0,"turns":7.0},{"damage":9.0,"enemies":"The Mushroom Lair","floor":13.0,"turns":2.0},{"damage":29.0,"enemies":"Hexaghost","floor":16.0,"turns":9.0},{"damage":23.0,"enemies":"Chosen","floor":18.0,"turns":6.0},{"damage":9,"enemies":"Spheric Guardian","floor":21,"turns":1},{"damage":24,"enemies":"Centurion and Healer","floor":22,"turns":7},{"damage":22,"enemies":"Book of Stabbing","floor":23,"turns":3}],"seed_played":"1122601503170496930","potions_obtained":[{"floor":1.0,"key":"Fire Potion"},{"floor":10.0,"key":"Fire Potion"},{"floor":12.0,"key":"SkillPotion"},{"floor":13.0,"key":"PowerPotion"},{"floor":16.0,"key":"SkillPotion"},{"floor":18.0,"key":"SteroidPotion"},{"floor":21,"key":"FearPotion"}],"is_trial":false,"path_per_floor":["M","?","?","$","M","E","R","M","T","E","M","E","?","T","R","B",null,"M","?","T","M","M","E"],"character_chosen":"IRONCLAD","items_purchased":[],"campfire_rested":0,"item_purchase_floors":[],"current_hp_per_floor":[78,75,75,75,80,80,80,77,77,59,52,38,35,35,35,12,63,46,46,46,43,25,3,3],"gold":416,"neow_bonus":"THREE_ENEMY_KILL","is_daily":false,"chose_seed":false,"campfire_upgraded":2,"win_rate":0.0,"timestamp":1613885085,"path_taken":["M","?","?","?","?","E","R","M","T","E","M","E","?","?","R","BOSS","M","?","?","M","M","E"],"items_purchased_type":[],"build_version":"2020-12-22","purchased_purges":0,"victory":false,"max_hp_per_floor":[80,80,80,80,80,80,80,80,80,80,80,80,80,80,80,80,80,80,80,80,80,80,80,80],"card_choices":[{"not_picked":["Carnage","True Grit","Reckless Charge"],"picked":"SKIP","floor":1.0},{"not_picked":["Fire Breathing","Dark Embrace","Sword Boomerang"],"picked":"Cleave","floor":5.0},{"not_picked":["Havoc","Headbutt","Warcry"],"picked":"Inflame","floor":6.0},{"not_picked":["Clash","Twin Strike","Iron Wave"],"picked":"Demon Form","floor":8.0},{"not_picked":["Armaments","Twin Strike","Barricade"],"picked":"Impervious","floor":10.0},{"not_picked":["Wild Strike","Iron Wave","Cleave"],"picked":"Whirlwind","floor":11.0},{"not_picked":["Infernal Blade","Reckless Charge","Seeing Red"],"picked":"Clash","floor":12.0},{"not_picked":["Ghostly Armor","Sentinel","Headbutt"],"picked":"Offering","floor":13.0},{"not_picked":["Second Wind","Iron Wave","Clash"],"picked":"Heavy Blade","floor":18.0},{"not_picked":["Body Slam","Fire Breathing","Searing Blow+1"],"picked":"Battle Trance","floor":21},{"not_picked":["Havoc","Iron Wave","Rage","Searing Blow"],"picked":"SKIP","floor":22}],"player_experience":350896,"relics_obtained":[{"floor":6.0,"key":"Tiny Chest"},{"floor":9.0,"key":"Smiling Mask"},{"floor":10.0,"key":"Darkstone Periapt"},{"floor":12.0,"key":"Bottled Flame"},{"floor":13.0,"key":"Odd Mushroom"},{"floor":14.0,"key":"Anchor"},{"floor":20.0,"key":"StrikeDummy"}],"event_choices":[{"damage_healed":0.0,"max_hp_gain":0.0,"max_hp_loss":0.0,"gold_gain":0.0,"event_name":"Scrap Ooze","player_choice":"Success","floor":2.0,"gold_loss":0.0,"damage_taken":3.0,"relics_obtained":["Question Card"]},{"cards_removed":["Defend_R"],"damage_healed":0.0,"max_hp_gain":0.0,"max_hp_loss":0.0,"gold_gain":0.0,"event_name":"The Cleric","player_choice":"Card Removal","floor":3.0,"gold_loss":50.0,"damage_taken":0.0},{"damage_healed":0.0,"max_hp_gain":0.0,"max_hp_loss":0.0,"gold_gain":0.0,"event_name":"Mushrooms","player_choice":"Fought Mushrooms","floor":13.0,"gold_loss":0.0,"damage_taken":0.0},{"cards_removed":["Strike_R"],"damage_healed":0.0,"max_hp_gain":0.0,"max_hp_loss":0.0,"gold_gain":0.0,"event_name":"Back to Basics","player_choice":"Elegance","floor":19.0,"gold_loss":0.0,"damage_taken":0.0}],"is_beta":false,"boss_relics":[{"not_picked":["Tiny House","Black Blood"],"picked":"Mark of Pain"}],"items_purged_floors":[],"is_endless":false,"potions_floor_spawned":[1,10,12,13,16,18,21],"killed_by":"Book of Stabbing","ascension_level":12}}