{"host":"otnudku6n3tqcmrv","time":1613919817,"event":{"mods":["BaseMod","CapriCore","Colored Map","DeckTracker","KOR Keyword Fix","Keyboard Shortcuts","Minty Spire (QoL Compilation)","Quick Restart","StSLib","SuperFastMode","The Immortal","Waifu the Spire","everything is the same but u backflip on backflip"],"gold_per_floor":[116,191,62,79,96,96,111,111,136,36,36,53,72,92,92,194,194,212,212,228,246,246,246,271,283,283,299,37,136,136,136,136,136],"floor_reached":31,"language":"KOR","playtime":834,"items_purged":["MokouMod:Strike","MokouMod:Defend"],"score":274,"play_id":"803bac5a-f76a-4fb8-8d21-756607000862","local_time":"20210222000337","is_ascension_mode":false,"campfire_choices":[{"floor":6,"key":"REST"},{"floor":8,"key":"REST"},{"data":"MokouMod:Firecracker","floor":11,"key":"SMITH"},{"data":"MokouMod:Fireball","floor":15,"key":"SMITH"},{"floor":23,"key":"REST"}],"circlet_count":0,"master_deck":["MokouMod:Strike","MokouMod:Strike","MokouMod:Strike","MokouMod:Defend","MokouMod:Defend","MokouMod:Defend","MokouMod:HeatSpark","MokouMod:Extinguish","MokouMod:WarmUp","MokouMod:Firecracker+1","MokouMod:BurningDraft","MokouMod:Overheat","MokouMod:Fireball+1","MokouMod:Geothermal","MokouMod:SearingBlow","MokouMod:PhoenixFeathers+1","MokouMod:Cataclysm+1","MokouMod:ControlledCombustion","MokouMod:Burn+1"],"relics":["MokouMod:PhoenixFeather","Akabeko","Velvet Choker","Thread and Needle","Du-Vu Doll","Regal Pillow","Calipers","Sundial","Meat on the Bone","Toxic Egg 2"],"acts_visited":["Exordium","TheCity"],"potions_floor_usage":[7,16,27,31,31],"damage_taken":[{"damage":6,"enemies":"2 Louse","floor":1,"turns":3},{"damage":13,"enemies":"Cultist","floor":4,"turns":5},{"damage":10,"enemies":"Small Slimes","floor":5,"turns":5},{"damage":13,"enemies":"Red Slaver","floor":7,"turns":4},{"damage":8,"enemies":"3 Louse","floor":12,"turns":3},{"damage":2,"enemies":"Blue Slaver","floor":13,"turns":5},{"damage":11,"enemies":"Exordium Wildlife","floor":14,"turns":2},{"damage":45,"enemies":"Slime Boss","floor":16,"turns":10},{"damage":10,"enemies":"2 Thieves","floor":18,"turns":3},{"damage":5,"enemies":"Chosen","floor":20,"turns":4},{"damage":25,"enemies":"Snecko","floor":21,"turns":7},{"damage":0,"enemies":"Gremlin Leader","floor":24,"turns":4},{"damage":2,"enemies":"Centurion and Healer","floor":25,"turns":5},{"damage":63,"enemies":"Cultist and Chosen","floor":27,"turns":9},{"damage":27,"enemies":"Book of Stabbing","floor":31,"turns":7}],"seed_played":"-7452556567736568403","potions_obtained":[{"floor":1,"key":"Swift Potion"},{"floor":4,"key":"AttackPotion"},{"floor":5,"key":"SpeedPotion"},{"floor":7,"key":"Weak Potion"},{"floor":24,"key":"Fire Potion"},{"floor":27,"key":"ColorlessPotion"}],"is_trial":false,"path_per_floor":["M","?","$","M","M","R","M","R","T","$","R","M","M","M","R","B",null,"M","?","M","M","?","R","E","M","T","M","$","?","T","E"],"character_chosen":"MKU","items_purchased":["MokouMod:Firecracker","Meat on the Bone"],"campfire_rested":3,"item_purchase_floors":[3,28],"current_hp_per_floor":[48,41,41,28,18,40,27,49,49,49,49,41,39,28,28,2,75,65,65,60,35,35,57,57,55,55,18,18,18,18,12,12,12],"gold":136,"neow_bonus":"THREE_RARE_CARDS","is_daily":false,"chose_seed":false,"campfire_upgraded":2,"win_rate":0.0,"timestamp":1613919817,"path_taken":["M","?","$","M","?","R","M","R","T","$","R","M","M","M","R","BOSS","M","?","M","?","?","R","E","M","T","M","$","?","?","E"],"items_purchased_type":["Card","Relic"],"build_version":"2020-12-22","purchased_purges":2,"victory":false,"max_hp_per_floor":[75,75,75,75,75,75,75,75,75,75,75,75,75,75,75,75,75,75,75,75,75,75,75,75,75,75,75,75,75,75,75,75,75],"card_choices":[{"not_picked":["MokouMod:SacredFire","MokouMod:SearingBlow"],"picked":"MokouMod:Extinguish","floor":0},{"not_picked":["MokouMod:IgneousBlow","MokouMod:Singe"],"picked":"MokouMod:WarmUp","floor":1},{"not_picked":["MokouMod:Afterburner","MokouMod:Wildfire"],"picked":"MokouMod:BurningDraft","floor":4},{"not_picked":["MokouMod:BurningDraft","MokouMod:AdaptivePyromancy","MokouMod:FujiyamaVolcano"],"picked":"SKIP","floor":5},{"not_picked":["MokouMod:SearingShot","MokouMod:IndiscriminateIgnition","MokouMod:IgnitionBlast"],"picked":"SKIP","floor":7},{"not_picked":["MokouMod:ImperishableFlame","MokouMod:Trailblazer"],"picked":"MokouMod:Overheat","floor":12},{"not_picked":["MokouMod:ScorchedEarth","MokouMod:FujiyamaVolcano"],"picked":"MokouMod:Fireball","floor":13},{"not_picked":["MokouMod:RoaringFlare","MokouMod:TemporalFireSeal","MokouMod:BlazingComet"],"picked":"SKIP","floor":14},{"not_picked":["MokouMod:ProfanedFlare","MokouMod:ResonatingAura"],"picked":"MokouMod:Geothermal","floor":16},{"not_picked":["MokouMod:SearingShot","MokouMod:BlazingComet","MokouMod:EternalBurstReactor+1"],"picked":"SKIP","floor":18},{"not_picked":["MokouMod:IndiscriminateIgnition+1","MokouMod:FlareStarter"],"picked":"MokouMod:PhoenixFeathers+1","floor":20},{"not_picked":["MokouMod:AdaptivePyromancy+1","MokouMod:Ember+1"],"picked":"MokouMod:Cataclysm+1","floor":21},{"not_picked":["MokouMod:InfernalWave+1","MokouMod:PhoenixForm","MokouMod:AdaptivePyromancy+1"],"picked":"SKIP","floor":24},{"not_picked":["MokouMod:HeatTransfer","MokouMod:Sear"],"picked":"MokouMod:ControlledCombustion","floor":25},{"not_picked":["MokouMod:Refresh","MokouMod:ScorchedEarth"],"picked":"MokouMod:Burn+1","floor":27}],"player_experience":1308374,"relics_obtained":[{"floor":9,"key":"Akabeko"},{"floor":21,"key":"Thread and Needle"},{"floor":24,"key":"Du-Vu Doll"},{"floor":24,"key":"Regal Pillow"},{"floor":25,"key":"Calipers"},{"floor":26,"key":"Sundial"},{"floor":30,"key":"Toxic Egg 2"}],"event_choices":[{"damage_healed":0,"gold_gain":75,"player_choice":"Touch","damage_taken":7,"max_hp_gain":0,"max_hp_loss":0,"event_name":"FaceTrader","floor":2,"gold_loss":0},{"damage_healed":0,"gold_gain":0,"cards_transformed":["MokouMod:Strike"],"player_choice":"Transformed","damage_taken":0,"max_hp_gain":0,"max_hp_loss":0,"event_name":"Transmorgrifier","floor":19,"gold_loss":0,"cards_obtained":["MokouMod:SearingBlow"]},{"damage_healed":0,"gold_gain":0,"player_choice":"Ignored","damage_taken":0,"max_hp_gain":0,"max_hp_loss":0,"event_name":"Cursed Tome","floor":22,"gold_loss":0},{"damage_healed":0,"gold_gain":99,"player_choice":"Stole From Cult","damage_taken":0,"max_hp_gain":0,"max_hp_loss":0,"event_name":"Nest","floor":29,"gold_loss":0}],"is_beta":false,"boss_relics":[{"not_picked":["Fusion Hammer","SlaversCollar"],"picked":"Velvet Choker"}],"items_purged_floors":[3,10],"is_endless":false,"potions_floor_spawned":[1,4,5,7,24,25,27],"killed_by":"Book of Stabbing","ascension_level":0}}