{"host":"k6z9sa1v2hbtaqnj","time":1613880140,"event":{"mods":["BaseMod","Downfall","Marisa????????","Minty Spire (QoL Compilation)","StSLib"],"gold_per_floor":[99,116,131,145,161,192,215,115,125,125,125,139,139,167,184,286,286,286,386,403,403,422,59,59,100,42,56,4,4,39,64,90,203,203,103,129,186,206,224,266,266,430,430,458,458,458,458,6,22,22],"floor_reached":51,"language":"ENG","playtime":8252,"items_purged":["Regret","Shame","Normality","downfall:Icky"],"score":854,"play_id":"c9f37540-42ac-4064-ae8c-be71b728d4c0","local_time":"20210220220220","is_ascension_mode":false,"campfire_choices":[{"data":"hexamod:Sear","floor":1.0,"key":"SMITH"},{"data":"hexamod:Float","floor":8.0,"key":"SMITH"},{"floor":13.0,"key":"REST"},{"data":"hexamod:Again","floor":18.0,"key":"SMITH"},{"data":"hexamod:ForkedFlame","floor":35,"key":"SMITH"},{"data":"hexamod:WildfireWeapon","floor":43,"key":"SMITH"},{"floor":47,"key":"REST"}],"circlet_count":0,"master_deck":["hexamod:Strike","hexamod:Strike","hexamod:Strike","hexamod:Strike","hexamod:Defend","hexamod:Defend","hexamod:Defend+1","hexamod:Defend","hexamod:Sear+1","hexamod:Float+1","hexamod:RadiantFlame","hexamod:HauntingEcho","hexamod:FastForward","hexamod:StepThrough","hexamod:InspiringFlames+1","hexamod:FourthSeal","hexamod:Again+1","hexamod:WildfireWeapon+1","hexamod:GhostOfSpireFuture+1","hexamod:ShieldOfDarkness","hexamod:CatchUp","hexamod:HexaLevel","hexamod:SkipABeat","hexamod:AdvancingGuard+1","hexamod:GhostOfSpirePresent","hexamod:RecurringNightmare","hexamod:FastForward","hexamod:EmpoweredFlame+1","hexamod:SecondSeal","hexamod:GhostOfSpirePast","hexamod:PhantomCloak","hexamod:HeatMetal","hexamod:ForkedFlame+1","CurseOfTheBell","hexamod:SwordOfDarkness+1","hexamod:StepThrough","hexamod:ChargedBarrage+1","hexamod:SkipABeat","hexamod:SkipABeat+1","expansioncontent:YouAreMine","expansioncontent:PrepareCrush","expansioncontent:PrepareCrush","hexamod:GhostOfSpireFuture","Secret Weapon","hexamod:GhostOfSpireFuture+1"],"relics":["hexamod:SpiritBrand","Smiling Mask","downfall:HeartBlessingBlue","MealTicket","Mummified Hand","Cursed Key","Gambling Chip","InkBottle","Membership Card","Toy Ornithopter","Potion Belt","Kunai","HornCleat","hexamod:TheBrokenSeal","Enchiridion","Mango","Calling Bell","Orichalcum","Gremlin Horn","TungstenRod","downfall:HeartBlessingGreen","WingedGreaves","Regal Pillow","Meat on the Bone","Mercury Hourglass","Boot","Anchor","HandDrill","Strawberry"],"acts_visited":["Exordium","TheCity","TheBeyond"],"potions_floor_usage":[38,38,40,40,40,42,42,50,50,50,50],"damage_taken":[{"damage":1.0,"enemies":"Cultist","floor":2.0,"turns":4.0},{"damage":2.0,"enemies":"2 Louse","floor":3.0,"turns":3.0},{"damage":0.0,"enemies":"Small Slimes","floor":4.0,"turns":3.0},{"damage":8.0,"enemies":"2 Fungi Beasts","floor":5.0,"turns":3.0},{"damage":19.0,"enemies":"3 Sentries","floor":6.0,"turns":7.0},{"damage":14.0,"enemies":"Exordium Thugs","floor":9.0,"turns":4.0},{"damage":8.0,"enemies":"Lots of Slimes","floor":12.0,"turns":5.0},{"damage":21.0,"enemies":"Gremlin Nob","floor":14.0,"turns":4.0},{"damage":3.0,"enemies":"Red Slaver","floor":15.0,"turns":3.0},{"damage":28.0,"enemies":"SI_SHIV_ARCHETYPE","floor":16.0,"turns":9.0},{"damage":30.0,"enemies":"IC_STATUS_ARCHETYPE","floor":19.0,"turns":9.0},{"damage":11.0,"enemies":"3 Byrds","floor":20.0,"turns":5.0},{"damage":10.0,"enemies":"Shell Parasite","floor":22.0,"turns":6.0},{"damage":6.0,"enemies":"downfall:FleeingMerchant","floor":23.0,"turns":4.0},{"damage":35.0,"enemies":"Gremlin Leader","floor":25.0,"turns":7.0},{"damage":0.0,"enemies":"downfall:FleeingMerchant","floor":26.0,"turns":4.0},{"damage":0.0,"enemies":"Chosen and Byrds","floor":27.0,"turns":5.0},{"damage":0.0,"enemies":"downfall:FleeingMerchant","floor":28.0,"turns":4.0},{"damage":15.0,"enemies":"Slavers","floor":30.0,"turns":5.0},{"damage":0.0,"enemies":"Snake Plant","floor":31.0,"turns":4.0},{"damage":0.0,"enemies":"3 Cultists","floor":32.0,"turns":5.0},{"damage":9.0,"enemies":"WA_ARCHETYPE_CALM","floor":33.0,"turns":8.0},{"damage":0,"enemies":"3 Shapes","floor":36,"turns":5},{"damage":38,"enemies":"2 Orb Walkers","floor":37,"turns":5},{"damage":0,"enemies":"Orb Walker","floor":38,"turns":3},{"damage":13,"enemies":"Sphere and 2 Shapes","floor":39,"turns":5},{"damage":40,"enemies":"Giant Head","floor":40,"turns":8},{"damage":0,"enemies":"downfall:FleeingMerchant","floor":42,"turns":3},{"damage":1,"enemies":"Spire Growth","floor":44,"turns":4},{"damage":0,"enemies":"Transient","floor":49,"turns":5},{"damage":94,"enemies":"IC_BLOCK_ARCHETYPE","floor":50,"turns":9}],"seed_played":"-3809929459197519551","potions_obtained":[{"floor":2.0,"key":"SneckoOil"},{"floor":3.0,"key":"Block Potion"},{"floor":6.0,"key":"Dexterity Potion"},{"floor":9.0,"key":"hexamod:SoulburnPotion"},{"floor":9.0,"key":"FearPotion"},{"floor":14.0,"key":"sneckomod:MuddlingPotion"},{"floor":16.0,"key":"Ancient Potion"},{"floor":19.0,"key":"ColorlessPotion"},{"floor":19.0,"key":"champ:CounterPotion"},{"floor":20.0,"key":"hexamod:DoubleChargePotion"},{"floor":20.0,"key":"Swift Potion"},{"floor":22.0,"key":"Regen Potion"},{"floor":22.0,"key":"Weak Potion"},{"floor":23.0,"key":"champ:CounterPotion"},{"floor":25.0,"key":"Ancient Potion"},{"floor":25.0,"key":"SneckoOil"},{"floor":25.0,"key":"PowerPotion"},{"floor":26.0,"key":"FearPotion"},{"floor":27.0,"key":"Strength Potion"},{"floor":28.0,"key":"hexamod:SoulburnPotion"},{"floor":31.0,"key":"SteroidPotion"},{"floor":32.0,"key":"DistilledChaos"},{"floor":32.0,"key":"ColorlessPotion"},{"floor":33.0,"key":"Ancient Potion"},{"floor":36,"key":"SteroidPotion"},{"floor":37,"key":"Slimebound:ThreeZeroPotion"},{"floor":37,"key":"PowerPotion"},{"floor":38,"key":"Explosive Potion"},{"floor":39,"key":"hexamod:DoubleChargePotion"},{"floor":40,"key":"Energy Potion"},{"floor":49,"key":"ColorlessPotion"}],"is_trial":false,"path_per_floor":["R","M","M","M","M","E","T","R","M","?","?","M","R","E","M","B",null,"R","?","M","?","M","$","T","E","$","M","$","?","E","M","M","B",null,"R","M","?","M","M","E","T","$","R","M","?","T","R","$","M","B",null],"character_chosen":"THE_SPIRIT","items_purchased":["Membership Card","Toy Ornithopter","Potion Belt","hexamod:GhostOfSpirePast","Mercury Hourglass","Anchor","HandDrill","Strawberry","AttackPotion","hexamod:GhostOfSpireFuture","hexamod:SoulburnPotion","Secret Weapon"],"campfire_rested":2,"item_purchase_floors":[23,23,23,28,42,48,48,48,48,48,48,48],"current_hp_per_floor":[77,76,74,74,66,47,47,57,43,43,43,35,61,40,37,9,87,87,57,53,53,50,66,66,68,97,97,97,81,80,80,80,86,111,111,111,73,83,70,45,45,70,70,69,60,60,108,118,118,36],"gold":22,"neow_bonus":"TEN_PERCENT_HP_BONUS","is_daily":false,"chose_seed":false,"campfire_upgraded":5,"win_rate":0.0,"timestamp":1613880140,"path_taken":["R","M","M","M","M","E","T","R","?","?","?","?","R","E","M","BOSS","R","?","M","?","?","$","T","E","$","?","?","?","E","?","M","BOSS","R","M","?","M","M","E","T","$","R","M","?","?","R","$","M","BOSS"],"items_purchased_type":["Relic","Relic","Relic","Card","Relic","Relic","Relic","Relic","Potion","Card","Potion","Card"],"build_version":"2020-12-22","purchased_purges":4,"victory":true,"max_hp_per_floor":[77,77,77,77,77,77,77,87,87,87,87,87,87,87,87,87,87,87,87,87,87,87,87,87,87,97,97,97,97,111,111,111,111,111,111,111,111,111,111,111,111,111,111,111,111,111,111,118,118,118],"card_choices":[{"not_picked":["hexamod:InspiringFlames","hexamod:SkipABeat"],"picked":"hexamod:RadiantFlame","floor":2.0},{"not_picked":["hexamod:NightmareGuise","hexamod:BurningTouch"],"picked":"hexamod:HauntingEcho","floor":3.0},{"not_picked":["hexamod:HauntingEcho","hexamod:ThermalTransfer"],"picked":"hexamod:FastForward","floor":4.0},{"not_picked":["hexamod:FastForward","hexamod:Hexaguard"],"picked":"hexamod:StepThrough","floor":5.0},{"not_picked":["hexamod:SpectersWail","hexamod:SoulSteal"],"picked":"hexamod:FourthSeal","floor":6.0},{"not_picked":["hexamod:HauntingEcho","hexamod:GhostflameBarrier"],"picked":"hexamod:InspiringFlames","floor":9.0},{"not_picked":["hexamod:FourthSeal","hexamod:Firestarter"],"picked":"hexamod:Again","floor":12.0},{"not_picked":["hexamod:RetreatToShadows","hexamod:Firestarter"],"picked":"hexamod:WildfireWeapon","floor":14.0},{"not_picked":["hexamod:Incineration","hexamod:HauntingEcho"],"picked":"hexamod:GhostOfSpireFuture","floor":15.0},{"not_picked":["hexamod:GhostflameInferno","hexamod:UnleashSpirits"],"picked":"hexamod:FifthSeal","floor":16.0},{"not_picked":["hexamod:SecondSeal","hexamod:ThirdSeal"],"picked":"hexamod:FirstSeal","floor":19.0},{"not_picked":["hexamod:GhostShield","hexamod:Haunt"],"picked":"hexamod:ShieldOfDarkness","floor":19.0},{"not_picked":["hexamod:ThirdSeal","hexamod:FirstSeal"],"picked":"hexamod:SixthSeal","floor":20.0},{"not_picked":["hexamod:RadiantFlame","hexamod:SwordOfDarkness"],"picked":"hexamod:CatchUp","floor":20.0},{"not_picked":["hexamod:HeatShield","hexamod:InspiringFlames"],"picked":"hexamod:SkipABeat","floor":22.0},{"not_picked":["hexamod:FirstSeal","hexamod:ThirdSeal"],"picked":"hexamod:SecondSeal","floor":23.0},{"not_picked":["hexamod:HeatShield+1","hexamod:ShieldOfDarkness"],"picked":"hexamod:AdvancingGuard+1","floor":23.0},{"not_picked":["hexamod:Firestarter","hexamod:GhostShield"],"picked":"hexamod:GhostOfSpirePresent","floor":25.0},{"not_picked":["hexamod:FourthSeal","hexamod:FirstSeal"],"picked":"hexamod:ThirdSeal","floor":25.0},{"not_picked":["hexamod:BacktrackSmack","hexamod:ThermalTransfer"],"picked":"hexamod:RecurringNightmare","floor":26.0},{"not_picked":["hexamod:ShieldOfDarkness+1","hexamod:PhantomFireball"],"picked":"hexamod:FastForward","floor":26.0},{"not_picked":["hexamod:Incineration","hexamod:Hexaguard"],"picked":"hexamod:EmpoweredFlame+1","floor":27.0},{"not_picked":["hexamod:CatchUp","hexamod:RainOfEmbers"],"picked":"hexamod:SecondSeal","floor":28.0},{"not_picked":["hexamod:NightmareGuise","hexamod:ShieldOfDarkness+1"],"picked":"hexamod:PhantomCloak","floor":30.0},{"not_picked":["hexamod:RecurringNightmare","hexamod:Incineration"],"picked":"hexamod:HeatMetal","floor":31.0},{"not_picked":["hexamod:NightmareGuise","hexamod:GhostLash","hexamod:SecondSeal"],"picked":"SKIP","floor":32.0},{"not_picked":["hexamod:FifthSeal","hexamod:TimeOfNeed"],"picked":"hexamod:ForkedFlame","floor":33.0},{"not_picked":["hexamod:GhostShield+1","hexamod:ShieldOfDarkness"],"picked":"hexamod:SwordOfDarkness+1","floor":36},{"not_picked":["hexamod:Hexaguard","hexamod:BurningTouch"],"picked":"hexamod:StepThrough","floor":37},{"not_picked":["hexamod:GhostShield+1","hexamod:RetreatToShadows+1"],"picked":"hexamod:ChargedBarrage+1","floor":38},{"not_picked":["hexamod:AdvancingGuard","hexamod:BurningTouch","hexamod:GhostLash"],"picked":"SKIP","floor":39},{"not_picked":["hexamod:VolcanoVisage","hexamod:ShieldOfDarkness+1"],"picked":"hexamod:SkipABeat","floor":40},{"not_picked":["hexamod:GhostShield+1","hexamod:NightmareGuise+1"],"picked":"hexamod:SkipABeat+1","floor":42},{"not_picked":["hexamod:Hexaguard+1","hexamod:HauntingEcho","hexamod:FourthSeal"],"picked":"SKIP","floor":44},{"not_picked":["expansioncontent:PolyBeam","expansioncontent:GuardianWhirl"],"picked":"expansioncontent:YouAreMine","floor":45},{"not_picked":["expansioncontent:Chronoboost","expansioncontent:HyperBeam"],"picked":"expansioncontent:PrepareCrush","floor":45},{"not_picked":["expansioncontent:Chronoboost","expansioncontent:YouAreMine"],"picked":"expansioncontent:PrepareCrush","floor":45},{"not_picked":["hexamod:SpectersWail","hexamod:SwordOfDarkness+1"],"picked":"hexamod:GhostOfSpireFuture+1","floor":49}],"player_experience":499692,"relics_obtained":[{"floor":6.0,"key":"Smiling Mask"},{"floor":14.0,"key":"Mummified Hand"},{"floor":19.0,"key":"Gambling Chip"},{"floor":19.0,"key":"InkBottle"},{"floor":24.0,"key":"Kunai"},{"floor":25.0,"key":"HornCleat"},{"floor":29.0,"key":"Enchiridion"},{"floor":30.0,"key":"Mango"},{"floor":34,"key":"Orichalcum"},{"floor":34,"key":"Gremlin Horn"},{"floor":34,"key":"TungstenRod"},{"floor":37,"key":"WingedGreaves"},{"floor":40,"key":"Regal Pillow"},{"floor":41,"key":"Meat on the Bone"},{"floor":46,"key":"Boot"}],"event_choices":[{"damage_healed":0.0,"max_hp_gain":0.0,"max_hp_loss":0.0,"gold_gain":0.0,"event_name":"Big Fish","player_choice":"Box","floor":10.0,"gold_loss":0.0,"damage_taken":0.0,"relics_obtained":["MealTicket"],"cards_obtained":["Regret"]},{"damage_healed":0.0,"max_hp_gain":0.0,"max_hp_loss":0.0,"gold_gain":0.0,"event_name":"The Library","player_choice":"Read","floor":21.0,"gold_loss":0.0,"damage_taken":0.0,"cards_obtained":["hexamod:HexaLevel"]},{"damage_healed":0,"gold_gain":0,"player_choice":"Fight","damage_taken":0,"max_hp_gain":0,"max_hp_loss":0,"event_name":"Mysterious Sphere","floor":37,"gold_loss":0}],"is_beta":false,"boss_relics":[{"not_picked":["Sozu","Astrolabe"],"picked":"Cursed Key"},{"not_picked":["Pandora\u0027s Box","Tiny House"],"picked":"Calling Bell"}],"items_purged_floors":[23,26,42,48],"is_endless":false,"potions_floor_spawned":[2,3,6,9,20,25,31,32,36,37,39,49],"ascension_level":0}}