{"host":"vjt3l4e4gk5t90rp","time":1613922463,"event":{"mods":["BaseMod","Colored Map","Highlight Path","Minty Spire (QoL Compilation)","StSLib"],"gold_per_floor":[10,24,34,48,59,92,92,109,109,109,121,150,227,238,238,337,337,347,191,206,206,206,237,250,270,270,301,301,311,109,121,121,218,218,235,235,0,10,10,44,57,57,57,57,76,76,95,67,67,67,67],"floor_reached":50,"language":"KOR","playtime":4175,"items_purged":["Strike_G","Strike_G"],"score":661,"play_id":"dfbfb415-0c6f-4b2b-a5c7-d85d579d8f19","local_time":"20210222004743","is_ascension_mode":true,"campfire_choices":[{"floor":7.0,"key":"REST"},{"data":"Terror","floor":10.0,"key":"SMITH"},{"floor":15.0,"key":"REST"},{"floor":28.0,"key":"REST"},{"data":"Calculated Gamble","floor":32.0,"key":"SMITH"},{"floor":44.0,"key":"RECALL"},{"floor":49.0,"key":"REST"}],"circlet_count":0,"master_deck":["Strike_G","Strike_G","Strike_G","Defend_G","Defend_G","Defend_G","Defend_G","Defend_G","Survivor","Neutralize","Backflip+1","Dagger Spray","Backstab","Well Laid Plans","Terror+1","Corpse Explosion","Calculated Gamble+1","Bullet Time+1","CurseOfTheBell","Cloak And Dagger","Trip","Shame","Blade Dance","Backstab","Blade Dance+1","Bouncing Flask","Malaise","Backflip","Noxious Fumes","Noxious Fumes","Storm of Steel","Cloak And Dagger","Writhe","Reflex+1","Deep Breath","Jack Of All Trades","Panacea","Unload+1","Catalyst","Regret","Footwork"],"relics":["Ring of the Snake","Kunai","The Courier","Oddly Smooth Stone","Calling Bell","Paper Crane","War Paint","Du-Vu Doll","Thread and Needle","Ornamental Fan","Shuriken","Art of War","Cursed Key","Tough Bandages","Molten Egg 2"],"acts_visited":["Exordium","TheCity","TheBeyond"],"potions_floor_usage":[50,50],"damage_taken":[{"damage":6.0,"enemies":"Cultist","floor":1.0,"turns":5.0},{"damage":1.0,"enemies":"Small Slimes","floor":2.0,"turns":4.0},{"damage":3.0,"enemies":"Jaw Worm","floor":3.0,"turns":4.0},{"damage":1.0,"enemies":"Blue Slaver","floor":4.0,"turns":5.0},{"damage":7.0,"enemies":"Large Slime","floor":5.0,"turns":9.0},{"damage":26.0,"enemies":"Gremlin Nob","floor":6.0,"turns":4.0},{"damage":4.0,"enemies":"3 Louse","floor":8.0,"turns":4.0},{"damage":0.0,"enemies":"2 Fungi Beasts","floor":11.0,"turns":1.0},{"damage":17.0,"enemies":"3 Sentries","floor":12.0,"turns":9.0},{"damage":2.0,"enemies":"Exordium Thugs","floor":14.0,"turns":4.0},{"damage":30.0,"enemies":"Hexaghost","floor":16.0,"turns":15.0},{"damage":6.0,"enemies":"3 Byrds","floor":18.0,"turns":3.0},{"damage":1.0,"enemies":"Chosen","floor":20.0,"turns":6.0},{"damage":13.0,"enemies":"Slavers","floor":23.0,"turns":3.0},{"damage":2.0,"enemies":"Centurion and Healer","floor":24.0,"turns":4.0},{"damage":12.0,"enemies":"3 Cultists","floor":25.0,"turns":4.0},{"damage":23.0,"enemies":"Book of Stabbing","floor":27.0,"turns":5.0},{"damage":5.0,"enemies":"Snake Plant","floor":29.0,"turns":4.0},{"damage":0.0,"enemies":"Snecko","floor":31.0,"turns":2.0},{"damage":13.0,"enemies":"Automaton","floor":33.0,"turns":8.0},{"damage":22.0,"enemies":"3 Shapes","floor":35.0,"turns":5.0},{"damage":0.0,"enemies":"Orb Walker","floor":38.0,"turns":3.0},{"damage":0.0,"enemies":"Nemesis","floor":40.0,"turns":7.0},{"damage":0.0,"enemies":"Sphere and 2 Shapes","floor":41.0,"turns":3.0},{"damage":3.0,"enemies":"3 Darklings","floor":45.0,"turns":3.0},{"damage":25.0,"enemies":"Transient","floor":47.0,"turns":5.0},{"damage":77,"enemies":"Donu and Deca","floor":50,"turns":8}],"seed_played":"-8511290606733225298","potions_obtained":[{"floor":3.0,"key":"AttackPotion"},{"floor":5.0,"key":"CultistPotion"},{"floor":6.0,"key":"Weak Potion"},{"floor":8.0,"key":"GamblersBrew"},{"floor":12.0,"key":"SmokeBomb"},{"floor":16.0,"key":"Energy Potion"},{"floor":18.0,"key":"LiquidMemories"},{"floor":29.0,"key":"GhostInAJar"},{"floor":31.0,"key":"SkillPotion"},{"floor":35.0,"key":"Regen Potion"},{"floor":38.0,"key":"CunningPotion"},{"floor":40.0,"key":"PowerPotion"}],"is_trial":false,"path_per_floor":["M","M","M","M","M","E","R","M","T","R","M","E","?","M","R","B",null,"M","$","M","?","?","E","M","M","T","E","R","M","$","M","R","B",null,"M","?","$","M","?","E","M","?","T","R","M","$","M","$","R","B"],"character_chosen":"THE_SILENT","items_purchased":["Cloak And Dagger","Trip","Noxious Fumes","Noxious Fumes","Tough Bandages","Footwork"],"campfire_rested":4,"item_purchase_floors":[19,19,30,30,37,48],"current_hp_per_floor":[78,77,74,73,66,40,65,61,61,61,61,44,44,42,67,37,84,78,78,77,77,77,64,62,50,50,27,52,47,47,47,47,34,84,62,83,83,83,73,73,73,73,73,73,70,70,45,45,70,0,0],"gold":67,"neow_bonus":"TWENTY_PERCENT_HP_BONUS","is_daily":false,"chose_seed":false,"campfire_upgraded":2,"win_rate":0.0,"timestamp":1613922463,"path_taken":["M","M","M","M","M","E","R","M","T","R","?","E","?","M","R","BOSS","M","$","M","?","?","E","M","M","T","E","R","M","$","M","R","BOSS","M","?","$","M","?","E","M","?","T","R","?","$","M","?","R","BOSS"],"items_purchased_type":["Card","Card","Card","Card","Relic","Card"],"build_version":"2020-12-22","purchased_purges":2,"victory":false,"max_hp_per_floor":[84,84,84,84,84,84,84,84,84,84,84,84,84,84,84,84,84,84,84,84,84,84,84,84,84,84,84,84,84,84,84,84,84,84,84,84,84,84,84,84,84,84,84,84,84,84,84,84,84,84,84],"card_choices":[{"not_picked":["Well Laid Plans","Masterful Stab"],"picked":"Backflip","floor":1.0},{"not_picked":["Caltrops","Deadly Poison"],"picked":"Dagger Spray","floor":2.0},{"not_picked":["Bane","Sucker Punch","Caltrops"],"picked":"SKIP","floor":3.0},{"not_picked":["Quick Slash","Caltrops","Accuracy"],"picked":"SKIP","floor":4.0},{"not_picked":["Dagger Throw","Slice"],"picked":"Backstab","floor":5.0},{"not_picked":["Dagger Spray","Slice"],"picked":"Well Laid Plans","floor":6.0},{"not_picked":["Prepared","Outmaneuver"],"picked":"Terror","floor":8.0},{"not_picked":["Sucker Punch","Underhanded Strike","Poisoned Stab"],"picked":"SKIP","floor":11.0},{"not_picked":["Leg Sweep","Underhanded Strike"],"picked":"Corpse Explosion","floor":12.0},{"not_picked":["Sucker Punch","Acrobatics"],"picked":"Calculated Gamble","floor":14.0},{"not_picked":["Doppelganger","Tools of the Trade"],"picked":"Bullet Time","floor":16.0},{"not_picked":["Quick Slash+1","Skewer","Terror"],"picked":"SKIP","floor":18.0},{"not_picked":["Deflect","Dash","Bane"],"picked":"SKIP","floor":20.0},{"not_picked":["Riddle With Holes","PiercingWail"],"picked":"Backstab","floor":23.0},{"not_picked":["Dagger Spray","Underhanded Strike"],"picked":"Blade Dance+1","floor":24.0},{"not_picked":["Backstab","Dagger Throw"],"picked":"Bouncing Flask","floor":25.0},{"not_picked":["Cloak And Dagger+1","Caltrops"],"picked":"Malaise","floor":27.0},{"not_picked":["Quick Slash+1","Dagger Spray+1"],"picked":"Backflip","floor":29.0},{"not_picked":["Skewer","Choke","Outmaneuver+1"],"picked":"SKIP","floor":31.0},{"not_picked":["Glass Knife","Doppelganger"],"picked":"Storm of Steel","floor":33.0},{"not_picked":["Deadly Poison","Acrobatics"],"picked":"Cloak And Dagger","floor":35.0},{"not_picked":["All Out Attack+1","Deadly Poison+1"],"picked":"Reflex+1","floor":38.0},{"not_picked":["Forethought","Swift Strike"],"picked":"Deep Breath","floor":39.0},{"not_picked":["Trip","Transmutation"],"picked":"Jack Of All Trades","floor":39.0},{"not_picked":["Magnetism","Deep Breath"],"picked":"Panacea","floor":39.0},{"not_picked":["Skewer+1","Bane+1"],"picked":"Unload+1","floor":40.0},{"not_picked":["Blade Dance","Dodge and Roll","Deflect"],"picked":"SKIP","floor":41.0},{"not_picked":["Reflex","Deflect","Slice+1"],"picked":"SKIP","floor":45.0},{"not_picked":["Bouncing Flask+1","PiercingWail+1","Dagger Throw+1"],"picked":"SKIP","floor":47.0}],"player_experience":133815,"relics_obtained":[{"floor":6.0,"key":"Kunai"},{"floor":9.0,"key":"The Courier"},{"floor":12.0,"key":"Oddly Smooth Stone"},{"floor":17.0,"key":"Paper Crane"},{"floor":17.0,"key":"War Paint"},{"floor":17.0,"key":"Du-Vu Doll"},{"floor":23.0,"key":"Ornamental Fan"},{"floor":26.0,"key":"Shuriken"},{"floor":27.0,"key":"Art of War"},{"floor":40.0,"key":"Molten Egg 2"}],"event_choices":[{"damage_healed":0.0,"max_hp_gain":0.0,"max_hp_loss":0.0,"gold_gain":77.0,"event_name":"Golden Wing","player_choice":"Gained Gold","floor":13.0,"gold_loss":0.0,"damage_taken":0.0},{"damage_healed":0.0,"max_hp_gain":0.0,"max_hp_loss":0.0,"gold_gain":0.0,"event_name":"Addict","player_choice":"Stole Relic","floor":21.0,"gold_loss":0.0,"damage_taken":0.0,"relics_obtained":["Thread and Needle"],"cards_obtained":["Shame"]},{"damage_healed":0.0,"max_hp_gain":0.0,"max_hp_loss":0.0,"gold_gain":0.0,"event_name":"The Library","player_choice":"Read","floor":22.0,"gold_loss":0.0,"damage_taken":0.0,"cards_obtained":["Blade Dance"]},{"damage_healed":21.0,"max_hp_gain":0.0,"max_hp_loss":0.0,"gold_gain":0.0,"event_name":"Winding Halls","player_choice":"Writhe","floor":36.0,"gold_loss":0.0,"damage_taken":0.0,"cards_obtained":["Writhe"]},{"damage_healed":0.0,"max_hp_gain":0.0,"max_hp_loss":0.0,"gold_gain":0.0,"event_name":"SensoryStone","player_choice":"Memory 3","floor":39.0,"gold_loss":0.0,"damage_taken":10.0},{"damage_healed":0.0,"max_hp_gain":0.0,"max_hp_loss":0.0,"gold_gain":0.0,"event_name":"Match and Keep!","player_choice":"1 cards matched","floor":42.0,"gold_loss":0.0,"damage_taken":0.0,"cards_obtained":["Catalyst"]}],"is_beta":false,"boss_relics":[{"not_picked":["Ectoplasm","SacredBark"],"picked":"Calling Bell"},{"not_picked":["Runic Dome","Pandora\u0027s Box"],"picked":"Cursed Key"}],"items_purged_floors":[19,30],"is_endless":false,"potions_floor_spawned":[3,5,6,8,12,16,18,29,31,35,38,40],"killed_by":"Donu and Deca","ascension_level":3}}