{"host":"a3gu5zu37ht99mpa","time":1613950588,"event":{"mods":["100% Spire Juice","Act Like it!","BaseMod","Better Silent Start","Better Third Choice","BetterRewards","Conspire","Downfall","Energized Spire","Friendly Minions","GifTheSpireLib","Gold Saver","Gremlin Mod","Halation","Hallownest","Hermit","HololiveMod","JesterMod","Koishi","Lobotomy","LobotomyExtend","Luminous","Minty Spire (QoL Compilation)","Reliquary","Shade Mod","StSLib","Stuff the Spire","The Administrix","The Animator","The Bug Knight","The Cursed","The Hayseed","The Necromancer","The Poker Player","The Runesmith","The Saiyan","The Senshi","The Showman","The Wild Card","Virulent Crown","Wandering Minibosses","WarShipGirlsR/????R mod","Yohane!","Yuyuko","yUi","??????REMEMod"],"gold_per_floor":[118,118,118,136,136,156,120,130,153,153,187,119,139,139,139,244,244,256,728,728,740,740,774,774,774],"floor_reached":24,"language":"ENG","playtime":1698,"items_purged":[],"score":239,"play_id":"9ddb11a4-dc59-4f34-a5e5-c32051d42b59","local_time":"20210221183628","is_ascension_mode":false,"campfire_choices":[{"data":"theWildCard:Attunement","floor":15,"key":"SMITH"}],"circlet_count":0,"master_deck":["theWildCard:BasicStrike","theWildCard:BasicStrike","theWildCard:BasicStrike","theWildCard:BasicStrike","theWildCard:BasicDefend","theWildCard:BasicDefend","theWildCard:BasicDefend","theWildCard:BasicDefend","theWildCard:CallToAdventure","REME_ShadowForm","theWildCard:ArcanaArtistry","ShyLook","theWildCard:Abstinence","theWildCard:Attunement+1","theWildCard:Salvation","FairyFestival","theWildCard:PowerOfTheArcana","theWildCard:Abstinence","theWildCard:PowerOfTheArcana","theWildCard:Attunement+1","theWildCard:Arsene+1","theWildCard:ArcaneArts"],"relics":["theWildCard:VelvetContract","REME_ComplimentaryCards","CogitoBucket","Hallownest:DreamNailRelic","Hallownest:SheosBrushRelic","reliquary:Boomerang","halation:AfternoonTea","Black Star","halation:EternalFortune","LetterFromLob","StuffTheSpire:Mouthbags","reliquary:IridiumChain"],"acts_visited":["Hallownest:Greenpath","Hallownest:CityofTears"],"potions_floor_usage":[8,16,18,21],"damage_taken":[{"damage":1,"enemies":"Hallownest:monsterHuskGuard","floor":1,"turns":4},{"damage":9,"enemies":"Hallownest:2_Tiktiks_and_1_Crawlid","floor":4,"turns":7},{"damage":0,"enemies":"Hallownest:2_Baldur","floor":6,"turns":3},{"damage":3,"enemies":"Hallownest:2_Tiktiks_1_Baldur_1_Crawlid","floor":8,"turns":6},{"damage":23,"enemies":"Hallownest:eliteCrystalGuardian","floor":11,"turns":7},{"damage":4,"enemies":"Hallownest:monsterAspidMother","floor":13,"turns":8},{"damage":13,"enemies":"Hallownest:BossBrokenVessel","floor":16,"turns":16},{"damage":8,"enemies":"Hallownest:Guard_and_Sentry","floor":18,"turns":9},{"damage":39,"enemies":"Hallownest:2_Mistakes","floor":21,"turns":6},{"damage":0,"enemies":"Hallownest:Nosk","floor":23,"turns":12},{"damage":41,"enemies":"Hallownest:2_Husk_Sentries","floor":24,"turns":2}],"seed_played":"-6350780301003720193","potions_obtained":[{"floor":1,"key":"Guardian:BlockOnCardUsePotion"},{"floor":4,"key":"Explosive Potion"},{"floor":11,"key":"champ:CounterPotion"},{"floor":16,"key":"AttackPotion"}],"is_trial":false,"path_per_floor":["M","?","?","M","?","M","$","M","T","M","E","$","M","T","R","B",null,"M","?","?","M","?","E","M"],"character_chosen":"THE_WILD_CARD","items_purchased":["theWildCard:Attunement","theWildCard:PowerOfTheArcana"],"campfire_rested":0,"item_purchase_floors":[7,12],"current_hp_per_floor":[59,59,59,50,50,50,50,47,47,47,24,24,20,20,20,28,60,60,60,63,27,27,41,0,0],"gold":774,"neow_bonus":"","is_daily":false,"chose_seed":false,"campfire_upgraded":1,"win_rate":0.0,"timestamp":1613950588,"path_taken":["M","?","?","?","?","M","?","M","T","?","E","$","M","?","R","BOSS","M","?","?","M","?","E","M"],"items_purchased_type":["Card","Card"],"build_version":"2020-12-22","purchased_purges":0,"victory":false,"max_hp_per_floor":[60,60,60,60,60,60,60,60,60,60,60,60,60,60,60,60,60,60,60,63,63,63,63,63,63],"card_choices":[{"not_picked":["theWildCard:EnergyTheft","theWildCard:Proficiency"],"picked":"theWildCard:ArcanaArtistry","floor":1},{"not_picked":["SingingMachine","WallGazer"],"picked":"ShyLook","floor":4},{"not_picked":["theWildCard:EnergizedStroke","theWildCard:BladeOfGenerations","theWildCard:SacrificialStroke"],"picked":"SKIP","floor":4},{"not_picked":["theWildCard:Patience","theWildCard:MasterPlan"],"picked":"theWildCard:Abstinence","floor":6},{"not_picked":["theWildCard:Sakuya","theWildCard:Odin","theWildCard:LadyLuck"],"picked":"SKIP","floor":8},{"not_picked":["theWildCard:Polydeuces","theWildCard:MagicMettle"],"picked":"theWildCard:Salvation","floor":11},{"not_picked":["GalaxyChild","WallGazer"],"picked":"FairyFestival","floor":11},{"not_picked":["theWildCard:TheGreatSeal","theWildCard:PaleRider"],"picked":"theWildCard:Abstinence","floor":13},{"not_picked":["theWildCard:Michael","theWildCard:PaleRider"],"picked":"theWildCard:PowerOfTheArcana","floor":18},{"not_picked":["theWildCard:Sakuya+1","theWildCard:StingingStrike"],"picked":"theWildCard:Attunement","floor":21},{"not_picked":["theWildCard:ChangingDestiny","theWildCard:PaleRider"],"picked":"theWildCard:ArcaneArts","floor":23}],"player_experience":132149,"relics_obtained":[{"floor":1,"key":"LetterFromLob"},{"floor":9,"key":"reliquary:Boomerang"},{"floor":11,"key":"halation:AfternoonTea"},{"floor":21,"key":"LetterFromLob"},{"floor":23,"key":"StuffTheSpire:Mouthbags"},{"floor":23,"key":"reliquary:IridiumChain"}],"event_choices":[],"is_beta":false,"boss_relics":[{"not_picked":["Busted Crown","energizedSpire:SpiderWeb"],"picked":"Black Star"}],"items_purged_floors":[],"is_endless":false,"potions_floor_spawned":[1,4,11,16],"killed_by":"Hallownest:2_Husk_Sentries","ascension_level":0}}