{"host":"q6l9o5ad25lrm2yj","time":1613914343,"event":{"mods":["BaseMod","BetterRewards","Colored Powertips","Lobotomy","Marisa£®ÏF”Í°°ƒß¿Ì…≥£©","Minty Spire (QoL Compilation)","Replay The Spire","StSLib","[IsaacMod]“‘»ˆº‚À˛"],"gold_per_floor":[118,138,63,74,149,149,177,177,177,177,210,225,225,225,244,30,30,131,131,143,143,103,103,103],"floor_reached":23,"language":"ZHS","playtime":1274,"items_purged":["Strike_R"],"score":222,"play_id":"fd79c41c-1203-4cc4-b5b5-d882e3c70129","local_time":"20210221213223","is_ascension_mode":false,"campfire_choices":[{"floor":6,"key":"REST"},{"data":"Anger","floor":8,"key":"SMITH"},{"data":"ReplayTheSpireMod:Strike From Hell","floor":10,"key":"SMITH"},{"floor":17,"key":"DIG"}],"circlet_count":0,"master_deck":["Strike_R+1","Defend_R+1","Defend_R+1","Bash","MeatLantern","Anger+1","Bloodbath","Inflame","FieryBird","ReplayTheSpireMod:Strike From Hell+1","Inflame","Wellcheers","Pommel Strike+1","OldLady","CherryBlossoms","Power Through","PunishingBird","Burning Pact","Reckless Charge+1","HeroicMonk","Eclipse","Clumsy","Clumsy","Thunderclap+1","DespairKnight"],"relics":["Burning Blood","HushsDoor","UnicornStump","CogitoBucket","BookofShadows","War Paint","Replay:Baseball","SkinProphecy","Lee\u0027s Waffle","Blue Doll","Kintsugi"],"acts_visited":["Exordium","TheCity"],"potions_floor_usage":[12,12],"damage_taken":[{"damage":10,"enemies":"Cultist","floor":1,"turns":4},{"damage":2,"enemies":"Small Slimes","floor":2,"turns":4},{"damage":0,"enemies":"2 Louse","floor":4,"turns":2},{"damage":6,"enemies":"3 Sentries","floor":7,"turns":2},{"damage":32,"enemies":"Gremlin Nob","floor":11,"turns":5},{"damage":33,"enemies":"Looter","floor":12,"turns":6},{"damage":5,"enemies":"Gremlin Gang","floor":15,"turns":6},{"damage":71,"enemies":"Slime Boss","floor":18,"turns":11},{"damage":91,"enemies":"3 Byrds","floor":20,"turns":9},{"damage":8,"enemies":"Shell Parasite","floor":23,"turns":1}],"seed_played":"-482646139052294467","potions_obtained":[{"floor":1,"key":"SkillPotion"},{"floor":4,"key":"BloodPotion"},{"floor":11,"key":"ElixirPotion"},{"floor":18,"key":"LiquidMemories"},{"floor":20,"key":"Milkshake"}],"is_trial":false,"path_per_floor":["M","M","$","M","?","R","E","R","T","R","E","M","PTL","PTL","M","$","R","B",null,"M","?","?","M"],"character_chosen":"IRONCLAD","items_purchased":["Reckless Charge+1","Lee\u0027s Waffle"],"campfire_rested":1,"item_purchase_floors":[16,16],"current_hp_per_floor":[76,80,80,80,69,80,80,80,80,80,54,50,50,50,52,89,89,31,91,12,12,12,0,0],"gold":103,"neow_bonus":"","is_daily":false,"chose_seed":false,"campfire_upgraded":2,"win_rate":0.0,"timestamp":1613914343,"path_taken":["M","M","?","M","?","R","E","R","T","R","E","M","PTL","PTL","M","$","R","BOSS","M","?","?","M"],"items_purchased_type":["Card","Relic"],"build_version":"2020-12-22","purchased_purges":1,"victory":false,"max_hp_per_floor":[80,80,80,80,80,80,80,80,80,80,80,80,80,80,82,89,89,91,91,93,93,93,95,95],"card_choices":[{"not_picked":[],"picked":"Bomb","floor":0},{"not_picked":["VoidDream","BeautyBeast"],"picked":"MeatLantern","floor":1},{"not_picked":["Clash","Iron Wave"],"picked":"Anger","floor":1},{"not_picked":["NakedNest","Scorched"],"picked":"Bloodbath","floor":2},{"not_picked":["Second Wind","True Grit"],"picked":"Inflame","floor":2},{"not_picked":["GreedKing","VoidDream"],"picked":"FieryBird","floor":4},{"not_picked":["Reaper","Heavy Blade"],"picked":"ReplayTheSpireMod:Strike From Hell","floor":4},{"not_picked":["Life Link","Clash"],"picked":"Inflame","floor":7},{"not_picked":["CherryBlossoms","BigBadWolf"],"picked":"Wellcheers","floor":7},{"not_picked":["Cleave","Clothesline"],"picked":"Pommel Strike","floor":11},{"not_picked":["BigBird","CrumblingArmor","UniverseFragment"],"picked":"Singing Bowl","floor":11},{"not_picked":["UniverseFragment","Laetitia"],"picked":"OldLady","floor":11},{"not_picked":["Freischutz","FairyFestival"],"picked":"CherryBlossoms","floor":12},{"not_picked":["Rampage","Defy Death"],"picked":"Power Through","floor":12},{"not_picked":["CENSORED","Alriune"],"picked":"PunishingBird","floor":15},{"not_picked":["Heavy Blade","Hemokinesis"],"picked":"Burning Pact","floor":15},{"not_picked":["CrumblingArmor","Murderer"],"picked":"HeroicMonk","floor":18},{"not_picked":["Replay:Many Hands","Barricade"],"picked":"Eclipse","floor":18},{"not_picked":["Power Through","Sword Boomerang"],"picked":"Thunderclap+1","floor":20},{"not_picked":["UniverseFragment","MHz"],"picked":"DespairKnight","floor":20}],"player_experience":34321,"relics_obtained":[{"floor":7,"key":"BookofShadows"},{"floor":9,"key":"War Paint"},{"floor":11,"key":"Replay:Baseball"},{"floor":17,"key":"Blue Doll"}],"event_choices":[{"damage_healed":0,"gold_gain":75,"player_choice":"Gather Gold","damage_taken":11,"max_hp_gain":0,"max_hp_loss":0,"event_name":"World of Goop","floor":5,"gold_loss":0},{"damage_healed":0,"gold_gain":0,"player_choice":"Upgraded Two","damage_taken":0,"max_hp_gain":0,"max_hp_loss":0,"event_name":"Designer","floor":22,"gold_loss":40,"cards_upgraded":["Strike_R","Pommel Strike"]}],"is_beta":false,"boss_relics":[{"not_picked":["Replay:Drink Me","Philosopher\u0027s Stone"],"picked":"Kintsugi"},{"not_picked":[]}],"items_purged_floors":[3],"is_endless":false,"potions_floor_spawned":[1,4,11,18,20],"killed_by":"Shell Parasite","ascension_level":0}}