{"host":"4cz9gr89nglr7k8k","time":1613928574,"event":{"mods":["BaseMod","Minty Spire (QoL Compilation)","Relic Stats","Slay-I"],"gold_per_floor":[111,128,203,203,35,0,0,41,41,71,71,71,71,47,47,142,142,162,182,198,10,60,60,81,81,126,140,140,153,166,180,180,274,274,289,320,320,333,358,358,358,358],"floor_reached":41,"language":"DEU","playtime":1362,"items_purged":[],"score":832,"play_id":"98fd9728-cdfb-49e6-9b1a-a15875efeb36","local_time":"20210221182934","is_ascension_mode":true,"campfire_choices":[{"data":"Limit Break","floor":7,"key":"SMITH"},{"data":"Spot Weakness","floor":11,"key":"SMITH"},{"data":"Clash","floor":13,"key":"SMITH"},{"floor":15,"key":"REST"},{"floor":23,"key":"REST"},{"floor":25,"key":"REST"},{"floor":32,"key":"REST"},{"floor":40,"key":"REST"}],"circlet_count":0,"master_deck":["AscendersBane","Strike_R","Strike_R","Strike_R","Strike_R","Strike_R","Defend_R","Defend_R","Defend_R","Defend_R","Bash","Spot Weakness+1","Limit Break+1","Thunderclap","Burning Pact","Clash+1","Sword Boomerang","Demon Form","Pommel Strike","Iron Wave","Burning Pact","Apotheosis+1","Heavy Blade+1","Bloodletting","True Grit+1","Thunderclap","Anger","Barricade","Twin Strike+1","Thunderclap","Sentinel"],"relics":["Burning Blood","NeowsBlessing","Golden Idol","Red Skull","Champion Belt","Meat on the Bone","Busted Crown","Bronze Scales","SlaversCollar","Calipers"],"acts_visited":["Exordium","TheCity","TheBeyond"],"potions_floor_usage":[18,20,30,31,33,41,41],"damage_taken":[{"damage":0,"enemies":"Small Slimes","floor":1,"turns":1},{"damage":0,"enemies":"Jaw Worm","floor":2,"turns":1},{"damage":0,"enemies":"Lagavulin","floor":8,"turns":1},{"damage":47,"enemies":"Hexaghost","floor":16,"turns":7},{"damage":53,"enemies":"3 Byrds","floor":18,"turns":6},{"damage":20,"enemies":"2 Thieves","floor":19,"turns":3},{"damage":30,"enemies":"Shelled Parasite and Fungi","floor":20,"turns":3},{"damage":30,"enemies":"Chosen and Byrds","floor":24,"turns":5},{"damage":14,"enemies":"Cultist and Chosen","floor":27,"turns":5},{"damage":10,"enemies":"Snecko","floor":29,"turns":4},{"damage":41,"enemies":"Sentry and Sphere","floor":30,"turns":5},{"damage":3,"enemies":"3 Cultists","floor":31,"turns":2},{"damage":43,"enemies":"Champ","floor":33,"turns":8},{"damage":52,"enemies":"3 Darklings","floor":35,"turns":5},{"damage":0,"enemies":"Mind Bloom Boss Battle","floor":36,"turns":4},{"damage":19,"enemies":"Orb Walker","floor":38,"turns":3},{"damage":22,"enemies":"Transient","floor":39,"turns":6},{"damage":73,"enemies":"Reptomancer","floor":41,"turns":5}],"seed_played":"-632073809185900469","potions_obtained":[{"floor":1,"key":"Regen Potion"},{"floor":8,"key":"BloodPotion"},{"floor":24,"key":"Weak Potion"},{"floor":27,"key":"Swift Potion"},{"floor":30,"key":"Explosive Potion"},{"floor":33,"key":"ElixirPotion"},{"floor":38,"key":"Strength Potion"}],"is_trial":false,"path_per_floor":["M","M","?","?","$","?","R","E","T","?","R","?","R","$","R","B",null,"M","M","M","$","?","R","M","R","T","M","?","M","M","M","R","B",null,"M","?","?","M","M","R","E"],"character_chosen":"IRONCLAD","items_purchased":["Red Skull","Sword Boomerang","Apotheosis"],"campfire_rested":5,"item_purchase_floors":[5,14,21],"current_hp_per_floor":[74,75,64,38,38,56,56,62,62,62,62,62,62,62,75,46,68,47,45,48,48,48,70,46,68,68,60,54,50,27,42,64,39,66,32,50,50,49,45,67,0,0],"gold":358,"neow_bonus":"THREE_ENEMY_KILL","is_daily":false,"chose_seed":false,"campfire_upgraded":3,"win_rate":0.0,"timestamp":1613928574,"path_taken":["M","M","?","?","$","?","R","E","T","?","R","?","R","$","R","BOSS","M","M","?","$","?","R","M","R","T","M","?","?","M","M","R","BOSS","M","?","?","M","?","R","E"],"items_purchased_type":["Relic","Card","Card"],"build_version":"2020-12-22","purchased_purges":0,"victory":false,"max_hp_per_floor":[75,75,75,75,75,75,75,75,75,75,75,75,75,75,75,75,75,75,75,75,75,75,75,75,75,75,75,75,75,75,75,75,75,75,75,75,75,75,75,75,75,75],"relic_stats":{"Busted Crown":26,"counters":[18,74],"Golden Idol":90,"Bronze Scales":[90],"Champion Belt":[49],"obtain_stats":[{"SlaversCollar":34,"Busted Crown":17,"Calipers":36,"NeowsBlessing":0,"Golden Idol":4,"Bronze Scales":26,"Champion Belt":8,"Burning Blood":0,"Red Skull":5,"Meat on the Bone":9},{"SlaversCollar":13,"Busted Crown":4,"Calipers":15,"NeowsBlessing":0,"Golden Idol":2,"Bronze Scales":8,"Champion Belt":3,"Burning Blood":0,"Red Skull":2,"Meat on the Bone":3},{"SlaversCollar":51,"Busted Crown":10,"Calipers":60,"NeowsBlessing":0,"Golden Idol":2,"Bronze Scales":27,"Champion Belt":3,"Burning Blood":0,"Red Skull":2,"Meat on the Bone":3}],"Burning Blood":97,"Meat on the Bone":132},"card_choices":[{"not_picked":["Perfected Strike","Body Slam"],"picked":"Spot Weakness","floor":1},{"not_picked":["Perfected Strike","Headbutt"],"picked":"Limit Break","floor":2},{"not_picked":["True Grit","Armaments"],"picked":"Thunderclap","floor":8},{"not_picked":["Brutality","Offering"],"picked":"Demon Form","floor":16},{"not_picked":[],"picked":"Pommel Strike","floor":18},{"not_picked":[],"picked":"Iron Wave","floor":19},{"not_picked":[],"picked":"Burning Pact","floor":20},{"not_picked":[],"picked":"Heavy Blade+1","floor":24},{"not_picked":[],"picked":"Bloodletting","floor":27},{"not_picked":[],"picked":"True Grit+1","floor":29},{"not_picked":[],"picked":"Thunderclap","floor":30},{"not_picked":[],"picked":"Anger","floor":31},{"not_picked":[],"picked":"Barricade","floor":33},{"not_picked":[],"picked":"Twin Strike+1","floor":35},{"not_picked":[],"picked":"Thunderclap","floor":36},{"not_picked":["Entrench"],"picked":"SKIP","floor":38},{"not_picked":[],"picked":"Sentinel","floor":39}],"player_experience":1557959,"relics_obtained":[{"floor":8,"key":"Champion Belt"},{"floor":9,"key":"Meat on the Bone"},{"floor":26,"key":"Bronze Scales"},{"floor":36,"key":"Calipers"}],"event_choices":[{"damage_healed":0,"gold_gain":75,"player_choice":"Gather Gold","damage_taken":11,"max_hp_gain":0,"max_hp_loss":0,"event_name":"World of Goop","floor":3,"gold_loss":0},{"damage_healed":0,"gold_gain":0,"player_choice":"Take Damage","damage_taken":26,"relics_obtained":["Golden Idol"],"max_hp_gain":0,"max_hp_loss":0,"event_name":"Golden Idol","floor":4,"gold_loss":0},{"damage_healed":18,"gold_gain":0,"player_choice":"Healed","damage_taken":0,"max_hp_gain":0,"max_hp_loss":0,"event_name":"The Cleric","floor":6,"gold_loss":35},{"damage_healed":0,"gold_gain":30,"player_choice":"Searched \u00271\u0027 times","damage_taken":0,"max_hp_gain":0,"max_hp_loss":0,"event_name":"Dead Adventurer","floor":10,"gold_loss":0},{"damage_healed":0,"gold_gain":0,"player_choice":"2 cards matched","damage_taken":0,"max_hp_gain":0,"max_hp_loss":0,"event_name":"Match and Keep!","floor":12,"gold_loss":0,"cards_obtained":["Burning Pact","Clash"]},{"damage_healed":0,"gold_gain":50,"player_choice":"Stole From Cult","damage_taken":0,"max_hp_gain":0,"max_hp_loss":0,"event_name":"Nest","floor":22,"gold_loss":0},{"damage_healed":0,"gold_gain":0,"player_choice":"","damage_taken":6,"max_hp_gain":0,"max_hp_loss":0,"event_name":"Knowing Skull","floor":28,"potions_obtained":[],"gold_loss":0,"cards_obtained":[]},{"damage_healed":0,"gold_gain":0,"player_choice":"Fight","damage_taken":0,"max_hp_gain":0,"max_hp_loss":0,"event_name":"MindBloom","floor":36,"gold_loss":0},{"damage_healed":0,"gold_gain":0,"player_choice":"Upgraded","damage_taken":0,"max_hp_gain":0,"max_hp_loss":0,"event_name":"Upgrade Shrine","floor":37,"gold_loss":0,"cards_upgraded":["Apotheosis"]}],"is_beta":false,"boss_relics":[{"not_picked":["Snecko Eye","Tiny House"],"picked":"Busted Crown"},{"not_picked":["Sozu","Calling Bell"],"picked":"SlaversCollar"}],"items_purged_floors":[],"is_endless":false,"potions_floor_spawned":[1,8,24,27,29,30,33,38],"killed_by":"Reptomancer","ascension_level":20}}