{"host":"d54lcqy5t45er8jx","time":1613920698,"event":{"mods":["2.2 Compatiblity","AchievementEnabler","BaseMod","CapriCore","Colored Powertips","DeckTracker","Defuse TimeMaze Blight","Hermit","Highlight Path","Hubris","Infinite Spire","Marisa£¨Ùöéë¡¡Øª×âÞÞ£©","Minty Spire (QoL Compilation)","Permanent Neow","Quick Restart","Rare Cards Sparkle","Relic Stats","Remilia£¨?Ú·×é?£©","StSLib","The Animator","The Cursed","The Immortal","The Servant 0.9.4","WarShipGirlsR/??á´Ò³R mod","Yakumo Yukari mod"],"gold_per_floor":[111,127,127,147,161,161,194,194,267,300,318,318,353,15,15,136,136,160,160,160,176,189,229,229,272,272,287,323,341,616,635,635,764,764,789,789,789,814,814,858,958,958,983,983,983,983,983],"floor_reached":46,"language":"ENG","playtime":19283,"items_purged":["Defend_RM"],"score":799,"play_id":"9ad2b54b-64fe-413a-8c92-db5251c759a9","local_time":"20210222001818","is_ascension_mode":true,"campfire_choices":[{"data":"HeartBreak","floor":6.0,"key":"SMITH"},{"data":"ReincarnationDial","floor":8.0,"key":"SMITH"},{"data":"BatForm","floor":15.0,"key":"SMITH"},{"data":"BadLadyScramble","floor":24.0,"key":"SMITH"},{"data":"1","floor":32.0,"key":"LIFT"},{"data":"2","floor":42,"key":"LIFT"},{"data":"3","floor":44,"key":"LIFT"}],"circlet_count":0,"master_deck":["RedMoon","ScarletShoot","MiserableFate+1","DiffusionOfMisfortune","HeartBreak+1","ReincarnationDial+1","VampireSweep","BatForm+1","UltimateOffering","BatForm","MastersStateliness+1","CharismaGuard","UltimateOffering","FitfulNightmare","BloodyCatastrophe","Stigmanizer","ScarletGensokyo","BadLadyScramble+1","LeisurelyOfLord+1","TricksterDevil","Maim+1","BlasphemousPunishment","NightDance","Regret","EquivalentExchange","BloodHunter+1","BloodyMagicSquare+1","ReincarnationDial+1"],"relics":["ScarletHat","Calipers","Pantograph","Regal Pillow","Golden Idol","hubris:PeanutButter","infinitespire:Joker Card","Black Star","Thread and Needle","Pandora\u0027s Box","Tiny Chest","Boot","Akabeko","Pear","Girya","hubris:SlimyHat","hubris:Icosahedron","Omamori","Question Card","infinitespire:Beetle Shell","Toy Ornithopter","TungstenRod"],"acts_visited":["Exordium","TheCity","TheBeyond"],"potions_floor_usage":[],"damage_taken":[{"damage":9.0,"enemies":"Cultist","floor":1.0,"turns":5.0},{"damage":0.0,"enemies":"2 Louse","floor":2.0,"turns":4.0},{"damage":0.0,"enemies":"Jaw Worm","floor":4.0,"turns":2.0},{"damage":0.0,"enemies":"Exordium Wildlife","floor":5.0,"turns":3.0},{"damage":11.0,"enemies":"3 Sentries","floor":7.0,"turns":8.0},{"damage":0.0,"enemies":"Lagavulin","floor":10.0,"turns":5.0},{"damage":2.0,"enemies":"Exordium Thugs","floor":11.0,"turns":5.0},{"damage":0.0,"enemies":"Gremlin Nob","floor":13.0,"turns":3.0},{"damage":49.0,"enemies":"Hexaghost","floor":16.0,"turns":13.0},{"damage":33.0,"enemies":"3 Byrds","floor":18.0,"turns":5.0},{"damage":8.0,"enemies":"2 Thieves","floor":21.0,"turns":2.0},{"damage":0.0,"enemies":"Centurion and Healer","floor":22.0,"turns":8.0},{"damage":0.0,"enemies":"Slavers","floor":23.0,"turns":2.0},{"damage":14.0,"enemies":"Book of Stabbing","floor":25.0,"turns":8.0},{"damage":2.0,"enemies":"3 Cultists","floor":27.0,"turns":5.0},{"damage":14.0,"enemies":"Slavers","floor":28.0,"turns":3.0},{"damage":2.0,"enemies":"Snake Plant","floor":29.0,"turns":1.0},{"damage":6.0,"enemies":"Centurion and Healer","floor":31.0,"turns":2.0},{"damage":63.0,"enemies":"Collector","floor":33.0,"turns":8.0},{"damage":50.0,"enemies":"Orb Walker","floor":35.0,"turns":3.0},{"damage":0,"enemies":"3 Darklings","floor":38,"turns":2},{"damage":63,"enemies":"Giant Head","floor":40,"turns":8}],"seed_played":"4267347237012122717","potions_obtained":[{"floor":4.0,"key":"SteroidPotion"},{"floor":7.0,"key":"DuplicationPotion"},{"floor":11.0,"key":"SteroidPotion"},{"floor":13.0,"key":"BlessingOfTheForge"},{"floor":18.0,"key":"ColorlessPotion"},{"floor":25.0,"key":"Energy Potion"},{"floor":27.0,"key":"FearPotion"},{"floor":33.0,"key":"ColorlessPotion"},{"floor":35,"key":"BlessingOfTheForge"}],"is_trial":false,"path_per_floor":["M","M","?","M","M","R","E","R","T","E","M","?","E","$","R","B",null,"M","?","AVR","M","M","E","R","E","T","M","E","M","?","M","R","B",null,"M","?","T","M","?","E","?","R","T","R","T","E"],"character_chosen":"REMILIA","items_purchased":["infinitespire:Joker Card","UltimateOffering"],"campfire_rested":0,"item_purchase_floors":[14,14],"current_hp_per_floor":[73,73,73,74,74,74,63,63,63,66,65,45,45,45,45,31,82,49,49,49,41,49,51,51,52,52,52,45,43,43,39,39,20,92,50,50,50,53,53,22,22,22,22,22,22,0,0],"gold":983,"neow_bonus":"TEN_PERCENT_HP_BONUS","is_daily":false,"chose_seed":false,"campfire_upgraded":4,"win_rate":0.0,"timestamp":1613920698,"path_taken":["M","M","?","?","M","R","E","R","T","E","M","?","E","$","R","BOSS","M","?","AVR","M","M","E","R","E","T","M","E","M","?","?","R","BOSS","M","?","?","?","?","E","?","R","T","R","?","E"],"items_purchased_type":["Relic","Card"],"build_version":"2020-12-22","purchased_purges":1,"victory":false,"max_hp_per_floor":[82,82,82,82,82,82,82,82,82,82,82,82,82,82,82,82,82,82,82,82,82,82,82,82,92,92,92,92,92,92,92,92,92,92,92,92,92,92,92,92,92,92,92,92,92,92,92],"relic_stats":{"Regal Pillow":0,"counters":[23,108],"Golden Idol":127,"Pantograph":50,"Pandora\u0027s Box":["CharismaGuard","UltimateOffering","FitfulNightmare","BloodyCatastrophe","Stigmanizer","ScarletGensokyo"],"Tiny Chest":2,"Black Star":4,"Boot":[13],"Question Card":0,"obtain_stats":[{"Girya":26,"Regal Pillow":10,"Calipers":7,"Pear":25,"Golden Idol":12,"Thread and Needle":20,"infinitespire:Joker Card":14,"infinitespire:Beetle Shell":40,"hubris:SlimyHat":28,"Omamori":37,"Boot":23,"Question Card":40,"ScarletHat":0,"Akabeko":25,"hubris:Icosahedron":36,"Pantograph":9,"hubris:PeanutButter":13,"Pandora\u0027s Box":20,"Tiny Chest":23,"Black Star":17,"Toy Ornithopter":43,"TungstenRod":45},{"Girya":14,"Regal Pillow":6,"Calipers":5,"Pear":14,"Golden Idol":7,"Thread and Needle":10,"infinitespire:Joker Card":8,"infinitespire:Beetle Shell":22,"hubris:SlimyHat":16,"Omamori":20,"Boot":13,"Question Card":22,"ScarletHat":0,"Akabeko":14,"hubris:Icosahedron":20,"Pantograph":5,"hubris:PeanutButter":8,"Pandora\u0027s Box":10,"Tiny Chest":13,"Black Star":9,"Toy Ornithopter":22,"TungstenRod":22},{"Girya":73,"Regal Pillow":27,"Calipers":22,"Pear":73,"Golden Idol":32,"Thread and Needle":53,"infinitespire:Joker Card":35,"infinitespire:Beetle Shell":105,"hubris:SlimyHat":81,"Omamori":95,"Boot":65,"Question Card":105,"ScarletHat":0,"Akabeko":73,"hubris:Icosahedron":95,"Pantograph":22,"hubris:PeanutButter":35,"Pandora\u0027s Box":53,"Tiny Chest":65,"Black Star":48,"Toy Ornithopter":105,"TungstenRod":105}],"Toy Ornithopter":0,"TungstenRod":4},"card_choices":[{"not_picked":["MastersStateliness","ChainGang"],"picked":"MiserableFate","floor":1.0},{"not_picked":["UnderTheZenith","UnstableMagic"],"picked":"DiffusionOfMisfortune","floor":2.0},{"not_picked":["DevilSight","FavorOfDestiny","CharismaGuard"],"picked":"SKIP","floor":4.0},{"not_picked":["NightDance","CharismaGuard"],"picked":"HeartBreak","floor":5.0},{"not_picked":["BloodyTrap","ScarletImprint"],"picked":"ReincarnationDial","floor":7.0},{"not_picked":["RedRainbow","BloodyMagicSquare"],"picked":"VampireSweep","floor":10.0},{"not_picked":["EndlessAdversity","StarOfDavid","ScarletDevil"],"picked":"SKIP","floor":11.0},{"not_picked":["ChainGang","RedRainbow"],"picked":"BatForm","floor":13.0},{"not_picked":["CeilingFear","ChaoticDestiny"],"picked":"BatForm","floor":16.0},{"not_picked":["ScarletNetherworld+1","NightLord"],"picked":"MastersStateliness+1","floor":18.0},{"not_picked":["CharismaGuard","VampireSweep"],"picked":"BadLadyScramble","floor":21.0},{"not_picked":["DevilSight+1","ScarletSymphony"],"picked":"LeisurelyOfLord+1","floor":22.0},{"not_picked":["ScarletImprint","ScarletDevilSign+1"],"picked":"TricksterDevil","floor":23.0},{"not_picked":["CharismaGuard+1","BloodAndWine","DiffusionOfMisfortune"],"picked":"SKIP","floor":25.0},{"not_picked":["LeisurelyOfLord","ScarletImprint"],"picked":"Maim+1","floor":27.0},{"not_picked":["ScarletSymphony","UnstableMagic"],"picked":"BlasphemousPunishment","floor":28.0},{"not_picked":["ScarletDevil","RedRainbow"],"picked":"NightDance","floor":29.0},{"not_picked":["FavorOfDestiny","VampireFantasy+1","ScarletDevilSign"],"picked":"SKIP","floor":31.0},{"not_picked":["HeartBreak","CeilingFear"],"picked":"EquivalentExchange","floor":33.0},{"not_picked":["NightDance","BadLadyScramble+1"],"picked":"BloodHunter+1","floor":35},{"not_picked":["NightDance","StarOfDavid+1"],"picked":"BloodyMagicSquare+1","floor":38},{"not_picked":["ScarletSymphony","MastersStateliness+1"],"picked":"ReincarnationDial+1","floor":40}],"player_experience":1046837,"relics_obtained":[{"floor":7.0,"key":"Calipers"},{"floor":9.0,"key":"Pantograph"},{"floor":10.0,"key":"Regal Pillow"},{"floor":13.0,"key":"hubris:PeanutButter"},{"floor":23.0,"key":"Tiny Chest"},{"floor":23.0,"key":"Boot"},{"floor":25.0,"key":"Akabeko"},{"floor":25.0,"key":"Pear"},{"floor":26.0,"key":"Girya"},{"floor":28.0,"key":"hubris:SlimyHat"},{"floor":37,"key":"Omamori"},{"floor":40,"key":"Question Card"},{"floor":40,"key":"infinitespire:Beetle Shell"},{"floor":43,"key":"Toy Ornithopter"},{"floor":45,"key":"TungstenRod"}],"event_choices":[{"damage_healed":0.0,"max_hp_gain":0.0,"max_hp_loss":0.0,"gold_gain":0.0,"event_name":"Upgrade Shrine","player_choice":"Upgraded","floor":3.0,"gold_loss":0.0,"damage_taken":0.0,"cards_upgraded":["MiserableFate"]},{"damage_healed":0.0,"max_hp_gain":0.0,"max_hp_loss":0.0,"gold_gain":0.0,"event_name":"Golden Idol","player_choice":"Take Damage","floor":12.0,"gold_loss":0.0,"damage_taken":20.0,"relics_obtained":["Golden Idol"]},{"cards_removed":["Defend_RM"],"damage_healed":0.0,"max_hp_gain":0.0,"max_hp_loss":0.0,"gold_gain":0.0,"event_name":"Back to Basics","player_choice":"Elegance","floor":19.0,"gold_loss":0.0,"damage_taken":0.0},{"damage_healed":0.0,"max_hp_gain":0.0,"max_hp_loss":0.0,"gold_gain":275.0,"event_name":"Golden Shrine","player_choice":"Desecrate","floor":30.0,"gold_loss":0.0,"damage_taken":0.0,"cards_obtained":["Regret"]},{"damage_healed":0,"gold_gain":0,"player_choice":"Ignored","damage_taken":0,"max_hp_gain":0,"max_hp_loss":0,"event_name":"The Moai Head","floor":39,"gold_loss":0},{"damage_healed":0,"gold_gain":100,"player_choice":"Pray","damage_taken":0,"max_hp_gain":0,"max_hp_loss":0,"event_name":"Golden Shrine","floor":41,"gold_loss":0}],"is_beta":false,"boss_relics":[{"not_picked":["Sozu","hubris:GrandSneckoEye"],"picked":"Black Star"},{"not_picked":["Calling Bell","hubris:RunicObelisk","APieceOfRedMist"]}],"items_purged_floors":[20],"is_endless":false,"potions_floor_spawned":[4,7,11,13,18,25,27,33,35,40],"killed_by":"Nemesis","ascension_level":3}}