{"host":"2se5dq1do2gp0x9k","time":1613881184,"event":{"mods":["AchievementEnabler","BaseMod","Block Reminder","Colored Map","Colored Powertips","Minty Spire (QoL Compilation)","Relic Stats","StSLib","SuperFastMode"],"gold_per_floor":[118,118,79,79,97,97,127,127,198,198,223,236,253,104,104,182,182,192,192,11,21,33,64,64,95,95,95,95,95],"floor_reached":28,"language":"ENG","playtime":1011,"items_purged":["Strike_G","Strike_G"],"score":728,"play_id":"1eea54aa-afc3-4d56-8bf4-d56115650aec","local_time":"20210220201944","is_ascension_mode":true,"campfire_choices":[{"data":"Poisoned Stab","floor":6,"key":"SMITH"},{"data":"Footwork","floor":10,"key":"SMITH"},{"data":"Deadly Poison","floor":15,"key":"SMITH"},{"data":"Footwork","floor":24,"key":"SMITH"},{"data":"Dodge and Roll","floor":27,"key":"SMITH"}],"circlet_count":0,"master_deck":["AscendersBane","Strike_G","Strike_G","Defend_G","Defend_G","Defend_G","Defend_G","Defend_G","Survivor","Neutralize+1","Infinite Blades","Footwork+1","Poisoned Stab+1","Venomology","Deadly Poison+1","Dodge and Roll","Footwork+1","Adrenaline","Noxious Fumes","Blade Dance","Deadly Poison+1","Corpse Explosion","Dodge and Roll+1"],"relics":["Ring of the Snake","Bag of Marbles","Paper Crane","Blood Vial","Philosopher\u0027s Stone","Nloth\u0027s Gift","Orichalcum","Bag of Preparation","Pear"],"acts_visited":["Exordium","TheCity"],"potions_floor_usage":[11,11,13,13,16,16,16,21,22,23,23,25,28,28],"damage_taken":[{"damage":0,"enemies":"Jaw Worm","floor":1,"turns":1},{"damage":0,"enemies":"Small Slimes","floor":5,"turns":1},{"damage":0,"enemies":"Gremlin Nob","floor":7,"turns":1},{"damage":21,"enemies":"3 Sentries","floor":11,"turns":8},{"damage":0,"enemies":"Cultist","floor":12,"turns":4},{"damage":0,"enemies":"Exordium Thugs","floor":13,"turns":4},{"damage":0,"enemies":"Slime Boss","floor":16,"turns":6},{"damage":0,"enemies":"Shell Parasite","floor":18,"turns":9},{"damage":0,"enemies":"Spheric Guardian","floor":21,"turns":6},{"damage":0,"enemies":"Snecko","floor":22,"turns":5},{"damage":23,"enemies":"Slavers","floor":23,"turns":6},{"damage":20,"enemies":"Gremlin Leader","floor":25,"turns":9},{"damage":38,"enemies":"Slavers","floor":28,"turns":2}],"seed_played":"2898151631337902624","potions_obtained":[{"floor":1,"key":"LiquidBronze"},{"floor":5,"key":"ColorlessPotion"},{"floor":12,"key":"Fire Potion"},{"floor":13,"key":"Swift Potion"},{"floor":18,"key":"PowerPotion"},{"floor":25,"key":"SpeedPotion"}],"is_trial":false,"path_per_floor":["M","?","$","?","M","R","E","?","T","R","E","M","M","$","R","B",null,"M","?","$","M","M","E","R","E","T","R","E"],"character_chosen":"THE_SILENT","items_purchased":["Footwork","Footwork","Noxious Fumes"],"campfire_rested":0,"item_purchase_floors":[3,14,20],"current_hp_per_floor":[59,52,52,52,52,52,52,52,52,52,31,33,35,35,35,37,59,61,61,61,63,65,43,43,25,35,35,0,0],"gold":95,"neow_bonus":"THREE_ENEMY_KILL","is_daily":false,"chose_seed":false,"campfire_upgraded":5,"win_rate":0.0,"timestamp":1613881184,"path_taken":["M","?","$","?","M","R","E","?","T","R","E","?","M","$","R","BOSS","M","?","?","M","M","E","R","E","T","R","E"],"items_purchased_type":["Card","Card","Card"],"build_version":"2020-12-22","purchased_purges":2,"victory":false,"max_hp_per_floor":[66,66,66,66,66,66,66,66,66,66,66,66,66,66,66,66,66,66,66,66,66,66,66,66,66,76,76,76,76],"relic_stats":{"Blood Vial":17,"counters":[13,62],"Nloth\u0027s Gift":3,"Bag of Preparation":[2],"Orichalcum":[12],"obtain_stats":[{"Blood Vial":11,"Pear":26,"NeowsBlessing":0,"Philosopher\u0027s Stone":17,"Bag of Marbles":7,"Nloth\u0027s Gift":19,"Bag of Preparation":25,"Paper Crane":9,"Orichalcum":23,"Ring of the Snake":0},{"Blood Vial":4,"Pear":12,"NeowsBlessing":0,"Philosopher\u0027s Stone":7,"Bag of Marbles":3,"Nloth\u0027s Gift":8,"Bag of Preparation":12,"Paper Crane":3,"Orichalcum":11,"Ring of the Snake":0},{"Blood Vial":11,"Pear":60,"NeowsBlessing":0,"Philosopher\u0027s Stone":25,"Bag of Marbles":3,"Nloth\u0027s Gift":34,"Bag of Preparation":60,"Paper Crane":3,"Orichalcum":51,"Ring of the Snake":0}],"Ring of the Snake":[26]},"card_choices":[{"not_picked":["Prepared","Escape Plan"],"picked":"Infinite Blades","floor":1},{"not_picked":["Accuracy","Prepared"],"picked":"Poisoned Stab","floor":5},{"not_picked":["Prepared","Dodge and Roll"],"picked":"Venomology","floor":7},{"not_picked":["Acrobatics","Quick Slash"],"picked":"Deadly Poison","floor":11},{"not_picked":["Slice","Eviscerate"],"picked":"Dodge and Roll","floor":12},{"not_picked":["Infinite Blades","Quick Slash","Flying Knee"],"picked":"SKIP","floor":13},{"not_picked":["A Thousand Cuts","Grand Finale"],"picked":"Adrenaline","floor":16},{"not_picked":["Caltrops","Slice","Backstab"],"picked":"SKIP","floor":18},{"not_picked":["Riddle With Holes","Tactician"],"picked":"Blade Dance","floor":21},{"not_picked":["Burst","Leg Sweep"],"picked":"Deadly Poison+1","floor":22},{"not_picked":["Dagger Throw","Outmaneuver+1"],"picked":"Corpse Explosion","floor":23},{"not_picked":["Venomology","Dagger Throw"],"picked":"Dodge and Roll","floor":25}],"player_experience":4091239,"relics_obtained":[{"floor":7,"key":"Bag of Marbles"},{"floor":9,"key":"Paper Crane"},{"floor":11,"key":"Blood Vial"},{"floor":23,"key":"Orichalcum"},{"floor":25,"key":"Bag of Preparation"},{"floor":26,"key":"Pear"}],"event_choices":[{"cards_removed":["Strike_G"],"damage_healed":0,"gold_gain":0,"player_choice":"Card Removal","damage_taken":7,"max_hp_gain":0,"max_hp_loss":0,"event_name":"Golden Wing","floor":2,"gold_loss":0},{"damage_healed":0,"gold_gain":0,"player_choice":"Leave","damage_taken":0,"max_hp_gain":0,"max_hp_loss":0,"event_name":"The Cleric","floor":4,"gold_loss":0},{"damage_healed":0,"gold_gain":0,"player_choice":"Upgraded","damage_taken":0,"max_hp_gain":0,"max_hp_loss":0,"event_name":"Upgrade Shrine","floor":8,"gold_loss":0,"cards_upgraded":["Neutralize"]},{"damage_healed":0,"gold_gain":0,"player_choice":"Traded Relic","damage_taken":0,"relics_obtained":["Nloth\u0027s Gift"],"max_hp_gain":0,"max_hp_loss":0,"event_name":"N\u0027loth","floor":19,"relics_lost":["NeowsBlessing"],"gold_loss":0}],"is_beta":false,"boss_relics":[{"not_picked":["Velvet Choker","Runic Pyramid"],"picked":"Philosopher\u0027s Stone"}],"items_purged_floors":[14,20],"is_endless":false,"potions_floor_spawned":[1,5,12,13,18,22,25],"killed_by":"Slavers","ascension_level":20}}