{"host":"2l5k2wp87eek7qja","time":1613932899,"event":{"mods":["BaseMod","Colored Map","Minty Spire (QoL Compilation)","Relic Stats"],"gold_per_floor":[117,117,136,156,171,199,199,230,254,254,288,51,51,79,79,154,154,168,168,183,183,183],"floor_reached":21,"language":"ENG","playtime":953,"items_purged":["Strike_G"],"score":414,"play_id":"4fe0b89d-fa2d-40b8-96cc-74c08a57385e","local_time":"20210221204139","is_ascension_mode":true,"campfire_choices":[{"floor":7,"key":"REST"},{"data":"Die Die Die","floor":10,"key":"SMITH"},{"data":"Blade Dance","floor":13,"key":"SMITH"},{"data":"Neutralize","floor":15,"key":"SMITH"}],"circlet_count":0,"master_deck":["AscendersBane","Strike_G","Strike_G","Strike_G","Strike_G","Defend_G","Defend_G","Defend_G","Defend_G","Defend_G","Survivor","Neutralize+1","Quick Slash","Flying Knee","Dagger Throw","Blade Dance+1","Die Die Die+1","Caltrops+1","Tools of the Trade+1","Phantasmal Killer","Cloak And Dagger"],"relics":["Ring of the Snake","Frozen Egg 2","MealTicket","Strawberry","Orichalcum","Pocketwatch","OrangePellets","Tiny Chest","Black Star"],"acts_visited":["Exordium","TheCity"],"potions_floor_usage":[6,8,14,21],"damage_taken":[{"damage":3,"enemies":"Jaw Worm","floor":1,"turns":4},{"damage":1,"enemies":"Cultist","floor":3,"turns":4},{"damage":0,"enemies":"2 Louse","floor":4,"turns":2},{"damage":23,"enemies":"Large Slime","floor":5,"turns":8},{"damage":20,"enemies":"Lagavulin","floor":6,"turns":5},{"damage":2,"enemies":"Gremlin Nob","floor":8,"turns":3},{"damage":18,"enemies":"3 Sentries","floor":11,"turns":8},{"damage":23,"enemies":"Gremlin Nob","floor":14,"turns":4},{"damage":9,"enemies":"The Guardian","floor":16,"turns":14},{"damage":0,"enemies":"Spheric Guardian","floor":18,"turns":2},{"damage":19,"enemies":"Shell Parasite","floor":20,"turns":4},{"damage":17,"enemies":"Masked Bandits","floor":21,"turns":2}],"seed_played":"5637392005010152546","potions_obtained":[{"floor":3,"key":"SteroidPotion"},{"floor":6,"key":"Energy Potion"},{"floor":11,"key":"Poison Potion"},{"floor":16,"key":"EssenceOfSteel"}],"is_trial":false,"path_per_floor":["M","?","M","M","M","E","R","E","T","R","E","$","R","E","R","B",null,"M","?","M","?"],"character_chosen":"THE_SILENT","items_purchased":["OrangePellets"],"campfire_rested":1,"item_purchase_floors":[12],"current_hp_per_floor":[56,56,55,55,32,12,31,36,36,36,18,33,33,10,10,1,55,55,34,15,0,0],"gold":183,"neow_bonus":"THREE_CARDS","is_daily":false,"chose_seed":false,"campfire_upgraded":3,"win_rate":0.0,"timestamp":1613932899,"path_taken":["M","?","M","M","?","E","R","E","T","R","E","$","R","E","R","BOSS","M","?","M","?"],"items_purchased_type":["Relic"],"build_version":"2020-12-22","purchased_purges":1,"victory":false,"max_hp_per_floor":[66,66,66,66,66,66,66,73,73,73,73,73,73,73,73,73,73,73,78,78,78,78],"relic_stats":{"OrangePellets":[0],"counters":[12,60],"MealTicket":15,"Tiny Chest":0,"Black Star":0,"Orichalcum":[96],"obtain_stats":[{"OrangePellets":12,"Strawberry":8,"MealTicket":6,"Tiny Chest":14,"Black Star":17,"Frozen Egg 2":2,"Orichalcum":9,"Ring of the Snake":0,"Pocketwatch":11},{"OrangePellets":7,"Strawberry":6,"MealTicket":5,"Tiny Chest":8,"Black Star":9,"Frozen Egg 2":1,"Orichalcum":6,"Ring of the Snake":0,"Pocketwatch":7},{"OrangePellets":34,"Strawberry":26,"MealTicket":23,"Tiny Chest":38,"Black Star":52,"Frozen Egg 2":4,"Orichalcum":26,"Ring of the Snake":0,"Pocketwatch":34}],"Ring of the Snake":[24],"Pocketwatch":[36]},"card_choices":[{"not_picked":["Backflip","Concentrate"],"picked":"Quick Slash","floor":0},{"not_picked":["Terror","Dagger Spray"],"picked":"Flying Knee","floor":1},{"not_picked":["Choke","Deflect"],"picked":"Dagger Throw","floor":3},{"not_picked":["Quick Slash","Calculated Gamble"],"picked":"Blade Dance","floor":4},{"not_picked":["Flying Knee","Backflip","Prepared"],"picked":"SKIP","floor":5},{"not_picked":["Tactician","Grand Finale"],"picked":"Die Die Die","floor":6},{"not_picked":["Quick Slash","Footwork+1"],"picked":"Caltrops+1","floor":8},{"not_picked":["Finisher","Blur","Dagger Spray"],"picked":"SKIP","floor":11},{"not_picked":["Bouncing Flask","Heel Hook"],"picked":"Tools of the Trade+1","floor":14},{"not_picked":["Storm of Steel","Unload"],"picked":"Phantasmal Killer","floor":16},{"not_picked":["Endless Agony","Poisoned Stab+1","Dodge and Roll"],"picked":"SKIP","floor":18},{"not_picked":["Dash","Bane"],"picked":"Cloak And Dagger","floor":20}],"player_experience":845263,"relics_obtained":[{"floor":2,"key":"Frozen Egg 2"},{"floor":6,"key":"MealTicket"},{"floor":8,"key":"Strawberry"},{"floor":9,"key":"Orichalcum"},{"floor":11,"key":"Pocketwatch"},{"floor":14,"key":"Tiny Chest"}],"event_choices":[{"damage_healed":0,"gold_gain":0,"player_choice":"Relic","damage_taken":0,"max_hp_gain":0,"max_hp_loss":0,"event_name":"Wheel of Change","floor":2,"gold_loss":0},{"damage_healed":0,"gold_gain":0,"player_choice":"Shed Blood","damage_taken":26,"max_hp_gain":5,"max_hp_loss":0,"event_name":"Forgotten Altar","floor":19,"gold_loss":0},{"damage_healed":0,"gold_gain":0,"player_choice":"Fought Bandits","damage_taken":0,"max_hp_gain":0,"max_hp_loss":0,"event_name":"Masked Bandits","floor":21,"gold_loss":0}],"is_beta":false,"boss_relics":[{"not_picked":["Philosopher\u0027s Stone","Runic Dome"],"picked":"Black Star"}],"items_purged_floors":[12],"is_endless":false,"potions_floor_spawned":[3,6,11,16],"killed_by":"Masked Bandits","ascension_level":20}}