{"host":"chv1qanoipyt46jc","time":1613884914,"event":{"mods":["2.2 Compatiblity","AchievementEnabler","BaseMod","BetterRewards","CapriCore","Card Filter","Evolution","Gold Saver","Grow up Mod","Melee Mod","Minty Spire (QoL Compilation)","Rare Cards Sparkle","Relic Filter","Remove Card Discount Mod","Reorder Act Four","StSLib"],"gold_per_floor":[109,127,139,159,175,175,210,240,263,263,273,448,448,462,462,559,559,574,417,428,428,441,476,476,505,505,505,505,538,553,553,553,653,653,670,689,709,719,733,765,765,794,794,794,814,814,827,847,847,847,847,845,845,873,873],"floor_reached":56,"language":"ENG","playtime":1501,"items_purged":["meleeMod_Jab","meleeMod_Jab","meleeMod_Jab","meleeMod_Jab","meleeMod_Shield","meleeMod_Shield","meleeMod_Shield","meleeMod_Shield","meleeMod_UpAir","meleeMod_UpAir","Doubt","meleeMod_NeutralAir","meleeMod_Shine"],"score":1898,"play_id":"d85ef209-0a4a-4d46-9aee-88193067b87e","local_time":"20210220232154","is_ascension_mode":false,"campfire_choices":[{"data":"meleeMod_BackAir","floor":6,"key":"SMITH"},{"data":"meleeMod_BackAir","floor":10,"key":"SMITH"},{"data":"meleeMod_SoftKnee","floor":15,"key":"SMITH"},{"floor":27,"key":"RECALL"},{"data":"meleeMod_AmsahTech","floor":32,"key":"SMITH"},{"data":"meleeMod_Shine","floor":41,"key":"SMITH"},{"data":"meleeMod_AmsahTech","floor":44,"key":"SMITH"},{"data":"meleeMod_Shine","floor":49,"key":"SMITH"},{"data":"meleeMod_Shine","floor":53,"key":"SMITH"}],"circlet_count":0,"master_deck":["meleeMod_BackAir+1","meleeMod_BackAir+1","meleeMod_AmsahTech+1","meleeMod_Shine+1","meleeMod_Shine+1","meleeMod_Shine+1","meleeMod_Shine+1","meleeMod_AmsahTech+1"],"relics":["meleeMod_TeamBeerMang0","EVO:Axolotl","meleeMod_NoKnee","Membership Card","Shuriken","Unceasing Top","DollysMirror","Juzu Bracelet","Akabeko","Mercury Hourglass","SacredBark","Medical Kit","Boot","Singing Bowl","meleeMod_B0XX","Potion Belt","meleeMod_PowerClipper","Empty Cage","Omamori","Ornamental Fan","Bottled Lightning","Blood Vial"],"acts_visited":["Exordium","TheCity","TheBeyond","TheEnding"],"potions_floor_usage":[55,55,55,55,55],"damage_taken":[{"damage":0,"enemies":"Small Slimes","floor":1,"turns":1},{"damage":0,"enemies":"Jaw Worm","floor":2,"turns":1},{"damage":0,"enemies":"2 Louse","floor":3,"turns":1},{"damage":0,"enemies":"Large Slime","floor":4,"turns":1},{"damage":0,"enemies":"2 Fungi Beasts","floor":5,"turns":1},{"damage":0,"enemies":"Gremlin Nob","floor":7,"turns":2},{"damage":0,"enemies":"Lots of Slimes","floor":11,"turns":1},{"damage":0,"enemies":"Red Slaver","floor":14,"turns":1},{"damage":49,"enemies":"The Guardian","floor":16,"turns":4},{"damage":10,"enemies":"Chosen","floor":18,"turns":2},{"damage":0,"enemies":"3 Byrds","floor":20,"turns":1},{"damage":0,"enemies":"Snecko","floor":22,"turns":1},{"damage":0,"enemies":"Gremlin Leader","floor":23,"turns":1},{"damage":0,"enemies":"Slavers","floor":25,"turns":1},{"damage":0,"enemies":"Gremlin Leader","floor":29,"turns":1},{"damage":0,"enemies":"Snake Plant","floor":30,"turns":1},{"damage":0,"enemies":"Champ","floor":33,"turns":1},{"damage":0,"enemies":"3 Darklings","floor":35,"turns":1},{"damage":0,"enemies":"Orb Walker","floor":36,"turns":1},{"damage":0,"enemies":"3 Darklings","floor":37,"turns":1},{"damage":9,"enemies":"Sphere and 2 Shapes","floor":38,"turns":1},{"damage":0,"enemies":"Spire Growth","floor":39,"turns":1},{"damage":0,"enemies":"Nemesis","floor":40,"turns":1},{"damage":0,"enemies":"Giant Head","floor":42,"turns":1},{"damage":0,"enemies":"Transient","floor":45,"turns":5},{"damage":0,"enemies":"3 Darklings","floor":47,"turns":1},{"damage":0,"enemies":"Sphere and 2 Shapes","floor":48,"turns":1},{"damage":0,"enemies":"Donu and Deca","floor":50,"turns":1},{"damage":0,"enemies":"Shield and Spear","floor":54,"turns":1},{"damage":10,"enemies":"The Heart","floor":55,"turns":3}],"seed_played":"-3835547611288760958","potions_obtained":[{"floor":2,"key":"Swift Potion"},{"floor":3,"key":"Swift Potion"},{"floor":4,"key":"PowerPotion"},{"floor":30,"key":"PowerPotion"},{"floor":33,"key":"BlessingOfTheForge"},{"floor":37,"key":"Regen Potion"},{"floor":40,"key":"LiquidBronze"}],"is_trial":false,"path_per_floor":["M","M","M","M","M","R","E","?","T","R","M","?","?","M","R","B",null,"M","$","M","?","M","E","?","E","T","R","?","E","M","?","R","B",null,"M","M","M","M","M","E","R","E","T","R","M","?","M","M","R","B",null,"$","R","E","B",null],"character_chosen":"FALCON","items_purchased":["meleeMod_NoKnee","meleeMod_UpAir","meleeMod_UpAir","Membership Card","meleeMod_BackAir","Shuriken","Unceasing Top","meleeMod_SoftKnee","DollysMirror","Medical Kit","Boot"],"campfire_rested":0,"item_purchase_floors":[0,0,0,0,0,0,0,0,0,19,19],"current_hp_per_floor":[52,62,72,82,92,102,112,122,132,142,152,162,169,179,189,150,265,265,275,285,295,305,317,327,339,349,359,369,381,393,403,413,425,445,457,469,481,484,496,508,518,528,538,548,560,570,582,594,604,614,633,643,653,665,675],"gold":873,"neow_bonus":"","is_daily":false,"chose_seed":false,"campfire_upgraded":8,"win_rate":0.0,"timestamp":1613884914,"path_taken":["M","M","M","M","M","R","E","?","T","R","M","?","?","M","R","BOSS","M","$","M","?","M","E","?","E","T","R","?","E","M","?","R","BOSS","M","M","M","M","M","E","R","E","T","R","M","?","M","M","R","BOSS","$","R","E","BOSS"],"items_purchased_type":["Relic","Card","Card","Relic","Card","Relic","Relic","Card","Relic","Relic","Relic"],"build_version":"2020-12-22","purchased_purges":13,"victory":true,"max_hp_per_floor":[105,115,125,135,145,155,165,175,185,195,205,215,225,235,245,255,265,275,285,295,305,315,327,337,349,359,369,379,391,403,413,423,435,445,457,469,481,493,505,517,527,537,547,557,569,579,591,603,613,623,633,643,653,665,675],"card_choices":[{"not_picked":["meleeMod_PowerShield","meleeMod_FireFlower","meleeMod_UnclePunch"],"picked":"SKIP","floor":1},{"not_picked":["meleeMod_WaveLand","meleeMod_ShieldPoke","meleeMod_UpSmash"],"picked":"SKIP","floor":2},{"not_picked":["meleeMod_ShieldPoke","meleeMod_UpTilt","meleeMod_BackAir"],"picked":"SKIP","floor":3},{"not_picked":["meleeMod_CommandGrab","meleeMod_SuperSpicyCurry","meleeMod_DashDance"],"picked":"SKIP","floor":4},{"not_picked":["meleeMod_BabActivated","meleeMod_Knee","meleeMod_ShieldPoke"],"picked":"SKIP","floor":5},{"not_picked":["meleeMod_NippleSpike","meleeMod_LoseStock","meleeMod_DropZone"],"picked":"SKIP","floor":7},{"not_picked":["meleeMod_SuperSpicyCurry","meleeMod_ShieldPoke","meleeMod_Grab"],"picked":"SKIP","floor":11},{"not_picked":["meleeMod_WallJump","meleeMod_DownTilt","meleeMod_DownSmash"],"picked":"SKIP","floor":14},{"not_picked":["meleeMod_LoseStock","meleeMod_WeTechThose"],"picked":"meleeMod_AmsahTech","floor":16},{"not_picked":["meleeMod_UpAir","meleeMod_Cautious","meleeMod_FalconDive"],"picked":"SKIP","floor":18},{"not_picked":["meleeMod_PowerShield+1","meleeMod_DashDance+1","meleeMod_BackAir"],"picked":"SKIP","floor":20},{"not_picked":["meleeMod_RaptorBoost+1","meleeMod_Moonwalking","meleeMod_RapidJabs"],"picked":"SKIP","floor":22},{"not_picked":["meleeMod_ShieldDrop","meleeMod_BackAir","meleeMod_Fishing"],"picked":"Singing Bowl","floor":23},{"not_picked":["meleeMod_ForwardSmash","meleeMod_WaveDash","meleeMod_DashDance"],"picked":"Singing Bowl","floor":25},{"not_picked":["meleeMod_RaptorBoost","meleeMod_FalconPunch+1","meleeMod_PhantomHit"],"picked":"Singing Bowl","floor":29},{"not_picked":["meleeMod_Taunt","meleeMod_HaxDash","meleeMod_RaptorBoost"],"picked":"Singing Bowl","floor":30},{"not_picked":["meleeMod_MindReader","meleeMod_IKilledMufasa","meleeMod_VCancel"],"picked":"Singing Bowl","floor":33},{"not_picked":["meleeMod_SoftKnee+1","meleeMod_WallJump+1","meleeMod_FireFlower+1"],"picked":"Singing Bowl","floor":35},{"not_picked":["meleeMod_WaveLand","meleeMod_NoDI","meleeMod_RaptorBoost+1"],"picked":"Singing Bowl","floor":36},{"not_picked":["meleeMod_UpTilt+1","meleeMod_SuperSpicyCurry","meleeMod_DropZone"],"picked":"Singing Bowl","floor":37},{"not_picked":["meleeMod_Randall+1","meleeMod_RaptorBoost","meleeMod_GetUpAttack"],"picked":"Singing Bowl","floor":38},{"not_picked":["meleeMod_ShieldPoke+1","meleeMod_WallJump+1","meleeMod_IKilledMufasa"],"picked":"Singing Bowl","floor":39},{"not_picked":["meleeMod_DownSmash+1","meleeMod_BMoveSpecialist+1","meleeMod_UpSmash+1"],"picked":"Singing Bowl","floor":40},{"not_picked":["meleeMod_Cautious","meleeMod_SweetSpot+1"],"picked":"meleeMod_AmsahTech","floor":42},{"not_picked":["meleeMod_ForwardTilt","meleeMod_ShieldPoke","meleeMod_Gentleman"],"picked":"Singing Bowl","floor":45},{"not_picked":["meleeMod_FalconDive+1","meleeMod_Moonwalking+1","meleeMod_NeutralAir+1"],"picked":"Singing Bowl","floor":47},{"not_picked":["meleeMod_NippleSpike+1","meleeMod_DashDance","meleeMod_FalconDive+1"],"picked":"Singing Bowl","floor":48},{"not_picked":["meleeMod_BabActivated","meleeMod_Grab+1","meleeMod_Randall+1"],"picked":"Singing Bowl","floor":54}],"player_experience":354854,"relics_obtained":[{"floor":7,"key":"Juzu Bracelet"},{"floor":23,"key":"Singing Bowl"},{"floor":25,"key":"meleeMod_B0XX"},{"floor":26,"key":"Potion Belt"},{"floor":29,"key":"meleeMod_PowerClipper"},{"floor":40,"key":"Omamori"},{"floor":42,"key":"Ornamental Fan"},{"floor":43,"key":"Bottled Lightning"},{"floor":54,"key":"Blood Vial"}],"event_choices":[{"damage_healed":0,"gold_gain":30,"player_choice":"Searched \u00273\u0027 times","damage_taken":0,"relics_obtained":["Akabeko"],"max_hp_gain":0,"max_hp_loss":0,"event_name":"Dead Adventurer","floor":8,"gold_loss":0},{"damage_healed":0,"gold_gain":175,"player_choice":"AGREE","damage_taken":0,"max_hp_gain":0,"max_hp_loss":0,"event_name":"Liars Game","floor":12,"gold_loss":0,"cards_obtained":["Doubt"]},{"damage_healed":0,"gold_gain":0,"player_choice":"Success","damage_taken":3,"relics_obtained":["Mercury Hourglass"],"max_hp_gain":0,"max_hp_loss":0,"event_name":"Scrap Ooze","floor":13,"gold_loss":0},{"damage_healed":0,"gold_gain":0,"player_choice":"Ignored","damage_taken":0,"max_hp_gain":0,"max_hp_loss":0,"event_name":"Vampires","floor":21,"gold_loss":0},{"damage_healed":0,"gold_gain":0,"player_choice":"Read","damage_taken":0,"max_hp_gain":0,"max_hp_loss":0,"event_name":"The Library","floor":24,"gold_loss":0,"cards_obtained":["meleeMod_SoftKnee"]},{"damage_healed":0,"gold_gain":0,"player_choice":"Ignored","damage_taken":0,"max_hp_gain":0,"max_hp_loss":0,"event_name":"Cursed Tome","floor":28,"gold_loss":0},{"cards_removed":["meleeMod_SoftKnee"],"damage_healed":0,"gold_gain":0,"player_choice":"Elegance","damage_taken":0,"max_hp_gain":0,"max_hp_loss":0,"event_name":"Back to Basics","floor":31,"gold_loss":0},{"damage_healed":0,"gold_gain":0,"player_choice":"Upgraded","damage_taken":0,"max_hp_gain":0,"max_hp_loss":0,"event_name":"Upgrade Shrine","floor":46,"gold_loss":0,"cards_upgraded":["meleeMod_Shine"]}],"is_beta":false,"boss_relics":[{"not_picked":["Calling Bell","Tiny House"],"picked":"SacredBark"},{"not_picked":["Runic Dome","Busted Crown"],"picked":"Empty Cage"}],"items_purged_floors":[0,0,0,0,0,0,0,0,0,0,19,19,52],"is_endless":false,"potions_floor_spawned":[2,3,4,7,25,30,33,35,37,40,45,48],"ascension_level":0}}