{"host":"g3js2eermvvpeiqn","time":1613871934,"event":{"mods":["BaseMod","DeckTracker","Downfall","Minty Spire (QoL Compilation)","Quick Restart","StSLib"],"gold_per_floor":[112,112,132,142,142,168,179,209,259,259,279,279,299,363,363,439,439,451,451,451,470,163,195,195,209,209,222,7,42,42,53,53,124,124,138,118,137,7,22,22,55,55,55,105,119,119,33,44,44,44,44,44,44,4,39,39,39],"floor_reached":56,"language":"ENG","playtime":4397,"items_purged":["Writhe","Shame","Strike_P"],"score":2028,"play_id":"4aa1ff2b-807c-44c8-aece-0187868122f6","local_time":"20210220194534","is_ascension_mode":true,"campfire_choices":[{"data":"Eruption","floor":10.0,"key":"SMITH"},{"data":"EmptyMind","floor":12.0,"key":"SMITH"},{"data":"Wallop","floor":15.0,"key":"SMITH"},{"data":"RitualDagger","floor":24.0,"key":"SMITH"},{"data":"Worship","floor":32.0,"key":"SMITH"},{"floor":40.0,"key":"RECALL"},{"data":"1","floor":46.0,"key":"LIFT"},{"data":"2","floor":49.0,"key":"LIFT"},{"floor":53.0,"key":"REST"}],"circlet_count":0,"master_deck":["AscendersBane","Strike_P","Strike_P+1","Strike_P","Defend_P+1","Defend_P+1","Defend_P+1","Defend_P","Eruption+1","Vigilance","Wallop+1","FlyingSleeves+1","Protect","Brilliance+1","EmptyMind+1","Consecrate+1","Prostrate","LessonLearned+1","RitualDagger+1","Brilliance+1","Pray+1","TalkToTheHand+1","LikeWater+1","Worship+1","RitualDagger+1","Omniscience","Vault+1","Injury","Prostrate"],"relics":["PureWater","Spirit Poop","MealTicket","Pantograph","Smiling Mask","Toy Ornithopter","Cursed Key","Pen Nib","Membership Card","Dream Catcher","InkBottle","PreservedInsect","DollysMirror","Singing Bowl","Busted Crown","Lantern","TungstenRod","Girya","Damaru","Bag of Marbles"],"acts_visited":["Exordium","TheCity","TheBeyond","TheEnding"],"potions_floor_usage":[56],"damage_taken":[{"damage":2.0,"enemies":"2 Louse","floor":1.0,"turns":3.0},{"damage":2.0,"enemies":"Cultist","floor":3.0,"turns":4.0},{"damage":7.0,"enemies":"Jaw Worm","floor":4.0,"turns":3.0},{"damage":2.0,"enemies":"3 Sentries","floor":6.0,"turns":6.0},{"damage":3.0,"enemies":"3 Louse","floor":7.0,"turns":3.0},{"damage":8.0,"enemies":"Gremlin Nob","floor":8.0,"turns":3.0},{"damage":0.0,"enemies":"Large Slime","floor":11.0,"turns":2.0},{"damage":3.0,"enemies":"Looter","floor":13.0,"turns":3.0},{"damage":4.0,"enemies":"Gremlin Nob","floor":14.0,"turns":2.0},{"damage":0.0,"enemies":"Slime Boss","floor":16.0,"turns":5.0},{"damage":17.0,"enemies":"Spheric Guardian","floor":18.0,"turns":6.0},{"damage":27.0,"enemies":"3 Byrds","floor":21.0,"turns":5.0},{"damage":17.0,"enemies":"Slavers","floor":23.0,"turns":7.0},{"damage":0.0,"enemies":"Centurion and Healer","floor":25.0,"turns":7.0},{"damage":13.0,"enemies":"Chosen and Byrds","floor":27.0,"turns":7.0},{"damage":6.0,"enemies":"Book of Stabbing","floor":29.0,"turns":4.0},{"damage":0.0,"enemies":"Snecko","floor":31.0,"turns":2.0},{"damage":18.0,"enemies":"Automaton","floor":33.0,"turns":6.0},{"damage":5.0,"enemies":"3 Darklings","floor":35.0,"turns":3.0},{"damage":0.0,"enemies":"3 Shapes","floor":37.0,"turns":6.0},{"damage":21.0,"enemies":"Jaw Worm Horde","floor":39.0,"turns":4.0},{"damage":0.0,"enemies":"Giant Head","floor":41.0,"turns":4.0},{"damage":8.0,"enemies":"2 Orb Walkers","floor":44.0,"turns":3.0},{"damage":5.0,"enemies":"Transient","floor":45.0,"turns":7.0},{"damage":28.0,"enemies":"4 Shapes","floor":48.0,"turns":3.0},{"damage":49.0,"enemies":"Time Eater","floor":50.0,"turns":6.0},{"damage":54.0,"enemies":"Awakened One","floor":51.0,"turns":9.0},{"damage":23.0,"enemies":"Shield and Spear","floor":55.0,"turns":3.0},{"damage":92,"enemies":"The Heart","floor":56,"turns":7}],"seed_played":"5974295032631997203","potions_obtained":[{"floor":1.0,"key":"DuplicationPotion"},{"floor":4.0,"key":"sneckomod:MuddlingPotion"},{"floor":7.0,"key":"champ:CounterPotion"},{"floor":8.0,"key":"Ancient Potion"},{"floor":11.0,"key":"champ:CounterPotion"},{"floor":16.0,"key":"SteroidPotion"},{"floor":21.0,"key":"AttackPotion"},{"floor":23.0,"key":"BlessingOfTheForge"},{"floor":27.0,"key":"BlessingOfTheForge"},{"floor":31.0,"key":"Swift Potion"},{"floor":36.0,"key":"Ancient Potion"},{"floor":37.0,"key":"hexamod:SoulburnPotion"},{"floor":45.0,"key":"Dexterity Potion"},{"floor":48.0,"key":"FearPotion"}],"is_trial":false,"path_per_floor":["M","?","M","M","?","E","M","E","T","R","M","R","M","?","R","B",null,"M","?","?","M","$","E","R","M","T","M","$","E","?","M","R","B",null,"M","?","M","$","M","R","E","?","T","?","M","R","$","M","R","B","B",null,"R","$","E","B"],"character_chosen":"WATCHER","items_purchased":["Membership Card","Brilliance","Pray","PreservedInsect","DollysMirror","Lantern","Damaru","Ancient Potion"],"campfire_rested":1,"item_purchase_floors":[22,22,22,28,28,38,47,54],"current_hp_per_floor":[71,71,69,62,39,37,34,26,26,26,26,26,23,19,19,44,69,52,52,46,24,39,32,32,32,32,24,39,38,38,40,40,52,72,69,69,71,83,64,64,66,66,66,60,57,57,72,46,46,27,3,68,89,89,68,0,0],"gold":39,"neow_bonus":"TWENTY_PERCENT_HP_BONUS","is_daily":false,"chose_seed":false,"campfire_upgraded":5,"win_rate":0.0,"timestamp":1613871934,"path_taken":["M","?","?","?","?","E","M","E","T","R","M","R","M","?","R","BOSS","M","?","?","M","$","E","R","M","T","M","$","E","?","M","R","BOSS","M","?","?","$","M","R","E","?","T","?","M","R","?","M","R","BOSS","BOSS","R","$","E","BOSS"],"items_purchased_type":["Relic","Card","Card","Relic","Relic","Relic","Relic","Potion"],"build_version":"2020-12-22","purchased_purges":3,"victory":false,"max_hp_per_floor":[80,77,77,77,77,77,77,77,77,77,77,77,77,77,77,77,77,77,77,77,77,77,77,77,77,77,77,77,77,77,79,79,79,79,81,81,83,83,85,85,87,83,83,85,87,87,87,89,89,89,89,89,89,89,91,91,91],"card_choices":[{"not_picked":["CrushJoints","BattleHymn"],"picked":"Wallop","floor":1.0},{"not_picked":["Weave","BattleHymn"],"picked":"FlyingSleeves","floor":3.0},{"not_picked":["Crescendo","BowlingBash"],"picked":"Protect","floor":4.0},{"not_picked":["BowlingBash","ClearTheMind"],"picked":"Brilliance","floor":6.0},{"not_picked":["MentalFortress","JustLucky"],"picked":"EmptyMind","floor":7.0},{"not_picked":["Crescendo","Fasting2","CrushJoints"],"picked":"SKIP","floor":8.0},{"not_picked":["SashWhip","ThirdEye","Perseverance"],"picked":"SKIP","floor":11.0},{"not_picked":["WindmillStrike","DeceiveReality"],"picked":"Consecrate","floor":13.0},{"not_picked":["Halt","PathToVictory"],"picked":"Prostrate","floor":14.0},{"not_picked":["DevaForm","Scrawl"],"picked":"LessonLearned","floor":16.0},{"not_picked":["Halt+1","FollowUp","Crescendo"],"picked":"SKIP","floor":18.0},{"not_picked":["FollowUp","EmptyBody","FlyingSleeves"],"picked":"SKIP","floor":21.0},{"not_picked":["BowlingBash","Indignation"],"picked":"TalkToTheHand","floor":23.0},{"not_picked":["JustLucky","PathToVictory"],"picked":"LikeWater","floor":25.0},{"not_picked":["CarveReality","FearNoEvil"],"picked":"Worship","floor":27.0},{"not_picked":["JustLucky+1","SashWhip"],"picked":"Omniscience","floor":29.0},{"not_picked":["CutThroughFate","FollowUp","Swivel"],"picked":"Singing Bowl","floor":31.0},{"not_picked":["DeusExMachina","Establishment"],"picked":"Vault","floor":33.0},{"not_picked":["Fasting2"],"picked":"Singing Bowl","floor":35.0},{"not_picked":["JustLucky"],"picked":"Singing Bowl","floor":37.0},{"not_picked":["Adaptation"],"picked":"Singing Bowl","floor":39.0},{"not_picked":["Weave"],"picked":"Singing Bowl","floor":41.0},{"not_picked":["CrushJoints"],"picked":"Singing Bowl","floor":44.0},{"not_picked":["JustLucky"],"picked":"Singing Bowl","floor":45.0},{"not_picked":["SashWhip"],"picked":"Singing Bowl","floor":48.0},{"not_picked":[],"picked":"Prostrate","floor":53.0},{"not_picked":["SandsOfTime"],"picked":"Singing Bowl","floor":55.0}],"player_experience":1513274,"relics_obtained":[{"floor":6.0,"key":"MealTicket"},{"floor":8.0,"key":"Pantograph"},{"floor":9.0,"key":"Smiling Mask"},{"floor":14.0,"key":"Toy Ornithopter"},{"floor":23.0,"key":"Dream Catcher"},{"floor":26.0,"key":"InkBottle"},{"floor":29.0,"key":"Singing Bowl"},{"floor":41.0,"key":"TungstenRod"},{"floor":44.0,"key":"Girya"},{"floor":55.0,"key":"Bag of Marbles"}],"event_choices":[{"cards_removed":["Parasite"],"damage_healed":0.0,"max_hp_gain":0.0,"max_hp_loss":0.0,"gold_gain":0.0,"event_name":"Bonfire Elementals","player_choice":"Offered Curse","floor":2.0,"gold_loss":0.0,"damage_taken":0.0,"relics_obtained":["Spirit Poop"]},{"damage_healed":0.0,"max_hp_gain":0.0,"max_hp_loss":0.0,"gold_gain":0.0,"event_name":"Shining Light","player_choice":"Entered Light","floor":5.0,"gold_loss":0.0,"damage_taken":23.0,"cards_upgraded":["Defend_P","FlyingSleeves"]},{"damage_healed":0.0,"max_hp_gain":0.0,"max_hp_loss":0.0,"gold_gain":0.0,"event_name":"Dead Adventurer","player_choice":"Searched \u00271\u0027 times","floor":14.0,"gold_loss":0.0,"damage_taken":0.0},{"damage_healed":0.0,"max_hp_gain":0.0,"max_hp_loss":0.0,"gold_gain":0.0,"event_name":"The Mausoleum","player_choice":"Opened","floor":19.0,"gold_loss":0.0,"damage_taken":0.0,"relics_obtained":["Pen Nib"],"cards_obtained":["Writhe"]},{"damage_healed":0.0,"max_hp_gain":0.0,"max_hp_loss":0.0,"gold_gain":0.0,"event_name":"Nest","player_choice":"Joined the Cult","floor":20.0,"gold_loss":0.0,"damage_taken":6.0,"cards_obtained":["RitualDagger"]},{"damage_healed":0.0,"max_hp_gain":0.0,"max_hp_loss":0.0,"gold_gain":0.0,"event_name":"Vampires","player_choice":"Ignored","floor":30.0,"gold_loss":0.0,"damage_taken":0.0},{"damage_healed":0.0,"max_hp_gain":0.0,"max_hp_loss":0.0,"gold_gain":0.0,"event_name":"The Woman in Blue","player_choice":"Bought 1 Potion","floor":36.0,"gold_loss":0.0,"damage_taken":0.0},{"damage_healed":0.0,"max_hp_gain":0.0,"max_hp_loss":4.0,"gold_gain":0.0,"event_name":"Winding Halls","player_choice":"Max HP","floor":42.0,"gold_loss":0.0,"damage_taken":0.0},{"damage_healed":0.0,"max_hp_gain":0.0,"max_hp_loss":0.0,"gold_gain":0.0,"event_name":"Mysterious Sphere","player_choice":"Fight","floor":44.0,"gold_loss":0.0,"damage_taken":0.0}],"is_beta":false,"boss_relics":[{"not_picked":["Black Star","SacredBark"],"picked":"Cursed Key"},{"not_picked":["bronze:MakeshiftBattery","Philosopher\u0027s Stone"],"picked":"Busted Crown"}],"items_purged_floors":[22,28,38],"is_endless":false,"potions_floor_spawned":[1,4,7,8,11,16,21,23,27,31,37,45,48],"killed_by":"The Heart","ascension_level":20}}