{"host":"BaronFel","time":1613867008,"event":{"mods":["BaseMod","Filter the Spire","Highlight Path","Minty Spire (QoL Compilation)","Relic Stats","ojb\u0027s Info Mod"],"gold_per_floor":[213,17,32,49,49,79,79,113,113,113,127,127,127],"floor_reached":12,"language":"ENG","playtime":1030,"items_purged":["Defend_R"],"score":176,"play_id":"cbc75c81-6e67-4c27-9e62-d7b08cd577fd","local_time":"20210220182328","is_ascension_mode":true,"campfire_choices":[{"data":"Hemokinesis","floor":7,"key":"SMITH"},{"floor":10,"key":"REST"}],"circlet_count":0,"master_deck":["AscendersBane","Strike_R","Strike_R","Strike_R","Strike_R","Strike_R","Defend_R","Defend_R","Defend_R","Bash","Ghostly Armor","Hemokinesis+1","Burning Pact","Feel No Pain","True Grit","Impervious","Power Through+1","True Grit+1"],"relics":["Burning Blood","Question Card","Pear","Toxic Egg 2","Gremlin Horn"],"acts_visited":["Exordium"],"potions_floor_usage":[6,8],"damage_taken":[{"damage":11.0,"enemies":"Jaw Worm","floor":1.0,"turns":5.0},{"damage":1.0,"enemies":"2 Louse","floor":3.0,"turns":3.0},{"damage":5.0,"enemies":"Cultist","floor":4.0,"turns":4.0},{"damage":46,"enemies":"Lagavulin","floor":6,"turns":8},{"damage":22,"enemies":"3 Sentries","floor":8,"turns":13},{"damage":27,"enemies":"Gremlin Gang","floor":11,"turns":6},{"damage":31,"enemies":"Gremlin Nob","floor":12,"turns":3}],"seed_played":"4517220392184661765","potions_obtained":[{"floor":1.0,"key":"Fire Potion"},{"floor":4.0,"key":"BloodPotion"}],"is_trial":false,"path_per_floor":["M","$","M","M","?","E","R","E","T","R","M","E"],"character_chosen":"IRONCLAD","items_purchased":["Hemokinesis","Burning Pact"],"campfire_rested":1,"item_purchase_floors":[2,2],"current_hp_per_floor":[63,63,68,69,51,21,21,22,22,47,26,0,0],"gold":127,"neow_bonus":"HUNDRED_GOLD","is_daily":false,"chose_seed":false,"campfire_upgraded":1,"win_rate":0.0,"timestamp":1613867008,"path_taken":["M","$","M","M","?","E","R","E","T","R","M","E"],"items_purchased_type":["Card","Card"],"build_version":"2020-12-18","purchased_purges":1,"victory":false,"max_hp_per_floor":[75,75,75,75,75,85,85,85,85,85,85,85,85],"relic_stats":{"Gremlin Horn":[3,3],"counters":[7,42],"Question Card":3,"obtain_stats":[{"Pear":6,"Gremlin Horn":9,"Toxic Egg 2":8,"Question Card":5,"Burning Blood":0},{"Pear":4,"Gremlin Horn":5,"Toxic Egg 2":5,"Question Card":3,"Burning Blood":0},{"Pear":20,"Gremlin Horn":33,"Toxic Egg 2":33,"Question Card":12,"Burning Blood":0}],"Burning Blood":36},"card_choices":[{"not_picked":["Clothesline","Entrench"],"picked":"Ghostly Armor","floor":1.0},{"not_picked":["Power Through","Rage"],"picked":"Feel No Pain","floor":3.0},{"not_picked":["Flex","Perfected Strike"],"picked":"True Grit","floor":4.0},{"not_picked":["Pommel Strike","Bloodletting","Flex"],"picked":"Impervious","floor":6},{"not_picked":["Fire Breathing","Body Slam","Combust"],"picked":"Power Through+1","floor":8},{"not_picked":["Rage+1","Burning Pact+1","Combust"],"picked":"True Grit+1","floor":11}],"player_experience":1175134,"relics_obtained":[{"floor":6,"key":"Pear"},{"floor":8,"key":"Toxic Egg 2"},{"floor":9,"key":"Gremlin Horn"}],"event_choices":[{"damage_healed":0,"gold_gain":0,"player_choice":"Success","damage_taken":18,"relics_obtained":["Question Card"],"max_hp_gain":0,"max_hp_loss":0,"event_name":"Scrap Ooze","floor":5,"gold_loss":0}],"is_beta":true,"boss_relics":[],"items_purged_floors":[2],"is_endless":false,"potions_floor_spawned":[1,4],"killed_by":"Gremlin Nob","ascension_level":20}}