{"host":"wvcyfzs99um8is6a","time":1613873444,"event":{"mods":["AchievementEnabler","BaseMod","Colored Map","Colored Powertips","Highlight Path","Minty Spire (QoL Compilation)","Random Character Button","Relic Filter","StSLib","SuperFastMode"],"gold_per_floor":[116,116,132,151,76,76,107,107,107,107,7,17,17,31,31,132,132,145,158,158,158,33,33,49,63,63,90,90,90,15,30,30,132,132,151,151,54,54,70,70,96,111,160,160,160,160],"floor_reached":45,"language":"ENG","playtime":4059,"items_purged":["Strike_B","Strike_B","Strike_B"],"score":461,"play_id":"72af1829-eb89-4dd7-b12c-be2e1e25f87b","local_time":"20210220211044","is_ascension_mode":false,"campfire_choices":[{"data":"Zap","floor":6.0,"key":"SMITH"},{"data":"Dualcast","floor":8.0,"key":"SMITH"},{"data":"Rainbow","floor":10.0,"key":"SMITH"},{"data":"Storm","floor":13.0,"key":"SMITH"},{"data":"Loop","floor":15.0,"key":"SMITH"},{"data":"Fission","floor":23.0,"key":"SMITH"},{"data":"Lockon","floor":28,"key":"SMITH"},{"floor":32,"key":"REST"},{"floor":40,"key":"REST"}],"circlet_count":0,"master_deck":["Defend_B","Defend_B","Defend_B","Zap+1","Dualcast+1","Storm+1","Rainbow+1","Lockon+1","Loop+1","Fission+1","Defragment+1","Redo+1","Static Discharge","Genetic Algorithm+1","Echo Form+1"],"relics":["Cracked Core","White Beast Statue","InkBottle","SlaversCollar","Gremlin Horn","Bottled Tornado","Shuriken","Empty Cage","TungstenRod","Dream Catcher"],"acts_visited":["Exordium","TheCity","TheBeyond"],"potions_floor_usage":[24,25,27,33,33,39,41,41,42],"damage_taken":[{"damage":1.0,"enemies":"Jaw Worm","floor":1.0,"turns":3.0},{"damage":2.0,"enemies":"2 Louse","floor":3.0,"turns":3.0},{"damage":0.0,"enemies":"Small Slimes","floor":4.0,"turns":4.0},{"damage":15.0,"enemies":"Lagavulin","floor":7.0,"turns":8.0},{"damage":2.0,"enemies":"Blue Slaver","floor":12.0,"turns":3.0},{"damage":13.0,"enemies":"Exordium Thugs","floor":14.0,"turns":3.0},{"damage":10.0,"enemies":"The Guardian","floor":16.0,"turns":7.0},{"damage":12.0,"enemies":"Shell Parasite","floor":18.0,"turns":4.0},{"damage":22.0,"enemies":"2 Thieves","floor":19.0,"turns":4.0},{"damage":5,"enemies":"Cultist and Chosen","floor":24,"turns":5},{"damage":4,"enemies":"Snecko","floor":25,"turns":3},{"damage":13,"enemies":"Slavers","floor":27,"turns":2},{"damage":21,"enemies":"Centurion and Healer","floor":31,"turns":3},{"damage":32,"enemies":"Automaton","floor":33,"turns":7},{"damage":38,"enemies":"3 Darklings","floor":35,"turns":5},{"damage":25,"enemies":"3 Shapes","floor":39,"turns":2},{"damage":18,"enemies":"Giant Head","floor":41,"turns":5},{"damage":26,"enemies":"Jaw Worm Horde","floor":42,"turns":4},{"damage":42,"enemies":"Transient","floor":45,"turns":5}],"seed_played":"5001582371087010099","potions_obtained":[{"floor":0.0,"key":"BlessingOfTheForge"},{"floor":0.0,"key":"SpeedPotion"},{"floor":0.0,"key":"Ancient Potion"},{"floor":7.0,"key":"PowerPotion"},{"floor":14.0,"key":"Regen Potion"},{"floor":18.0,"key":"Fire Potion"},{"floor":19.0,"key":"Swift Potion"},{"floor":24,"key":"EssenceOfDarkness"},{"floor":25,"key":"Swift Potion"},{"floor":27,"key":"SteroidPotion"},{"floor":33,"key":"Explosive Potion"},{"floor":35,"key":"DistilledChaos"},{"floor":39,"key":"Fire Potion"},{"floor":41,"key":"Fruit Juice"},{"floor":42,"key":"LiquidBronze"}],"is_trial":false,"path_per_floor":["M","?","M","M","$","R","E","R","T","R","$","M","R","M","R","B",null,"M","M","?","?","$","R","M","M","T","E","R","?","$","M","R","B",null,"M","?","$","?","M","R","E","M","T","?","M"],"character_chosen":"DEFECT","items_purchased":["Static Discharge","FairyPotion"],"campfire_rested":2,"item_purchase_floors":[30,37],"current_hp_per_floor":[74,74,72,72,72,72,57,57,57,57,57,55,55,42,42,32,75,63,41,41,41,41,41,50,46,46,33,33,33,33,12,34,2,75,37,37,37,37,12,34,21,24,24,24,0,0],"gold":160,"neow_bonus":"THREE_SMALL_POTIONS","is_daily":false,"chose_seed":false,"campfire_upgraded":7,"win_rate":0.0,"timestamp":1613873444,"path_taken":["M","?","M","M","$","R","E","R","T","R","$","M","R","M","R","BOSS","M","M","?","?","$","R","M","M","T","E","R","?","?","M","R","BOSS","M","?","$","?","?","R","E","M","T","?","M"],"items_purchased_type":["Card","Potion"],"build_version":"2020-12-22","purchased_purges":3,"victory":false,"max_hp_per_floor":[75,75,75,75,75,75,75,75,75,75,75,75,75,75,75,75,75,75,75,75,75,75,75,75,75,75,75,75,75,75,75,75,75,75,75,75,75,75,75,75,80,80,80,76,76,76],"card_choices":[{"not_picked":["Sweeping Beam","Doom and Gloom","Ball Lightning"],"picked":"SKIP","floor":1.0},{"not_picked":["Compile Driver","Sweeping Beam"],"picked":"Storm","floor":3.0},{"not_picked":["Barrage","Rebound"],"picked":"Rainbow","floor":4.0},{"not_picked":["Scrape","Beam Cell"],"picked":"Lockon","floor":7.0},{"not_picked":["Leap","BootSequence"],"picked":"Loop","floor":12.0},{"not_picked":["Compile Driver","Hello World","Sunder"],"picked":"SKIP","floor":14.0},{"not_picked":["Amplify","Meteor Strike"],"picked":"Fission","floor":16.0},{"not_picked":["Barrage","Rebound+1"],"picked":"Defragment+1","floor":18.0},{"not_picked":["Sunder","Redo","Reinforced Body"],"picked":"SKIP","floor":19.0},{"not_picked":["Sunder","Redo","Reinforced Body"],"picked":"SKIP","floor":19.0},{"not_picked":["Scrape","Hologram"],"picked":"Redo+1","floor":24},{"not_picked":["Rebound","Gash","Storm"],"picked":"SKIP","floor":25},{"not_picked":["Go for the Eyes","Recycle+1","Rebound"],"picked":"SKIP","floor":27},{"not_picked":["Go for the Eyes+1","Undo"],"picked":"Genetic Algorithm+1","floor":31},{"not_picked":["Hyperbeam","Buffer"],"picked":"Echo Form","floor":33},{"not_picked":["Rebound+1","Compile Driver+1","Ball Lightning"],"picked":"SKIP","floor":35},{"not_picked":["Leap","Cold Snap+1","Stack+1"],"picked":"SKIP","floor":39},{"not_picked":["Conserve Battery","Hologram+1","Compile Driver"],"picked":"SKIP","floor":41},{"not_picked":["Beam Cell","Lockon+1","Barrage+1"],"picked":"SKIP","floor":42}],"player_experience":1045554,"relics_obtained":[{"floor":7.0,"key":"White Beast Statue"},{"floor":9.0,"key":"InkBottle"},{"floor":26,"key":"Bottled Tornado"},{"floor":27,"key":"Shuriken"},{"floor":41,"key":"TungstenRod"},{"floor":43,"key":"Dream Catcher"}],"event_choices":[{"damage_healed":0.0,"max_hp_gain":0.0,"max_hp_loss":0.0,"gold_gain":0.0,"event_name":"Liars Game","player_choice":"Ignored","floor":2.0,"gold_loss":0.0,"damage_taken":0.0},{"damage_healed":0.0,"max_hp_gain":0.0,"max_hp_loss":0.0,"gold_gain":0.0,"event_name":"The Mausoleum","player_choice":"Opened","floor":21.0,"gold_loss":0.0,"damage_taken":0.0,"relics_obtained":["Gremlin Horn"]},{"damage_healed":0,"gold_gain":0,"player_choice":"Ignored","damage_taken":0,"max_hp_gain":0,"max_hp_loss":0,"event_name":"Ghosts","floor":29,"gold_loss":0},{"damage_healed":0,"gold_gain":0,"player_choice":"Ignored","damage_taken":0,"max_hp_gain":0,"max_hp_loss":0,"event_name":"Mysterious Sphere","floor":36,"gold_loss":0},{"damage_healed":0,"gold_gain":0,"player_choice":"Upgraded","damage_taken":0,"max_hp_gain":0,"max_hp_loss":0,"event_name":"Upgrade Shrine","floor":38,"gold_loss":0,"cards_upgraded":["Echo Form"]},{"damage_healed":0,"gold_gain":0,"player_choice":"Max HP","damage_taken":0,"max_hp_gain":0,"max_hp_loss":4,"event_name":"Winding Halls","floor":44,"gold_loss":0}],"is_beta":false,"boss_relics":[{"not_picked":["Astrolabe","Cursed Key"],"picked":"SlaversCollar"},{"not_picked":["Sozu","SacredBark"],"picked":"Empty Cage"}],"items_purged_floors":[5,11,22],"is_endless":false,"potions_floor_spawned":[7,12,14,16,18,19,24,25,27,31,33,35,39,41,42],"killed_by":"Transient","ascension_level":0}}