{"host":"74rphcgmhz43g39u","time":1613896406,"event":{"mods":["BaseMod","Downfall","Minty Spire (QoL Compilation)","Quick Restart","StSLib","UnlockEverythingMod"],"gold_per_floor":[99,99,0,0,100,134,134,34,60,60,77,91,110,143,163,163,163,163],"floor_reached":16,"language":"ZHS","playtime":902,"items_purged":[],"score":124,"play_id":"1c07abd4-5be4-4b97-bd5e-e64acc6c0169","local_time":"20210221163326","is_ascension_mode":true,"campfire_choices":[{"floor":1.0,"key":"RECALL"},{"data":"Slimebound:Split","floor":8,"key":"SMITH"},{"data":"Slimebound:Split","floor":10,"key":"SMITH"}],"circlet_count":0,"master_deck":["Slimebound:Strike_Slimebound","Slimebound:Strike_Slimebound","Slimebound:Strike_Slimebound","Slimebound:Tackle","Slimebound:Defend_Slimebound","Slimebound:Defend_Slimebound","Slimebound:Defend_Slimebound","Slimebound:Defend_Slimebound","Slimebound:Split+1","Slimebound:CorrosiveSpit","Slimebound:MegaLick","Slimebound:Grow","Slimebound:Split+1","Slimebound:SamplingLick","Slimebound:Recollect","Slimebound:RallyTheTroops","Finesse","downfall:Icky","Slimebound:FormOfPuddle","Slimebound:FirmFortitude","Slimebound:SplitAcid"],"relics":["Slimebound:AbsorbEndCombat","downfall:HeartsMalice","downfall:GremlinSack","Anchor","downfall:HeartBlessingGreen","Boot","Gremlin Horn"],"acts_visited":["Exordium"],"potions_floor_usage":[9,13],"damage_taken":[{"damage":0.0,"enemies":"Cultist","floor":2.0,"turns":1.0},{"damage":0.0,"enemies":"downfall:FleeingMerchant","floor":3.0,"turns":1.0},{"damage":0.0,"enemies":"Jaw Worm","floor":4.0,"turns":1.0},{"damage":17.0,"enemies":"Jaw Worm","floor":5.0,"turns":4.0},{"damage":10.0,"enemies":"Lagavulin","floor":6.0,"turns":8.0},{"damage":3,"enemies":"3 Sentries","floor":9,"turns":7},{"damage":0,"enemies":"2 Louse","floor":11,"turns":2},{"damage":5,"enemies":"downfall:LooterAlt","floor":12,"turns":3},{"damage":2,"enemies":"Lots of Slimes","floor":13,"turns":4},{"damage":6,"enemies":"Gremlin Nob","floor":14,"turns":4},{"damage":0,"enemies":"Gremlin Gang","floor":15,"turns":2},{"damage":75,"enemies":"WA_ARCHETYPE_RETAIN","floor":16,"turns":7}],"seed_played":"3390332883173182455","potions_obtained":[{"floor":5.0,"key":"Strength Potion"},{"floor":6.0,"key":"GamblersBrew"},{"floor":9,"key":"Strength Potion"}],"is_trial":false,"path_per_floor":["R","M","$","M","?","E","T","R","E","R","M","M","M","E","M","B"],"character_chosen":"SLIMEBOUND","items_purchased":["Fire Potion","ColorlessPotion"],"campfire_rested":0,"item_purchase_floors":[3,3],"current_hp_per_floor":[65,65,65,65,50,46,46,46,51,51,53,52,56,54,60,0,0,0],"gold":163,"neow_bonus":"THREE_ENEMY_KILL","is_daily":false,"chose_seed":false,"campfire_upgraded":2,"win_rate":0.0,"timestamp":1613896406,"path_taken":["R","M","$","M","?","E","T","R","E","R","?","M","M","E","M","BOSS"],"items_purchased_type":["Potion","Potion"],"build_version":"2020-12-22","purchased_purges":0,"victory":false,"max_hp_per_floor":[65,65,65,65,65,65,65,65,65,65,65,65,65,65,65,65,65,65],"card_choices":[{"not_picked":["Slimebound:LivingWall","Slimebound:RollThrough"],"picked":"Slimebound:MegaLick","floor":2.0},{"not_picked":["Slimebound:GoopSpray","Slimebound:PrepareCrush"],"picked":"Slimebound:Grow","floor":3.0},{"not_picked":["Slimebound:LivingWall","Slimebound:SlimeBrawl","Slimebound:ServeAndProtect"],"picked":"SKIP","floor":4.0},{"not_picked":["Slimebound:GoopTackle","Slimebound:TongueLash","Slimebound:Prepare"],"picked":"SKIP","floor":6.0},{"not_picked":["Slimebound:GoopTackle","Slimebound:LeechEnergy","Slimebound:Gluttony"],"picked":"SKIP","floor":9},{"not_picked":["Slimebound:ForwardTackle","Slimebound:LivingWall"],"picked":"Slimebound:FormOfPuddle","floor":11},{"not_picked":["Slimebound:ItLooksTasty","Slimebound:DivideAndConquer"],"picked":"Slimebound:FirmFortitude","floor":12},{"not_picked":["Slimebound:LeechingTouch","Slimebound:SplitLeeching"],"picked":"Slimebound:SplitAcid","floor":13},{"not_picked":["Slimebound:RollThrough","Slimebound:SplitBruiser","Slimebound:ItLooksTasty"],"picked":"SKIP","floor":14},{"not_picked":["Slimebound:DivideAndConquer","Slimebound:SlimeBarrage","Slimebound:SlimeBrawl"],"picked":"SKIP","floor":15}],"player_experience":642542,"relics_obtained":[{"floor":5.0,"key":"downfall:GremlinSack"},{"floor":6.0,"key":"Anchor"},{"floor":9,"key":"Boot"},{"floor":14,"key":"Gremlin Horn"}],"event_choices":[],"is_beta":false,"boss_relics":[],"items_purged_floors":[],"is_endless":false,"potions_floor_spawned":[5,6,9,12],"killed_by":"WA_ARCHETYPE_RETAIN","ascension_level":1}}