{"host":"0mk07bycsqo1qk03","time":1613939289,"event":{"mods":["BaseMod","Downfall","Hermit","Hubris","Minty Spire (QoL Compilation)","Reliquary","Replay The Spire","StSLib"],"gold_per_floor":[110,122,272,272,287,319,333,333,401,401,401],"floor_reached":10,"language":"ENG","playtime":294,"items_purged":[],"score":122,"play_id":"34d95670-340e-4661-997c-8ebca133f4fe","local_time":"20210221212809","is_ascension_mode":true,"campfire_choices":[{"data":"ReplayTheSpireMod:Necrosis","floor":8,"key":"SMITH"}],"circlet_count":0,"master_deck":["AscendersBane","Strike_G","Strike_G","Strike_G","Strike_G","Strike_G","Defend_G","Defend_G","Defend_G","Defend_G","Defend_G","Survivor","Neutralize","Deadly Poison","Bouncing Flask","Sucker Punch","ReplayTheSpireMod:Necrosis+1","Backflip"],"relics":["Ring of the Snake","Anchor","reliquary:TuningFork","Gremlin Horn"],"acts_visited":["Exordium"],"potions_floor_usage":[6,10],"damage_taken":[{"damage":2,"enemies":"Small Slimes","floor":1,"turns":4},{"damage":4,"enemies":"Jaw Worm","floor":2,"turns":4},{"damage":1,"enemies":"Cultist","floor":5,"turns":3},{"damage":16,"enemies":"Lagavulin","floor":6,"turns":8},{"damage":5,"enemies":"Gremlin Gang","floor":7,"turns":8},{"damage":24,"enemies":"Gremlin Nob","floor":10,"turns":4}],"seed_played":"7020246114183628886","potions_obtained":[{"floor":1,"key":"Reflective Coating"},{"floor":7,"key":"AttackPotion"}],"is_trial":false,"path_per_floor":["M","M","?","?","M","E","M","R","T","E"],"character_chosen":"THE_SILENT","items_purchased":[],"campfire_rested":0,"item_purchase_floors":[],"current_hp_per_floor":[57,53,53,46,45,29,24,24,24,0,0],"gold":401,"neow_bonus":"RANDOM_COMMON_RELIC","is_daily":false,"chose_seed":false,"campfire_upgraded":1,"win_rate":0.0,"timestamp":1613939289,"path_taken":["M","M","?","?","M","E","?","R","T","E"],"items_purchased_type":[],"build_version":"2020-12-22","purchased_purges":0,"victory":false,"max_hp_per_floor":[66,66,66,66,66,66,66,66,66,66,66],"card_choices":[{"not_picked":["Reflex","Flechettes"],"picked":"Deadly Poison","floor":1},{"not_picked":["Quick Slash","Flying Knee"],"picked":"Bouncing Flask","floor":2},{"not_picked":["hubris:SlightOfHand","Flying Knee"],"picked":"Sucker Punch","floor":5},{"not_picked":["Blade Dance","Endless Agony"],"picked":"ReplayTheSpireMod:Necrosis","floor":6},{"not_picked":["Prepared","Deadly Poison"],"picked":"Backflip","floor":7}],"player_experience":1050479,"relics_obtained":[{"floor":6,"key":"reliquary:TuningFork"},{"floor":9,"key":"Gremlin Horn"}],"event_choices":[{"damage_healed":0,"gold_gain":150,"player_choice":"AGREE","damage_taken":0,"max_hp_gain":0,"max_hp_loss":0,"event_name":"Liars Game","floor":3,"gold_loss":0,"cards_obtained":["Doubt"]},{"cards_removed":["Doubt"],"damage_healed":0,"gold_gain":0,"player_choice":"Card Removal","damage_taken":7,"max_hp_gain":0,"max_hp_loss":0,"event_name":"Golden Wing","floor":4,"gold_loss":0}],"is_beta":false,"boss_relics":[],"items_purged_floors":[],"is_endless":false,"potions_floor_spawned":[1,7],"killed_by":"Gremlin Nob","ascension_level":16}}