{"host":"2uq4yl5bzsf2ox6r","time":1613937524,"event":{"mods":["AchievementEnabler","BaseMod","Colored Map","Highlight Path","Minty Spire (QoL Compilation)","Relic Stats","StSLib"],"gold_per_floor":[115,115,115,115,131,162,162,162,162],"floor_reached":8,"language":"ENG","playtime":199,"items_purged":[],"score":99,"play_id":"099b4ef4-ffdb-4a20-864f-bcccf38a7303","local_time":"20210221145844","is_ascension_mode":true,"campfire_choices":[{"data":"Reprogram","floor":7,"key":"SMITH"}],"circlet_count":0,"master_deck":["Strike_B","Strike_B","Strike_B","Strike_B","Defend_B","Defend_B+1","Defend_B","Defend_B+1","Zap","Dualcast","BootSequence","Injury","Reprogram+1","BootSequence"],"relics":["Cracked Core","NeowsBlessing","Blue Candle","Golden Idol","Strawberry"],"acts_visited":["Exordium"],"potions_floor_usage":[],"damage_taken":[{"damage":0,"enemies":"2 Louse","floor":1,"turns":1},{"damage":0,"enemies":"Small Slimes","floor":5,"turns":1},{"damage":0,"enemies":"Lagavulin","floor":6,"turns":1},{"damage":24,"enemies":"3 Sentries","floor":8,"turns":6}],"seed_played":"9061039673321886303","potions_obtained":[{"floor":6,"key":"SpeedPotion"}],"is_trial":false,"path_per_floor":["M","?","?","?","M","E","R","E"],"character_chosen":"DEFECT","items_purchased":[],"campfire_rested":0,"item_purchase_floors":[],"current_hp_per_floor":[75,60,53,53,53,60,60,36,36],"gold":162,"neow_bonus":"THREE_ENEMY_KILL","is_daily":false,"chose_seed":false,"campfire_upgraded":1,"win_rate":0.0,"timestamp":1613937524,"path_taken":["M","?","?","?","M","E","R","E"],"items_purchased_type":[],"build_version":"2020-12-22","purchased_purges":0,"victory":false,"max_hp_per_floor":[75,75,75,75,75,82,82,82,82],"relic_stats":{"counters":[4,9],"Golden Idol":9,"Blue Candle":[1],"obtain_stats":[{"NeowsBlessing":0,"Golden Idol":4,"Blue Candle":3,"Strawberry":6,"Cracked Core":0},{"NeowsBlessing":0,"Golden Idol":1,"Blue Candle":1,"Strawberry":3,"Cracked Core":0},{"NeowsBlessing":0,"Golden Idol":1,"Blue Candle":1,"Strawberry":3,"Cracked Core":0}]},"card_choices":[{"not_picked":["Compile Driver","Conserve Battery"],"picked":"BootSequence","floor":1},{"not_picked":["Cold Snap","Hologram"],"picked":"Reprogram","floor":5},{"not_picked":["Blizzard","Doom and Gloom"],"picked":"BootSequence","floor":6}],"player_experience":167748,"relics_obtained":[{"floor":6,"key":"Strawberry"}],"event_choices":[{"damage_healed":0,"gold_gain":0,"player_choice":"Entered Light","damage_taken":15,"max_hp_gain":0,"max_hp_loss":0,"event_name":"Shining Light","floor":2,"gold_loss":0,"cards_upgraded":["Defend_B","Defend_B"]},{"damage_healed":0,"gold_gain":0,"player_choice":"Success","damage_taken":7,"relics_obtained":["Blue Candle"],"max_hp_gain":0,"max_hp_loss":0,"event_name":"Scrap Ooze","floor":3,"gold_loss":0},{"damage_healed":0,"gold_gain":0,"player_choice":"Take Wound","damage_taken":0,"relics_obtained":["Golden Idol"],"max_hp_gain":0,"max_hp_loss":0,"event_name":"Golden Idol","floor":4,"gold_loss":0,"cards_obtained":["Injury"]}],"is_beta":false,"boss_relics":[],"items_purged_floors":[],"is_endless":false,"potions_floor_spawned":[6],"killed_by":"3 Sentries","ascension_level":5}}