{"host":"dlqyscxstsnu98l1","time":1613891495,"event":{"mods":["AchievementEnabler","BaseMod","Colored Map","Colored Powertips","GifTheSpireLib","Highlight Path","Minty Spire (QoL Compilation)","Random Character Button","SacredBarkPlus","StSLib","everything is the same but u backflip on backflip"],"gold_per_floor":[212,212,227,243,104,135,163,175,211,239,251,290,315,182,182,280,280,295,315,265,275,275,302,302,336,336,336,346,364,364,364],"floor_reached":30,"language":"ENG","playtime":6570,"items_purged":[],"score":392,"play_id":"ac836c2f-6a4f-4b7b-95f3-660d2d4566e9","local_time":"20210221011135","is_ascension_mode":true,"campfire_choices":[{"floor":8,"key":"REST"},{"floor":11,"key":"REST"},{"floor":15,"key":"REST"},{"data":"Judgement","floor":24,"key":"SMITH"}],"circlet_count":0,"master_deck":["Eruption+1","Vigilance","FollowUp","Protect","Vault","Halt","Protect","Halt","ClearTheMind","Tantrum","Worship","Judgement+1","DeusExMachina","WheelKick","FlurryOfBlows","Halt","Nirvana","WreathOfFlame","FlyingSleeves","Pray","Tantrum+1","Halt","Crescendo","LikeWater","Halt"],"relics":["PureWater","MawBank","Bronze Scales","Blood Vial","Pandora\u0027s Box","Shuriken","Akabeko","Ornamental Fan"],"acts_visited":["Exordium","TheCity"],"potions_floor_usage":[6,7,16,25,25,28],"damage_taken":[{"damage":5,"enemies":"Small Slimes","floor":1,"turns":5},{"damage":0,"enemies":"Cultist","floor":3,"turns":2},{"damage":4,"enemies":"Jaw Worm","floor":4,"turns":3},{"damage":30,"enemies":"Lagavulin","floor":6,"turns":8},{"damage":23,"enemies":"Red Slaver","floor":7,"turns":3},{"damage":14,"enemies":"3 Louse","floor":10,"turns":4},{"damage":23,"enemies":"3 Sentries","floor":12,"turns":7},{"damage":4,"enemies":"Exordium Wildlife","floor":13,"turns":5},{"damage":6,"enemies":"Slime Boss","floor":16,"turns":9},{"damage":0,"enemies":"Spheric Guardian","floor":18,"turns":2},{"damage":0,"enemies":"Chosen","floor":19,"turns":4},{"damage":15,"enemies":"Centurion and Healer","floor":21,"turns":4},{"damage":2,"enemies":"Slavers","floor":23,"turns":3},{"damage":14,"enemies":"Gremlin Leader","floor":25,"turns":6},{"damage":18,"enemies":"Cultist and Chosen","floor":28,"turns":2},{"damage":3,"enemies":"Snecko","floor":29,"turns":5},{"damage":0,"enemies":"Snake Plant","floor":30,"turns":1}],"seed_played":"-770353481783931632","potions_obtained":[{"floor":3,"key":"SpeedPotion"},{"floor":6,"key":"Swift Potion"},{"floor":16,"key":"Ancient Potion"},{"floor":21,"key":"AttackPotion"},{"floor":25,"key":"Weak Potion"}],"is_trial":false,"path_per_floor":["M","?","M","M","$","E","M","R","T","M","R","E","M","$","R","B",null,"M","M","$","M","?","E","R","E","T","?","M","M","M"],"character_chosen":"WATCHER","items_purchased":["Vault","Worship","StancePotion","Block Potion"],"campfire_rested":3,"item_purchase_floors":[5,14,14,20],"current_hp_per_floor":[60,60,60,56,56,26,3,24,24,10,31,8,6,6,27,23,60,62,64,64,51,51,51,51,39,39,39,23,22,24,24],"gold":364,"neow_bonus":"HUNDRED_GOLD","is_daily":false,"chose_seed":false,"campfire_upgraded":1,"win_rate":0.0,"timestamp":1613891495,"path_taken":["M","?","?","M","$","E","M","R","T","M","R","E","M","?","R","BOSS","M","M","$","M","?","E","R","E","T","?","M","?","M"],"items_purchased_type":["Card","Card","Potion","Potion"],"build_version":"2020-12-22","purchased_purges":0,"victory":false,"max_hp_per_floor":[72,72,72,72,72,72,72,72,72,72,72,72,72,72,72,72,72,72,72,72,72,72,72,72,72,72,72,72,72,72,72],"card_choices":[{"not_picked":["ClearTheMind","Sanctity"],"picked":"FollowUp","floor":1},{"not_picked":["Meditate","ForeignInfluence","WreathOfFlame"],"picked":"SKIP","floor":3},{"not_picked":["ClearTheMind","FollowUp"],"picked":"Protect","floor":4},{"not_picked":["ThirdEye","ForeignInfluence"],"picked":"Halt","floor":6},{"not_picked":["Weave","Blasphemy"],"picked":"Protect","floor":7},{"not_picked":["CrushJoints","Evaluate"],"picked":"Halt","floor":10},{"not_picked":["Study","Wireheading"],"picked":"ClearTheMind","floor":12},{"not_picked":["Pray","FollowUp"],"picked":"Tantrum","floor":13},{"not_picked":["DevaForm","MasterReality"],"picked":"Judgement","floor":16},{"not_picked":["EmptyBody","ForeignInfluence"],"picked":"Tantrum+1","floor":18},{"not_picked":["Evaluate+1","ClearTheMind"],"picked":"Halt","floor":19},{"not_picked":["SignatureMove","SashWhip","Crescendo"],"picked":"SKIP","floor":21},{"not_picked":["BowlingBash+1","MentalFortress","ClearTheMind"],"picked":"SKIP","floor":23},{"not_picked":["EmptyFist","JustLucky","Protect"],"picked":"SKIP","floor":25},{"not_picked":["PathToVictory","Indignation"],"picked":"Halt","floor":28},{"not_picked":["Wireheading","PathToVictory","MentalFortress"],"picked":"SKIP","floor":29}],"player_experience":255170,"relics_obtained":[{"floor":6,"key":"MawBank"},{"floor":9,"key":"Bronze Scales"},{"floor":12,"key":"Blood Vial"},{"floor":23,"key":"Shuriken"},{"floor":25,"key":"Akabeko"},{"floor":26,"key":"Ornamental Fan"}],"event_choices":[{"damage_healed":0,"gold_gain":0,"player_choice":"Forge","damage_taken":0,"max_hp_gain":0,"max_hp_loss":0,"event_name":"Accursed Blacksmith","floor":2,"gold_loss":0,"cards_upgraded":["Eruption"]},{"damage_healed":0,"gold_gain":0,"player_choice":"Read","damage_taken":0,"max_hp_gain":0,"max_hp_loss":0,"event_name":"The Library","floor":22,"gold_loss":0,"cards_obtained":["Crescendo"]},{"damage_healed":0,"gold_gain":0,"player_choice":"1 cards matched","damage_taken":0,"max_hp_gain":0,"max_hp_loss":0,"event_name":"Match and Keep!","floor":27,"gold_loss":0,"cards_obtained":["LikeWater"]}],"is_beta":false,"boss_relics":[{"not_picked":["Tiny House","Cursed Key"],"picked":"Pandora\u0027s Box"}],"items_purged_floors":[],"is_endless":false,"potions_floor_spawned":[3,6,16,21,25],"killed_by":"Snake Plant","ascension_level":6}}