{"host":"sw6p9u0oh417cx03","time":1613916159,"event":{"mods":["AchievementEnabler","Act Like it!","BaseMod","CapriCore","DeckTracker","Highlight Path","Minty Spire (QoL Compilation)","Quick Restart","StSLib"],"gold_per_floor":[10,10,20,20,95,95,120,146,182,221,243,255,267,279,291,401,413,441,453,339,339,350,350,383,383,383,400,427,441,341,351,351,456,456,471,471,490,501,517,552,567,602,602,622,648,435,435,485,485,485,485,485,286,311,311],"floor_reached":56,"language":"ZHS","playtime":1660,"items_purged":["Strike_G","Predator","Defend_G","Neutralize"],"score":2315,"play_id":"5534cfb6-6479-4630-a813-c7d69c04126c","local_time":"20210221220239","is_ascension_mode":true,"campfire_choices":[{"data":"Envenom","floor":6.0,"key":"SMITH"},{"data":"Grand Finale","floor":13.0,"key":"SMITH"},{"data":"Grand Finale","floor":15.0,"key":"SMITH"},{"floor":23.0,"key":"RECALL"},{"data":"Prepared","floor":25.0,"key":"SMITH"},{"data":"Reflex","floor":32.0,"key":"SMITH"},{"data":"Purity","floor":47,"key":"SMITH"},{"data":"Acrobatics","floor":49,"key":"SMITH"},{"data":"Escape Plan","floor":52,"key":"SMITH"}],"circlet_count":0,"master_deck":["AscendersBane","Defend_G","Defend_G","Survivor","Envenom+1","Escape Plan+1","Grand Finale+1","Grand Finale+1","Prepared+1","Adrenaline","Reflex+1","Acrobatics+1","Purity+1","Backflip","After Image"],"relics":["Ring of the Snake","MawBank","Strawberry","InkBottle","Art of War","Snake Skull","Singing Bowl","Thread and Needle","Nloth\u0027s Gift","Omamori","Pear","Bird Faced Urn","Empty Cage","Akabeko","White Beast Statue","Ancient Tea Set","Unceasing Top","TungstenRod"],"acts_visited":["Exordium","TheCity","TheBeyond","TheEnding"],"potions_floor_usage":[55,55,55,55,55,55],"damage_taken":[{"damage":0.0,"enemies":"Jaw Worm","floor":1.0,"turns":1.0},{"damage":0.0,"enemies":"2 Louse","floor":3.0,"turns":1.0},{"damage":0.0,"enemies":"Gremlin Nob","floor":7.0,"turns":1.0},{"damage":0.0,"enemies":"Small Slimes","floor":8.0,"turns":1.0},{"damage":0.0,"enemies":"3 Sentries","floor":10.0,"turns":1.0},{"damage":0.0,"enemies":"2 Fungi Beasts","floor":11.0,"turns":1.0},{"damage":0.0,"enemies":"The Guardian","floor":16.0,"turns":1.0},{"damage":0.0,"enemies":"Spheric Guardian","floor":18.0,"turns":1.0},{"damage":0.0,"enemies":"2 Thieves","floor":22.0,"turns":1.0},{"damage":0.0,"enemies":"Slavers","floor":24.0,"turns":1.0},{"damage":0.0,"enemies":"Cultist and Chosen","floor":27.0,"turns":1.0},{"damage":0.0,"enemies":"Gremlin Leader","floor":28.0,"turns":1.0},{"damage":0.0,"enemies":"3 Cultists","floor":29.0,"turns":1.0},{"damage":0.0,"enemies":"Shelled Parasite and Fungi","floor":31.0,"turns":1.0},{"damage":33.0,"enemies":"Automaton","floor":33.0,"turns":7.0},{"damage":0.0,"enemies":"Orb Walker","floor":35.0,"turns":1.0},{"damage":0.0,"enemies":"3 Darklings","floor":37.0,"turns":1.0},{"damage":0.0,"enemies":"Transient","floor":38.0,"turns":5.0},{"damage":0.0,"enemies":"Spire Growth","floor":39.0,"turns":1.0},{"damage":0,"enemies":"Reptomancer","floor":40,"turns":2},{"damage":0,"enemies":"Maw","floor":41,"turns":1},{"damage":0,"enemies":"Nemesis","floor":42,"turns":1},{"damage":0,"enemies":"4 Shapes","floor":44,"turns":1},{"damage":0,"enemies":"Reptomancer","floor":45,"turns":1},{"damage":0,"enemies":"2 Orb Walkers","floor":48,"turns":1},{"damage":0,"enemies":"Awakened One","floor":50,"turns":2},{"damage":0,"enemies":"Shield and Spear","floor":54,"turns":1},{"damage":58,"enemies":"The Heart","floor":55,"turns":4}],"seed_played":"-6134211806141857365","potions_obtained":[{"floor":1.0,"key":"EssenceOfSteel"},{"floor":7.0,"key":"EntropicBrew"},{"floor":22.0,"key":"BlessingOfTheForge"},{"floor":27.0,"key":"GhostInAJar"},{"floor":33.0,"key":"Dexterity Potion"},{"floor":38.0,"key":"EssenceOfSteel"},{"floor":54,"key":"SkillPotion"}],"is_trial":false,"path_per_floor":["M","?","M","?","?","R","E","M","T","E","M","?","R","?","R","B",null,"M","?","$","?","M","R","E","R","T","M","E","M","$","M","R","B",null,"M","?","M","M","M","E","M","E","T","M","E","$","R","?","R","B",null,"R","$","E","B",null],"character_chosen":"THE_SILENT","items_purchased":["Prepared","Purity","Backflip"],"campfire_rested":0,"item_purchase_floors":[20,46,53],"current_hp_per_floor":[63,63,63,56,45,45,45,45,52,52,52,49,49,54,54,54,75,77,77,77,77,79,79,79,79,89,89,91,93,93,97,97,68,95,99,99,101,105,109,111,114,116,116,118,120,120,120,122,122,122,122,122,122,122,64],"gold":311,"neow_bonus":"TRANSFORM_TWO_CARDS","is_daily":false,"chose_seed":false,"campfire_upgraded":8,"win_rate":0.0,"timestamp":1613916159,"path_taken":["M","?","M","?","?","R","E","M","T","E","M","?","R","?","R","BOSS","M","?","$","?","M","R","E","R","T","M","E","M","$","M","R","BOSS","M","?","M","?","M","E","M","E","T","?","E","$","R","?","R","BOSS","R","$","E","BOSS"],"items_purchased_type":["Card","Card","Card"],"build_version":"2020-12-22","purchased_purges":4,"victory":true,"max_hp_per_floor":[70,70,70,70,70,70,70,70,77,77,77,77,77,82,82,82,82,84,84,84,84,86,86,86,86,96,96,98,100,100,102,102,104,104,106,106,108,110,112,112,114,116,116,118,120,120,120,122,122,122,122,122,122,122,122],"card_choices":[{"not_picked":["Crippling Poison","Expertise"],"picked":"Escape Plan","floor":1.0},{"not_picked":["Slice","Flying Knee","PiercingWail"],"picked":"SKIP","floor":3.0},{"not_picked":["Endless Agony","Caltrops","Choke"],"picked":"SKIP","floor":7.0},{"not_picked":["Poisoned Stab","Quick Slash","Underhanded Strike"],"picked":"SKIP","floor":8.0},{"not_picked":["Catalyst","Dagger Throw"],"picked":"Grand Finale","floor":10.0},{"not_picked":["Cloak And Dagger","Accuracy","PiercingWail"],"picked":"SKIP","floor":11.0},{"not_picked":["Endless Agony","Blade Dance+1","Crippling Poison"],"picked":"Singing Bowl","floor":18.0},{"not_picked":["Flying Knee","Dash+1","Outmaneuver+1"],"picked":"Singing Bowl","floor":22.0},{"not_picked":["Die Die Die","Caltrops"],"picked":"Adrenaline","floor":24.0},{"not_picked":["Deadly Poison","Concentrate"],"picked":"Reflex","floor":27.0},{"not_picked":["Dodge and Roll","Phantasmal Killer","Deflect+1"],"picked":"Singing Bowl","floor":28.0},{"not_picked":["A Thousand Cuts","Deflect","Backstab"],"picked":"Singing Bowl","floor":29.0},{"not_picked":["Prepared","Poisoned Stab","Bullet Time"],"picked":"Singing Bowl","floor":31.0},{"not_picked":["Malaise","Unload","Glass Knife"],"picked":"Singing Bowl","floor":33.0},{"not_picked":["Backflip+1","Flying Knee+1","Underhanded Strike+1"],"picked":"Singing Bowl","floor":35.0},{"not_picked":["Dagger Spray+1","Riddle With Holes+1","Dagger Throw"],"picked":"Singing Bowl","floor":37.0},{"not_picked":["Poisoned Stab","Flying Knee","Catalyst"],"picked":"Singing Bowl","floor":38.0},{"not_picked":["Expertise+1","Dodge and Roll","Prepared+1"],"picked":"Singing Bowl","floor":39.0},{"not_picked":["Storm of Steel","Finisher"],"picked":"Acrobatics","floor":40},{"not_picked":["Leg Sweep+1","Cloak And Dagger","Blade Dance"],"picked":"Singing Bowl","floor":41},{"not_picked":["PiercingWail+1","Glass Knife","Unload"],"picked":"Singing Bowl","floor":42},{"not_picked":["Dodge and Roll","Underhanded Strike","Flechettes+1"],"picked":"Singing Bowl","floor":44},{"not_picked":["Cloak And Dagger","Tactician","A Thousand Cuts"],"picked":"Singing Bowl","floor":45},{"not_picked":["Dodge and Roll+1","Prepared+1","Bane"],"picked":"Singing Bowl","floor":48},{"not_picked":["Storm of Steel","Dagger Spray+1"],"picked":"After Image","floor":54}],"player_experience":305246,"relics_obtained":[{"floor":7.0,"key":"MawBank"},{"floor":9.0,"key":"Strawberry"},{"floor":10.0,"key":"InkBottle"},{"floor":17.0,"key":"Snake Skull"},{"floor":17.0,"key":"Singing Bowl"},{"floor":17.0,"key":"Thread and Needle"},{"floor":24.0,"key":"Omamori"},{"floor":26.0,"key":"Pear"},{"floor":28.0,"key":"Bird Faced Urn"},{"floor":40,"key":"Akabeko"},{"floor":42,"key":"White Beast Statue"},{"floor":45,"key":"Ancient Tea Set"},{"floor":48,"key":"Unceasing Top"},{"floor":54,"key":"TungstenRod"}],"event_choices":[{"damage_healed":0.0,"max_hp_gain":0.0,"max_hp_loss":0.0,"gold_gain":0.0,"cards_transformed":["Strike_G"],"event_name":"Living Wall","player_choice":"Change","floor":2.0,"gold_loss":0.0,"damage_taken":0.0,"cards_obtained":["Grand Finale"]},{"cards_removed":["Strike_G"],"damage_healed":0.0,"max_hp_gain":0.0,"max_hp_loss":0.0,"gold_gain":0.0,"event_name":"Golden Wing","player_choice":"Card Removal","floor":4.0,"gold_loss":0.0,"damage_taken":7.0},{"damage_healed":0.0,"max_hp_gain":0.0,"max_hp_loss":0.0,"gold_gain":75.0,"event_name":"World of Goop","player_choice":"Gather Gold","floor":5.0,"gold_loss":0.0,"damage_taken":11.0},{"damage_healed":0.0,"max_hp_gain":0.0,"max_hp_loss":0.0,"gold_gain":0.0,"event_name":"Scrap Ooze","player_choice":"Success","floor":12.0,"gold_loss":0.0,"damage_taken":3.0,"relics_obtained":["Art of War"]},{"damage_healed":0.0,"max_hp_gain":5.0,"max_hp_loss":0.0,"gold_gain":0.0,"event_name":"Big Fish","player_choice":"Donut","floor":14.0,"gold_loss":0.0,"damage_taken":0.0},{"damage_healed":0.0,"max_hp_gain":0.0,"max_hp_loss":0.0,"gold_gain":0.0,"event_name":"N\u0027loth","player_choice":"Traded Relic","floor":19.0,"relics_lost":["Calling Bell"],"gold_loss":0.0,"damage_taken":0.0,"relics_obtained":["Nloth\u0027s Gift"]},{"damage_healed":0.0,"max_hp_gain":0.0,"max_hp_loss":0.0,"gold_gain":0.0,"event_name":"Ghosts","player_choice":"Ignored","floor":21.0,"gold_loss":0.0,"damage_taken":0.0},{"damage_healed":0.0,"max_hp_gain":0.0,"max_hp_loss":0.0,"gold_gain":0.0,"event_name":"Wheel of Change","player_choice":"Cursed","floor":36.0,"gold_loss":0.0,"damage_taken":0.0,"cards_obtained":["Decay"]},{"damage_healed":0,"gold_gain":0,"player_choice":"Fight","damage_taken":0,"max_hp_gain":0,"max_hp_loss":0,"event_name":"Mysterious Sphere","floor":48,"gold_loss":0}],"is_beta":false,"boss_relics":[{"not_picked":["WristBlade","Ring of the Serpent"],"picked":"Calling Bell"},{"not_picked":["Sozu","Runic Dome"],"picked":"Empty Cage"}],"items_purged_floors":[20,30,46,53],"is_endless":false,"potions_floor_spawned":[1,7,22,24,27,29,33,35,37,38,40,44,45,48,54],"ascension_level":10}}