{"host":"g3js2eermvvpeiqn","time":1613907978,"event":{"mods":["BaseMod","DeckTracker","Downfall","Minty Spire (QoL Compilation)","Quick Restart","StSLib"],"gold_per_floor":[119,139,139,139,64,95,95,95,95,111,128,159,178,195,195,195,195],"floor_reached":16,"language":"ENG","playtime":414,"items_purged":["Defend_G"],"score":274,"play_id":"796820e8-c82b-454c-bdd8-86c388163afc","local_time":"20210221054618","is_ascension_mode":true,"campfire_choices":[{"data":"Dagger Spray","floor":7,"key":"SMITH"},{"data":"Burst","floor":15,"key":"SMITH"}],"circlet_count":0,"master_deck":["AscendersBane","Strike_G","Strike_G","Strike_G+1","Strike_G","Defend_G+1","Defend_G","Defend_G","Defend_G","Survivor","Neutralize","Dagger Spray+1","Leg Sweep","Bouncing Flask","Burst+1","PiercingWail","Glass Knife","Dagger Spray","Deadly Poison"],"relics":["Ring of the Snake","NeowsBlessing","Sundial","Prayer Wheel","Dream Catcher"],"acts_visited":["Exordium"],"potions_floor_usage":[12,12,12,16],"damage_taken":[{"damage":0,"enemies":"Small Slimes","floor":1,"turns":1},{"damage":0,"enemies":"Jaw Worm","floor":2,"turns":1},{"damage":0,"enemies":"Gremlin Nob","floor":6,"turns":1},{"damage":0,"enemies":"2 Louse","floor":10,"turns":3},{"damage":5,"enemies":"Red Slaver","floor":11,"turns":5},{"damage":12,"enemies":"3 Sentries","floor":12,"turns":5},{"damage":0,"enemies":"3 Louse","floor":13,"turns":2},{"damage":0,"enemies":"2 Fungi Beasts","floor":14,"turns":2},{"damage":16,"enemies":"The Guardian","floor":16,"turns":9}],"seed_played":"4343067754305552707","potions_obtained":[{"floor":6,"key":"Ancient Potion"},{"floor":8,"key":"EntropicBrew"}],"is_trial":false,"path_per_floor":["M","M","?","?","$","E","R","?","T","M","M","E","M","M","R","B"],"character_chosen":"THE_SILENT","items_purchased":[],"campfire_rested":0,"item_purchase_floors":[],"current_hp_per_floor":[59,59,52,32,32,32,32,32,32,32,27,15,15,15,15,0,0],"gold":195,"neow_bonus":"THREE_ENEMY_KILL","is_daily":false,"chose_seed":false,"campfire_upgraded":2,"win_rate":0.0,"timestamp":1613907978,"path_taken":["M","M","?","?","$","E","R","?","T","M","M","E","?","M","R","BOSS"],"items_purchased_type":[],"build_version":"2020-12-22","purchased_purges":1,"victory":false,"max_hp_per_floor":[66,66,66,66,66,66,66,66,66,66,66,66,66,66,66,66,66],"card_choices":[{"not_picked":["Outmaneuver","Dodge and Roll","Flying Knee"],"picked":"SKIP","floor":1},{"not_picked":["Dodge and Roll","Quick Slash"],"picked":"Dagger Spray","floor":2},{"not_picked":["Poisoned Stab","Acrobatics"],"picked":"Leg Sweep","floor":6},{"not_picked":["Slice","Flying Knee"],"picked":"Bouncing Flask","floor":10},{"not_picked":["Underhanded Strike","Dagger Spray"],"picked":"Burst","floor":10},{"not_picked":["Riddle With Holes","Prepared"],"picked":"PiercingWail","floor":11},{"not_picked":["Deflect","Flying Knee","Finisher"],"picked":"SKIP","floor":11},{"not_picked":["Dodge and Roll","Choke"],"picked":"Glass Knife","floor":12},{"not_picked":["Acrobatics","Dash"],"picked":"Dagger Spray","floor":13},{"not_picked":["Dagger Spray","Quick Slash","Slice"],"picked":"SKIP","floor":13},{"not_picked":["Deflect","Outmaneuver"],"picked":"Deadly Poison","floor":14},{"not_picked":["Underhanded Strike","Dagger Throw","Flying Knee"],"picked":"SKIP","floor":14}],"player_experience":1547468,"relics_obtained":[{"floor":6,"key":"Sundial"},{"floor":9,"key":"Prayer Wheel"},{"floor":12,"key":"Dream Catcher"}],"event_choices":[{"cards_removed":["Strike_G"],"damage_healed":0,"gold_gain":0,"player_choice":"Card Removal","damage_taken":7,"max_hp_gain":0,"max_hp_loss":0,"event_name":"Golden Wing","floor":3,"gold_loss":0},{"damage_healed":0,"gold_gain":0,"player_choice":"Entered Light","damage_taken":20,"max_hp_gain":0,"max_hp_loss":0,"event_name":"Shining Light","floor":4,"gold_loss":0,"cards_upgraded":["Strike_G","Defend_G"]},{"damage_healed":0,"gold_gain":0,"player_choice":"Got Potions","damage_taken":0,"max_hp_gain":0,"max_hp_loss":0,"event_name":"Lab","floor":8,"gold_loss":0}],"is_beta":false,"boss_relics":[],"items_purged_floors":[5],"is_endless":false,"potions_floor_spawned":[6,11],"killed_by":"The Guardian","ascension_level":20}}