{"host":"oyzno85dy6ca94bi","time":1613880059,"event":{"mods":["AchievementEnabler","BaseMod","Colored Map","DeckTracker","Keyboard Shortcuts","Minty Spire (QoL Compilation)","Permanent Neow","SuperFastMode","everything is the same but u backflip on backflip"],"gold_per_floor":[118,36,50,60,60,60,10,20,20,37,37,53,81,81,81,179,179,196,213,225,237,134,134,49,49,49,65,65,65,95,115,115,217,217,235,17,32,32,32],"floor_reached":38,"language":"KOR","playtime":3863,"items_purged":[],"score":565,"play_id":"6844d66d-74db-4c39-afac-b899be16b005","local_time":"20210221130059","is_ascension_mode":true,"campfire_choices":[{"data":"Dualcast","floor":6.0,"key":"SMITH"},{"data":"Coolheaded","floor":11.0,"key":"SMITH"},{"data":"Fission","floor":15,"key":"SMITH"},{"data":"Zap","floor":23,"key":"SMITH"},{"data":"Reboot","floor":25,"key":"SMITH"},{"floor":32,"key":"REST"}],"circlet_count":0,"master_deck":["Zap+1","Dualcast+1","FTL","Go for the Eyes","Scrape","Genetic Algorithm","Beam Cell","Conserve Battery","Coolheaded+1","Cold Snap","Rip and Tear","Fission+1","Reboot+1","Skim","Skim","Genetic Algorithm","Consume","Cold Snap","Seek","Heatsinks","FTL","Steam+1","Defragment","Defragment","Force Field","Turbo","Capacitor","Gash+1","Defragment","BootSequence","Self Repair","Echo Form","Doom and Gloom+1","Defragment","Defragment+1"],"relics":["Cracked Core","Matryoshka","Calipers","Pandora\u0027s Box","Molten Egg 2","PreservedInsect","Sundial","DataDisk","Cursed Key","Toolbox"],"acts_visited":["TheCity","TheBeyond"],"potions_floor_usage":[13,13,20,27,30,33,38],"damage_taken":[{"damage":2.0,"enemies":"Jaw Worm","floor":1.0,"turns":3.0},{"damage":0.0,"enemies":"Cultist","floor":3.0,"turns":2.0},{"damage":4.0,"enemies":"2 Louse","floor":4.0,"turns":2.0},{"damage":18.0,"enemies":"Large Slime","floor":8.0,"turns":5.0},{"damage":4.0,"enemies":"Looter","floor":10.0,"turns":2.0},{"damage":1.0,"enemies":"Red Slaver","floor":12.0,"turns":2.0},{"damage":9,"enemies":"3 Sentries","floor":13,"turns":6},{"damage":29,"enemies":"Hexaghost","floor":16,"turns":10},{"damage":0,"enemies":"Chosen","floor":18,"turns":3},{"damage":4,"enemies":"2 Thieves","floor":19,"turns":3},{"damage":0,"enemies":"Cultist and Chosen","floor":20,"turns":5},{"damage":6,"enemies":"Snecko","floor":21,"turns":5},{"damage":24,"enemies":"Snake Plant","floor":27,"turns":4},{"damage":13,"enemies":"Gremlin Leader","floor":30,"turns":5},{"damage":4,"enemies":"Shelled Parasite and Fungi","floor":31,"turns":6},{"damage":0,"enemies":"Champ","floor":33,"turns":12},{"damage":22,"enemies":"3 Darklings","floor":35,"turns":5},{"damage":0,"enemies":"Orb Walker","floor":37,"turns":3},{"damage":62,"enemies":"Writhing Mass","floor":38,"turns":6}],"seed_played":"-747643258957388425","potions_obtained":[{"floor":0.0,"key":"Ancient Potion"},{"floor":0.0,"key":"ColorlessPotion"},{"floor":0.0,"key":"FearPotion"},{"floor":8.0,"key":"BlessingOfTheForge"},{"floor":16,"key":"Fire Potion"},{"floor":19,"key":"FocusPotion"},{"floor":21,"key":"DuplicationPotion"},{"floor":27,"key":"LiquidBronze"}],"is_trial":false,"path_per_floor":["M","$","M","M","?","R","$","M","T","M","R","M","E","?","R","B",null,"M","M","M","M","$","R","?","R","T","M","?","?","E","M","R","B",null,"M","$","M","M"],"character_chosen":"DEFECT","items_purchased":["Go for the Eyes","Scrape","Conserve Battery","Turbo","Capacitor","Defragment","Toolbox"],"campfire_rested":1,"item_purchase_floors":[2,2,7,22,22,36,36],"current_hp_per_floor":[73,73,73,69,69,69,69,51,51,47,47,46,37,62,62,33,75,75,71,71,65,65,65,65,65,65,41,41,41,28,24,46,53,75,60,60,60,0,0],"gold":32,"neow_bonus":"THREE_SMALL_POTIONS","is_daily":false,"chose_seed":false,"campfire_upgraded":5,"win_rate":0.0,"timestamp":1613880059,"path_taken":["M","$","M","M","?","R","$","M","T","M","R","M","E","?","R","BOSS","M","M","M","M","$","R","?","R","T","M","?","?","E","M","R","BOSS","M","$","M","M"],"items_purchased_type":["Card","Card","Card","Card","Card","Card","Relic"],"build_version":"2020-12-22","purchased_purges":0,"victory":false,"max_hp_per_floor":[75,75,75,75,75,75,75,75,75,75,75,75,75,75,75,75,75,75,75,75,75,75,75,75,75,75,75,75,75,75,75,75,75,75,75,75,75,75,75],"card_choices":[{"not_picked":["Storm","Coolheaded"],"picked":"FTL","floor":1.0},{"not_picked":["Compile Driver","Beam Cell"],"picked":"Genetic Algorithm","floor":3.0},{"not_picked":["Steam","Fusion"],"picked":"Beam Cell","floor":4.0},{"not_picked":["Auto Shields","Tempest"],"picked":"Coolheaded","floor":8.0},{"not_picked":["Stack","Turbo"],"picked":"Cold Snap","floor":10.0},{"not_picked":["Conserve Battery","Thunder Strike"],"picked":"Rip and Tear","floor":12.0},{"not_picked":["Storm","Capacitor"],"picked":"Fission","floor":13},{"not_picked":["Multi-Cast","Fission"],"picked":"Reboot","floor":16},{"not_picked":["Streamline","Compile Driver"],"picked":"Steam+1","floor":18},{"not_picked":["Cold Snap+1","Stack"],"picked":"Defragment","floor":19},{"not_picked":["Melter+1","Cold Snap+1"],"picked":"Defragment","floor":20},{"not_picked":["Beam Cell","Static Discharge"],"picked":"Force Field","floor":21},{"not_picked":["Rebound+1","Turbo"],"picked":"Gash+1","floor":27},{"not_picked":["Redo+1","Compile Driver+1"],"picked":"BootSequence","floor":30},{"not_picked":["Cold Snap+1","Seek"],"picked":"Self Repair","floor":31},{"not_picked":["Seek","Fission"],"picked":"Echo Form","floor":33},{"not_picked":["Genetic Algorithm+1","Compile Driver+1"],"picked":"Doom and Gloom+1","floor":35},{"not_picked":["Cold Snap+1","Gash+1"],"picked":"Defragment+1","floor":37}],"player_experience":496813,"relics_obtained":[{"floor":9.0,"key":"Matryoshka"},{"floor":13,"key":"Calipers"},{"floor":26,"key":"PreservedInsect"},{"floor":26,"key":"Sundial"},{"floor":30,"key":"DataDisk"}],"event_choices":[{"damage_healed":0.0,"max_hp_gain":0.0,"max_hp_loss":0.0,"gold_gain":0.0,"event_name":"The Woman in Blue","player_choice":"Bought 0 Potions","floor":5.0,"gold_loss":0.0,"damage_taken":0.0},{"damage_healed":25,"gold_gain":0,"player_choice":"Banana","damage_taken":0,"max_hp_gain":0,"max_hp_loss":0,"event_name":"Big Fish","floor":14,"gold_loss":0},{"damage_healed":0,"gold_gain":0,"player_choice":"Obtained Relic","damage_taken":0,"relics_obtained":["Molten Egg 2"],"max_hp_gain":0,"max_hp_loss":0,"event_name":"Addict","floor":24,"gold_loss":85},{"damage_healed":0,"gold_gain":0,"player_choice":"Ignored","damage_taken":0,"max_hp_gain":0,"max_hp_loss":0,"event_name":"Cursed Tome","floor":28,"gold_loss":0},{"damage_healed":0,"gold_gain":0,"player_choice":"Copied","damage_taken":0,"max_hp_gain":0,"max_hp_loss":0,"event_name":"Duplicator","floor":29,"gold_loss":0,"cards_obtained":["Defragment"]}],"is_beta":false,"boss_relics":[{"not_picked":["Tiny House","Astrolabe"],"picked":"Pandora\u0027s Box"},{"not_picked":["Runic Dome","Runic Pyramid"],"picked":"Cursed Key"}],"items_purged_floors":[],"is_endless":false,"potions_floor_spawned":[4,8,10,12,16,19,21,27],"killed_by":"Writhing Mass","ascension_level":3}}