{"host":"lktusdb9orijgc6z","time":1613942562,"event":{"mods":["BaseMod","Bestiary","Colored Map","Colored Powertips","Filter the Spire","Minty Spire (QoL Compilation)","Permanent Neow","Quick Restart","Relic Stats","StSLib","everything is the same but u backflip on backflip","slay the spire mod where everything is the same but ironclad has a cowboy hat"],"gold_per_floor":[118,133,133,56,68,68,98,98,144,144,172,172,191,219,219,291,291,309,321,337,337,367,392,228,259,310,340,340,2,31,49,49,120,120,136,61,75,92,104,138,151,185,185,20,36,36,68,68,68,68,68,68],"floor_reached":51,"language":"ENG","playtime":2817,"items_purged":["Expertise"],"score":1791,"play_id":"b4b4451c-67aa-48f4-9c57-0f39b142d651","local_time":"20210221222242","is_ascension_mode":true,"campfire_choices":[{"data":"Glass Knife","floor":6.0,"key":"SMITH"},{"data":"Tactician","floor":8.0,"key":"SMITH"},{"data":"Adrenaline","floor":10.0,"key":"SMITH"},{"data":"Malaise","floor":12.0,"key":"SMITH"},{"data":"Malaise","floor":15.0,"key":"SMITH"},{"data":"Crippling Poison","floor":28.0,"key":"SMITH"},{"data":"Night Terror","floor":32.0,"key":"SMITH"},{"floor":49.0,"key":"RECALL"}],"circlet_count":0,"master_deck":["AscendersBane","Survivor","Neutralize","Tactician+1","After Image","Terror","Adrenaline+1","PiercingWail","Footwork","Acrobatics","Glass Knife+1","Choke","Slice+1","Malaise+1","Underhanded Strike","Acrobatics","Dodge and Roll","Grand Finale","Leg Sweep","Heel Hook","Malaise+1","Adrenaline","Backstab","Backflip","Eviscerate+1","Corpse Explosion","Crippling Poison+1","Night Terror+1","Underhanded Strike","Phantasmal Killer","After Image","Underhanded Strike+1","PiercingWail","Crippling Poison+1","Footwork+1","Panacea","Good Instincts"],"relics":["Pandora\u0027s Box","PreservedInsect","Paper Crane","Lizard Tail","Sozu","Red Mask","Omamori","Sling","Vajra","Snake Skull","Tingsha","Nunchaku","Matryoshka","Busted Crown","HornCleat","Ornamental Fan","Bronze Scales","Potion Belt","Whetstone","Letter Opener","WarpedTongs"],"acts_visited":["Exordium","TheCity","TheBeyond"],"potions_floor_usage":[],"damage_taken":[{"damage":0.0,"enemies":"2 Louse","floor":1.0,"turns":2.0},{"damage":0.0,"enemies":"Cultist","floor":2.0,"turns":3.0},{"damage":0.0,"enemies":"Small Slimes","floor":5.0,"turns":3.0},{"damage":5.0,"enemies":"Gremlin Nob","floor":7.0,"turns":3.0},{"damage":0.0,"enemies":"Lagavulin","floor":11.0,"turns":4.0},{"damage":0.0,"enemies":"Exordium Wildlife","floor":13.0,"turns":3.0},{"damage":2.0,"enemies":"3 Sentries","floor":14.0,"turns":4.0},{"damage":5.0,"enemies":"Hexaghost","floor":16.0,"turns":12.0},{"damage":9.0,"enemies":"Chosen","floor":18.0,"turns":5.0},{"damage":0.0,"enemies":"2 Thieves","floor":19.0,"turns":3.0},{"damage":0.0,"enemies":"Centurion and Healer","floor":20.0,"turns":3.0},{"damage":0.0,"enemies":"Masked Bandits","floor":22.0,"turns":3.0},{"damage":4.0,"enemies":"Gremlin Leader","floor":23.0,"turns":3.0},{"damage":7.0,"enemies":"Slavers","floor":25.0,"turns":3.0},{"damage":0.0,"enemies":"Book of Stabbing","floor":27.0,"turns":2.0},{"damage":8.0,"enemies":"Slavers","floor":30.0,"turns":2.0},{"damage":4.0,"enemies":"3 Cultists","floor":31.0,"turns":3.0},{"damage":4.0,"enemies":"Collector","floor":33.0,"turns":7.0},{"damage":0.0,"enemies":"3 Darklings","floor":35.0,"turns":2.0},{"damage":3.0,"enemies":"3 Shapes","floor":37.0,"turns":3.0},{"damage":0.0,"enemies":"Sphere and 2 Shapes","floor":38.0,"turns":2.0},{"damage":0.0,"enemies":"Jaw Worm Horde","floor":39.0,"turns":3.0},{"damage":10.0,"enemies":"Reptomancer","floor":40.0,"turns":2.0},{"damage":0.0,"enemies":"Maw","floor":41.0,"turns":5.0},{"damage":0.0,"enemies":"Giant Head","floor":42.0,"turns":5.0},{"damage":9.0,"enemies":"Transient","floor":45.0,"turns":6.0},{"damage":8.0,"enemies":"Nemesis","floor":47.0,"turns":7.0},{"damage":21.0,"enemies":"Awakened One","floor":50.0,"turns":15.0},{"damage":34,"enemies":"Time Eater","floor":51,"turns":15}],"seed_played":"-8362542646389212354","potions_obtained":[{"floor":1.0,"key":"Energy Potion"},{"floor":7.0,"key":"DistilledChaos"},{"floor":13.0,"key":"Explosive Potion"}],"is_trial":false,"path_per_floor":["M","M","?","$","M","R","E","R","T","R","E","R","M","E","R","B",null,"M","M","M","?","?","E","$","E","T","E","R","$","E","M","R","B",null,"M","$","M","M","M","E","M","E","T","$","M","?","E","?","R","B","B"],"character_chosen":"THE_SILENT","items_purchased":["Underhanded Strike","Acrobatics","Sling","Night Terror","Nunchaku","Whetstone"],"campfire_rested":0,"item_purchase_floors":[4,4,24,29,29,44],"current_hp_per_floor":[59,59,59,59,59,59,54,54,54,54,54,54,54,52,52,47,61,52,52,52,52,52,48,48,41,41,41,41,41,33,29,29,25,56,56,56,53,53,53,43,43,43,43,43,34,24,16,16,16,33,0,0],"gold":68,"neow_bonus":"BOSS_RELIC","is_daily":false,"chose_seed":false,"campfire_upgraded":7,"win_rate":0.0,"timestamp":1613942562,"path_taken":["M","M","?","?","M","R","E","R","T","R","E","R","?","E","R","BOSS","M","M","M","?","?","E","?","E","T","E","R","$","E","M","R","BOSS","M","$","M","M","M","E","M","E","T","?","M","?","E","?","R","BOSS","BOSS"],"items_purchased_type":["Card","Card","Relic","Card","Relic","Relic"],"build_version":"2020-12-22","purchased_purges":1,"victory":false,"max_hp_per_floor":[66,66,66,66,66,66,66,66,66,66,66,66,66,66,66,66,66,66,66,66,66,66,66,66,66,66,66,66,66,66,66,66,66,66,66,66,66,66,66,66,66,66,66,66,66,66,66,66,66,66,66,66],"relic_stats":{"counters":[29,133],"Tingsha":[102],"PreservedInsect":475,"Snake Skull":[44],"Whetstone":["Eviscerate","Slice"],"Letter Opener":[35],"WarpedTongs":[28],"Sozu":8,"Lizard Tail":33,"Nunchaku":[14],"Busted Crown":24,"Ornamental Fan":[48],"Bronze Scales":[165],"Pandora\u0027s Box":["Tactician","After Image","Terror","Expertise","Adrenaline","PiercingWail","Footwork","Setup","Acrobatics","Glass Knife"],"obtain_stats":[{"Potion Belt":43,"Vajra":25,"Tingsha":27,"PreservedInsect":7,"Snake Skull":26,"Omamori":23,"Whetstone":44,"Letter Opener":47,"Paper Crane":11,"Sling":24,"WarpedTongs":48,"Sozu":17,"Lizard Tail":14,"Nunchaku":29,"Matryoshka":30,"Busted Crown":34,"HornCleat":40,"Ornamental Fan":42,"Bronze Scales":43,"Pandora\u0027s Box":0,"Red Mask":22,"Ring of the Snake":0},{"Potion Belt":25,"Vajra":14,"Tingsha":15,"PreservedInsect":4,"Snake Skull":14,"Omamori":13,"Whetstone":25,"Letter Opener":27,"Paper Crane":5,"Sling":13,"WarpedTongs":27,"Sozu":8,"Lizard Tail":7,"Nunchaku":15,"Matryoshka":16,"Busted Crown":18,"HornCleat":23,"Ornamental Fan":25,"Bronze Scales":25,"Pandora\u0027s Box":0,"Red Mask":12,"Ring of the Snake":0},{"Potion Belt":90,"Vajra":54,"Tingsha":56,"PreservedInsect":11,"Snake Skull":54,"Omamori":51,"Whetstone":90,"Letter Opener":103,"Paper Crane":15,"Sling":51,"WarpedTongs":103,"Sozu":34,"Lizard Tail":22,"Nunchaku":56,"Matryoshka":58,"Busted Crown":68,"HornCleat":80,"Ornamental Fan":90,"Bronze Scales":90,"Pandora\u0027s Box":0,"Red Mask":48,"Ring of the Snake":0}]},"card_choices":[{"not_picked":["Terror","Outmaneuver"],"picked":"Choke","floor":1.0},{"not_picked":["Sucker Punch","Dodge and Roll"],"picked":"Slice","floor":2.0},{"not_picked":["Flechettes","Acrobatics"],"picked":"Dodge and Roll","floor":5.0},{"not_picked":["Prepared","Underhanded Strike"],"picked":"Grand Finale","floor":7.0},{"not_picked":["Dash","Bane"],"picked":"Leg Sweep","floor":11.0},{"not_picked":["Dagger Spray","PiercingWail"],"picked":"Heel Hook","floor":13.0},{"not_picked":["Acrobatics","Dash"],"picked":"Malaise","floor":14.0},{"not_picked":["Corpse Explosion","Unload"],"picked":"Adrenaline","floor":16.0},{"not_picked":["Setup","Quick Slash"],"picked":"Backstab","floor":18.0},{"not_picked":["PiercingWail","Setup"],"picked":"Backflip","floor":19.0},{"not_picked":["Setup+1","Bullet Time"],"picked":"Eviscerate","floor":20.0},{"not_picked":["Dagger Throw+1","Caltrops+1"],"picked":"Corpse Explosion","floor":23.0},{"not_picked":["Cloak And Dagger","Distraction","Outmaneuver"],"picked":"SKIP","floor":25.0},{"not_picked":["Prepared","Corpse Explosion"],"picked":"Crippling Poison","floor":27.0},{"not_picked":["Quick Slash","Flying Knee"],"picked":"Underhanded Strike","floor":30.0},{"not_picked":["Bouncing Flask","Slice"],"picked":"Phantasmal Killer","floor":31.0},{"not_picked":["Corpse Explosion","Malaise"],"picked":"After Image","floor":33.0},{"not_picked":["Bane"],"picked":"SKIP","floor":35.0},{"not_picked":["Outmaneuver"],"picked":"SKIP","floor":37.0},{"not_picked":[],"picked":"Underhanded Strike+1","floor":38.0},{"not_picked":[],"picked":"PiercingWail","floor":39.0},{"not_picked":[],"picked":"Crippling Poison+1","floor":40.0},{"not_picked":[],"picked":"Footwork+1","floor":41.0},{"not_picked":["Expertise"],"picked":"SKIP","floor":42.0},{"not_picked":["Flying Knee"],"picked":"SKIP","floor":45.0},{"not_picked":[],"picked":"Panacea","floor":46.0},{"not_picked":[],"picked":"Good Instincts","floor":46.0},{"not_picked":["Deflect"],"picked":"SKIP","floor":47.0}],"player_experience":802595,"relics_obtained":[{"floor":7.0,"key":"PreservedInsect"},{"floor":11.0,"key":"Paper Crane"},{"floor":14.0,"key":"Lizard Tail"},{"floor":22.0,"key":"Red Mask"},{"floor":23.0,"key":"Omamori"},{"floor":25.0,"key":"Vajra"},{"floor":26.0,"key":"Snake Skull"},{"floor":27.0,"key":"Tingsha"},{"floor":30.0,"key":"Matryoshka"},{"floor":40.0,"key":"HornCleat"},{"floor":42.0,"key":"Ornamental Fan"},{"floor":43.0,"key":"Bronze Scales"},{"floor":43.0,"key":"Potion Belt"},{"floor":47.0,"key":"Letter Opener"}],"event_choices":[{"damage_healed":0.0,"max_hp_gain":0.0,"max_hp_loss":0.0,"gold_gain":0.0,"cards_transformed":["Setup"],"event_name":"Transmorgrifier","player_choice":"Transformed","floor":3.0,"gold_loss":0.0,"damage_taken":0.0,"cards_obtained":["Malaise"]},{"damage_healed":0.0,"max_hp_gain":0.0,"max_hp_loss":0.0,"gold_gain":0.0,"event_name":"Vampires","player_choice":"Ignored","floor":21.0,"gold_loss":0.0,"damage_taken":0.0},{"damage_healed":0.0,"max_hp_gain":0.0,"max_hp_loss":0.0,"gold_gain":0.0,"event_name":"Masked Bandits","player_choice":"Fought Bandits","floor":22.0,"gold_loss":0.0,"damage_taken":0.0},{"damage_healed":0.0,"max_hp_gain":0.0,"max_hp_loss":0.0,"gold_gain":0.0,"event_name":"SensoryStone","player_choice":"Memory 3","floor":46.0,"gold_loss":0.0,"damage_taken":10.0},{"damage_healed":0.0,"max_hp_gain":0.0,"max_hp_loss":0.0,"gold_gain":0.0,"event_name":"Accursed Blacksmith","player_choice":"Rummage","floor":48.0,"gold_loss":0.0,"damage_taken":0.0,"relics_obtained":["WarpedTongs"],"cards_obtained":["Pain"]}],"is_beta":false,"boss_relics":[{"not_picked":["Empty Cage","Philosopher\u0027s Stone"],"picked":"Sozu"},{"not_picked":["SacredBark","Tiny House"],"picked":"Busted Crown"}],"items_purged_floors":[36],"is_endless":false,"potions_floor_spawned":[1,7,13,22,25,30,31,39,40,41,47],"killed_by":"Time Eater","ascension_level":20}}