{"host":"y76clbnovzmw9ubx","time":1613921892,"event":{"mods":["AchievementEnabler","BaseMod","Minty Spire (QoL Compilation)","Permanent Neow","Relic Stats"],"gold_per_floor":[116,116,127,141,121,152,152,187,187,187,187],"floor_reached":10,"language":"ENG","playtime":353,"items_purged":[],"score":152,"play_id":"4660a6af-821c-4da5-8b03-4d623cdc553b","local_time":"20210221103812","is_ascension_mode":true,"campfire_choices":[{"floor":7,"key":"REST"}],"circlet_count":0,"master_deck":["AscendersBane","Strike_G","Strike_G","Strike_G","Strike_G","Defend_G","Defend_G","Defend_G+1","Defend_G","Defend_G","Survivor","Neutralize","Adrenaline","Predator","Blade Dance+1","All Out Attack","Wraith Form v2"],"relics":["Ring of the Snake","War Paint","Torii","Ornamental Fan"],"acts_visited":["Exordium"],"potions_floor_usage":[6,8],"damage_taken":[{"damage":3,"enemies":"2 Louse","floor":1,"turns":3},{"damage":0,"enemies":"Cultist","floor":3,"turns":3},{"damage":0,"enemies":"Small Slimes","floor":4,"turns":3},{"damage":41,"enemies":"Lagavulin","floor":6,"turns":8},{"damage":28,"enemies":"Gremlin Nob","floor":8,"turns":4},{"damage":20,"enemies":"Lagavulin","floor":10,"turns":3}],"seed_played":"-3491472894306350475","potions_obtained":[{"floor":3,"key":"Explosive Potion"},{"floor":5,"key":"Dexterity Potion"}],"is_trial":false,"path_per_floor":["M","?","M","M","?","E","R","E","T","E"],"character_chosen":"THE_SILENT","items_purchased":[],"campfire_rested":1,"item_purchase_floors":[],"current_hp_per_floor":[56,56,56,56,56,15,34,6,6,0,0],"gold":187,"neow_bonus":"ONE_RANDOM_RARE_CARD","is_daily":false,"chose_seed":false,"campfire_upgraded":0,"win_rate":0.0,"timestamp":1613921892,"path_taken":["M","?","M","?","?","E","R","E","T","E"],"items_purchased_type":[],"build_version":"2020-12-22","purchased_purges":0,"victory":false,"max_hp_per_floor":[66,66,66,66,66,66,66,66,66,66,66],"relic_stats":{"Torii":0,"counters":[6,24],"Ornamental Fan":[12],"War Paint":["Blade Dance","Defend_G"],"obtain_stats":[{"Torii":8,"Ornamental Fan":9,"War Paint":6,"Ring of the Snake":0},{"Torii":5,"Ornamental Fan":5,"War Paint":4,"Ring of the Snake":0},{"Torii":21,"Ornamental Fan":21,"War Paint":17,"Ring of the Snake":0}],"Ring of the Snake":[12]},"card_choices":[{"not_picked":["Sucker Punch","Bane","Outmaneuver"],"picked":"SKIP","floor":1},{"not_picked":["Outmaneuver","Slice"],"picked":"Blade Dance","floor":3},{"not_picked":["PiercingWail","Cloak And Dagger"],"picked":"All Out Attack","floor":4},{"not_picked":["Deadly Poison","Blade Dance"],"picked":"Wraith Form v2","floor":6},{"not_picked":["Bane","Predator","Flying Knee"],"picked":"SKIP","floor":8}],"player_experience":3270834,"relics_obtained":[{"floor":6,"key":"War Paint"},{"floor":8,"key":"Torii"},{"floor":9,"key":"Ornamental Fan"}],"event_choices":[{"damage_healed":0,"gold_gain":0,"cards_transformed":["Strike_G"],"player_choice":"Transformed","damage_taken":0,"max_hp_gain":0,"max_hp_loss":0,"event_name":"Transmorgrifier","floor":2,"gold_loss":0,"cards_obtained":["Predator"]},{"damage_healed":0,"gold_gain":0,"player_choice":"Bought 1 Potion","damage_taken":0,"max_hp_gain":0,"max_hp_loss":0,"event_name":"The Woman in Blue","floor":5,"gold_loss":0}],"is_beta":false,"boss_relics":[],"items_purged_floors":[],"is_endless":false,"potions_floor_spawned":[3],"killed_by":"Lagavulin","ascension_level":20}}