{"host":"82qk6ob05uum3zoi","time":1613896485,"event":{"mods":["Act Like it!","BaseMod","BetterRewards","Minty Spire (QoL Compilation)","Reliquary","Robot Space Explorer","Ruina","StSLib","The Cursed"],"gold_per_floor":[114,114,128,128,138,171,185,201,201,201,129,146,180,193,193,290,290,306,320,320,320,92,92,92,108,108,108,136,152,0,0,0,0,0],"floor_reached":33,"language":"ENG","playtime":1178,"items_purged":[],"score":346,"play_id":"e526ad8d-a174-44f0-acec-6fc61c54e62f","local_time":"20210221213445","is_ascension_mode":true,"campfire_choices":[{"floor":10,"key":"REST"},{"floor":15,"key":"REST"},{"floor":23,"key":"REST"},{"floor":27,"key":"REST"},{"floor":32,"key":"REST"}],"circlet_count":0,"master_deck":["Strike_G+1","Strike_G+1","Strike_G+1","Strike_G+1","Strike_G+1","Defend_G+1","Defend_G+1","Defend_G+1","Defend_G+1","Defend_G+1","Survivor","Neutralize","Caltrops+1","Poisoned Stab","All Out Attack","Caltrops+1"],"relics":["Ring of the Snake","FaceOfCleric","Frozen Egg 2","reliquary:Sideboard","Dream Catcher","Velvet Choker","Regal Pillow","Shuriken","Nunchaku","HornCleat"],"acts_visited":["Exordium","TheCity"],"potions_floor_usage":[6,13,13,16,19,21,29],"damage_taken":[{"damage":4,"enemies":"Jaw Worm","floor":1,"turns":5},{"damage":1,"enemies":"Cultist","floor":3,"turns":4},{"damage":0,"enemies":"2 Louse","floor":5,"turns":3},{"damage":41,"enemies":"Lagavulin","floor":6,"turns":8},{"damage":2,"enemies":"Red Slaver","floor":7,"turns":4},{"damage":9,"enemies":"3 Louse","floor":8,"turns":3},{"damage":7,"enemies":"2 Fungi Beasts","floor":12,"turns":3},{"damage":31,"enemies":"3 Sentries","floor":13,"turns":8},{"damage":9,"enemies":"Exordium Thugs","floor":14,"turns":5},{"damage":25,"enemies":"Hexaghost","floor":16,"turns":10},{"damage":30,"enemies":"Spheric Guardian","floor":18,"turns":6},{"damage":30,"enemies":"Chosen","floor":19,"turns":8},{"damage":0,"enemies":"3 Cultists","floor":21,"turns":1},{"damage":8,"enemies":"Snake Plant","floor":25,"turns":4},{"damage":59,"enemies":"Gremlin Leader","floor":28,"turns":7},{"damage":12,"enemies":"Snecko","floor":29,"turns":5},{"damage":67,"enemies":"Collector","floor":33,"turns":10}],"seed_played":"756429022895604117","potions_obtained":[{"floor":3,"key":"FearPotion"},{"floor":5,"key":"CunningPotion"},{"floor":8,"key":"Weak Potion"},{"floor":13,"key":"Explosive Potion"},{"floor":14,"key":"LiquidBronze"},{"floor":16,"key":"SmokeBomb"},{"floor":19,"key":"SpeedPotion"},{"floor":28,"key":"Weak Potion"}],"is_trial":false,"path_per_floor":["M","?","M","T","M","E","M","M","T","R","$","M","E","M","R","B",null,"M","M","?","M","$","R","?","M","T","R","E","M","?","?","R","B"],"character_chosen":"THE_SILENT","items_purchased":["All Out Attack","Regal Pillow","Caltrops+1"],"campfire_rested":5,"item_purchase_floors":[11,22,22],"current_hp_per_floor":[73,73,73,73,74,34,33,25,25,49,49,43,13,5,30,6,86,57,28,28,29,29,70,70,63,63,90,32,21,21,21,63,0,0],"gold":0,"neow_bonus":"TEN_PERCENT_HP_BONUS","is_daily":false,"chose_seed":false,"campfire_upgraded":0,"win_rate":0.0,"timestamp":1613896485,"path_taken":["M","?","?","?","?","E","M","M","T","R","?","M","E","M","R","BOSS","M","M","?","M","$","R","?","M","T","R","E","?","?","?","R","BOSS"],"items_purchased_type":["Card","Relic","Card"],"build_version":"2020-12-22","purchased_purges":0,"victory":false,"max_hp_per_floor":[77,77,78,78,79,80,81,82,82,82,82,83,84,85,85,86,86,87,88,88,89,89,89,89,90,90,90,91,92,92,92,92,92,92],"card_choices":[{"not_picked":["Slice","Accuracy"],"picked":"Caltrops","floor":1},{"not_picked":["Cloak And Dagger","Dagger Throw"],"picked":"Poisoned Stab","floor":3},{"not_picked":["Acrobatics","Calculated Gamble","Masterful Stab"],"picked":"SKIP","floor":5},{"not_picked":["Dodge and Roll","Slice"],"picked":"Sucker Punch","floor":6},{"not_picked":["Well Laid Plans+1","Choke"],"picked":"Escape Plan","floor":7},{"not_picked":["Masterful Stab","Dagger Throw"],"picked":"Slice","floor":8},{"not_picked":["Bane","Backflip"],"picked":"Dagger Spray","floor":12},{"not_picked":["Sucker Punch","Acrobatics"],"picked":"Deadly Poison","floor":13},{"not_picked":["Catalyst","Eviscerate"],"picked":"Deadly Poison","floor":14},{"not_picked":["Setup","Dagger Throw"],"picked":"Bane","floor":15},{"not_picked":["Night Terror","Glass Knife"],"picked":"After Image+1","floor":16},{"not_picked":["Deflect","Dagger Throw"],"picked":"Slice+1","floor":18},{"not_picked":["Underhanded Strike","Backflip"],"picked":"All Out Attack","floor":19},{"not_picked":["Setup+1","Choke"],"picked":"Deflect+1","floor":23},{"not_picked":["Predator","Sucker Punch+1"],"picked":"Blur+1","floor":25},{"not_picked":["Cloak And Dagger","Deflect+1"],"picked":"Bane+1","floor":27},{"not_picked":["All Out Attack","Adrenaline"],"picked":"Deadly Poison","floor":28},{"not_picked":["Quick Slash","Prepared"],"picked":"PiercingWail","floor":29},{"not_picked":["Distraction","Endless Agony+1"],"picked":"Deadly Poison+1","floor":32}],"player_experience":447123,"relics_obtained":[{"floor":4,"key":"Frozen Egg 2"},{"floor":6,"key":"reliquary:Sideboard"},{"floor":13,"key":"Dream Catcher"},{"floor":26,"key":"Nunchaku"},{"floor":28,"key":"HornCleat"}],"event_choices":[{"damage_healed":0,"gold_gain":0,"player_choice":"Trade","damage_taken":0,"relics_obtained":["FaceOfCleric"],"max_hp_gain":0,"max_hp_loss":0,"event_name":"FaceTrader","floor":2,"gold_loss":0},{"damage_healed":0,"gold_gain":0,"player_choice":"Simplicity","damage_taken":0,"max_hp_gain":0,"max_hp_loss":0,"event_name":"Back to Basics","floor":20,"gold_loss":0,"cards_upgraded":["Strike_G","Strike_G","Strike_G","Strike_G","Strike_G","Defend_G","Defend_G","Defend_G","Defend_G","Defend_G"]},{"damage_healed":0,"gold_gain":0,"player_choice":"Gave Potion","damage_taken":0,"relics_obtained":["Shuriken"],"max_hp_gain":0,"max_hp_loss":0,"event_name":"WeMeetAgain","floor":24,"gold_loss":0},{"damage_healed":0,"gold_gain":0,"player_choice":"Paid Fearfully","damage_taken":0,"max_hp_gain":0,"max_hp_loss":0,"event_name":"Masked Bandits","floor":30,"gold_loss":152},{"damage_healed":0,"gold_gain":0,"player_choice":"Forge","damage_taken":0,"max_hp_gain":0,"max_hp_loss":0,"event_name":"Accursed Blacksmith","floor":31,"gold_loss":0,"cards_upgraded":["Caltrops"]}],"is_beta":false,"boss_relics":[{"not_picked":["SlaversCollar","Coffee Dripper"],"picked":"Velvet Choker"}],"items_purged_floors":[],"is_endless":false,"potions_floor_spawned":[3,5,8,13,14,16,19,28],"killed_by":"Collector","ascension_level":3}}