{"host":"bpr07pynnqpe5ded","time":1613937090,"event":{"mods":["2.2 Compatiblity","Aspiration","BaseMod","Better Note","Better Third Choice","BetterRewards","Downfall","Jorbs\u0027s Wanderer Trilogy","Minty Spire (QoL Compilation)","Replay The Spire","Shop Mod","StSLib","The Marked","??????REMEMod"],"gold_per_floor":[115,130,144,157,177,177,194,194,194],"floor_reached":8,"language":"ENG","playtime":306,"items_purged":[],"score":52,"play_id":"dec1f908-148b-4937-aa49-c19160684f7a","local_time":"20210221195130","is_ascension_mode":false,"campfire_choices":[{"data":"Zap","floor":6,"key":"SMITH"},{"data":"Defragment","floor":6,"key":"SMITH"}],"circlet_count":0,"master_deck":["Strike_B","Strike_B","Strike_B","Strike_B","Defend_B","Defend_B","Defend_B","Defend_B","Zap+1","Dualcast","Defragment+1","Self Repair"],"relics":["Cracked Core","REME_ComplimentaryCards","Replay:Arrowhead"],"acts_visited":["Exordium"],"potions_floor_usage":[2],"damage_taken":[{"damage":0,"enemies":"2 Louse","floor":1,"turns":2},{"damage":0,"enemies":"Cultist","floor":2,"turns":4},{"damage":3,"enemies":"Small Slimes","floor":3,"turns":3},{"damage":5,"enemies":"Looter","floor":4,"turns":3},{"damage":6,"enemies":"2 Fungi Beasts","floor":5,"turns":4},{"damage":8,"enemies":"Exordium Wildlife","floor":7,"turns":3},{"damage":34,"enemies":"3 Sentries","floor":8,"turns":6}],"seed_played":"-1396348185923904985","potions_obtained":[{"floor":2,"key":"REME_GoldPotion"}],"is_trial":false,"path_per_floor":["M","M","M","M","M","R","M","E"],"character_chosen":"DEFECT","items_purchased":[],"campfire_rested":0,"item_purchase_floors":[],"current_hp_per_floor":[54,54,51,46,40,40,32,0,0],"gold":194,"neow_bonus":"ONE_RARE_RELIC","is_daily":false,"chose_seed":false,"campfire_upgraded":2,"win_rate":0.0,"timestamp":1613937090,"path_taken":["M","M","M","M","M","R","M","E"],"items_purchased_type":[],"build_version":"2020-12-22","purchased_purges":0,"victory":false,"max_hp_per_floor":[75,75,75,75,75,75,75,75,75],"card_choices":[{"not_picked":["Steam","Beam Cell","Streamline"],"picked":"SKIP","floor":1},{"not_picked":["BasicCrystalCard","Barrage","Panic Button"],"picked":"SKIP","floor":2},{"not_picked":["Go for the Eyes","Genetic Algorithm"],"picked":"Defragment","floor":3},{"not_picked":["Turbo","Gash","Glacier"],"picked":"SKIP","floor":4},{"not_picked":["Beam Cell","Gash","Recycle"],"picked":"SKIP","floor":5},{"not_picked":["Sweeping Beam","Hologram"],"picked":"Self Repair","floor":7}],"player_experience":1199515,"relics_obtained":[],"event_choices":[],"is_beta":false,"boss_relics":[],"items_purged_floors":[],"is_endless":false,"potions_floor_spawned":[2],"killed_by":"3 Sentries","ascension_level":0}}