{"host":"bf5upntvbdompq33","time":1613939367,"event":{"mods":["BaseMod","Bestiary","Colored Map","Colored Powertips","Curses Come First","Highlight Path","Minty Spire (QoL Compilation)","StSLib","ojb\u0027s Info Mod"],"gold_per_floor":[111,128,145,163,175,175,209,226,274,109,109,109],"floor_reached":11,"language":"ENG","playtime":944,"items_purged":["Strike_R"],"score":131,"play_id":"f7658731-3056-4389-8a9f-bc86b25b27ba","local_time":"20210221132927","is_ascension_mode":true,"campfire_choices":[{"data":"Immolate","floor":6,"key":"SMITH"}],"circlet_count":0,"master_deck":["AscendersBane","Strike_R","Strike_R","Strike_R","Strike_R","Defend_R","Defend_R","Defend_R","Defend_R","Bash","Immolate+1","Shrug It Off","Cleave","Armaments","Wild Strike","Clothesline","Bloodletting","True Grit","Flash of Steel"],"relics":["Burning Blood","Orichalcum","Ancient Tea Set"],"acts_visited":["Exordium"],"potions_floor_usage":[8,11],"damage_taken":[{"damage":12,"enemies":"Small Slimes","floor":1,"turns":2},{"damage":5,"enemies":"Jaw Worm","floor":2,"turns":5},{"damage":0,"enemies":"2 Louse","floor":3,"turns":2},{"damage":12,"enemies":"Looter","floor":4,"turns":4},{"damage":27,"enemies":"Exordium Thugs","floor":5,"turns":5},{"damage":10,"enemies":"3 Sentries","floor":7,"turns":3},{"damage":5,"enemies":"Blue Slaver","floor":8,"turns":4},{"damage":45,"enemies":"Lagavulin","floor":11,"turns":6}],"seed_played":"3679111902568067448","potions_obtained":[{"floor":1,"key":"Swift Potion"},{"floor":4,"key":"Swift Potion"},{"floor":8,"key":"Fruit Juice"}],"is_trial":false,"path_per_floor":["M","M","M","M","M","R","E","M","T","$","E"],"character_chosen":"IRONCLAD","items_purchased":["Flash of Steel"],"campfire_rested":0,"item_purchase_floors":[10],"current_hp_per_floor":[62,63,68,62,41,41,37,43,43,43,0,0],"gold":109,"neow_bonus":"THREE_RARE_CARDS","is_daily":false,"chose_seed":false,"campfire_upgraded":1,"win_rate":0.0,"timestamp":1613939367,"path_taken":["M","M","M","M","M","R","E","M","T","$","E"],"items_purchased_type":["Card"],"build_version":"2020-12-22","purchased_purges":1,"victory":false,"max_hp_per_floor":[68,68,68,68,68,68,68,73,73,73,73,73],"card_choices":[{"not_picked":["Brutality","Offering"],"picked":"Immolate","floor":0},{"not_picked":["Disarm","Thunderclap"],"picked":"Shrug It Off","floor":1},{"not_picked":["Disarm","Twin Strike"],"picked":"Cleave","floor":2},{"not_picked":["Havoc","Rampage"],"picked":"Armaments","floor":3},{"not_picked":["Heavy Blade","Sentinel"],"picked":"Wild Strike","floor":4},{"not_picked":["Shrug It Off","Dual Wield"],"picked":"Clothesline","floor":5},{"not_picked":["Entrench","Havoc"],"picked":"Bloodletting","floor":7},{"not_picked":["Fire Breathing","Combust"],"picked":"True Grit","floor":8}],"player_experience":1686099,"relics_obtained":[{"floor":7,"key":"Orichalcum"},{"floor":9,"key":"Ancient Tea Set"}],"event_choices":[],"is_beta":false,"boss_relics":[],"items_purged_floors":[10],"is_endless":false,"potions_floor_spawned":[1,4,5,8],"killed_by":"Lagavulin","ascension_level":14}}