{"host":"hd6x97p58c0rxspr","time":1613930231,"event":{"mods":["AchievementEnabler","Aspiration","BaseMod","Better Note","Better Skull","BetterRewards","Colored Powertips","Conspire","Downfall","Energized Spire","Halation","Hermit","Hubris","Infinite Spire","Marked Mod","Minty Spire (QoL Compilation)","Permanent Neow","Replay The Spire","Shop Mod","Spicy Shops","StSLib","The Blue Laboratory"],"gold_per_floor":[99,114,129,304,319,319,319,349,364,379,394,394,394,394,409,509,509,509,524,539,539,539,569,644,674,624,624,639,654,684,699,714,814,814,714,729,744,744,744,744],"floor_reached":38,"language":"ENG","playtime":3151,"items_purged":[],"score":890,"play_id":"800d3e7e-4851-459e-b317-4466865f36fd","local_time":"20210221115711","daily_mods":["Heirloom","Hoarder","Elite Swarm"],"is_ascension_mode":false,"campfire_choices":[{"floor":1,"key":"DIG"},{"data":"Guardian:Suspension","floor":6,"key":"SMITH"},{"floor":13,"key":"REST"},{"data":"Guardian:PrismaticBarrier","floor":13,"key":"SMITH"},{"floor":27,"key":"REST"},{"data":"Guardian:StasisEngine","floor":27,"key":"SMITH"}],"circlet_count":0,"master_deck":["Guardian:Strike_Guardian+1","Guardian:Strike_Guardian+1","Guardian:Strike_Guardian+1","Guardian:Defend_Guardian+1","Guardian:Defend_Guardian+1","Guardian:Defend_Guardian+1","Guardian:Defend_Guardian+1","Guardian:CurlUp","Guardian:TwinSlam","Guardian:Suspension","Guardian:Suspension","Guardian:Suspension+1","Guardian:Reroute","Guardian:Reroute","Guardian:Reroute","Doubt","Doubt","Doubt","Guardian:GemFinder","Guardian:GemFinder","Guardian:BodySlam","Guardian:BodySlam","Guardian:BodySlam","Guardian:SentryBeam","Guardian:SentryBeam","Guardian:SentryBeam","Guardian:PrismaticBarrier+1","Guardian:PrismaticBarrier","Guardian:PrismaticBarrier","Guardian:BodySlam","Guardian:BodySlam","Guardian:BodySlam","Guardian:StasisEngine","Guardian:StasisEngine","Guardian:StasisEngine+1","Guardian:CrystalBeam+1","Guardian:CrystalBeam+1","Guardian:CrystalBeam+1","Guardian:Incinerate","Guardian:Incinerate","Guardian:Incinerate","Guardian:Clone","Guardian:Clone","Guardian:Clone","Guardian:Suspension","Guardian:Suspension","Guardian:Suspension","Hallucinations","Hallucinations","Hallucinations","Guardian:WalkerClaw","Guardian:WalkerClaw","Guardian:WalkerClaw","Guardian:ExploitGems","Guardian:ExploitGems","Guardian:ExploitGems","Guardian:TimeSifter","Guardian:TimeSifter","Guardian:TimeSifter","Guardian:Strike_Guardian","Guardian:Strike_Guardian","Guardian:Strike_Guardian","Guardian:Incinerate","Guardian:Incinerate","Guardian:Incinerate","Guardian:VentSteam","Guardian:VentSteam","Guardian:VentSteam","Guardian:FloatingOrbs+1","Guardian:FloatingOrbs+1","Guardian:FloatingOrbs+1","Guardian:Gem_Cyan","Guardian:ExploitGems","Guardian:ExploitGems","Guardian:ExploitGems","Guardian:CrystalBeam+1","Guardian:CrystalBeam+1","Guardian:CrystalBeam+1","Guardian:AncientConstruct","Guardian:AncientConstruct","Guardian:AncientConstruct","Guardian:StasisEngine","Guardian:StasisEngine","Guardian:StasisEngine","Guardian:Gem_Green","Guardian:Gem_Green","Guardian:Gem_Green","Guardian:ChargeUp","Guardian:ChargeUp","Guardian:ChargeUp","Guardian:DecasProtection","Guardian:DecasProtection","Guardian:DecasProtection"],"relics":["Guardian:ModeShifter","infinitespire:Magic Flask","Gremlin Food","halation:SelfBoilingWater","Pantograph","hubris:Towel","Snecko Heart","hubris:BottledHeart","halation:BottledLove","Slimebound:PreparedRelic","aspiration:ChemicalBlood","energizedSpire:HugeHouse","Replay:Kaleidoscope","Fusion Hammer","downfall:HeartBlessingGreen"],"acts_visited":["Exordium","TheCity","TheBeyond"],"potions_floor_usage":[10,15,16,33,38],"damage_taken":[{"damage":0,"enemies":"Small Slimes","floor":2,"turns":4},{"damage":1,"enemies":"2 Louse","floor":3,"turns":3},{"damage":18,"enemies":"infinitespire:Voidling","floor":5,"turns":6},{"damage":52,"enemies":"Gremlin Nob","floor":8,"turns":6},{"damage":12,"enemies":"3 Louse","floor":9,"turns":4},{"damage":0,"enemies":"Gremlin Gang","floor":10,"turns":5},{"damage":0,"enemies":"Looter","floor":11,"turns":2},{"damage":9,"enemies":"Blue Slaver","floor":15,"turns":3},{"damage":34,"enemies":"IC_STATUS_ARCHETYPE","floor":16,"turns":10},{"damage":0,"enemies":"conspire:FuzzyDice","floor":19,"turns":6},{"damage":0,"enemies":"Chosen","floor":20,"turns":5},{"damage":0,"enemies":"Replay:Snechameleon","floor":23,"turns":7},{"damage":0,"enemies":"Book of Stabbing","floor":25,"turns":6},{"damage":0,"enemies":"Snake Plant","floor":28,"turns":1},{"damage":0,"enemies":"Cultist and Chosen","floor":29,"turns":5},{"damage":0,"enemies":"conspire:Head Lice","floor":30,"turns":6},{"damage":0,"enemies":"Sentry and Sphere","floor":31,"turns":2},{"damage":0,"enemies":"Chosen and Byrds","floor":32,"turns":3},{"damage":0,"enemies":"SI_MIRROR_ARCHETYPE","floor":33,"turns":1},{"damage":0,"enemies":"3 Darklings","floor":36,"turns":2},{"damage":0,"enemies":"3 Shapes","floor":37,"turns":4},{"damage":7,"enemies":"Transient","floor":38,"turns":5}],"seed_played":"-7397021786818157212","potions_obtained":[{"floor":8,"key":"blueLaboratory:BottleOfRum"},{"floor":10,"key":"Adrenaline Potion"},{"floor":15,"key":"blueLaboratory:PolymorphPotion"},{"floor":16,"key":"Elixir"},{"floor":23,"key":"blueLaboratory:NullPotion"},{"floor":28,"key":"Death Potion"},{"floor":29,"key":"Block Potion"},{"floor":30,"key":"AttackPotion"},{"floor":35,"key":"Dexterity Potion"},{"floor":37,"key":"Weak Potion"}],"is_trial":false,"path_per_floor":["R","M","M","?","M","R","T","E","M","M","M","?","R","?","M","B",null,"R","M","M","?","?","E","T","E","AVR","R","M","M","E","M","M","B",null,"R","M","M","M"],"character_chosen":"GUARDIAN","items_purchased":[],"campfire_rested":2,"item_purchase_floors":[],"current_hp_per_floor":[80,80,79,79,71,71,71,19,7,7,7,7,31,31,22,13,80,1,1,1,1,1,1,1,1,1,1,1,1,1,1,1,1,1,1,1,1,0,0,0],"gold":744,"neow_bonus":"","is_daily":true,"chose_seed":false,"campfire_upgraded":3,"win_rate":0.0,"timestamp":1613930231,"path_taken":["R","M","M","?","M","R","T","E","M","M","M","?","R","?","M","BOSS","R","M","M","?","?","E","T","E","AVR","R","M","M","E","M","M","BOSS","R","M","M","?"],"items_purchased_type":[],"build_version":"2020-12-22","purchased_purges":0,"victory":false,"max_hp_per_floor":[80,80,80,80,80,80,80,80,80,80,80,80,80,80,80,80,80,1,1,1,1,1,1,1,1,1,1,1,1,1,1,1,1,1,1,1,1,1,1,1],"card_choices":[{"not_picked":["Guardian:PiercingHide","Guardian:RollAttack"],"picked":"Guardian:Suspension","floor":2},{"not_picked":["Guardian:CrystalBeam","Guardian:GemFire"],"picked":"Guardian:Reroute","floor":3},{"not_picked":["Guardian:CrystalBeam","Guardian:Reroute","Guardian:Recover"],"picked":"SKIP","floor":5},{"not_picked":["Guardian:GatlingBeam","Guardian:Gem_Synthetic"],"picked":"Guardian:GemFinder","floor":8},{"not_picked":["Guardian:Gem_Red","Guardian:Gem_Lightblue"],"picked":"Guardian:Gem_Green","floor":9},{"not_picked":["Guardian:Gem_Green","Guardian:Gem_Red"],"picked":"Guardian:Gem_Cyan","floor":9},{"not_picked":["Guardian:Gem_Red","Guardian:PrimingBeam"],"picked":"Guardian:BodySlam","floor":9},{"not_picked":["Guardian:Gem_Lightblue","Guardian:Gem_Red"],"picked":"Guardian:Gem_Cyan","floor":10},{"not_picked":["Guardian:Gem_Red","Guardian:Gem_Lightblue"],"picked":"Guardian:Gem_Green","floor":10},{"not_picked":["Guardian:Gem_Red","Guardian:Reroute"],"picked":"Guardian:SentryBeam","floor":10},{"not_picked":["Guardian:Gem_Lightblue","Guardian:Gem_Red"],"picked":"Guardian:Gem_Green","floor":10},{"not_picked":["Guardian:CrystalBeam","Guardian:BronzeArmor"],"picked":"Guardian:PrismaticBarrier","floor":11},{"not_picked":["Guardian:WalkerClaw","Guardian:FuturePlans"],"picked":"Guardian:BodySlam","floor":15},{"not_picked":["Guardian:Gem_Red","Guardian:Gem_Cyan"],"picked":"Guardian:Gem_Green","floor":16},{"not_picked":["Guardian:Gem_Lightblue","Guardian:Gem_Red"],"picked":"Guardian:Gem_Green","floor":16},{"not_picked":["Guardian:Gem_Lightblue","Guardian:Gem_Green"],"picked":"Guardian:Gem_Cyan","floor":16},{"not_picked":["Guardian:FastForward","Guardian:ConstructionForm"],"picked":"Guardian:StasisEngine","floor":16},{"not_picked":["Guardian:Gem_Red","Guardian:Gem_Lightblue"],"picked":"Guardian:Gem_Green","floor":19},{"not_picked":["Guardian:Gem_Red","Guardian:Gem_Lightblue"],"picked":"Guardian:Gem_Cyan","floor":19},{"not_picked":["Guardian:Gem_Lightblue","Guardian:Gem_Cyan"],"picked":"Guardian:Gem_Green","floor":19},{"not_picked":["Guardian:TemporalShield","Guardian:Gem_Lightblue"],"picked":"Guardian:CrystalBeam+1","floor":19},{"not_picked":["Guardian:TemporalShield","Guardian:ChargeCore"],"picked":"Guardian:Incinerate","floor":20},{"not_picked":["Guardian:Gem_Lightblue","Guardian:Gem_Red"],"picked":"Guardian:Gem_Green","floor":23},{"not_picked":["Guardian:Gem_Cyan","Guardian:Gem_Red"],"picked":"Guardian:Gem_Green","floor":23},{"not_picked":["Guardian:CompilePackage","Guardian:RevengeProtocol"],"picked":"Guardian:ExploitGems","floor":23},{"not_picked":["Guardian:HyperBeam_Guardian","Guardian:FastForward"],"picked":"Guardian:TimeSifter","floor":25},{"not_picked":["Guardian:Recover","Guardian:FuturePlans+1"],"picked":"Guardian:VentSteam","floor":28},{"not_picked":["Guardian:Gem_Cyan","Guardian:Gem_Red"],"picked":"Guardian:Gem_Lightblue","floor":29},{"not_picked":["Guardian:ChargeCore","Guardian:WalkerClaw"],"picked":"Guardian:FloatingOrbs+1","floor":29},{"not_picked":["Guardian:Gem_Green","Guardian:Gem_Lightblue"],"picked":"Guardian:Gem_Cyan","floor":30},{"not_picked":["Guardian:Gem_Red","Guardian:Gem_Lightblue"],"picked":"Guardian:Gem_Cyan","floor":30},{"not_picked":["Guardian:StasisField","Guardian:BaubleBeam"],"picked":"Guardian:ExploitGems","floor":30},{"not_picked":["Guardian:ShieldCharger","Guardian:VentSteam+1"],"picked":"Guardian:CrystalBeam+1","floor":31},{"not_picked":["Guardian:TemporalStrike+1","Guardian:PrimingBeam"],"picked":"Guardian:AncientConstruct","floor":32},{"not_picked":["Guardian:GatlingBeam","Guardian:Gem_Synthetic"],"picked":"Guardian:StasisEngine","floor":33},{"not_picked":["Guardian:Gem_Red","Guardian:Gem_Cyan"],"picked":"Guardian:Gem_Green","floor":36},{"not_picked":["Guardian:PrimingBeam","Guardian:RollAttack"],"picked":"Guardian:ChargeUp","floor":36},{"not_picked":["Guardian:PrismaticBarrier+1","Guardian:ShieldCharger+1"],"picked":"Guardian:DecasProtection","floor":37}],"player_experience":763039,"relics_obtained":[{"floor":1,"key":"Gremlin Food"},{"floor":7,"key":"halation:SelfBoilingWater"},{"floor":8,"key":"Pantograph"},{"floor":23,"key":"halation:BottledLove"},{"floor":24,"key":"Slimebound:PreparedRelic"},{"floor":25,"key":"aspiration:ChemicalBlood"},{"floor":30,"key":"Replay:Kaleidoscope"}],"event_choices":[{"damage_healed":0,"gold_gain":175,"player_choice":"AGREE","damage_taken":0,"max_hp_gain":0,"max_hp_loss":0,"event_name":"Liars Game","floor":4,"gold_loss":0,"cards_obtained":["Doubt"]}],"is_beta":false,"boss_relics":[{"not_picked":["halation:PinkAlligatorPlush","energizedSpire:EnergizedDie"],"picked":"Snecko Heart"},{"not_picked":["Cursed Key","Kintsugi"],"picked":"Fusion Hammer"}],"items_purged_floors":[],"is_endless":false,"potions_floor_spawned":[8,10,15,16,23,28,29,30,37],"killed_by":"Transient","ascension_level":0}}