{"host":"ydg0vn0pu4pubmdt","time":1613923091,"event":{"mods":["AchievementEnabler","BaseMod","Colored Map","Minty Spire (QoL Compilation)","Quick Restart","SuperFastMode"],"gold_per_floor":[113,38,38,38,50,50,50,84,132,132,144,159,84,112,112,188,188,207,217,60,74,74,74,74,74,74],"floor_reached":25,"language":"KOR","playtime":323,"items_purged":["Strike_R"],"score":468,"play_id":"81f4863e-723c-4251-bbdd-b813c1748eb7","local_time":"20210222005811","is_ascension_mode":true,"campfire_choices":[{"data":"Whirlwind","floor":6.0,"key":"SMITH"},{"data":"Bludgeon","floor":10.0,"key":"SMITH"},{"data":"Bash","floor":15.0,"key":"SMITH"},{"data":"True Grit","floor":23,"key":"SMITH"}],"circlet_count":0,"master_deck":["AscendersBane","Strike_R","Strike_R","Defend_R","Defend_R","Bash+1","Dropkick","Whirlwind+1","Bludgeon+1","Shrug It Off","Flex","Impervious","True Grit+1"],"relics":["Burning Blood","NeowsBlessing","Lantern","MealTicket","Charon\u0027s Ashes","Empty Cage","TheAbacus","SsserpentHead"],"acts_visited":["Exordium","TheCity"],"potions_floor_usage":[],"damage_taken":[{"damage":0.0,"enemies":"Small Slimes","floor":1.0,"turns":1.0},{"damage":0.0,"enemies":"Cultist","floor":5.0,"turns":1.0},{"damage":0.0,"enemies":"Lagavulin","floor":8.0,"turns":1.0},{"damage":0.0,"enemies":"2 Louse","floor":11.0,"turns":2.0},{"damage":3.0,"enemies":"Blue Slaver","floor":12.0,"turns":2.0},{"damage":10.0,"enemies":"Gremlin Nob","floor":14.0,"turns":3.0},{"damage":45.0,"enemies":"Hexaghost","floor":16.0,"turns":8.0},{"damage":45.0,"enemies":"3 Byrds","floor":18.0,"turns":4.0},{"damage":20.0,"enemies":"2 Thieves","floor":19.0,"turns":3.0},{"damage":13.0,"enemies":"Centurion and Healer","floor":21.0,"turns":7.0},{"damage":20,"enemies":"Slavers","floor":25,"turns":1}],"seed_played":"2152756647118478592","potions_obtained":[{"floor":1.0,"key":"SneckoOil"},{"floor":3.0,"key":"BlessingOfTheForge"},{"floor":3.0,"key":"Explosive Potion"},{"floor":12.0,"key":"EntropicBrew"},{"floor":19.0,"key":"EntropicBrew"}],"is_trial":false,"path_per_floor":["M","$","?","$","M","R","?","E","T","R","M","M","?","E","R","B",null,"M","M","$","M","?","R","?","E"],"character_chosen":"IRONCLAD","items_purchased":["TheAbacus"],"campfire_rested":0,"item_purchase_floors":[20],"current_hp_per_floor":[74,74,74,74,75,75,68,74,74,74,75,75,75,71,71,32,64,25,11,26,19,19,19,19,0,0],"gold":74,"neow_bonus":"THREE_ENEMY_KILL","is_daily":false,"chose_seed":false,"campfire_upgraded":4,"win_rate":0.0,"timestamp":1613923091,"path_taken":["M","$","?","$","?","R","?","E","T","R","M","M","?","E","R","BOSS","M","M","$","M","?","R","?","E"],"items_purchased_type":["Relic"],"build_version":"2020-12-22","purchased_purges":1,"victory":false,"max_hp_per_floor":[75,75,75,75,75,75,75,75,75,75,75,75,75,75,75,75,75,75,75,75,75,75,75,75,75,75],"card_choices":[{"not_picked":["Evolve","Bloodletting"],"picked":"Dropkick","floor":1.0},{"not_picked":["Cleave","Combust"],"picked":"Whirlwind","floor":5.0},{"not_picked":["Armaments","Heavy Blade","Bludgeon"],"picked":"SKIP","floor":8.0},{"not_picked":["Armaments","Heavy Blade"],"picked":"Bludgeon","floor":8.0},{"not_picked":["Heavy Blade","Rage"],"picked":"Shrug It Off","floor":11.0},{"not_picked":["Headbutt","Twin Strike"],"picked":"Flex","floor":12.0},{"not_picked":["Rampage","Havoc","Clothesline"],"picked":"SKIP","floor":14.0},{"not_picked":["Juggernaut","Bludgeon"],"picked":"Impervious","floor":16.0},{"not_picked":["Hemokinesis","Warcry"],"picked":"True Grit","floor":18.0},{"not_picked":["Perfected Strike+1","Havoc","Clash"],"picked":"SKIP","floor":19.0},{"not_picked":["Spot Weakness+1","True Grit","Iron Wave"],"picked":"SKIP","floor":21.0}],"player_experience":620481,"relics_obtained":[{"floor":8.0,"key":"Lantern"},{"floor":9.0,"key":"MealTicket"},{"floor":14.0,"key":"Charon\u0027s Ashes"}],"event_choices":[{"damage_healed":0.0,"max_hp_gain":0.0,"max_hp_loss":0.0,"gold_gain":0.0,"event_name":"Lab","player_choice":"Got Potions","floor":3.0,"gold_loss":0.0,"damage_taken":0.0},{"cards_removed":["Strike_R"],"damage_healed":0.0,"max_hp_gain":0.0,"max_hp_loss":0.0,"gold_gain":0.0,"event_name":"Golden Wing","player_choice":"Card Removal","floor":7.0,"gold_loss":0.0,"damage_taken":7.0},{"cards_removed":["Defend_R"],"damage_healed":0.0,"max_hp_gain":0.0,"max_hp_loss":0.0,"gold_gain":0.0,"event_name":"The Cleric","player_choice":"Card Removal","floor":13.0,"gold_loss":75.0,"damage_taken":0.0},{"damage_healed":0,"gold_gain":0,"player_choice":"Ignored","damage_taken":0,"max_hp_gain":0,"max_hp_loss":0,"event_name":"Cursed Tome","floor":22,"gold_loss":0},{"damage_healed":0,"gold_gain":0,"player_choice":"Trade","damage_taken":0,"relics_obtained":["SsserpentHead"],"max_hp_gain":0,"max_hp_loss":0,"event_name":"FaceTrader","floor":24,"gold_loss":0}],"is_beta":false,"boss_relics":[{"not_picked":["Black Blood","Sozu"],"picked":"Empty Cage"}],"items_purged_floors":[2],"is_endless":false,"potions_floor_spawned":[1,5,12,14,19],"killed_by":"Slavers","ascension_level":20}}