{"host":"l2lylj0omvglf5x0","time":1613896180,"event":{"mods":["2.2 Compatiblity","BaseMod","Bestiary","Block Reminder","Colored Map","Colored Powertips","Curses Come First","Highlight Path","Keyboard Shortcuts","Minty Spire (QoL Compilation)","Relic Sorter","Relic Stats","Slay the Relics Exporter","StSLib","SuperFastMode"],"gold_per_floor":[99,99,99,99,84,84,84,84,84,84,84,84,84,84,84,84,84],"floor_reached":16,"language":"ENG","playtime":477,"items_purged":[],"score":186,"play_id":"2bbfa697-3944-4ce0-9482-51f54f805e44","local_time":"20210221092940","is_ascension_mode":true,"campfire_choices":[{"floor":15,"key":"REST"}],"circlet_count":0,"master_deck":["AscendersBane","Strike_R","Strike_R","Strike_R","Strike_R","Defend_R","Defend_R","Defend_R","Defend_R","Bash","Carnage","Rage","Shrug It Off","Disarm","Shrug It Off","Pommel Strike","Fiend Fire","Combust"],"relics":["Ectoplasm","White Beast Statue","Happy Flower","Smiling Mask","Nunchaku"],"acts_visited":["Exordium"],"potions_floor_usage":[6,11],"damage_taken":[{"damage":2,"enemies":"Jaw Worm","floor":1,"turns":3},{"damage":0,"enemies":"Small Slimes","floor":3,"turns":2},{"damage":0,"enemies":"2 Louse","floor":4,"turns":2},{"damage":11,"enemies":"Looter","floor":5,"turns":2},{"damage":14,"enemies":"Lagavulin","floor":6,"turns":5},{"damage":24,"enemies":"3 Sentries","floor":8,"turns":10},{"damage":0,"enemies":"3 Louse","floor":11,"turns":3},{"damage":0,"enemies":"2 Fungi Beasts","floor":12,"turns":2},{"damage":10,"enemies":"Large Slime","floor":13,"turns":4},{"damage":0,"enemies":"3 Louse","floor":14,"turns":3},{"damage":29,"enemies":"Slime Boss","floor":16,"turns":6}],"seed_played":"-4148805030669498484","potions_obtained":[{"floor":1,"key":"Explosive Potion"},{"floor":4,"key":"SteroidPotion"},{"floor":6,"key":"Block Potion"},{"floor":11,"key":"BlessingOfTheForge"}],"is_trial":false,"path_per_floor":["M","?","M","M","M","E","?","E","T","?","M","M","M","M","R","B"],"character_chosen":"IRONCLAD","items_purchased":[],"campfire_rested":1,"item_purchase_floors":[],"current_hp_per_floor":[70,75,75,75,64,50,38,14,14,14,14,14,4,4,29,0,0],"gold":84,"neow_bonus":"BOSS_RELIC","is_daily":false,"chose_seed":false,"campfire_upgraded":0,"win_rate":0.0,"timestamp":1613896180,"path_taken":["M","?","M","M","M","E","?","E","T","?","M","M","M","M","R","BOSS"],"items_purchased_type":[],"build_version":"2020-12-22","purchased_purges":0,"victory":false,"max_hp_per_floor":[80,85,85,85,85,85,85,85,85,85,85,85,85,85,85,85,85],"relic_stats":{"Nunchaku":[3],"Happy Flower":[9],"counters":[11,42],"Ectoplasm":220,"Smiling Mask":0,"obtain_stats":[{"Nunchaku":9,"Happy Flower":7,"Ectoplasm":0,"Smiling Mask":8,"Burning Blood":0,"White Beast Statue":6},{"Nunchaku":6,"Happy Flower":5,"Ectoplasm":0,"Smiling Mask":6,"Burning Blood":0,"White Beast Statue":5},{"Nunchaku":24,"Happy Flower":14,"Ectoplasm":0,"Smiling Mask":24,"Burning Blood":0,"White Beast Statue":14}]},"card_choices":[{"not_picked":["Clash","Evolve"],"picked":"Carnage","floor":1},{"not_picked":["Perfected Strike","Warcry"],"picked":"Rage","floor":3},{"not_picked":["Infernal Blade","Combust"],"picked":"Shrug It Off","floor":4},{"not_picked":["Flex","Clash"],"picked":"Disarm","floor":5},{"not_picked":["Warcry","Combust"],"picked":"Shrug It Off","floor":6},{"not_picked":["Iron Wave","Shrug It Off"],"picked":"Pommel Strike","floor":8},{"not_picked":["True Grit","Disarm"],"picked":"Fiend Fire","floor":11},{"not_picked":["Warcry","Anger"],"picked":"Combust","floor":12},{"not_picked":["Thunderclap","Heavy Blade","Warcry"],"picked":"SKIP","floor":13},{"not_picked":["Wild Strike","Body Slam","Infernal Blade"],"picked":"SKIP","floor":14}],"player_experience":1021119,"relics_obtained":[{"floor":6,"key":"White Beast Statue"},{"floor":8,"key":"Smiling Mask"},{"floor":9,"key":"Nunchaku"}],"event_choices":[{"damage_healed":0,"gold_gain":0,"player_choice":"Donut","damage_taken":0,"max_hp_gain":5,"max_hp_loss":0,"event_name":"Big Fish","floor":2,"gold_loss":0},{"damage_healed":0,"gold_gain":0,"player_choice":"Success","damage_taken":12,"relics_obtained":["Happy Flower"],"max_hp_gain":0,"max_hp_loss":0,"event_name":"Scrap Ooze","floor":7,"gold_loss":0},{"cards_removed":["Strike_R"],"damage_healed":0,"gold_gain":0,"player_choice":"Forget","damage_taken":0,"max_hp_gain":0,"max_hp_loss":0,"event_name":"Living Wall","floor":10,"gold_loss":0}],"is_beta":false,"boss_relics":[],"items_purged_floors":[],"is_endless":false,"potions_floor_spawned":[1,4,6,8,11,12,13,14],"killed_by":"Slime Boss","ascension_level":12}}