{"host":"adv1uqz3812gqgbw","time":1613893368,"event":{"mods":["BaseMod","Better Note","Colored Powertips","Custom Start","GifTheSpireLib","Hermit","Minty Spire (QoL Compilation)","SacredBarkPlus","StSLib","The Runesmith","Uncapped"],"gold_per_floor":[459,471,483,645,622,634,646,756,792,915,989,1001,1107,1184,1196,1449,1461,1515,1527,1539,1551,1596,1608,1705,1717,1729,1741,1854,1964,2025,2138,2150,2393,2405,2463,2475,2487,2606,2618,2630,2642,2758,2795,2807,2920,2984,2996,3093,3105,3117,3129],"floor_reached":52,"language":"ENG","playtime":1655,"items_purged":[],"score":3337,"play_id":"5b708135-073a-4d3a-998d-6ee5174eec09","local_time":"20210221044248","daily_mods":["Time Dilation","Flight","DeadlyEvents","Binary","Elite Swarm","Lethality","Midas","Night Terrors"],"is_ascension_mode":true,"campfire_choices":[{"data":"1","floor":6,"key":"LIFT"},{"data":"2","floor":7,"key":"LIFT"},{"data":"3","floor":12,"key":"LIFT"},{"floor":15,"key":"DIG"},{"floor":23,"key":"DIG"},{"floor":27,"key":"DIG"},{"floor":32,"key":"DIG"},{"floor":40,"key":"DIG"},{"floor":44,"key":"DIG"},{"floor":49,"key":"DIG"}],"circlet_count":0,"master_deck":["Gash+1","Gash+1","Gash+1","Gash+1","Gash+1","Gash+1","Gash+1","Gash+1","Gash+1","Gash+1","Gash+1","Gash+1","Gash+1","Gash+1","Gash+1","Gash+1","Gash+1","Gash+1","Gash+1","Gash+1","Gash+1","Gash+1","Gash+1","Gash+1","Gash+1","Gash+1","Gash+1","Injury","Doubt","Decay"],"relics":["Burning Blood","Akabeko","Bronze Scales","Brimstone","Vajra","Strawberry","Paper Frog","Coffee Dripper","Fusion Hammer","Frozen Eye","FossilizedHelix","Lee\u0027s Waffle","Mango","Runic Pyramid","WristBlade","Unceasing Top","TeardropLocket","Runesmith:Nanobots","Pear","Old Coin","Pen Nib","hermit:DentedPlate","Champion Belt","Bag of Marbles","DollysMirror","Empty Cage","Lantern","Kunai","Lizard Tail","Smiling Mask","ClockworkSouvenir","Cracked Core","Mercury Hourglass","Ginger","Ice Cream","The Courier","Thread and Needle","White Beast Statue","Girya","Dream Catcher","PreservedInsect","Singing Bowl","Sling","Boot","Shuriken","Paper Crane","Red Skull","Question Card","Shovel","Black Star","Blood Vial","Black Blood","Anchor","Calipers","HornCleat","CaptainsWheel","TwistedFunnel","Snake Skull","Turnip","Gremlin Horn","Du-Vu Doll","MawBank","Yang","HandDrill","Membership Card","Medical Kit","Prayer Wheel","Potion Belt","Cauldron","Golden Idol","Matryoshka","Bottled Flame","Ancient Tea Set","Oddly Smooth Stone","Ornamental Fan","Happy Flower","Magic Flower","Empty Cage","Torii","Meat on the Bone","Mummified Hand","Bag of Preparation","StoneCalendar","Runesmith:Locket","Eternal Feather","Incense Burner","Pantograph","Toy Ornithopter","Regal Pillow","Black Star","War Paint","InkBottle","CeramicFish","Art of War","Pocketwatch","Molten Egg 2","Bird Faced Urn","Blue Candle"],"acts_visited":["Exordium","TheCity","TheBeyond"],"potions_floor_usage":[0,50,50,50,50],"damage_taken":[{"damage":0,"enemies":"Small Slimes","floor":1,"turns":1},{"damage":0,"enemies":"3 Sentries","floor":8,"turns":1},{"damage":0,"enemies":"Lagavulin","floor":10,"turns":1},{"damage":0,"enemies":"Jaw Worm","floor":11,"turns":1},{"damage":0,"enemies":"Gremlin Nob","floor":13,"turns":1},{"damage":0,"enemies":"2 Louse","floor":14,"turns":1},{"damage":0,"enemies":"Slime Boss","floor":16,"turns":1},{"damage":0,"enemies":"Shell Parasite","floor":18,"turns":1},{"damage":0,"enemies":"Spheric Guardian","floor":22,"turns":1},{"damage":0,"enemies":"Slavers","floor":24,"turns":1},{"damage":0,"enemies":"Gremlin Leader","floor":28,"turns":1},{"damage":0,"enemies":"Slavers","floor":29,"turns":1},{"damage":0,"enemies":"Snake Plant","floor":30,"turns":1},{"damage":0,"enemies":"Book of Stabbing","floor":31,"turns":1},{"damage":0,"enemies":"Champ","floor":33,"turns":1},{"damage":0,"enemies":"3 Shapes","floor":35,"turns":1},{"damage":0,"enemies":"Reptomancer","floor":38,"turns":1},{"damage":0,"enemies":"Nemesis","floor":42,"turns":1},{"damage":0,"enemies":"Giant Head","floor":45,"turns":1},{"damage":0,"enemies":"Orb Walker","floor":46,"turns":1},{"damage":0,"enemies":"Reptomancer","floor":48,"turns":1},{"damage":0,"enemies":"Time Eater","floor":50,"turns":1},{"damage":0,"enemies":"Donu and Deca","floor":51,"turns":1}],"seed_played":"-2794341262006574487","potions_obtained":[{"floor":0,"key":"Fruit Juice"},{"floor":0,"key":"Energy Potion"},{"floor":0,"key":"ColorlessPotion"},{"floor":0,"key":"PowerPotion"},{"floor":0,"key":"HeartOfIron"},{"floor":1,"key":"Explosive Potion"},{"floor":8,"key":"SteroidPotion"},{"floor":10,"key":"SmokeBomb"},{"floor":24,"key":"Energy Potion"},{"floor":28,"key":"SteroidPotion"},{"floor":48,"key":"Strength Potion"}],"is_trial":true,"path_per_floor":["M","?","?","?","?","R","R","E","T","E","M","R","E","M","R","B",null,"M","?","?","?","M","R","E","$","T","R","E","E","M","E","R","B",null,"M","?","$","E","T","R","$","E","T","R","E","M","$","E","R","B","B",null],"character_chosen":"IRONCLAD","items_purchased":[],"campfire_rested":0,"item_purchase_floors":[],"current_hp_per_floor":[80,85,85,85,85,85,85,87,87,89,93,93,95,99,99,101,101,105,105,105,105,109,109,111,111,111,111,113,115,119,121,121,123,123,127,127,127,129,129,129,129,131,131,131,133,137,137,139,139,139,139],"gold":3141,"neow_bonus":"","is_daily":false,"chose_seed":false,"campfire_upgraded":0,"win_rate":0.0,"timestamp":1613893368,"path_taken":["M","?","?","?","?","R","R","E","T","?","?","R","?","M","R","BOSS","M","?","?","?","?","R","?","?","T","R","?","E","?","?","R","BOSS","M","?","?","?","?","R","?","?","T","R","E","?","?","E","R","BOSS","BOSS"],"items_purchased_type":[],"build_version":"2020-12-22","purchased_purges":0,"victory":true,"max_hp_per_floor":[80,85,85,85,85,85,85,87,87,89,93,93,95,99,99,101,101,105,105,105,105,109,109,111,111,111,111,113,115,119,121,121,123,123,127,127,127,129,129,129,129,131,131,131,133,137,137,139,139,139,139],"card_choices":[{"not_picked":["Flame Barrier","Clothesline","Iron Wave"],"picked":"Singing Bowl","floor":1},{"not_picked":["Shrug It Off","Anger","Twin Strike"],"picked":"Singing Bowl","floor":1},{"not_picked":["Barricade","Berserk","Brutality"],"picked":"Singing Bowl","floor":8},{"not_picked":["Reaper","Brutality","Berserk"],"picked":"Singing Bowl","floor":10},{"not_picked":["Clash","Uppercut","Warcry"],"picked":"Singing Bowl","floor":11},{"not_picked":["Shockwave","Armaments","Ghostly Armor"],"picked":"Singing Bowl","floor":11},{"not_picked":["Corruption","Berserk","Exhume"],"picked":"Singing Bowl","floor":13},{"not_picked":["Havoc","Dark Embrace","Thunderclap"],"picked":"Singing Bowl","floor":14},{"not_picked":["Whirlwind","Sever Soul","Warcry"],"picked":"Singing Bowl","floor":14},{"not_picked":["Juggernaut","Impervious","Exhume"],"picked":"Singing Bowl","floor":16},{"not_picked":["Thunderclap+1","Cleave","Clothesline"],"picked":"Singing Bowl","floor":18},{"not_picked":["Carnage","Thunderclap","Fire Breathing"],"picked":"Singing Bowl","floor":18},{"not_picked":["Combust","Sever Soul","Warcry"],"picked":"Singing Bowl","floor":22},{"not_picked":["Bloodletting","Evolve","Searing Blow"],"picked":"Singing Bowl","floor":22},{"not_picked":["Berserk","Impervious","Immolate"],"picked":"Singing Bowl","floor":24},{"not_picked":["Berserk","Bludgeon","Double Tap"],"picked":"Singing Bowl","floor":28},{"not_picked":["Limit Break","Exhume","Double Tap"],"picked":"Singing Bowl","floor":29},{"not_picked":["Armaments","Thunderclap","Flex"],"picked":"Singing Bowl","floor":30},{"not_picked":["Twin Strike","Rampage","Sword Boomerang"],"picked":"Singing Bowl","floor":30},{"not_picked":["Berserk","Reaper","Barricade"],"picked":"Singing Bowl","floor":31},{"not_picked":["Exhume","Limit Break","Reaper"],"picked":"Singing Bowl","floor":33},{"not_picked":["Body Slam","Havoc","Armaments"],"picked":"Singing Bowl","floor":35},{"not_picked":["Spot Weakness+1","Combust","Dropkick"],"picked":"Singing Bowl","floor":35},{"not_picked":["Fiend Fire","Double Tap","Limit Break"],"picked":"Singing Bowl","floor":38},{"not_picked":["Bludgeon","Offering","Reaper"],"picked":"Singing Bowl","floor":42},{"not_picked":["Feed","Bludgeon","Limit Break"],"picked":"Singing Bowl","floor":45},{"not_picked":["Entrench+1","Thunderclap+1","Perfected Strike"],"picked":"Singing Bowl","floor":46},{"not_picked":["Dropkick","Spot Weakness","Perfected Strike"],"picked":"Singing Bowl","floor":46},{"not_picked":["Impervious","Immolate+1","Corruption"],"picked":"Singing Bowl","floor":48}],"player_experience":369475,"relics_obtained":[{"floor":8,"key":"Matryoshka"},{"floor":8,"key":"Bottled Flame"},{"floor":9,"key":"Ancient Tea Set"},{"floor":9,"key":"Oddly Smooth Stone"},{"floor":10,"key":"Ornamental Fan"},{"floor":10,"key":"Happy Flower"},{"floor":15,"key":"Magic Flower"},{"floor":23,"key":"Torii"},{"floor":24,"key":"Meat on the Bone"},{"floor":24,"key":"Mummified Hand"},{"floor":26,"key":"Bag of Preparation"},{"floor":26,"key":"StoneCalendar"},{"floor":28,"key":"Runesmith:Locket"},{"floor":29,"key":"Eternal Feather"},{"floor":29,"key":"Incense Burner"},{"floor":31,"key":"Pantograph"},{"floor":31,"key":"Toy Ornithopter"},{"floor":32,"key":"Regal Pillow"},{"floor":38,"key":"War Paint"},{"floor":39,"key":"InkBottle"},{"floor":40,"key":"CeramicFish"},{"floor":43,"key":"Art of War"},{"floor":44,"key":"Pocketwatch"},{"floor":48,"key":"Molten Egg 2"},{"floor":48,"key":"Bird Faced Urn"},{"floor":49,"key":"Blue Candle"}],"event_choices":[{"damage_healed":0,"gold_gain":0,"player_choice":"Donut","damage_taken":0,"max_hp_gain":5,"max_hp_loss":0,"event_name":"Big Fish","floor":2,"gold_loss":0},{"damage_healed":0,"gold_gain":0,"player_choice":"Take Wound","damage_taken":0,"relics_obtained":["Golden Idol"],"max_hp_gain":0,"max_hp_loss":0,"event_name":"Golden Idol","floor":3,"gold_loss":0,"cards_obtained":["Injury"]},{"damage_healed":0,"gold_gain":150,"player_choice":"AGREE","damage_taken":0,"max_hp_gain":0,"max_hp_loss":0,"event_name":"Liars Game","floor":4,"gold_loss":0,"cards_obtained":["Doubt"]},{"damage_healed":0,"gold_gain":0,"player_choice":"Left Gold","damage_taken":0,"max_hp_gain":0,"max_hp_loss":0,"event_name":"World of Goop","floor":5,"gold_loss":35},{"damage_healed":0,"gold_gain":0,"player_choice":"Cursed","damage_taken":0,"max_hp_gain":0,"max_hp_loss":0,"event_name":"Wheel of Change","floor":19,"gold_loss":0,"cards_obtained":["Decay"]},{"damage_healed":0,"gold_gain":0,"player_choice":"Ignored","damage_taken":0,"max_hp_gain":0,"max_hp_loss":0,"event_name":"Upgrade Shrine","floor":20,"gold_loss":0},{"cards_removed":["Injury"],"damage_healed":0,"gold_gain":0,"player_choice":"Give","damage_taken":0,"max_hp_gain":0,"max_hp_loss":0,"event_name":"betterNote:BetterNote","floor":21,"gold_loss":0,"cards_obtained":["Flex"]},{"damage_healed":0,"gold_gain":0,"player_choice":"Ignored","damage_taken":0,"max_hp_gain":0,"max_hp_loss":0,"event_name":"Tomb of Lord Red Mask","floor":36,"gold_loss":0}],"is_beta":false,"boss_relics":[{"not_picked":["Philosopher\u0027s Stone","Tiny House"],"picked":"Empty Cage"},{"not_picked":["Coffee Dripper","Snecko Eye"],"picked":"Black Star"}],"items_purged_floors":[],"is_endless":false,"potions_floor_spawned":[1,8,10,11,13,14,16,18,22,24,28,29,30,31,33,35,38,42,45,46,48],"ascension_level":20}}