{"host":"ifvrsrzj00f2ebkn","time":1613886475,"event":{"mods":["BaseMod","Bestiary","Block Reminder","Colored Map","Colored Powertips","Defuse TimeMaze Blight","Downfall","Minty Spire (QoL Compilation)","Permanent Neow","Quick Restart","Shop Mod","Spicy Shops","StSLib","????"],"gold_per_floor":[117,129,129,129,147,182,182,182,182,182,214,229,229,65,65,164,164,183,197,211,221,106,140,140,140,140,140,140,167,167,36,36,147,147,166,183,18,18,18,18,51,51,85,113,113,113,140,166,166,263,272,282,304,315,334,434,115,124,124,138,138,175,175,175,203,239,339,339,356,371,371,371,220,254,286,16,16,16,31,31,31,56,56,151,151,166,176,176,176],"floor_reached":88,"language":"ENG","playtime":14046,"items_purged":["Armaments","Flame Barrier","Bash","Cleave","Doubt","Heavy Blade","Hemokinesis+1"],"score":3002,"play_id":"a404a364-5d2b-4d24-b901-3339d960e2ba","local_time":"20210221134755","daily_mods":["SealedDeck","Red Cards","Heirloom","Time Dilation","Flight","DeadlyEvents","Elite Swarm"],"is_ascension_mode":true,"campfire_choices":[{"data":"Body Slam","floor":8,"key":"SMITH"},{"data":"Iron Wave","floor":9,"key":"SMITH"},{"data":"Demon Form","floor":10,"key":"SMITH"},{"data":"Body Slam","floor":13,"key":"SMITH"},{"data":"Hemokinesis","floor":15,"key":"SMITH"},{"data":"Body Slam","floor":25,"key":"SMITH"},{"data":"Iron Wave","floor":26,"key":"SMITH"},{"data":"Armaments","floor":27,"key":"PURGE"},{"data":"downfall:Malfunctioning","floor":30,"key":"PURGE"},{"data":"Heavy Blade","floor":32,"key":"PURGE"},{"data":"Barricade","floor":40,"key":"SMITH"},{"data":"Doubt","floor":42,"key":"PURGE"},{"data":"Brutality","floor":45,"key":"PURGE"},{"data":"Armaments","floor":46,"key":"PURGE"},{"data":"Power Through","floor":49,"key":"SMITH"},{"data":"Spot Weakness","floor":61,"key":"PURGE"},{"data":"Limit Break","floor":63,"key":"SMITH"},{"data":"downfall:Bewildered","floor":64,"key":"PURGE"},{"data":"Iron Wave","floor":77,"key":"SMITH"},{"data":"Iron Wave","floor":78,"key":"SMITH"},{"data":"Shrug It Off","floor":80,"key":"SMITH"},{"data":"Power Through","floor":81,"key":"SMITH"},{"data":"True Grit","floor":83,"key":"SMITH"}],"circlet_count":0,"master_deck":["AscendersBane","Inflame","Power Through+1","Ghostly Armor+1","Iron Wave+1","Body Slam+1","Demon Form+1","Body Slam+1","Body Slam+1","Iron Wave+1","Reaper+1","Barricade+1","True Grit+1","CurseOfTheBell","Inflame","True Grit+1","Limit Break+1","Iron Wave+1","Iron Wave+1","Shrug It Off+1","Power Through+1","Rage+1"],"relics":["Burning Blood","Peace Pipe","Darkstone Periapt","Ornamental Fan","hexamod:BolsterEngine","Paper Frog","Coffee Dripper","Cursed Key","Orichalcum","Ginger","HornCleat","CaptainsWheel","Sling","MerchantsRug","Magic Flower","Sozu","bronze:MakeshiftBattery"],"acts_visited":["Exordium","TheCity","TheBeyond","Exordium","TheCity","TheBeyond"],"potions_floor_usage":[11,33,43,43,50,50,54,69],"damage_taken":[{"damage":0,"enemies":"2 Louse","floor":1,"turns":2},{"damage":3,"enemies":"Small Slimes","floor":2,"turns":3},{"damage":0,"enemies":"Cultist","floor":5,"turns":4},{"damage":27,"enemies":"Lagavulin","floor":6,"turns":8},{"damage":9,"enemies":"Gremlin Nob","floor":11,"turns":4},{"damage":3,"enemies":"Lots of Slimes","floor":12,"turns":4},{"damage":0,"enemies":"downfall:FleeingMerchant","floor":14,"turns":4},{"damage":11,"enemies":"SI_SHIV_ARCHETYPE","floor":16,"turns":5},{"damage":4,"enemies":"Shell Parasite","floor":18,"turns":3},{"damage":4,"enemies":"Chosen","floor":19,"turns":2},{"damage":15,"enemies":"Snake Plant","floor":20,"turns":3},{"damage":10,"enemies":"Snecko","floor":21,"turns":4},{"damage":4,"enemies":"downfall:FleeingMerchant","floor":22,"turns":4},{"damage":30,"enemies":"Book of Stabbing","floor":23,"turns":6},{"damage":5,"enemies":"downfall:FleeingMerchant","floor":31,"turns":4},{"damage":11,"enemies":"WA_ARCHETYPE_CALM","floor":33,"turns":5},{"damage":9,"enemies":"3 Shapes","floor":35,"turns":2},{"damage":4,"enemies":"3 Darklings","floor":36,"turns":3},{"damage":5,"enemies":"downfall:FleeingMerchant","floor":37,"turns":4},{"damage":57,"enemies":"Reptomancer","floor":43,"turns":5},{"damage":4,"enemies":"Jaw Worm Horde","floor":44,"turns":3},{"damage":11,"enemies":"Giant Head","floor":47,"turns":7},{"damage":29,"enemies":"Reptomancer","floor":48,"turns":4},{"damage":15,"enemies":"DF_ARCHETYPE_ORBS","floor":50,"turns":9},{"damage":13,"enemies":"Jaw Worm","floor":52,"turns":2},{"damage":0,"enemies":"Cultist","floor":53,"turns":2},{"damage":20,"enemies":"2 Louse","floor":54,"turns":2},{"damage":4,"enemies":"downfall:FleeingMerchant","floor":55,"turns":3},{"damage":4,"enemies":"Gremlin Gang","floor":60,"turns":3},{"damage":5,"enemies":"Lagavulin","floor":62,"turns":4},{"damage":4,"enemies":"Gremlin Nob","floor":65,"turns":2},{"damage":28,"enemies":"The Guardian","floor":67,"turns":6},{"damage":38,"enemies":"downfall:LooterAlt2","floor":69,"turns":4},{"damage":7,"enemies":"3 Byrds","floor":70,"turns":4},{"damage":48,"enemies":"Book of Stabbing","floor":74,"turns":4},{"damage":30,"enemies":"Slavers","floor":75,"turns":6},{"damage":0,"enemies":"3 Cultists","floor":79,"turns":3},{"damage":28,"enemies":"Gremlin Leader","floor":82,"turns":4},{"damage":9,"enemies":"Collector","floor":84,"turns":6},{"damage":6,"enemies":"3 Shapes","floor":86,"turns":6},{"damage":0,"enemies":"3 Darklings","floor":87,"turns":5},{"damage":125,"enemies":"Transient","floor":88,"turns":5}],"seed_played":"-5461913403579346955","potions_obtained":[{"floor":5,"key":"ColorlessPotion"},{"floor":6,"key":"champ:CounterPotion"},{"floor":11,"key":"Regen Potion"},{"floor":33,"key":"LiquidBronze"},{"floor":43,"key":"Fire Potion"},{"floor":44,"key":"Dexterity Potion"},{"floor":52,"key":"SteroidPotion"},{"floor":53,"key":"DistilledChaos"},{"floor":62,"key":"Regen Potion"}],"is_trial":true,"path_per_floor":["M","M","?","?","M","E","T","R","R","R","E","M","R","$","R","B",null,"M","M","M","M","$","E","T","R","R","R","?","?","R","$","R","B",null,"M","M","$","?","?","R","T","R","E","M","R","R","E","E","R","B",null,"M","M","M","$","?","$","T","?","M","R","E","R","R","E","R","B",null,"M","M","?","?","$","E","E","$","R","R","M","R","R","E","R","B",null,"M","M","M"],"character_chosen":"IRONCLAD","items_purchased":["Hemokinesis","Whetstone","True Grit","Sling","MerchantsRug","Magic Flower","Iron Wave","Shrug It Off","Power Through"],"campfire_rested":0,"item_purchase_floors":[14,55,55,55,57,66,66,73,76],"current_hp_per_floor":[78,80,73,73,79,58,58,58,58,58,55,58,58,64,64,59,75,77,79,70,66,68,51,51,51,51,51,51,57,57,58,58,77,89,90,93,93,93,93,93,99,99,62,64,64,64,74,69,69,70,98,91,102,91,99,99,99,105,110,122,122,122,122,122,122,122,110,119,122,122,122,122,122,83,112,112,112,112,121,121,121,122,122,122,122,122,122,0,0],"gold":176,"neow_bonus":"","is_daily":false,"chose_seed":false,"campfire_upgraded":15,"win_rate":0.0,"timestamp":1613886475,"path_taken":["M","M","?","?","?","E","T","R","R","R","?","M","R","$","R","BOSS","M","M","M","M","$","E","T","R","R","R","?","?","R","$","R","BOSS","M","M","$","?","?","R","T","R","E","?","R","R","?","?","R","BOSS","M","M","M","$","?","$","T","?","?","R","E","R","R","E","R","BOSS","M","M","?","?","$","?","E","?","R","R","?","R","R","?","R","BOSS","M","M","M"],"items_purchased_type":["Card","Relic","Card","Relic","Relic","Relic","Card","Card","Card"],"build_version":"2020-12-22","purchased_purges":7,"victory":false,"max_hp_per_floor":[80,80,80,80,80,80,80,80,80,80,80,80,80,80,80,80,80,80,80,80,80,80,87,87,87,87,87,87,93,93,93,93,93,93,93,93,93,93,93,93,99,99,99,99,99,99,99,99,99,99,105,105,105,105,111,111,111,117,122,122,122,122,122,122,122,122,122,122,122,122,122,122,122,122,122,122,122,122,122,122,122,122,122,122,122,122,122,122,122],"card_choices":[{"not_picked":["Flex","Sword Boomerang","Warcry"],"picked":"SKIP","floor":1},{"not_picked":["Flex","Whirlwind","Disarm"],"picked":"SKIP","floor":2},{"not_picked":["Flex","Whirlwind","Disarm"],"picked":"SKIP","floor":2},{"not_picked":["Power Through","Burning Pact","Anger"],"picked":"SKIP","floor":5},{"not_picked":["Corruption","Immolate"],"picked":"Demon Form","floor":6},{"not_picked":["Reaper","Bludgeon"],"picked":"Brutality","floor":11},{"not_picked":["Clothesline","Havoc"],"picked":"Body Slam","floor":12},{"not_picked":["Feel No Pain","Offering","Pommel Strike"],"picked":"SKIP","floor":14},{"not_picked":["Searing Blow","Perfected Strike"],"picked":"Body Slam","floor":18},{"not_picked":["Clash+1","Burning Pact"],"picked":"Iron Wave","floor":19},{"not_picked":["True Grit","Heavy Blade","Twin Strike"],"picked":"SKIP","floor":20},{"not_picked":["Flex","Bludgeon","Armaments"],"picked":"SKIP","floor":21},{"not_picked":["Pommel Strike","Wild Strike","Pummel"],"picked":"SKIP","floor":22},{"not_picked":["Demon Form","Bludgeon"],"picked":"Reaper","floor":23},{"not_picked":["Fiend Fire","Shrug It Off"],"picked":"Dual Wield","floor":31},{"not_picked":["Fiend Fire","Bludgeon"],"picked":"Barricade","floor":33},{"not_picked":["Pommel Strike","Sword Boomerang+1","Anger"],"picked":"SKIP","floor":35},{"not_picked":["Warcry+1","Metallicize+1","Cleave+1"],"picked":"SKIP","floor":36},{"not_picked":["Headbutt+1","Armaments","Disarm"],"picked":"SKIP","floor":37},{"not_picked":["Corruption","Limit Break","Impervious"],"picked":"SKIP","floor":43},{"not_picked":["Corruption","Limit Break","Impervious"],"picked":"SKIP","floor":43},{"not_picked":["Headbutt+1","Burning Pact+1"],"picked":"True Grit+1","floor":44},{"not_picked":["Offering","Fiend Fire","Juggernaut"],"picked":"SKIP","floor":47},{"not_picked":["Limit Break","Juggernaut","Exhume"],"picked":"SKIP","floor":48},{"not_picked":["Evolve","Flex","Pommel Strike"],"picked":"SKIP","floor":52},{"not_picked":["Clash","Combust"],"picked":"Inflame","floor":53},{"not_picked":["Wild Strike","Evolve","Twin Strike"],"picked":"SKIP","floor":54},{"not_picked":["Wild Strike","Fiend Fire"],"picked":"Spot Weakness","floor":55},{"not_picked":["Sword Boomerang","Shockwave","Pommel Strike"],"picked":"SKIP","floor":60},{"not_picked":["Offering","Barricade"],"picked":"Limit Break","floor":62},{"not_picked":["Demon Form","Corruption","Offering"],"picked":"SKIP","floor":65},{"not_picked":["Dropkick","Body Slam","Heavy Blade"],"picked":"SKIP","floor":69},{"not_picked":["True Grit","Entrench"],"picked":"Iron Wave","floor":70},{"not_picked":["Immolate","Feed","Juggernaut"],"picked":"SKIP","floor":74},{"not_picked":["Immolate","Feed","Juggernaut"],"picked":"SKIP","floor":74},{"not_picked":["Barricade","Fiend Fire","Juggernaut"],"picked":"SKIP","floor":75},{"not_picked":["Dropkick","Headbutt","Anger"],"picked":"SKIP","floor":79},{"not_picked":["Corruption","Berserk","Juggernaut"],"picked":"SKIP","floor":82},{"not_picked":["Blood for Blood","Inflame","Flex"],"picked":"SKIP","floor":86},{"not_picked":["Disarm","Combust"],"picked":"Rage+1","floor":87}],"player_experience":40194,"relics_obtained":[{"floor":6,"key":"Ornamental Fan"},{"floor":7,"key":"hexamod:BolsterEngine"},{"floor":11,"key":"Paper Frog"},{"floor":23,"key":"Strawberry"},{"floor":24,"key":"CeramicFish"},{"floor":41,"key":"Orichalcum"},{"floor":43,"key":"Toy Ornithopter"},{"floor":47,"key":"Ginger"},{"floor":48,"key":"HornCleat"},{"floor":51,"key":"War Paint"},{"floor":51,"key":"StrikeDummy"},{"floor":51,"key":"CaptainsWheel"},{"floor":58,"key":"Bird Faced Urn"}],"event_choices":[{"damage_healed":0,"gold_gain":0,"player_choice":"Success","damage_taken":7,"relics_obtained":["Darkstone Periapt"],"max_hp_gain":0,"max_hp_loss":0,"event_name":"Scrap Ooze","floor":3,"gold_loss":0},{"cards_removed":["Dual Wield"],"damage_healed":0,"gold_gain":0,"player_choice":"Removed Skill","damage_taken":0,"max_hp_gain":0,"max_hp_loss":0,"event_name":"Falling","floor":39,"gold_loss":0},{"damage_healed":0,"gold_gain":0,"player_choice":"Donut","damage_taken":0,"max_hp_gain":5,"max_hp_loss":0,"event_name":"Big Fish","floor":59,"gold_loss":0}],"is_beta":false,"boss_relics":[{"not_picked":["Black Star","Tiny House"],"picked":"Coffee Dripper"},{"not_picked":["bronze:MakeshiftBattery","Fusion Hammer"],"picked":"Cursed Key"},{"not_picked":["expansioncontent:StudyCardRelic","Snecko Eye"],"picked":"Calling Bell"},{"not_picked":["Runic Cube","Runic Pyramid"],"picked":"Sozu"},{"not_picked":["expansioncontent:StudyCardRelic","Black Star"],"picked":"bronze:MakeshiftBattery"}],"items_purged_floors":[14,22,31,37,57,73,76],"is_endless":true,"potions_floor_spawned":[5,6,11,20,23,33,43,44,47,48,52,53,62,67,74,82,84],"killed_by":"Transient","ascension_level":11}}