{"host":"hszimsrtxxc2k25w","time":1613922230,"event":{"mods":["AchievementEnabler","BaseMod","Colored Map","DeckTracker","Minty Spire (QoL Compilation)","Rare Cards Sparkle","SuperFastMode"],"gold_per_floor":[158,194,194,194,27,27,66,66,66,66,94,124,124,156,156,255,255,306,332,46,90,107,107,151,190,217,217,142,142,177,177,177,256,256,268,268,0,0,50,104,148,48,48,60,80,80,80,92,92,92,92],"floor_reached":52,"language":"KOR","playtime":2128,"items_purged":["Strike_R","Strike_R"],"score":2050,"play_id":"1b2d65f8-226e-4820-9f49-a5fc209eb4f7","local_time":"20210222004350","is_ascension_mode":true,"campfire_choices":[{"data":"Warcry","floor":6.0,"key":"SMITH"},{"data":"Dark Embrace","floor":8.0,"key":"SMITH"},{"data":"Fire Breathing","floor":10.0,"key":"SMITH"},{"floor":15.0,"key":"REST"},{"floor":23.0,"key":"REST"},{"floor":29.0,"key":"REST"},{"floor":32.0,"key":"REST"},{"floor":46,"key":"REST"},{"floor":49,"key":"REST"}],"circlet_count":0,"master_deck":["AscendersBane","Strike_R","Strike_R","Defend_R","Defend_R","Defend_R","Bash","HandOfGreed","Perfected Strike","Power Through+1","Second Wind","Fire Breathing+1","Dark Embrace+1","Warcry+1","Pommel Strike","Feel No Pain","Offering","Offering+1","Evolve","Apotheosis","Burning Pact","Impervious","Body Slam+1"],"relics":["Burning Blood","Self Forming Clay","Orrery","Gremlin Horn","Unceasing Top","Fusion Hammer","Centennial Puzzle","War Paint","Bag of Marbles","Molten Egg 2","Busted Crown","Sundial","Red Mask","Champion Belt","Eternal Feather","Incense Burner"],"acts_visited":["Exordium","TheCity","TheBeyond"],"potions_floor_usage":[50,51],"damage_taken":[{"damage":5.0,"enemies":"2 Louse","floor":1.0,"turns":5.0},{"damage":4.0,"enemies":"Jaw Worm","floor":2.0,"turns":5.0},{"damage":1.0,"enemies":"Cultist","floor":7.0,"turns":5.0},{"damage":34.0,"enemies":"Lagavulin","floor":11.0,"turns":10.0},{"damage":15.0,"enemies":"Red Slaver","floor":12.0,"turns":4.0},{"damage":21.0,"enemies":"Exordium Thugs","floor":14.0,"turns":4.0},{"damage":12.0,"enemies":"Slime Boss","floor":16.0,"turns":5.0},{"damage":14.0,"enemies":"3 Byrds","floor":18.0,"turns":6.0},{"damage":14.0,"enemies":"Shell Parasite","floor":21.0,"turns":5.0},{"damage":12.0,"enemies":"Snecko","floor":22.0,"turns":5.0},{"damage":12.0,"enemies":"Snake Plant","floor":24.0,"turns":6.0},{"damage":27.0,"enemies":"Sentry and Sphere","floor":25.0,"turns":5.0},{"damage":12.0,"enemies":"Slavers","floor":30.0,"turns":3.0},{"damage":42.0,"enemies":"Automaton","floor":33.0,"turns":10.0},{"damage":6.0,"enemies":"3 Shapes","floor":35.0,"turns":3.0},{"damage":9,"enemies":"Mind Bloom Boss Battle","floor":39,"turns":7},{"damage":27,"enemies":"Giant Head","floor":40,"turns":8},{"damage":14,"enemies":"Orb Walker","floor":41,"turns":4},{"damage":18,"enemies":"Jaw Worm Horde","floor":44,"turns":3},{"damage":12,"enemies":"4 Shapes","floor":45,"turns":2},{"damage":2,"enemies":"Maw","floor":48,"turns":3},{"damage":12,"enemies":"Time Eater","floor":50,"turns":4},{"damage":31,"enemies":"Donu and Deca","floor":51,"turns":5}],"seed_played":"-1230795888034589467","potions_obtained":[{"floor":2.0,"key":"SkillPotion"},{"floor":11.0,"key":"BloodPotion"},{"floor":12.0,"key":"ColorlessPotion"},{"floor":14.0,"key":"ColorlessPotion"},{"floor":18.0,"key":"Dexterity Potion"},{"floor":30.0,"key":"Energy Potion"}],"is_trial":false,"path_per_floor":["M","M","?","T","$","R","M","R","T","R","E","M","?","M","R","B",null,"M","T","$","M","M","R","M","M","T","T","$","R","E","?","R","B",null,"M","?","$","?","?","E","M","$","T","M","M","R","?","M","R","B","B",null],"character_chosen":"IRONCLAD","items_purchased":["Orrery","Evolve","Apotheosis","Sundial"],"campfire_rested":6,"item_purchase_floors":[5,20,20,37],"current_hp_per_floor":[51,53,53,53,53,53,58,58,58,58,30,21,21,21,43,37,66,58,58,58,50,44,66,60,39,39,39,39,61,55,55,75,39,66,66,66,66,66,63,42,34,34,34,22,16,50,50,54,71,65,40],"gold":92,"neow_bonus":"RANDOM_COLORLESS_2","is_daily":false,"chose_seed":false,"campfire_upgraded":3,"win_rate":0.0,"timestamp":1613922230,"path_taken":["M","M","?","?","?","R","M","R","T","R","E","M","?","M","R","BOSS","M","?","$","M","M","R","M","?","T","?","$","R","E","?","R","BOSS","M","?","$","?","?","E","M","$","T","M","?","R","?","M","R","BOSS","BOSS"],"items_purchased_type":["Relic","Card","Card","Relic"],"build_version":"2020-12-22","purchased_purges":2,"victory":true,"max_hp_per_floor":[75,75,75,75,75,75,75,75,75,75,75,75,75,75,75,75,75,75,75,75,75,75,75,75,75,75,75,75,75,75,75,75,75,75,75,75,75,75,75,75,75,75,75,75,75,75,71,71,71,71,71],"card_choices":[{"not_picked":["The Bomb","Master of Strategy"],"picked":"HandOfGreed","floor":0.0},{"not_picked":["Warcry","Cleave"],"picked":"Perfected Strike","floor":1.0},{"not_picked":["Rampage","Warcry"],"picked":"Power Through","floor":2.0},{"not_picked":["Rampage","Clothesline"],"picked":"Second Wind","floor":5.0},{"not_picked":["Inflame","Armaments"],"picked":"Fire Breathing","floor":5.0},{"not_picked":["Feed","Twin Strike"],"picked":"Dark Embrace","floor":5.0},{"not_picked":["Entrench","Blood for Blood"],"picked":"Warcry","floor":5.0},{"not_picked":["Clash","Wild Strike"],"picked":"Pommel Strike","floor":5.0},{"not_picked":["Disarm","Burning Pact"],"picked":"Feel No Pain","floor":7.0},{"not_picked":["Thunderclap","Body Slam"],"picked":"Offering","floor":11.0},{"not_picked":["Bloodletting","True Grit","Sword Boomerang"],"picked":"SKIP","floor":12.0},{"not_picked":["Headbutt","Spot Weakness","Searing Blow"],"picked":"SKIP","floor":14.0},{"not_picked":["Sentinel","Perfected Strike","Cleave+1"],"picked":"SKIP","floor":18.0},{"not_picked":["Perfected Strike","Headbutt","Reckless Charge"],"picked":"SKIP","floor":21.0},{"not_picked":["Dropkick","Cleave"],"picked":"Burning Pact","floor":22.0},{"not_picked":["Iron Wave","Havoc","Rupture"],"picked":"SKIP","floor":24.0},{"not_picked":["Iron Wave","Pommel Strike+1","Exhume"],"picked":"SKIP","floor":25.0},{"not_picked":["Wild Strike+1","Feel No Pain","Cleave+1"],"picked":"SKIP","floor":30.0},{"not_picked":["Brutality","Reaper+1"],"picked":"Impervious","floor":33.0},{"not_picked":["Power Through"],"picked":"SKIP","floor":35.0},{"not_picked":["Clothesline+1"],"picked":"SKIP","floor":40},{"not_picked":["Disarm+1"],"picked":"SKIP","floor":41},{"not_picked":[],"picked":"Body Slam+1","floor":44},{"not_picked":["Thunderclap+1"],"picked":"SKIP","floor":45},{"not_picked":["Intimidate"],"picked":"SKIP","floor":48}],"player_experience":683676,"relics_obtained":[{"floor":4.0,"key":"Self Forming Clay"},{"floor":9.0,"key":"Gremlin Horn"},{"floor":11.0,"key":"Unceasing Top"},{"floor":19.0,"key":"Centennial Puzzle"},{"floor":26.0,"key":"War Paint"},{"floor":27.0,"key":"Bag of Marbles"},{"floor":30.0,"key":"Molten Egg 2"},{"floor":39,"key":"Champion Belt"},{"floor":40,"key":"Eternal Feather"},{"floor":43,"key":"Incense Burner"}],"event_choices":[{"damage_healed":0.0,"max_hp_gain":0.0,"max_hp_loss":0.0,"gold_gain":0.0,"event_name":"Liars Game","player_choice":"Ignored","floor":3.0,"gold_loss":0.0,"damage_taken":0.0},{"damage_healed":0.0,"max_hp_gain":0.0,"max_hp_loss":0.0,"gold_gain":0.0,"cards_transformed":["Strike_R"],"event_name":"Transmorgrifier","player_choice":"Transformed","floor":13.0,"gold_loss":0.0,"damage_taken":0.0,"cards_obtained":["Offering"]},{"damage_healed":0.0,"max_hp_gain":0.0,"max_hp_loss":0.0,"gold_gain":0.0,"event_name":"Vampires","player_choice":"Ignored","floor":31.0,"gold_loss":0.0,"damage_taken":0.0},{"cards_removed":["Defend_R"],"damage_healed":0.0,"max_hp_gain":0.0,"max_hp_loss":0.0,"gold_gain":0.0,"event_name":"Falling","player_choice":"Removed Skill","floor":36.0,"gold_loss":0.0,"damage_taken":0.0},{"damage_healed":0.0,"max_hp_gain":0.0,"max_hp_loss":0.0,"gold_gain":0.0,"event_name":"Tomb of Lord Red Mask","player_choice":"Paid","floor":38.0,"gold_loss":0.0,"damage_taken":0.0,"relics_obtained":["Red Mask"]},{"damage_healed":0,"gold_gain":0,"player_choice":"Fight","damage_taken":0,"max_hp_gain":0,"max_hp_loss":0,"event_name":"MindBloom","floor":39,"gold_loss":0},{"damage_healed":0,"gold_gain":0,"player_choice":"Max HP","damage_taken":0,"max_hp_gain":0,"max_hp_loss":4,"event_name":"Winding Halls","floor":47,"gold_loss":0}],"is_beta":false,"boss_relics":[{"not_picked":["Philosopher\u0027s Stone","Calling Bell"],"picked":"Fusion Hammer"},{"not_picked":["Snecko Eye","Runic Dome"],"picked":"Busted Crown"}],"items_purged_floors":[28,42],"is_endless":false,"potions_floor_spawned":[2,11,12,14,18,30,33,35,39,44,45],"ascension_level":20}}