{"host":"pf9sh7nh6rpu9sau","time":1613924227,"event":{"mods":["2.2 Compatiblity","BaseMod","BetterRewards","Clockwork Mod","Downfall","Hermit","Minty Spire (QoL Compilation)","Permanent Neow","Quick Restart","Somnambulant","StSLib","The Clintock","The Disciple","The Hierophant","The Runesmith"],"gold_per_floor":[99,99,99,99,99,132,132,152,178,193,204,114,114,114,130,230,230,130,140,190,240,254,269,317,333,358,371,406,420,452,502,519,519,519,519],"floor_reached":33,"language":"ENG","playtime":3637,"items_purged":["Pain"],"score":392,"play_id":"87afcac0-8be2-4e02-b8d2-64a83257c84c","local_time":"20210221111707","is_ascension_mode":false,"campfire_choices":[{"data":"bronze:Replicate","floor":1.0,"key":"SMITH"},{"floor":18.0,"key":"RECALL"}],"circlet_count":0,"master_deck":["bronze:Strike","bronze:Strike","bronze:Strike","bronze:Defend","bronze:Defend","bronze:Defend","bronze:Defend","bronze:Replicate+1","bronze:Goto","bronze:Separator","bronze:Fortify","bronze:ChosenStrike","bronze:ChildClass","bronze:WhirlingStrike","bronze:RecursiveStrike","bronze:CloningBeam","bronze:BronzeOrb","bronze:Philosophize+1","bronze:Flail","bronze:CutThrough+1","bronze:CleanCode","bronze:Optimize+1"],"relics":["bronze:BronzeCore","downfall:HeartsMalice","WarpedTongs","bronze:ProtectiveGoggles","champ:DeflectingBracers","Nunchaku","SsserpentHead","Sozu","downfall:HeartBlessingGreen","Nilry\u0027s Codex","MutagenicStrength","Tiny Chest","Blood Vial","bronze:Mallet"],"acts_visited":["Exordium","TheCity"],"potions_floor_usage":[33],"damage_taken":[{"damage":0.0,"enemies":"Jaw Worm","floor":2.0,"turns":1.0},{"damage":0.0,"enemies":"2 Louse","floor":5.0,"turns":1.0},{"damage":0.0,"enemies":"Gremlin Nob","floor":6.0,"turns":1.0},{"damage":4.0,"enemies":"Cultist","floor":8.0,"turns":2.0},{"damage":22.0,"enemies":"Lagavulin","floor":9.0,"turns":4.0},{"damage":2.0,"enemies":"Exordium Wildlife","floor":10.0,"turns":3.0},{"damage":5.0,"enemies":"Blue Slaver","floor":11.0,"turns":3.0},{"damage":2.0,"enemies":"downfall:FleeingMerchant","floor":12.0,"turns":4.0},{"damage":0.0,"enemies":"Exordium Thugs","floor":15.0,"turns":2.0},{"damage":1.0,"enemies":"WA_ARCHETYPE_RETAIN","floor":16.0,"turns":4.0},{"damage":0.0,"enemies":"Chosen","floor":19.0,"turns":2.0},{"damage":0.0,"enemies":"downfall:LooterAlt2","floor":22.0,"turns":2.0},{"damage":0.0,"enemies":"Sentry and Sphere","floor":23.0,"turns":2.0},{"damage":18.0,"enemies":"Centurion and Healer","floor":25.0,"turns":3.0},{"damage":0.0,"enemies":"Gremlin Leader","floor":26.0,"turns":5.0},{"damage":0.0,"enemies":"Snake Plant","floor":27.0,"turns":2.0},{"damage":9.0,"enemies":"Slavers","floor":28.0,"turns":2.0},{"damage":19.0,"enemies":"Shelled Parasite and Fungi","floor":29.0,"turns":4.0},{"damage":0.0,"enemies":"Gremlin Leader","floor":30.0,"turns":3.0},{"damage":0,"enemies":"Centurion and Healer","floor":32,"turns":4},{"damage":56,"enemies":"DF_ARCHETYPE_CLAW","floor":33,"turns":5}],"seed_played":"-5271900076126225986","potions_obtained":[{"floor":8.0,"key":"FearPotion"},{"floor":9.0,"key":"SkillPotion"},{"floor":10.0,"key":"Explosive Potion"},{"floor":11.0,"key":"Dexterity Potion"},{"floor":15.0,"key":"sneckomod:MuddlingPotion"},{"floor":16.0,"key":"LiquidBronze"}],"is_trial":false,"path_per_floor":["R","M","?","?","M","E","T","M","E","M","M","$","?","?","M","B",null,"R","M","?","?","M","M","T","M","E","M","E","M","E","?","M","B"],"character_chosen":"THE_AUTOMATON","items_purchased":[],"campfire_rested":0,"item_purchase_floors":[],"current_hp_per_floor":[70,70,75,75,75,75,75,71,49,47,42,40,40,40,40,39,75,75,75,59,59,59,59,59,41,41,41,32,15,17,17,19,0,0,0],"gold":519,"neow_bonus":"THREE_ENEMY_KILL","is_daily":false,"chose_seed":false,"campfire_upgraded":1,"win_rate":0.0,"timestamp":1613924227,"path_taken":["R","M","?","?","?","E","T","M","E","M","M","$","?","?","M","BOSS","R","M","?","?","M","M","T","M","E","M","E","M","E","?","M","BOSS"],"items_purchased_type":[],"build_version":"2020-12-22","purchased_purges":1,"victory":false,"max_hp_per_floor":[70,70,75,75,75,75,75,75,75,75,75,75,75,75,75,75,75,75,75,75,75,75,75,75,75,75,75,75,75,75,75,75,75,75,75],"card_choices":[{"not_picked":["bronze:DigitalCarnage","bronze:ClassDefault"],"picked":"bronze:Separator","floor":2.0},{"not_picked":["bronze:BuggyMess","bronze:Flail"],"picked":"bronze:Fortify","floor":5.0},{"not_picked":["bronze:CutThrough","bronze:Frontload"],"picked":"bronze:ChosenStrike","floor":6.0},{"not_picked":["bronze:Philosophize","bronze:BitShift","bronze:NullPointer"],"picked":"SKIP","floor":8.0},{"not_picked":["bronze:OilSpill","bronze:Hardcode"],"picked":"bronze:ChildClass","floor":9.0},{"not_picked":["bronze:Frontload","bronze:Invalidate","bronze:Overload"],"picked":"SKIP","floor":10.0},{"not_picked":["bronze:Constructor","bronze:Iterate","bronze:Overload"],"picked":"SKIP","floor":11.0},{"not_picked":["bronze:Terminator","bronze:Constructor"],"picked":"bronze:WhirlingStrike","floor":12.0},{"not_picked":["bronze:DelayedSlice","bronze:WildBeam","bronze:BuggyMess"],"picked":"SKIP","floor":15.0},{"not_picked":["bronze:BurnOut","bronze:TinkerersToolbox"],"picked":"bronze:RecursiveStrike","floor":16.0},{"not_picked":["bronze:Invalidate","bronze:Separator","bronze:Constructor"],"picked":"SKIP","floor":19.0},{"not_picked":["bronze:Turbo","bronze:OilSpill"],"picked":"bronze:CloningBeam","floor":22.0},{"not_picked":["bronze:Iterate","bronze:Repulsor+1"],"picked":"bronze:BronzeOrb","floor":23.0},{"not_picked":["bronze:CloningBeam+1","bronze:Iterate+1","bronze:Turbo"],"picked":"SKIP","floor":25.0},{"not_picked":["bronze:Overheat+1","bronze:InfiniteBeams"],"picked":"bronze:Philosophize","floor":26.0},{"not_picked":["bronze:MaxOutput","bronze:FollowUp"],"picked":"bronze:Flail","floor":27.0},{"not_picked":["bronze:Deprecate","bronze:Shield"],"picked":"bronze:CutThrough+1","floor":28.0},{"not_picked":["bronze:Iterate","bronze:Deprecate+1"],"picked":"bronze:CleanCode","floor":29.0},{"not_picked":["bronze:MaxOutput","bronze:OilSpill+1","bronze:Refactor"],"picked":"SKIP","floor":30.0},{"not_picked":["bronze:WildBeam+1","bronze:DelayedSlice"],"picked":"bronze:Optimize+1","floor":32}],"player_experience":726261,"relics_obtained":[{"floor":6.0,"key":"bronze:ProtectiveGoggles"},{"floor":7.0,"key":"champ:DeflectingBracers"},{"floor":9.0,"key":"Nunchaku"},{"floor":20.0,"key":"Nilry\u0027s Codex"},{"floor":26.0,"key":"Tiny Chest"},{"floor":28.0,"key":"Blood Vial"},{"floor":30.0,"key":"bronze:Mallet"}],"event_choices":[{"damage_healed":0.0,"max_hp_gain":5.0,"max_hp_loss":0.0,"gold_gain":0.0,"event_name":"Big Fish","player_choice":"Donut","floor":3.0,"gold_loss":0.0,"damage_taken":0.0},{"cards_removed":["bronze:Strike"],"damage_healed":0.0,"max_hp_gain":0.0,"max_hp_loss":0.0,"gold_gain":0.0,"event_name":"The Cleric","player_choice":"Card Removal","floor":13.0,"gold_loss":0.0,"damage_taken":0.0},{"damage_healed":0.0,"max_hp_gain":0.0,"max_hp_loss":0.0,"gold_gain":0.0,"event_name":"FaceTrader","player_choice":"Trade","floor":14.0,"gold_loss":0.0,"damage_taken":0.0,"relics_obtained":["SsserpentHead"]},{"damage_healed":0.0,"max_hp_gain":0.0,"max_hp_loss":0.0,"gold_gain":0.0,"event_name":"Drug Dealer","player_choice":"Inject Mutagens","floor":21.0,"gold_loss":0.0,"damage_taken":0.0,"relics_obtained":["MutagenicStrength"]}],"is_beta":false,"boss_relics":[{"not_picked":["Cursed Key","Runic Pyramid"],"picked":"Sozu"}],"items_purged_floors":[12],"is_endless":false,"potions_floor_spawned":[8,9,10,11,15,16,22,23,27,28],"killed_by":"DF_ARCHETYPE_CLAW","ascension_level":0}}