{"host":"w7luwlzeuqu3cdo6","time":1613924856,"event":{"mods":["BaseMod","Minty Spire (QoL Compilation)","StSLib","Together in Spire"],"gold_per_floor":[112,130,130,130,15,47,60,90,143,105,150,162,174,197,209,322,334,366,388,417,249,267,300,300,5,5,30,50,65,82,101,101,197,197,209,226,226,276,331,359,359,359,412,60,60,78,78,78],"floor_reached":47,"language":"ENG","playtime":3785,"items_purged":["Strike_G","Finisher","Strike_G","Forethought+1"],"score":730,"play_id":"ab7c0062-df5c-424d-9757-fdd1623522e4","local_time":"20210221172736","is_ascension_mode":false,"campfire_choices":[{"data":"Footwork","floor":13.0,"key":"SMITH"},{"data":"Footwork","floor":15.0,"key":"SMITH"},{"data":"Escape Plan","floor":32.0,"key":"SMITH"},{"data":"Survivor","floor":41,"key":"SMITH"},{"data":"Footwork","floor":45,"key":"SMITH"}],"circlet_count":0,"master_deck":["Strike_G","Defend_G","Defend_G","Defend_G","Survivor+1","Neutralize","Escape Plan+1","Slice","Footwork+1","Escape Plan+1","Footwork+1","Adrenaline+1","Deadly Poison+1","Deadly Poison+1","Deadly Poison+1","Expertise+1","Caltrops+1","Acrobatics+1","Outmaneuver+1","Reflex+1","Prepared+1","Outmaneuver+1","Reflex+1","Doppelganger+1","Concentrate+1","Calculated Gamble+1","Escape Plan+1","Footwork+1"],"relics":["Ring of the Snake","NeowsBlessing","Toxic Egg 2","HornCleat","MawBank","Tough Bandages","Empty Cage","The Courier","Pen Nib","Snake Skull","Paper Crane","Ninja Scroll","Coffee Dripper","Thread and Needle","Pocketwatch","Du-Vu Doll","Bag of Preparation","Pear"],"acts_visited":[],"potions_floor_usage":[39,47],"damage_taken":[{"damage":0.0,"enemies":"2 Louse","floor":1.0,"turns":1.0},{"damage":0.0,"enemies":"Jaw Worm","floor":2.0,"turns":1.0},{"damage":0.0,"enemies":"Gremlin Nob","floor":6.0,"turns":1.0},{"damage":0.0,"enemies":"Small Slimes","floor":7.0,"turns":5.0},{"damage":0.0,"enemies":"Lagavulin","floor":11.0,"turns":4.0},{"damage":0.0,"enemies":"3 Louse","floor":14.0,"turns":2.0},{"damage":0.0,"enemies":"The Guardian","floor":16.0,"turns":11.0},{"damage":0.0,"enemies":"Spheric Guardian","floor":18.0,"turns":3.0},{"damage":0.0,"enemies":"Shell Parasite","floor":19.0,"turns":3.0},{"damage":0.0,"enemies":"Centurion and Healer","floor":20.0,"turns":2.0},{"damage":0.0,"enemies":"Cultist and Chosen","floor":22.0,"turns":3.0},{"damage":0.0,"enemies":"Gremlin Leader","floor":23.0,"turns":3.0},{"damage":10.0,"enemies":"Slavers","floor":27.0,"turns":4.0},{"damage":0.0,"enemies":"3 Cultists","floor":28.0,"turns":2.0},{"damage":0.0,"enemies":"Snake Plant","floor":29.0,"turns":3.0},{"damage":0.0,"enemies":"Sentry and Sphere","floor":30.0,"turns":4.0},{"damage":4.0,"enemies":"Centurion and Healer","floor":31.0,"turns":2.0},{"damage":0.0,"enemies":"Automaton","floor":33.0,"turns":3.0},{"damage":4.0,"enemies":"3 Shapes","floor":35.0,"turns":2.0},{"damage":0.0,"enemies":"3 Darklings","floor":36.0,"turns":2.0},{"damage":23.0,"enemies":"Mind Bloom Boss Battle","floor":38.0,"turns":20.0},{"damage":10,"enemies":"2 Orb Walkers","floor":39,"turns":7},{"damage":0,"enemies":"Giant Head","floor":40,"turns":5},{"damage":0,"enemies":"Spire Growth","floor":46,"turns":2},{"damage":156,"enemies":"Transient","floor":47,"turns":5}],"seed_played":"-3005834828435882507","potions_obtained":[{"floor":6.0,"key":"LiquidBronze"},{"floor":14.0,"key":"Strength Potion"},{"floor":16.0,"key":"Poison Potion"},{"floor":19.0,"key":"LiquidBronze"},{"floor":27.0,"key":"PowerPotion"},{"floor":33.0,"key":"Weak Potion"},{"floor":35.0,"key":"Poison Potion"},{"floor":46,"key":"LiquidBronze"}],"is_trial":false,"path_per_floor":["M","M","?","?","$","E","M","?","T","?","E","?","R","M","R","B",null,"M","M","M","$","M","E","?","$","T","E","M","M","M","M","R","B",null,"M","M","?","?","?","E","R","?","T","$","R","M","M"],"character_chosen":"THE_SILENT","items_purchased":["Footwork","Expertise+1","Snake Skull","Outmaneuver+1","Reflex+1","Footwork","Pear"],"campfire_rested":0,"item_purchase_floors":[5,21,25,25,25,44,44],"current_hp_per_floor":[70,70,63,56,56,56,56,56,56,56,56,56,56,56,56,56,70,70,70,70,70,70,70,70,70,70,60,60,60,60,56,56,56,70,66,66,66,43,33,33,33,33,33,43,43,43,0,0],"gold":78,"neow_bonus":"THREE_ENEMY_KILL","is_daily":false,"chose_seed":false,"campfire_upgraded":5,"win_rate":0.0,"timestamp":1613924856,"path_taken":["M","M","?","?","$","E","M","?","T","?","E","?","R","M","R","BOSS","M","M","M","?","?","E","?","$","T","E","M","M","M","?","R","BOSS","M","M","?","?","?","E","R","?","T","$","R","M","M"],"items_purchased_type":["Card","Card","Relic","Card","Card","Card","Relic"],"build_version":"2020-12-22","purchased_purges":4,"victory":false,"max_hp_per_floor":[70,70,70,70,70,70,70,70,70,70,70,70,70,70,70,70,70,70,70,70,70,70,70,70,70,70,70,70,70,70,70,70,70,70,70,70,70,70,70,70,70,66,66,76,76,76,76,76],"card_choices":[{"not_picked":["Underhanded Strike","Leg Sweep"],"picked":"Escape Plan","floor":1.0},{"not_picked":["Predator","Poisoned Stab"],"picked":"Slice","floor":2.0},{"not_picked":["Underhanded Strike","Dash","Masterful Stab"],"picked":"SKIP","floor":6.0},{"not_picked":["Underhanded Strike","Leg Sweep+1"],"picked":"Escape Plan+1","floor":7.0},{"not_picked":["Setup+1","Predator","Poisoned Stab"],"picked":"SKIP","floor":11.0},{"not_picked":["Distraction+1","Predator"],"picked":"Finisher","floor":14.0},{"not_picked":["Venomology+1","Die Die Die"],"picked":"Adrenaline+1","floor":16.0},{"not_picked":["Underhanded Strike","PiercingWail+1"],"picked":"Deadly Poison+1","floor":18.0},{"not_picked":["PiercingWail+1","Flechettes"],"picked":"Deadly Poison+1","floor":19.0},{"not_picked":["Concentrate+1","Infinite Blades"],"picked":"Deadly Poison+1","floor":20.0},{"not_picked":["Slice+1","Masterful Stab"],"picked":"Caltrops+1","floor":22.0},{"not_picked":["Cloak And Dagger+1","Blade Dance+1"],"picked":"Acrobatics+1","floor":23.0},{"not_picked":["Dagger Spray","Expertise+1"],"picked":"Prepared+1","floor":27.0},{"not_picked":["Slice","Underhanded Strike","Blade Dance+1"],"picked":"SKIP","floor":28.0},{"not_picked":["Deflect+1","PiercingWail+1"],"picked":"Outmaneuver+1","floor":29.0},{"not_picked":["Masterful Stab","Bane","Setup+1"],"picked":"SKIP","floor":30.0},{"not_picked":["Riddle With Holes","Masterful Stab+1"],"picked":"Reflex+1","floor":31.0},{"not_picked":["Storm of Steel+1","Glass Knife"],"picked":"Doppelganger+1","floor":33.0},{"not_picked":["Dagger Spray+1","Sucker Punch"],"picked":"Concentrate+1","floor":35.0},{"not_picked":["Slice","Bane+1","Dagger Throw"],"picked":"SKIP","floor":36.0},{"not_picked":["Secret Weapon+1","Mind Blast"],"picked":"Forethought+1","floor":37.0},{"not_picked":["Deadly Poison+1","Sucker Punch"],"picked":"Calculated Gamble+1","floor":38.0},{"not_picked":["Underhanded Strike+1","Leg Sweep+1"],"picked":"Escape Plan+1","floor":39},{"not_picked":["Setup+1","Predator","Poisoned Stab"],"picked":"SKIP","floor":40},{"not_picked":["Heel Hook","Prepared+1","Flechettes+1"],"picked":"SKIP","floor":46}],"player_experience":224393,"relics_obtained":[{"floor":6.0,"key":"HornCleat"},{"floor":9.0,"key":"MawBank"},{"floor":11.0,"key":"Tough Bandages"},{"floor":23.0,"key":"The Courier"},{"floor":26.0,"key":"Paper Crane"},{"floor":27.0,"key":"Ninja Scroll"},{"floor":38.0,"key":"Thread and Needle"},{"floor":39,"key":"Pocketwatch"},{"floor":40,"key":"Du-Vu Doll"},{"floor":43,"key":"Bag of Preparation"}],"event_choices":[{"damage_healed":0.0,"max_hp_gain":0.0,"max_hp_loss":0.0,"gold_gain":0.0,"event_name":"Scrap Ooze","player_choice":"Success","floor":3.0,"gold_loss":0.0,"damage_taken":7.0,"relics_obtained":["Toxic Egg 2"]},{"cards_removed":["Strike_G"],"damage_healed":0.0,"max_hp_gain":0.0,"max_hp_loss":0.0,"gold_gain":0.0,"event_name":"Golden Wing","player_choice":"Card Removal","floor":4.0,"gold_loss":0.0,"damage_taken":7.0},{"damage_healed":0.0,"max_hp_gain":0.0,"max_hp_loss":0.0,"gold_gain":30.0,"event_name":"Dead Adventurer","player_choice":"Searched \u00271\u0027 times","floor":8.0,"gold_loss":0.0,"damage_taken":0.0},{"cards_removed":["Defend_G"],"damage_healed":0.0,"max_hp_gain":0.0,"max_hp_loss":0.0,"gold_gain":0.0,"event_name":"The Cleric","player_choice":"Card Removal","floor":10.0,"gold_loss":50.0,"damage_taken":0.0},{"damage_healed":0.0,"max_hp_gain":0.0,"max_hp_loss":0.0,"gold_gain":0.0,"event_name":"Match and Keep!","player_choice":"1 cards matched","floor":12.0,"gold_loss":0.0,"damage_taken":0.0,"cards_obtained":["Footwork"]},{"damage_healed":0.0,"max_hp_gain":0.0,"max_hp_loss":0.0,"gold_gain":0.0,"event_name":"WeMeetAgain","player_choice":"Gave Potion","floor":24.0,"gold_loss":0.0,"damage_taken":0.0,"relics_obtained":["Pen Nib"]},{"damage_healed":0.0,"max_hp_gain":0.0,"max_hp_loss":0.0,"gold_gain":0.0,"event_name":"SensoryStone","player_choice":"Memory 1","floor":37.0,"gold_loss":0.0,"damage_taken":0.0},{"damage_healed":0.0,"max_hp_gain":0.0,"max_hp_loss":0.0,"gold_gain":0.0,"event_name":"MindBloom","player_choice":"Fight","floor":38.0,"gold_loss":0.0,"damage_taken":0.0},{"damage_healed":0,"gold_gain":0,"player_choice":"Fight","damage_taken":0,"max_hp_gain":0,"max_hp_loss":0,"event_name":"Mysterious Sphere","floor":39,"gold_loss":0},{"damage_healed":0,"gold_gain":0,"player_choice":"Max HP","damage_taken":0,"max_hp_gain":0,"max_hp_loss":4,"event_name":"Winding Halls","floor":42,"gold_loss":0}],"is_beta":false,"boss_relics":[{"not_picked":["Fusion Hammer","Pandora\u0027s Box"],"picked":"Empty Cage"},{"not_picked":["Tiny House","WristBlade"],"picked":"Coffee Dripper"}],"items_purged_floors":[5,21,25,44],"is_endless":false,"potions_floor_spawned":[6,14,16,19,23,27,28,30,33,35,46],"killed_by":"Transient","ascension_level":0}}