{"host":"8vqkh0x3c7vpgzzm","time":1613942079,"event":{"mods":["AchievementEnabler","BaseMod","Colored Map","Colored Powertips","Curses Come First","DeckTracker","Highlight Path","Minty Spire (QoL Compilation)","Permanent Neow","Quick Restart","Random Character Mod","Rare Cards Sparkle","Relic Sorter","Relic Stats","StSLib","SuperFastMode","Unceasing Turn Reminder","egg","everything is the same but u backflip on backflip"],"gold_per_floor":[115,127,127,127,142,169,169,199,199,199,228,238,257,257,257,360,360,372,384,81,180,540,540,559,579,579,594,594,50,68,98,98,202,202,214,61,61,61,74,74,100,100,100,120,154,174,174,187,187,187],"floor_reached":51,"language":"ENG","playtime":2901,"items_purged":["Defend_B","Strike_B"],"score":946,"play_id":"cbeb8820-acfe-47a8-81cf-77016f940632","local_time":"20210221221439","is_ascension_mode":true,"campfire_choices":[{"data":"Chaos","floor":7,"key":"SMITH"},{"data":"Beam Cell","floor":10,"key":"SMITH"},{"floor":15,"key":"REST"},{"data":"Self Repair","floor":23,"key":"SMITH"},{"data":"Defragment","floor":28,"key":"SMITH"},{"data":"Fission","floor":32,"key":"SMITH"},{"data":"Buffer","floor":42,"key":"SMITH"},{"data":"Thunder Strike","floor":49,"key":"SMITH"}],"circlet_count":0,"master_deck":["Strike_B","Strike_B","Defend_B+1","Defend_B","Zap+1","Dualcast","Streamline","Steam","Cold Snap","Beam Cell+1","Chaos+1","Double Energy+1","Biased Cognition","Redo","Defragment+1","Creative AI","Coolheaded","Tempest+1","Self Repair+1","Heatsinks","Storm+1","Loop+1","Mayhem","Coolheaded","Fission+1","Thunder Strike+1","Biased Cognition","Double Energy+1","Creative AI","Hologram","Buffer+1","Coolheaded+1","Heatsinks+1","Storm+1"],"relics":["Cracked Core","Sundial","Mummified Hand","InkBottle","Pocketwatch","Runic Dome","War Paint","Gremlin Horn","HornCleat","Tiny Chest","Snecko Eye","DollysMirror","Molten Egg 2","Question Card","Blue Candle","Juzu Bracelet"],"acts_visited":["Exordium","TheCity","TheBeyond"],"potions_floor_usage":[6,11,19,24,25,30,31,39,50,50],"damage_taken":[{"damage":0,"enemies":"Jaw Worm","floor":1,"turns":3},{"damage":1,"enemies":"2 Louse","floor":2,"turns":3},{"damage":1,"enemies":"Cultist","floor":5,"turns":3},{"damage":12,"enemies":"Gremlin Nob","floor":6,"turns":3},{"damage":25,"enemies":"Lagavulin","floor":8,"turns":6},{"damage":10,"enemies":"3 Sentries","floor":11,"turns":4},{"damage":0,"enemies":"Looter","floor":12,"turns":2},{"damage":8,"enemies":"Large Slime","floor":13,"turns":4},{"damage":10,"enemies":"The Guardian","floor":16,"turns":10},{"damage":6,"enemies":"Spheric Guardian","floor":18,"turns":4},{"damage":7,"enemies":"3 Byrds","floor":19,"turns":3},{"damage":6,"enemies":"Snake Plant","floor":24,"turns":2},{"damage":7,"enemies":"Cultist and Chosen","floor":25,"turns":3},{"damage":0,"enemies":"Snecko","floor":27,"turns":2},{"damage":9,"enemies":"Centurion and Healer","floor":30,"turns":4},{"damage":3,"enemies":"Book of Stabbing","floor":31,"turns":3},{"damage":1,"enemies":"Automaton","floor":33,"turns":5},{"damage":31,"enemies":"3 Shapes","floor":35,"turns":2},{"damage":1,"enemies":"Orb Walker","floor":39,"turns":2},{"damage":10,"enemies":"Nemesis","floor":41,"turns":3},{"damage":0,"enemies":"Maw","floor":44,"turns":2},{"damage":0,"enemies":"Giant Head","floor":45,"turns":3},{"damage":0,"enemies":"Jaw Worm Horde","floor":46,"turns":2},{"damage":0,"enemies":"4 Shapes","floor":48,"turns":2},{"damage":40,"enemies":"Time Eater","floor":50,"turns":5}],"seed_played":"-8427761353002291934","potions_obtained":[{"floor":1,"key":"SteroidPotion"},{"floor":8,"key":"SteroidPotion"},{"floor":12,"key":"AttackPotion"},{"floor":16,"key":"LiquidBronze"},{"floor":18,"key":"Block Potion"},{"floor":24,"key":"Fire Potion"},{"floor":25,"key":"DistilledChaos"},{"floor":27,"key":"Strength Potion"},{"floor":35,"key":"PotionOfCapacity"},{"floor":39,"key":"Fruit Juice"},{"floor":45,"key":"DuplicationPotion"},{"floor":48,"key":"LiquidMemories"}],"is_trial":false,"path_per_floor":["M","M","?","?","M","E","R","E","T","R","E","M","M","?","R","B",null,"M","M","$","?","?","R","M","M","T","M","R","$","M","E","R","B",null,"M","$","?","?","M","$","E","R","T","M","E","M","T","M","R","B",null],"character_chosen":"DEFECT","items_purchased":["War Paint","Self Repair","Mayhem","Coolheaded","HornCleat","DollysMirror"],"campfire_rested":1,"item_purchase_floors":[20,20,29,29,29,36],"current_hp_per_floor":[75,74,79,79,78,66,66,41,41,41,31,31,23,23,47,37,80,74,67,67,67,31,31,25,28,28,38,38,38,39,46,46,55,80,59,59,59,59,73,73,73,73,73,81,81,81,81,81,81,51],"gold":187,"neow_bonus":"UPGRADE_CARD","is_daily":false,"chose_seed":false,"campfire_upgraded":7,"win_rate":0.0,"timestamp":1613942079,"path_taken":["M","M","?","?","M","E","R","E","T","R","E","M","?","?","R","BOSS","M","M","$","?","?","R","M","?","T","?","R","$","M","E","R","BOSS","M","$","?","?","M","$","E","R","T","M","E","?","?","M","R","BOSS"],"items_purchased_type":["Relic","Card","Card","Card","Relic","Relic"],"build_version":"2020-12-22","purchased_purges":2,"victory":true,"max_hp_per_floor":[75,75,80,80,80,80,80,80,80,80,80,80,80,80,80,80,80,80,80,80,80,80,80,80,80,80,80,80,80,80,80,80,80,80,80,80,76,76,81,81,81,81,81,81,81,81,81,81,81,81],"relic_stats":{"Gremlin Horn":[8,8],"counters":[25,84],"Blue Candle":[0],"Juzu Bracelet":0,"War Paint":["Defend_B","Double Energy"],"Question Card":4,"Sundial":[10],"Mummified Hand":[222],"Snecko Eye":[67,61,65,62],"Tiny Chest":1,"obtain_stats":[{"Gremlin Horn":26,"Blue Candle":45,"Juzu Bracelet":47,"War Paint":20,"Question Card":43,"Runic Dome":17,"HornCleat":29,"Sundial":6,"Mummified Hand":8,"DollysMirror":36,"Snecko Eye":34,"Tiny Chest":31,"Molten Egg 2":41,"Cracked Core":0,"InkBottle":9,"Pocketwatch":11},{"Gremlin Horn":13,"Blue Candle":22,"Juzu Bracelet":23,"War Paint":11,"Question Card":20,"Runic Dome":9,"HornCleat":14,"Sundial":4,"Mummified Hand":5,"DollysMirror":18,"Snecko Eye":17,"Tiny Chest":16,"Molten Egg 2":20,"Cracked Core":0,"InkBottle":5,"Pocketwatch":6},{"Gremlin Horn":50,"Blue Candle":75,"Juzu Bracelet":77,"War Paint":45,"Question Card":70,"Runic Dome":38,"HornCleat":52,"Sundial":12,"Mummified Hand":18,"DollysMirror":65,"Snecko Eye":63,"Tiny Chest":58,"Molten Egg 2":70,"Cracked Core":0,"InkBottle":18,"Pocketwatch":22}],"InkBottle":[42],"Pocketwatch":[15]},"card_choices":[{"not_picked":["Self Repair","Auto Shields"],"picked":"Streamline","floor":1},{"not_picked":["Aggregate","Redo"],"picked":"Steam","floor":2},{"not_picked":["Skim","Compile Driver"],"picked":"Beam Cell","floor":5},{"not_picked":["Conserve Battery","Ball Lightning"],"picked":"Chaos","floor":6},{"not_picked":["Gash","Rebound"],"picked":"Double Energy","floor":8},{"not_picked":["Coolheaded","Darkness"],"picked":"Biased Cognition","floor":11},{"not_picked":["Static Discharge","Force Field"],"picked":"Redo","floor":12},{"not_picked":["Turbo","Hello World"],"picked":"Defragment","floor":13},{"not_picked":["Reboot","Multi-Cast"],"picked":"Creative AI","floor":16},{"not_picked":["Streamline+1","Rebound"],"picked":"Coolheaded","floor":18},{"not_picked":["Chaos","Redo"],"picked":"Tempest+1","floor":19},{"not_picked":["Streamline","Cold Snap+1"],"picked":"Heatsinks","floor":24},{"not_picked":["Turbo+1","Hologram+1"],"picked":"Storm+1","floor":25},{"not_picked":["Reinforced Body","Barrage"],"picked":"Loop+1","floor":27},{"not_picked":["BootSequence","Steam"],"picked":"Fission","floor":30},{"not_picked":["Lockon","Leap+1"],"picked":"Thunder Strike","floor":31},{"not_picked":["Multi-Cast","Electrodynamics"],"picked":"Biased Cognition","floor":33},{"not_picked":["Barrage+1","Stack"],"picked":"Double Energy+1","floor":35},{"not_picked":["Leap+1","Compile Driver+1"],"picked":"Hologram","floor":39},{"not_picked":["Redo+1","Go for the Eyes+1"],"picked":"Buffer","floor":41},{"not_picked":["Compile Driver+1","Redo","Gash+1"],"picked":"Coolheaded+1","floor":44},{"not_picked":["Leap+1","Static Discharge+1","Turbo","Redo"],"picked":"SKIP","floor":45},{"not_picked":["Echo Form","Gash+1","Darkness"],"picked":"Heatsinks+1","floor":46},{"not_picked":["Barrage+1","Cold Snap+1","Redo+1"],"picked":"Storm+1","floor":48}],"player_experience":599220,"relics_obtained":[{"floor":6,"key":"Sundial"},{"floor":8,"key":"Mummified Hand"},{"floor":9,"key":"InkBottle"},{"floor":11,"key":"Pocketwatch"},{"floor":26,"key":"Gremlin Horn"},{"floor":31,"key":"Tiny Chest"},{"floor":41,"key":"Molten Egg 2"},{"floor":43,"key":"Question Card"},{"floor":45,"key":"Blue Candle"},{"floor":47,"key":"Juzu Bracelet"}],"event_choices":[{"damage_healed":0,"gold_gain":0,"player_choice":"Donut","damage_taken":0,"max_hp_gain":5,"max_hp_loss":0,"event_name":"Big Fish","floor":3,"gold_loss":0},{"damage_healed":0,"gold_gain":0,"cards_transformed":["Defend_B"],"player_choice":"Transformed","damage_taken":0,"max_hp_gain":0,"max_hp_loss":0,"event_name":"Transmorgrifier","floor":4,"gold_loss":0,"cards_obtained":["Cold Snap"]},{"cards_removed":["Strike_B"],"damage_healed":0,"gold_gain":0,"player_choice":"Forget","damage_taken":0,"max_hp_gain":0,"max_hp_loss":0,"event_name":"Living Wall","floor":14,"gold_loss":0},{"damage_healed":0,"gold_gain":99,"player_choice":"Stole From Cult","damage_taken":0,"max_hp_gain":0,"max_hp_loss":0,"event_name":"Nest","floor":21,"gold_loss":0},{"damage_healed":0,"gold_gain":360,"player_choice":"GOLD GOLD GOLD GOLD ","damage_taken":36,"max_hp_gain":0,"max_hp_loss":0,"event_name":"Knowing Skull","floor":22,"potions_obtained":[],"gold_loss":0,"cards_obtained":[]},{"damage_healed":0,"gold_gain":0,"player_choice":"Max HP","damage_taken":0,"max_hp_gain":0,"max_hp_loss":4,"event_name":"Winding Halls","floor":37,"gold_loss":0},{"damage_healed":0,"gold_gain":0,"player_choice":"0 cards matched","damage_taken":0,"max_hp_gain":0,"max_hp_loss":0,"event_name":"Match and Keep!","floor":38,"gold_loss":0,"cards_obtained":[]}],"is_beta":false,"boss_relics":[{"not_picked":["Coffee Dripper","Empty Cage"],"picked":"Runic Dome"},{"not_picked":["SacredBark","Black Star"],"picked":"Snecko Eye"}],"items_purged_floors":[20,29],"is_endless":false,"potions_floor_spawned":[1,8,12,16,18,24,25,27,35,39,45,48],"ascension_level":4}}