{"host":"m1hrbr0uwda4cktq","time":1613920493,"event":{"mods":["BaseMod","BetterRewards","Colored Map","Colored Powertips","Highlight Path","Minty Spire (QoL Compilation)","Shop Mod","SuperFastMode"],"gold_per_floor":[118,128,143,161,181,213,230,259,259,291,303,124,199,211,211,313,313,323,341,355,367,379,379,379],"floor_reached":23,"language":"ENG","playtime":1985,"items_purged":["Defend_B"],"score":265,"play_id":"7fe3c70d-92d8-4aa9-b924-cabbdabab4af","local_time":"20210221121453","is_ascension_mode":true,"campfire_choices":[{"data":"Genetic Algorithm","floor":15.0,"key":"SMITH"}],"circlet_count":0,"master_deck":["Strike_B","Strike_B","Strike_B","Defend_B","Zap","Dualcast","Static Discharge","Conserve Battery","Ball Lightning","Coolheaded","Chill","Sweeping Beam","Loop","Conserve Battery","Go for the Eyes","Compile Driver","Genetic Algorithm+1","Hologram","Lockon","Echo Form+1","Hyperbeam+1","Go for the Eyes+1","Machine Learning+1","Conserve Battery","Hologram+1","Ball Lightning+1","Cold Snap"],"relics":["Cracked Core","Meat on the Bone","Runic Capacitor","Question Card","Frozen Egg 2","InkBottle","Darkstone Periapt","Astrolabe"],"acts_visited":["Exordium","TheCity"],"potions_floor_usage":[],"damage_taken":[{"damage":3.0,"enemies":"Small Slimes","floor":1.0,"turns":3.0},{"damage":0.0,"enemies":"2 Louse","floor":2.0,"turns":3.0},{"damage":1.0,"enemies":"Cultist","floor":3.0,"turns":3.0},{"damage":15.0,"enemies":"Lots of Slimes","floor":4.0,"turns":4.0},{"damage":14.0,"enemies":"3 Louse","floor":5.0,"turns":4.0},{"damage":12.0,"enemies":"3 Sentries","floor":6.0,"turns":7.0},{"damage":22.0,"enemies":"Large Slime","floor":7.0,"turns":5.0},{"damage":18.0,"enemies":"Lagavulin","floor":8.0,"turns":7.0},{"damage":4.0,"enemies":"3 Sentries","floor":10.0,"turns":8.0},{"damage":2.0,"enemies":"Blue Slaver","floor":11.0,"turns":4.0},{"damage":0.0,"enemies":"3 Louse","floor":14.0,"turns":4.0},{"damage":35.0,"enemies":"Slime Boss","floor":16.0,"turns":10.0},{"damage":24,"enemies":"Spheric Guardian","floor":18,"turns":4},{"damage":17,"enemies":"Chosen","floor":19,"turns":5},{"damage":23,"enemies":"Snake Plant","floor":20,"turns":6},{"damage":24,"enemies":"Chosen and Byrds","floor":21,"turns":6},{"damage":16,"enemies":"Snecko","floor":22,"turns":6},{"damage":29,"enemies":"Slavers","floor":23,"turns":1}],"seed_played":"-5772611845196240000","potions_obtained":[{"floor":3.0,"key":"EssenceOfDarkness"},{"floor":5.0,"key":"SpeedPotion"},{"floor":8.0,"key":"Weak Potion"},{"floor":16.0,"key":"Fruit Juice"},{"floor":19,"key":"Block Potion"},{"floor":22,"key":"Swift Potion"}],"is_trial":false,"path_per_floor":["M","M","M","M","M","E","M","E","T","E","M","$","?","M","R","B",null,"M","M","M","M","M","E"],"character_chosen":"DEFECT","items_purchased":["Meat on the Bone","Runic Capacitor","Static Discharge","Conserve Battery","Genetic Algorithm","Hologram"],"campfire_rested":0,"item_purchase_floors":[0,0,0,0,12,12],"current_hp_per_floor":[72,72,71,56,42,42,32,26,26,34,44,44,33,45,45,27,80,56,51,40,28,24,0,0],"gold":379,"neow_bonus":"","is_daily":false,"chose_seed":false,"campfire_upgraded":1,"win_rate":0.0,"timestamp":1613920493,"path_taken":["M","M","M","M","M","E","M","E","T","E","M","$","?","M","R","BOSS","M","M","M","M","M","E"],"items_purchased_type":["Relic","Relic","Card","Card","Card","Card"],"build_version":"2020-12-22","purchased_purges":1,"victory":false,"max_hp_per_floor":[75,75,75,75,75,75,75,75,75,75,75,75,75,75,75,80,80,80,80,80,80,80,80,80],"card_choices":[{"not_picked":["Turbo","Double Energy","Rebound"],"picked":"SKIP","floor":1.0},{"not_picked":["Chill","Barrage"],"picked":"Ball Lightning","floor":2.0},{"not_picked":["Sunder","Leap","Scrape"],"picked":"SKIP","floor":3.0},{"not_picked":["Leap","White Noise"],"picked":"Coolheaded","floor":4.0},{"not_picked":["Conserve Battery","Beam Cell"],"picked":"Chill","floor":5.0},{"not_picked":["Compile Driver","Thunder Strike"],"picked":"Sweeping Beam","floor":6.0},{"not_picked":["Redo","Lockon","Ball Lightning"],"picked":"Loop","floor":7.0},{"not_picked":["Capacitor+1","Rebound","Streamline"],"picked":"Conserve Battery","floor":8.0},{"not_picked":["Streamline","Redo","Beam Cell"],"picked":"Go for the Eyes","floor":10.0},{"not_picked":["Reboot","Leap","BootSequence"],"picked":"Compile Driver","floor":11.0},{"not_picked":["Beam Cell","Ball Lightning","Static Discharge+1"],"picked":"Lockon","floor":14.0},{"not_picked":["Creative AI+1","Fission","Rainbow"],"picked":"Echo Form+1","floor":16.0},{"not_picked":["Streamline","Ball Lightning","Go for the Eyes+1"],"picked":"Conserve Battery","floor":18},{"not_picked":["Streamline","Rebound","Blizzard","Go for the Eyes"],"picked":"SKIP","floor":19},{"not_picked":["Heatsinks+1","Stack","Turbo"],"picked":"Hologram+1","floor":20},{"not_picked":["Conserve Battery","Turbo+1","Redo"],"picked":"Ball Lightning+1","floor":21},{"not_picked":["Redo","Force Field+1","Thunder Strike"],"picked":"Cold Snap","floor":22}],"player_experience":169219,"relics_obtained":[{"floor":6.0,"key":"Question Card"},{"floor":8.0,"key":"Frozen Egg 2"},{"floor":9.0,"key":"InkBottle"},{"floor":10.0,"key":"Darkstone Periapt"}],"event_choices":[{"damage_healed":0.0,"max_hp_gain":0.0,"max_hp_loss":0.0,"gold_gain":75.0,"event_name":"World of Goop","player_choice":"Gather Gold","floor":13.0,"gold_loss":0.0,"damage_taken":11.0}],"is_beta":false,"boss_relics":[{"not_picked":["Calling Bell","Inserter"],"picked":"Astrolabe"}],"items_purged_floors":[12],"is_endless":false,"potions_floor_spawned":[3,5,8,10,14,16,19,22],"killed_by":"Slavers","ascension_level":4}}