{"host":"18wi9kpcl4eah7pe","time":1613937682,"event":{"mods":["BaseMod","Colored Powertips","Downfall","Minty Spire (QoL Compilation)","StSLib"],"gold_per_floor":[99,112,125,110,110,285,285,285,285,301,319,219,248,267,286,388,388,288,305,325,425,435,86,86,86,86,86,86,86,86],"floor_reached":28,"language":"ENG","playtime":1168,"items_purged":["Doubt"],"score":294,"play_id":"dcf50e07-f836-4ab6-818c-a61274203af0","local_time":"20210221140122","is_ascension_mode":true,"campfire_choices":[{"floor":1.0,"key":"RECALL"},{"floor":12.0,"key":"REST"},{"floor":18.0,"key":"REST"},{"floor":26.0,"key":"REST"}],"circlet_count":0,"master_deck":["bronze:Strike","bronze:Strike","bronze:Strike","bronze:Strike","bronze:Defend","bronze:Defend","bronze:Defend","bronze:Defend","bronze:Replicate","bronze:Goto","Dramatic Entrance","bronze:WhirlingStrike","bronze:ChosenStrike","bronze:InfiniteBeams","bronze:BuggyMess","bronze:MaxOutput","bronze:Repair","bronze:Fortify","bronze:BuggyMess","bronze:Boost","bronze:InfiniteLoop","bronze:Terminator+1","bronze:Constructor+1","bronze:Goto","bronze:Frontload","bronze:ForceShield","bronze:Format","Jack Of All Trades","bronze:BurnOut","bronze:WhirlingStrike+1","bronze:Flail","Pride"],"relics":["bronze:PlatinumCore","bronze:BronzeIdol","downfall:HeartBlessingRed","Bottled Tornado","downfall:HeartBlessingGreen","downfall:GremlinSack","Kunai","Smiling Mask"],"acts_visited":["Exordium","TheCity"],"potions_floor_usage":[],"damage_taken":[{"damage":3.0,"enemies":"Jaw Worm","floor":2.0,"turns":5.0},{"damage":0.0,"enemies":"Small Slimes","floor":3.0,"turns":2.0},{"damage":10.0,"enemies":"downfall:FleeingMerchant","floor":4.0,"turns":4.0},{"damage":0.0,"enemies":"Cultist","floor":8.0,"turns":1.0},{"damage":28.0,"enemies":"Exordium Thugs","floor":10.0,"turns":5.0},{"damage":13.0,"enemies":"Red Slaver","floor":11.0,"turns":3.0},{"damage":8.0,"enemies":"Gremlin Nob","floor":13.0,"turns":3.0},{"damage":0.0,"enemies":"3 Louse","floor":14.0,"turns":1.0},{"damage":11.0,"enemies":"Large Slime","floor":15.0,"turns":5.0},{"damage":19.0,"enemies":"SI_SHIV_ARCHETYPE","floor":16.0,"turns":6.0},{"damage":13.0,"enemies":"Shell Parasite","floor":19.0,"turns":5.0},{"damage":18.0,"enemies":"Spheric Guardian","floor":20.0,"turns":5.0},{"damage":2.0,"enemies":"Spheric Guardian","floor":21.0,"turns":4.0},{"damage":32.0,"enemies":"Snake Plant","floor":22.0,"turns":6.0},{"damage":17.0,"enemies":"downfall:FleeingMerchant","floor":23.0,"turns":4.0},{"damage":44,"enemies":"Book of Stabbing","floor":28,"turns":5}],"seed_played":"-3578664207832612706","potions_obtained":[{"floor":10.0,"key":"LiquidBronze"},{"floor":11.0,"key":"LiquidMemories"},{"floor":13.0,"key":"SkillPotion"},{"floor":15.0,"key":"CultistPotion"},{"floor":19.0,"key":"ColorlessPotion"},{"floor":20.0,"key":"Ancient Potion"}],"is_trial":false,"path_per_floor":["R","M","M","$","?","?","T","M","?","M","M","R","E","M","M","B",null,"R","M","M","?","M","$","T","?","R","?","E"],"character_chosen":"THE_AUTOMATON","items_purchased":["Kunai"],"campfire_rested":3,"item_purchase_floors":[23],"current_hp_per_floor":[63,60,60,50,50,50,50,50,50,22,9,30,29,36,32,20,58,70,62,51,56,31,14,14,14,35,35,0,0,0],"gold":86,"neow_bonus":"RANDOM_COLORLESS","is_daily":false,"chose_seed":false,"campfire_upgraded":0,"win_rate":0.0,"timestamp":1613937682,"path_taken":["R","M","M","$","?","?","T","M","?","M","M","R","E","M","M","BOSS","R","M","?","?","?","$","T","?","R","?","E"],"items_purchased_type":["Relic"],"build_version":"2020-12-22","purchased_purges":1,"victory":false,"max_hp_per_floor":[70,70,70,70,70,70,70,70,70,70,70,70,70,70,70,70,70,70,70,70,70,70,70,70,70,70,70,70,70,70],"card_choices":[{"not_picked":["Forethought","Flash of Steel"],"picked":"Dramatic Entrance","floor":0.0},{"not_picked":["bronze:BugBarrage","bronze:WildBeam"],"picked":"bronze:WhirlingStrike","floor":2.0},{"not_picked":["bronze:DelayedGuard","bronze:NullPointer"],"picked":"bronze:ChosenStrike","floor":3.0},{"not_picked":["bronze:Shield","bronze:BugBarrage"],"picked":"bronze:InfiniteBeams","floor":4.0},{"not_picked":["bronze:BitShift","bronze:Frontload"],"picked":"bronze:BuggyMess","floor":8.0},{"not_picked":["bronze:DelayedSlice","bronze:Constructor"],"picked":"bronze:MaxOutput","floor":10.0},{"not_picked":["bronze:BugBarrage","bronze:Shield"],"picked":"bronze:Repair","floor":11.0},{"not_picked":["bronze:ClassDefault","bronze:ItsAFeature"],"picked":"bronze:Fortify","floor":13.0},{"not_picked":["bronze:ChosenStrike","bronze:BitShift"],"picked":"bronze:BuggyMess","floor":14.0},{"not_picked":["bronze:WhirlingStrike","bronze:DelayedGuard"],"picked":"bronze:Boost","floor":15.0},{"not_picked":["bronze:Virus","bronze:RecursiveStrike"],"picked":"bronze:InfiniteLoop","floor":16.0},{"not_picked":["bronze:Iterate","bronze:Repair"],"picked":"bronze:Terminator+1","floor":19.0},{"not_picked":["bronze:Shield","bronze:FineTuning"],"picked":"bronze:Constructor+1","floor":20.0},{"not_picked":["bronze:Philosophize","bronze:FineTuning"],"picked":"bronze:BurnOut","floor":21.0},{"not_picked":["bronze:Philosophize","bronze:BuggyMess"],"picked":"bronze:WhirlingStrike+1","floor":22.0},{"not_picked":["bronze:Turbo","bronze:Separator+1"],"picked":"bronze:Flail","floor":23.0}],"player_experience":1040646,"relics_obtained":[{"floor":7.0,"key":"bronze:BronzeIdol"},{"floor":13.0,"key":"Bottled Tornado"},{"floor":21.0,"key":"downfall:GremlinSack"}],"event_choices":[{"damage_healed":0.0,"max_hp_gain":0.0,"max_hp_loss":0.0,"gold_gain":0.0,"event_name":"Addict","player_choice":"Stole Relic","floor":27.0,"gold_loss":0.0,"damage_taken":0.0,"relics_obtained":["Smiling Mask"],"cards_obtained":["Pride"]}],"is_beta":false,"boss_relics":[{"not_picked":["Empty Cage","Black Star"],"picked":"bronze:PlatinumCore"}],"items_purged_floors":[23],"is_endless":false,"potions_floor_spawned":[10,11,13,15,19,20],"killed_by":"Book of Stabbing","ascension_level":7}}