{"host":"szp1d6dso4pv7ddl","time":1613947106,"event":{"mods":["AchievementEnabler","Alarm Clock","BaseMod","Bestiary","Block Reminder","Colored Map","Colored Powertips","Curses Come First","Dark Map","Displayed Cursed Tome","Highlight Path","Minty Spire (QoL Compilation)","Permanent Neow","Quick Restart","Relic Sorter","Relic Stats","StSLib","Synergy Search"],"gold_per_floor":[10,28,39,89,100,100,114,127,127,146,146,170,55,75,75,75,75],"floor_reached":16,"language":"ENG","playtime":694,"items_purged":["Strike_B"],"score":178,"play_id":"c2ef2df5-95ec-4027-8d6c-d020cf7dde88","local_time":"20210221143826","is_ascension_mode":true,"campfire_choices":[{"floor":6,"key":"REST"},{"floor":15,"key":"REST"}],"circlet_count":0,"master_deck":["AscendersBane","Strike_B","Strike_B","Strike_B","Defend_B","Defend_B","Defend_B","Defend_B","Zap","Dualcast","Gash","Rebound","Gash","Conserve Battery","Leap","Sweeping Beam","Echo Form","Doom and Gloom"],"relics":["Cracked Core","Calipers","Turnip","Golden Idol","Vajra"],"acts_visited":["Exordium"],"potions_floor_usage":[7,16,16],"damage_taken":[{"damage":1,"enemies":"Cultist","floor":1,"turns":3},{"damage":2,"enemies":"Jaw Worm","floor":2,"turns":3},{"damage":7,"enemies":"Small Slimes","floor":3,"turns":3},{"damage":23,"enemies":"Exordium Wildlife","floor":5,"turns":4},{"damage":1,"enemies":"Looter","floor":7,"turns":3},{"damage":7,"enemies":"2 Fungi Beasts","floor":8,"turns":4},{"damage":27,"enemies":"Exordium Thugs","floor":10,"turns":4},{"damage":5,"enemies":"3 Louse","floor":14,"turns":2},{"damage":33,"enemies":"The Guardian","floor":16,"turns":14}],"seed_played":"1742088434734008746","potions_obtained":[{"floor":5,"key":"Block Potion"},{"floor":8,"key":"PowerPotion"},{"floor":10,"key":"Strength Potion"}],"is_trial":false,"path_per_floor":["M","M","M","?","M","R","M","M","T","M","?","T","$","M","R","B"],"character_chosen":"DEFECT","items_purchased":["Doom and Gloom"],"campfire_rested":2,"item_purchase_floors":[13],"current_hp_per_floor":[63,61,54,54,31,52,51,44,44,17,17,17,17,12,31,0,0],"gold":75,"neow_bonus":"ONE_RARE_RELIC","is_daily":false,"chose_seed":false,"campfire_upgraded":0,"win_rate":0.0,"timestamp":1613947106,"path_taken":["M","?","M","?","M","R","M","M","T","?","?","?","$","M","R","BOSS"],"items_purchased_type":["Card"],"build_version":"2020-12-22","purchased_purges":1,"victory":false,"max_hp_per_floor":[71,71,71,71,71,71,71,71,71,71,64,64,64,64,64,64,64],"relic_stats":{"counters":[9,40],"Golden Idol":4,"Turnip":[0],"obtain_stats":[{"Calipers":0,"Golden Idol":11,"Vajra":12,"Turnip":9,"Cracked Core":0},{"Calipers":0,"Golden Idol":7,"Vajra":7,"Turnip":6,"Cracked Core":0},{"Calipers":0,"Golden Idol":24,"Vajra":24,"Turnip":20,"Cracked Core":0}]},"card_choices":[{"not_picked":["Turbo","Hologram"],"picked":"Gash","floor":1},{"not_picked":["Beam Cell","Compile Driver"],"picked":"Rebound","floor":2},{"not_picked":["Reinforced Body","Core Surge"],"picked":"Gash","floor":3},{"not_picked":["Steam","Reinforced Body"],"picked":"Conserve Battery","floor":5},{"not_picked":["Redo","Melter"],"picked":"Leap","floor":7},{"not_picked":["Scrape","Conserve Battery"],"picked":"Sweeping Beam","floor":8},{"not_picked":["Turbo","Auto Shields"],"picked":"Echo Form","floor":10},{"not_picked":["Loop","Stack","Beam Cell"],"picked":"SKIP","floor":14}],"player_experience":1623784,"relics_obtained":[{"floor":9,"key":"Turnip"},{"floor":12,"key":"Vajra"}],"event_choices":[{"damage_healed":0,"gold_gain":50,"player_choice":"Pray","damage_taken":0,"max_hp_gain":0,"max_hp_loss":0,"event_name":"Golden Shrine","floor":4,"gold_loss":0},{"damage_healed":0,"gold_gain":0,"player_choice":"Lose Max HP","damage_taken":0,"relics_obtained":["Golden Idol"],"max_hp_gain":0,"max_hp_loss":7,"event_name":"Golden Idol","floor":11,"gold_loss":0}],"is_beta":false,"boss_relics":[],"items_purged_floors":[13],"is_endless":false,"potions_floor_spawned":[5,8,10],"killed_by":"The Guardian","ascension_level":17}}