{"host":"kq2g769nefmuyn7c","time":1613917983,"event":{"mods":["ATMod(°¢èªMod)","Act Like it!","BaseMod","Gensokyo","Koishi","Minty Spire (QoL Compilation)","Remilia£¨ÀÙÃ×ÀòÑÇ£©","Replay The Spire","StSLib","The Servant 0.9.4"],"gold_per_floor":[119,119,49,129,129,129,140,140,208,242,255,287,301,312,312,312,312],"floor_reached":16,"language":"ZHS","playtime":1001,"items_purged":[],"score":239,"play_id":"3ee5b40f-bea8-49a9-9ef0-1358f0837aa0","local_time":"20210221223303","is_ascension_mode":true,"campfire_choices":[{"data":"ScarletSymphony","floor":6.0,"key":"SMITH"},{"data":"AT_FamilyPortrait","floor":8.0,"key":"SMITH"},{"data":"EternalNight","floor":15.0,"key":"SMITH"}],"circlet_count":0,"master_deck":["AscendersBane","Strike_RM","Strike_RM","Strike_RM","Strike_RM","Defend_RM+1","Defend_RM","Defend_RM","Defend_RM","RedMoon","AT_FamilyPortrait+1","ChaoticDestiny+1","ScarletSymphony+1","EternalNight+1","VampireFantasy","Septette","BloodySeventeenLaser","Stigmanizer","MillenniumVampire"],"relics":["ScarletHat","AT_ATBox","Happy Flower","Replay:Kaleidoscope","Kunai","Centennial Puzzle","Darkstone Periapt"],"acts_visited":["Gensokyo:Gensokyo"],"potions_floor_usage":[16],"damage_taken":[{"damage":0.0,"enemies":"Gensokyo:3_Fairies","floor":1.0,"turns":4.0},{"damage":0.0,"enemies":"Gensokyo:2_Kodama","floor":7.0,"turns":5.0},{"damage":4.0,"enemies":"Gensokyo:Aya","floor":10.0,"turns":4.0},{"damage":0.0,"enemies":"Gensokyo:Gryphon","floor":11.0,"turns":5.0},{"damage":0.0,"enemies":"Gensokyo:Mamizou","floor":12.0,"turns":6.0},{"damage":29.0,"enemies":"Gensokyo:5_Fairies","floor":13.0,"turns":6.0},{"damage":2.0,"enemies":"Gensokyo:2_Rabbits","floor":14.0,"turns":2.0},{"damage":9,"enemies":"Gensokyo:Kokoro","floor":16,"turns":10}],"seed_played":"7231152600653027174","potions_obtained":[{"floor":7.0,"key":"PowerPotion"},{"floor":7.0,"key":"Fruit Juice"},{"floor":11.0,"key":"Weak Potion"}],"is_trial":false,"path_per_floor":["M","?","?","?","T","R","M","R","T","E","M","E","M","M","R","B"],"character_chosen":"REMILIA","items_purchased":[],"campfire_rested":0,"item_purchase_floors":[],"current_hp_per_floor":[63,63,63,35,35,35,43,43,43,45,45,48,19,17,17,20,20],"gold":312,"neow_bonus":"ONE_RANDOM_RARE_CARD","is_daily":false,"chose_seed":false,"campfire_upgraded":3,"win_rate":0.0,"timestamp":1613917983,"path_taken":["M","?","?","?","?","R","M","R","T","E","M","E","M","M","R","BOSS"],"items_purchased_type":[],"build_version":"2020-12-22","purchased_purges":0,"victory":false,"max_hp_per_floor":[70,70,70,70,70,70,75,75,75,75,75,75,75,75,75,75,75],"card_choices":[{"not_picked":["UnderTheZenith","EndlessAdversity"],"picked":"ScarletSymphony","floor":1.0},{"not_picked":["VampireKiss","AfternoonTea"],"picked":"EternalNight","floor":4.0},{"not_picked":["BlasphemousPunishment","Stigmanizer"],"picked":"VampireFantasy","floor":4.0},{"not_picked":["CharismaGuard","Maim"],"picked":"Septette","floor":4.0},{"not_picked":["MastersStateliness","NightDance","ScarletImprint"],"picked":"SKIP","floor":7.0},{"not_picked":["ScarletImprint","SuperhumanBloodyKnife","BlasphemousPunishment"],"picked":"SKIP","floor":10.0},{"not_picked":["BombardNight","UnstableMagic"],"picked":"BloodySeventeenLaser","floor":11.0},{"not_picked":["EmergencyRegeneration","SuperhumanBloodyKnife","UnderTheZenith"],"picked":"SKIP","floor":12.0},{"not_picked":["BloodHunter","StarOfDavid"],"picked":"Stigmanizer","floor":13.0},{"not_picked":["FavorOfDestiny","BloodHunter"],"picked":"MillenniumVampire","floor":14.0}],"player_experience":305048,"relics_obtained":[{"floor":5.0,"key":"Replay:Kaleidoscope"},{"floor":9.0,"key":"Kunai"},{"floor":10.0,"key":"Centennial Puzzle"},{"floor":12.0,"key":"Darkstone Periapt"}],"event_choices":[],"is_beta":false,"boss_relics":[],"items_purged_floors":[],"is_endless":false,"potions_floor_spawned":[7,11,12,14],"killed_by":"Gensokyo:Kokoro","ascension_level":18}}