{"host":"hbrjinenk1akq1dy","time":1613918138,"event":{"mods":["AchievementEnabler","BaseMod","Bestiary","Colored Map","Colored Powertips","Curses Come First","Highlight Path","Minty Spire (QoL Compilation)","Permanent Neow","Quick Restart","StSLib","SuperFastMode"],"gold_per_floor":[115,125,200,217,231,265,265,53,53,53,78,78,78,78,78,174,174,194,194,65,85,85,111,123,155,155,193,224,236,248,294,306,416,428,457,519,584,611,642,688,243,465,465,498,512,512,525,545,545,545],"floor_reached":51,"language":"ENG","playtime":2510,"items_purged":["Strike_R","Defend_R"],"score":1160,"play_id":"07c2c275-d037-4860-a648-fe1e9b94bed6","local_time":"20210221223538","is_ascension_mode":true,"campfire_choices":[{"floor":7.0,"key":"REST"},{"data":"Havoc","floor":10.0,"key":"SMITH"},{"data":"Havoc","floor":12.0,"key":"SMITH"},{"floor":15.0,"key":"REST"},{"data":"Wild Strike","floor":32,"key":"SMITH"},{"data":"Feel No Pain","floor":49,"key":"SMITH"}],"circlet_count":0,"master_deck":["Strike_R","Strike_R","Strike_R","Defend_R","Defend_R","Defend_R","Bash","Havoc+1","Wild Strike+1","Headbutt","Havoc+1","Double Tap+1","Reaper","Havoc+1","Immolate+1","Shrug It Off+1","True Grit+1","Feel No Pain+1","True Grit+1","Limit Break+1","Ghostly Armor+1","Shockwave+1","Dark Embrace+1","Brutality+1","Battle Trance+1","True Grit+1","Sentinel+1","Disarm+1","Feel No Pain+1","Barricade+1","Headbutt+1","Sword Boomerang+1","Entrench+1","Battle Trance+1","Headbutt+1","Disarm+1"],"relics":["SlaversCollar","Toxic Egg 2","Self Forming Clay","Bag of Marbles","Oddly Smooth Stone","Coffee Dripper","Frozen Egg 2","Pantograph","MawBank","Ginger","Enchiridion","Red Mask","Philosopher\u0027s Stone","Gambling Chip","Prayer Wheel","Regal Pillow","Membership Card","Strawberry","Mango","Nunchaku","White Beast Statue"],"acts_visited":["Exordium","TheCity","TheBeyond"],"potions_floor_usage":[27,33,33,39],"damage_taken":[{"damage":1.0,"enemies":"Cultist","floor":1.0,"turns":4.0},{"damage":7.0,"enemies":"Small Slimes","floor":2.0,"turns":3.0},{"damage":4.0,"enemies":"Jaw Worm","floor":4.0,"turns":3.0},{"damage":21.0,"enemies":"Exordium Wildlife","floor":5.0,"turns":7.0},{"damage":20.0,"enemies":"3 Sentries","floor":6.0,"turns":8.0},{"damage":17.0,"enemies":"Lagavulin","floor":11.0,"turns":4.0},{"damage":39.0,"enemies":"The Guardian","floor":16.0,"turns":9.0},{"damage":0.0,"enemies":"3 Byrds","floor":18.0,"turns":1.0},{"damage":0.0,"enemies":"Chosen","floor":21.0,"turns":2.0},{"damage":16.0,"enemies":"Gremlin Leader","floor":23.0,"turns":5.0},{"damage":7.0,"enemies":"Snake Plant","floor":24.0,"turns":4.0},{"damage":16.0,"enemies":"Slavers","floor":25.0,"turns":5.0},{"damage":11,"enemies":"Gremlin Leader","floor":27,"turns":4},{"damage":0,"enemies":"Sentry and Sphere","floor":28,"turns":4},{"damage":46,"enemies":"Masked Bandits","floor":31,"turns":6},{"damage":51,"enemies":"Automaton","floor":33,"turns":7},{"damage":17,"enemies":"Orb Walker","floor":35,"turns":4},{"damage":10,"enemies":"Mind Bloom Boss Battle","floor":36,"turns":6},{"damage":15,"enemies":"2 Orb Walkers","floor":37,"turns":3},{"damage":5,"enemies":"3 Shapes","floor":38,"turns":3},{"damage":4,"enemies":"Transient","floor":39,"turns":5},{"damage":12,"enemies":"Nemesis","floor":40,"turns":7},{"damage":4,"enemies":"Giant Head","floor":44,"turns":5},{"damage":8,"enemies":"Sphere and 2 Shapes","floor":45,"turns":5},{"damage":3,"enemies":"Maw","floor":47,"turns":4},{"damage":1,"enemies":"Jaw Worm Horde","floor":48,"turns":2},{"damage":35,"enemies":"Time Eater","floor":50,"turns":15}],"seed_played":"3100794781439315063","potions_obtained":[{"floor":1.0,"key":"SneckoOil"},{"floor":6.0,"key":"Weak Potion"},{"floor":11.0,"key":"Strength Potion"},{"floor":18.0,"key":"DuplicationPotion"},{"floor":24.0,"key":"Explosive Potion"},{"floor":31,"key":"FearPotion"},{"floor":33,"key":"BloodPotion"},{"floor":35,"key":"SneckoOil"},{"floor":37,"key":"ColorlessPotion"},{"floor":40,"key":"CultistPotion"}],"is_trial":false,"path_per_floor":["M","M","?","M","M","E","R","$","T","R","E","R","?","?","R","B",null,"M","?","$","M","?","E","M","E","T","E","M","?","?","?","R","B",null,"M","?","?","M","M","E","$","?","T","E","M","?","M","M","R","B",null],"character_chosen":"IRONCLAD","items_purchased":["Reaper","True Grit+1","Feel No Pain","Membership Card","Strawberry","Mango","Feel No Pain+1"],"campfire_rested":2,"item_purchase_floors":[8,20,20,41,41,41,41],"current_hp_per_floor":[71,64,56,52,31,11,35,35,35,35,24,24,21,14,38,8,62,62,54,54,66,66,64,61,65,65,64,64,48,74,44,44,19,65,48,69,67,62,76,78,99,99,99,98,93,93,95,94,94,61],"gold":545,"neow_bonus":"BOSS_RELIC","is_daily":false,"chose_seed":false,"campfire_upgraded":4,"win_rate":0.0,"timestamp":1613918138,"path_taken":["M","M","?","M","?","E","R","$","T","R","E","R","?","?","R","BOSS","M","?","?","M","?","E","M","E","T","E","?","?","?","?","R","BOSS","M","?","?","M","M","E","$","?","T","E","M","?","M","M","R","BOSS"],"items_purchased_type":["Card","Card","Card","Relic","Relic","Relic","Card"],"build_version":"2020-12-22","purchased_purges":2,"victory":true,"max_hp_per_floor":[80,80,80,80,80,80,80,80,80,80,80,80,80,80,80,80,80,80,80,80,80,80,80,80,80,80,80,80,80,80,80,80,80,80,80,80,80,80,80,80,101,101,101,101,101,96,96,96,96,96],"card_choices":[{"not_picked":["Bloodletting","Thunderclap"],"picked":"Havoc","floor":1.0},{"not_picked":["Power Through","Reckless Charge"],"picked":"Wild Strike","floor":2.0},{"not_picked":["Dark Embrace","Anger"],"picked":"Headbutt","floor":4.0},{"not_picked":["Seeing Red","Flex"],"picked":"Havoc","floor":5.0},{"not_picked":["Body Slam","Perfected Strike"],"picked":"Double Tap+1","floor":6.0},{"not_picked":["Rage+1","Burning Pact+1"],"picked":"Havoc+1","floor":11.0},{"not_picked":["Berserk","Fiend Fire"],"picked":"Immolate","floor":16.0},{"not_picked":["Flex+1","Anger"],"picked":"Shrug It Off+1","floor":18.0},{"not_picked":["Anger","Thunderclap"],"picked":"True Grit+1","floor":21.0},{"not_picked":["Hemokinesis","Rupture+1","Perfected Strike+1"],"picked":"SKIP","floor":23.0},{"not_picked":["Cleave","Rampage","Perfected Strike"],"picked":"SKIP","floor":24.0},{"not_picked":["Rupture+1","Clothesline"],"picked":"Limit Break+1","floor":25.0},{"not_picked":["Power Through+1","Carnage"],"picked":"Ghostly Armor+1","floor":27},{"not_picked":["Flex+1","Iron Wave"],"picked":"Shockwave+1","floor":28},{"not_picked":["Whirlwind+1","Twin Strike"],"picked":"Dark Embrace+1","floor":31},{"not_picked":["Feed","Bludgeon"],"picked":"Brutality+1","floor":33},{"not_picked":["Perfected Strike","Twin Strike+1","Cleave+1"],"picked":"SKIP","floor":35},{"not_picked":["Clash","Combust+1"],"picked":"Battle Trance+1","floor":36},{"not_picked":["Cleave+1","Power Through+1"],"picked":"True Grit+1","floor":37},{"not_picked":["Heavy Blade","Clash","Body Slam+1"],"picked":"SKIP","floor":38},{"not_picked":["True Grit+1","Iron Wave","Wild Strike+1"],"picked":"SKIP","floor":38},{"not_picked":["Immolate","Twin Strike+1"],"picked":"Sentinel+1","floor":39},{"not_picked":["Armaments+1","Rage+1","Anger"],"picked":"SKIP","floor":39},{"not_picked":["Rage+1","Carnage+1"],"picked":"Disarm+1","floor":40},{"not_picked":["Rampage+1","Dark Embrace+1"],"picked":"Barricade+1","floor":44},{"not_picked":["Iron Wave","Carnage"],"picked":"Headbutt+1","floor":45},{"not_picked":["Iron Wave","Infernal Blade+1"],"picked":"Sword Boomerang+1","floor":45},{"not_picked":["Clothesline","Pommel Strike+1"],"picked":"Entrench+1","floor":47},{"not_picked":["Perfected Strike","Armaments+1"],"picked":"Battle Trance+1","floor":47},{"not_picked":["Infernal Blade+1","Armaments+1"],"picked":"Headbutt+1","floor":48},{"not_picked":["Sword Boomerang+1","Power Through+1"],"picked":"Disarm+1","floor":48}],"player_experience":230839,"relics_obtained":[{"floor":6.0,"key":"Toxic Egg 2"},{"floor":9.0,"key":"Self Forming Clay"},{"floor":11.0,"key":"Bag of Marbles"},{"floor":23.0,"key":"Frozen Egg 2"},{"floor":25.0,"key":"Pantograph"},{"floor":26.0,"key":"MawBank"},{"floor":27,"key":"Ginger"},{"floor":29,"key":"Enchiridion"},{"floor":31,"key":"Red Mask"},{"floor":36,"key":"Gambling Chip"},{"floor":37,"key":"Prayer Wheel"},{"floor":40,"key":"Regal Pillow"},{"floor":43,"key":"Nunchaku"},{"floor":44,"key":"White Beast Statue"}],"event_choices":[{"damage_healed":0.0,"max_hp_gain":0.0,"max_hp_loss":0.0,"gold_gain":75.0,"event_name":"FaceTrader","player_choice":"Touch","floor":3.0,"gold_loss":0.0,"damage_taken":8.0},{"damage_healed":0.0,"max_hp_gain":0.0,"max_hp_loss":0.0,"gold_gain":0.0,"event_name":"Scrap Ooze","player_choice":"Success","floor":13.0,"gold_loss":0.0,"damage_taken":3.0,"relics_obtained":["Oddly Smooth Stone"]},{"cards_removed":["Strike_R"],"damage_healed":0.0,"max_hp_gain":0.0,"max_hp_loss":0.0,"gold_gain":0.0,"event_name":"Golden Wing","player_choice":"Card Removal","floor":14.0,"gold_loss":0.0,"damage_taken":7.0},{"damage_healed":0.0,"max_hp_gain":0.0,"max_hp_loss":0.0,"gold_gain":0.0,"event_name":"Wheel of Change","player_choice":"Damaged","floor":19.0,"gold_loss":0.0,"damage_taken":8.0},{"damage_healed":0.0,"max_hp_gain":0.0,"max_hp_loss":0.0,"gold_gain":0.0,"event_name":"Accursed Blacksmith","player_choice":"Forge","floor":22.0,"gold_loss":0.0,"damage_taken":0.0,"cards_upgraded":["Immolate"]},{"damage_healed":0,"gold_gain":0,"player_choice":"Obtained Book","damage_taken":16,"max_hp_gain":0,"max_hp_loss":0,"event_name":"Cursed Tome","floor":29,"gold_loss":0},{"damage_healed":26,"gold_gain":0,"player_choice":"Heal","damage_taken":0,"max_hp_gain":0,"max_hp_loss":0,"event_name":"The Library","floor":30,"gold_loss":0},{"damage_healed":0,"gold_gain":0,"player_choice":"Fought Bandits","damage_taken":0,"max_hp_gain":0,"max_hp_loss":0,"event_name":"Masked Bandits","floor":31,"gold_loss":0},{"damage_healed":0,"gold_gain":0,"player_choice":"Fight","damage_taken":0,"max_hp_gain":0,"max_hp_loss":0,"event_name":"MindBloom","floor":36,"gold_loss":0},{"damage_healed":0,"gold_gain":0,"player_choice":"Fight","damage_taken":0,"max_hp_gain":0,"max_hp_loss":0,"event_name":"Mysterious Sphere","floor":37,"gold_loss":0},{"damage_healed":0,"gold_gain":222,"player_choice":"Wore Mask","damage_taken":0,"max_hp_gain":0,"max_hp_loss":0,"event_name":"Tomb of Lord Red Mask","floor":42,"gold_loss":0},{"damage_healed":0,"gold_gain":0,"player_choice":"Max HP","damage_taken":0,"max_hp_gain":0,"max_hp_loss":5,"event_name":"Winding Halls","floor":46,"gold_loss":0}],"is_beta":false,"boss_relics":[{"not_picked":["Tiny House","SacredBark"],"picked":"Coffee Dripper"},{"not_picked":["Mark of Pain","Astrolabe"],"picked":"Philosopher\u0027s Stone"}],"items_purged_floors":[8,41],"is_endless":false,"potions_floor_spawned":[1,6,11,18,24,31,33,35,37,40,45,47,48],"ascension_level":7}}