{"host":"uhi6g4fgvyietct9","time":1613903330,"event":{"mods":["AchievementEnabler","BaseMod","Colored Map","Colored Powertips","Minty Spire (QoL Compilation)","StSLib","SuperFastMode"],"gold_per_floor":[113,188,9,9,9,36,47,59,59,59,84,47,47,72,72,72,72],"floor_reached":16,"language":"KOR","playtime":468,"items_purged":[],"score":213,"play_id":"2663a26a-028f-4627-b68d-d023bbdb21cc","local_time":"20210221192850","is_ascension_mode":true,"campfire_choices":[{"floor":10.0,"key":"REST"},{"data":"Distraction","floor":15.0,"key":"SMITH"}],"circlet_count":0,"master_deck":["AscendersBane","Strike_G","Strike_G","Strike_G","Strike_G","Defend_G+1","Defend_G","Defend_G","Defend_G","Defend_G","Survivor","Neutralize","Accuracy","Acrobatics+1","Distraction+1","PiercingWail","Slice","Backstab","Noxious Fumes"],"relics":["Ring of the Snake","NeowsBlessing","Lizard Tail","Bottled Lightning","Tingsha","Golden Idol"],"acts_visited":["Exordium"],"potions_floor_usage":[16],"damage_taken":[{"damage":0.0,"enemies":"2 Louse","floor":1.0,"turns":1.0},{"damage":0.0,"enemies":"Lagavulin","floor":6.0,"turns":1.0},{"damage":0.0,"enemies":"Jaw Worm","floor":7.0,"turns":1.0},{"damage":4.0,"enemies":"Small Slimes","floor":8.0,"turns":4.0},{"damage":27.0,"enemies":"Gremlin Nob","floor":11.0,"turns":5.0},{"damage":0.0,"enemies":"2 Fungi Beasts","floor":14.0,"turns":3.0},{"damage":13,"enemies":"The Guardian","floor":16,"turns":8}],"seed_played":"5398603728333882457","potions_obtained":[{"floor":1.0,"key":"Poison Potion"},{"floor":8.0,"key":"Poison Potion"},{"floor":11.0,"key":"AttackPotion"}],"is_trial":false,"path_per_floor":["M","?","$","?","?","E","M","M","T","R","E","$","?","M","R","B"],"character_chosen":"THE_SILENT","items_purchased":["Accuracy","Acrobatics","Distraction","Backstab"],"campfire_rested":1,"item_purchase_floors":[3,3,3,12],"current_hp_per_floor":[63,52,52,38,31,31,31,27,27,48,21,21,21,21,21,8,8],"gold":72,"neow_bonus":"THREE_ENEMY_KILL","is_daily":false,"chose_seed":false,"campfire_upgraded":1,"win_rate":0.0,"timestamp":1613903330,"path_taken":["M","?","$","?","?","E","M","M","T","R","E","?","?","?","R","BOSS"],"items_purchased_type":["Card","Card","Card","Card"],"build_version":"2020-12-22","purchased_purges":0,"victory":false,"max_hp_per_floor":[70,70,70,70,70,70,70,70,70,70,70,70,65,65,65,65,65],"card_choices":[{"not_picked":["Outmaneuver","Catalyst","Crippling Poison"],"picked":"SKIP","floor":1.0},{"not_picked":["Flechettes","Eviscerate"],"picked":"PiercingWail","floor":6.0},{"not_picked":["Poisoned Stab","Deadly Poison","Bouncing Flask"],"picked":"SKIP","floor":7.0},{"not_picked":["Bullet Time","Dagger Throw","Sucker Punch"],"picked":"SKIP","floor":8.0},{"not_picked":["Poisoned Stab","Bane"],"picked":"Slice","floor":11.0},{"not_picked":["Finisher","Storm of Steel"],"picked":"Noxious Fumes","floor":14.0}],"player_experience":612908,"relics_obtained":[{"floor":6.0,"key":"Lizard Tail"},{"floor":9.0,"key":"Bottled Lightning"},{"floor":11.0,"key":"Tingsha"}],"event_choices":[{"damage_healed":0.0,"max_hp_gain":0.0,"max_hp_loss":0.0,"gold_gain":75.0,"event_name":"World of Goop","player_choice":"Gather Gold","floor":2.0,"gold_loss":0.0,"damage_taken":11.0},{"damage_healed":0.0,"max_hp_gain":0.0,"max_hp_loss":0.0,"gold_gain":0.0,"event_name":"Shining Light","player_choice":"Entered Light","floor":4.0,"gold_loss":0.0,"damage_taken":14.0,"cards_upgraded":["Acrobatics","Defend_G"]},{"cards_removed":["Strike_G"],"damage_healed":0.0,"max_hp_gain":0.0,"max_hp_loss":0.0,"gold_gain":0.0,"event_name":"Golden Wing","player_choice":"Card Removal","floor":5.0,"gold_loss":0.0,"damage_taken":7.0},{"damage_healed":0.0,"max_hp_gain":0.0,"max_hp_loss":5.0,"gold_gain":0.0,"event_name":"Golden Idol","player_choice":"Lose Max HP","floor":13.0,"gold_loss":0.0,"damage_taken":0.0,"relics_obtained":["Golden Idol"]}],"is_beta":false,"boss_relics":[],"items_purged_floors":[],"is_endless":false,"potions_floor_spawned":[1,8,11],"killed_by":"The Guardian","ascension_level":12}}