{"host":"2a0mdijsgk15db4y","time":1613869673,"event":{"mods":["AchievementEnabler","BaseMod","Colored Map","Colored Powertips","Downfall","Googly Eyes","Hermit","Highlight Path","Hubris","Jorbs\u0027s Wanderer Trilogy","Minty Spire (QoL Compilation)","Quick Restart","Rare Cards Sparkle","Replay The Spire","Shop Mod","StSLib","The Bug Knight","The Construct","The Cursed","The Hierophant","The Mystic"],"gold_per_floor":[99,114,114,114,127,161,161,261,280,280,280,306,306,306,319,418,418,418,437,437,457,457,473,528,53,65,65,75,85,85,118,134,239,239,239,259,270,270,270,270,294,307,47,62,62,138,138,152,172,172],"floor_reached":51,"language":"ENG","playtime":3245,"items_purged":[],"score":804,"play_id":"3b7abcac-c481-4c08-acb7-5014284719fa","local_time":"20210220170753","is_ascension_mode":false,"campfire_choices":[{"data":"sneckomod:TailWhip","floor":10,"key":"SMITH"},{"data":"sneckomod:MorePower","floor":18,"key":"SMITH"},{"data":"sneckomod:DiceBoulder+1","floor":27,"key":"SMITH"},{"data":"sneckomod:DiceBoulder+2","floor":30,"key":"SMITH"},{"data":"sneckomod:DiceBoulder+3","floor":35,"key":"SMITH"},{"data":"sneckomod:DiceBoulder+4","floor":40,"key":"SMITH"},{"data":"sneckomod:SerpentMind","floor":45,"key":"SMITH"},{"data":"sneckomod:DiceBoulder+5","floor":47,"key":"SMITH"}],"circlet_count":0,"master_deck":["sneckomod:Strike","sneckomod:Strike","sneckomod:Defend","sneckomod:Defend","sneckomod:Defend","sneckomod:TailWhip+1","sneckomod:SnekBite","sneckomod:Unknown","hexamod:RecurringNightmare","sneckomod:UnknownBlock","Inflame","sneckomod:IronFang","sneckomod:MorePower+1","sneckomod:UnknownDraw+1","sneckomod:RainOfDice","hermit:Quickdraw","sneckomod:DiceBoulder+6","sneckomod:UnknownRareAttack+1","sneckomod:UnknownExhaust+1","sneckomod:Unknown3Cost+1","sneckomod:SerpentMind+1","Delirium","sneckomod:SlitherStrike"],"relics":["sneckomod:SneckoSoul","hubris:Icosahedron","downfall:ShatteredFragment","Thread and Needle","sneckomod:SneckoCommon","hubris:Towel","Kunai","Black Star","Pen Nib","hubris:MedicalManual","ClockworkSouvenir","Anchor","Gremlin Horn","ChewingGum","Ring of Fangs","Ring of Misfortune","Replay:Rubber Ducky","sneckomod:LoadedDie","Toy Ornithopter"],"acts_visited":["Exordium","TheCity","TheBeyond"],"potions_floor_usage":[15,19,29,31,31,32,43,44,49],"damage_taken":[{"damage":12,"enemies":"Small Slimes","floor":2,"turns":3},{"damage":3,"enemies":"Jaw Worm","floor":5,"turns":3},{"damage":8,"enemies":"Gremlin Nob","floor":6,"turns":3},{"damage":0,"enemies":"2 Louse","floor":9,"turns":2},{"damage":4,"enemies":"Lagavulin","floor":12,"turns":5},{"damage":0,"enemies":"Gremlin Gang","floor":15,"turns":4},{"damage":28,"enemies":"WA_ARCHETYPE_RETAIN","floor":16,"turns":9},{"damage":1,"enemies":"3 Byrds","floor":19,"turns":5},{"damage":8,"enemies":"Snecko","floor":21,"turns":4},{"damage":20,"enemies":"Centurion and Healer","floor":23,"turns":8},{"damage":1,"enemies":"downfall:FleeingMerchant","floor":25,"turns":4},{"damage":10,"enemies":"Cultist and Chosen","floor":26,"turns":6},{"damage":5,"enemies":"3 Cultists","floor":28,"turns":5},{"damage":3,"enemies":"Centurion and Healer","floor":29,"turns":6},{"damage":10,"enemies":"Book of Stabbing","floor":31,"turns":4},{"damage":2,"enemies":"Cultist and Chosen","floor":32,"turns":4},{"damage":32,"enemies":"DF_ARCHETYPE_CLAW","floor":33,"turns":6},{"damage":0,"enemies":"Orb Walker","floor":36,"turns":3},{"damage":11,"enemies":"3 Darklings","floor":37,"turns":5},{"damage":14,"enemies":"Jaw Worm Horde","floor":42,"turns":4},{"damage":5,"enemies":"downfall:FleeingMerchant","floor":43,"turns":5},{"damage":3,"enemies":"Maw","floor":44,"turns":5},{"damage":0,"enemies":"4 Shapes","floor":48,"turns":5},{"damage":0,"enemies":"Sphere and 2 Shapes","floor":49,"turns":2},{"damage":11,"enemies":"IC_BLOCK_ARCHETYPE","floor":50,"turns":10}],"seed_played":"-164809770923557932","potions_obtained":[{"floor":5,"key":"Block Potion"},{"floor":16,"key":"PowerPotion"},{"floor":23,"key":"DistilledChaos"},{"floor":26,"key":"FearPotion"},{"floor":28,"key":"AttackPotion"},{"floor":31,"key":"FearPotion"},{"floor":36,"key":"Languid Potion"},{"floor":37,"key":"SpeedPotion"},{"floor":48,"key":"Fruit Juice"}],"is_trial":false,"path_per_floor":["R","M","?","?","M","E","T","?","M","R","?","E","R","?","M","B",null,"R","M","?","M","?","M","T","$","M","R","M","M","R","E","M","B",null,"R","M","M","?","?","R","T","M","$","M","R","?","R","M","M","B",null],"character_chosen":"THE_SNECKO","items_purchased":["hubris:MedicalManual","ClockworkSouvenir","sneckomod:LoadedDie"],"campfire_rested":0,"item_purchase_floors":[25,25,43],"current_hp_per_floor":[99,87,87,66,63,55,55,55,55,55,55,51,51,56,56,28,104,104,103,103,95,95,75,75,74,64,64,59,56,56,53,51,19,104,104,104,93,93,93,93,93,79,74,71,71,71,71,78,88,77],"gold":172,"neow_bonus":"TEN_PERCENT_HP_BONUS","is_daily":false,"chose_seed":false,"campfire_upgraded":8,"win_rate":0.0,"timestamp":1613869673,"path_taken":["R","M","?","?","?","E","T","?","M","R","?","E","R","?","M","BOSS","R","M","?","M","?","M","T","$","M","R","M","?","R","E","M","BOSS","R","M","M","?","?","R","T","M","$","M","R","?","R","M","M","BOSS"],"items_purchased_type":["Relic","Relic","Relic"],"build_version":"2020-12-22","purchased_purges":0,"victory":true,"max_hp_per_floor":[99,99,99,99,99,99,99,99,99,99,99,99,99,104,104,104,104,104,104,104,104,104,104,104,104,104,104,104,104,104,104,104,104,104,104,104,104,104,104,104,104,104,104,104,104,104,104,104,109,109],"card_choices":[{"not_picked":["sneckomod:DiceCrush","sneckomod:WideSting","sneckomod:UnknownCommonAttack"],"picked":"SKIP","floor":2},{"not_picked":["sneckomod:UnknownCommonSkill","sneckomod:UnknownCommonAttack","sneckomod:Nope"],"picked":"SKIP","floor":5},{"not_picked":["sneckomod:Unknown1Cost","sneckomod:SerpentMind","sneckomod:DiceCrush"],"picked":"SKIP","floor":6},{"not_picked":["sneckomod:WideSting","sneckomod:DiceBlock","sneckomod:UnendingSupply"],"picked":"SKIP","floor":9},{"not_picked":["sneckomod:DefensiveFlair","sneckomod:DiceCrush"],"picked":"sneckomod:UnknownBlock","floor":12},{"not_picked":["sneckomod:RainOfDice","sneckomod:Unknown0Cost"],"picked":"sneckomod:IronFang","floor":15},{"not_picked":["sneckomod:UnknownRareSkill","sneckomod:UnlimitedRolls"],"picked":"sneckomod:MorePower","floor":16},{"not_picked":["sneckomod:UnknownStrike+1","sneckomod:UnknownClassHEXA_GHOST_PURPLE+1"],"picked":"sneckomod:UnknownDraw+1","floor":19},{"not_picked":["sneckomod:UnknownVulnerable+1","sneckomod:UnknownBlock"],"picked":"sneckomod:RainOfDice","floor":19},{"not_picked":["sneckomod:UnknownClassRED","sneckomod:UnknownCommonSkill","sneckomod:UnknownCommonAttack"],"picked":"SKIP","floor":21},{"not_picked":["sneckomod:DiceBoulder+1","sneckomod:Unknown0Cost","sneckomod:MasterEye+1"],"picked":"SKIP","floor":23},{"not_picked":["sneckomod:Unknown0Cost","sneckomod:MasterEye+1"],"picked":"sneckomod:DiceBoulder+1","floor":23},{"not_picked":["sneckomod:Unknown2Cost+1","sneckomod:UnknownVulnerable+1"],"picked":"sneckomod:UnknownRareAttack+1","floor":25},{"not_picked":["sneckomod:SlitherStrike","sneckomod:UnknownCommonAttack","sneckomod:DiceBoulder"],"picked":"SKIP","floor":25},{"not_picked":["sneckomod:Unknown2Cost+1","sneckomod:UnknownRareAttack+1"],"picked":"sneckomod:UnknownExhaust+1","floor":26},{"not_picked":["sneckomod:UnknownBlock","sneckomod:SerpentMind","sneckomod:WideSting"],"picked":"SKIP","floor":26},{"not_picked":["sneckomod:UnknownClassRED+1","sneckomod:UnknownCommonSkill","sneckomod:TrashToTreasure"],"picked":"SKIP","floor":28},{"not_picked":["sneckomod:UnknownCommonSkill","sneckomod:WideSting","sneckomod:DiceBlock"],"picked":"SKIP","floor":29},{"not_picked":["sneckomod:UnknownRareAttack+1","sneckomod:UnknownStrike+1"],"picked":"sneckomod:Unknown3Cost+1","floor":31},{"not_picked":["sneckomod:SoulRoll","sneckomod:UnknownClassTHE_BRONZE_AUTOMATON","sneckomod:QuickMove"],"picked":"SKIP","floor":31},{"not_picked":["sneckomod:SoulDraw+1","sneckomod:UnknownX","sneckomod:SnekBeam"],"picked":"SKIP","floor":32},{"not_picked":["sneckomod:UnlimitedRolls","sneckomod:Mudshield"],"picked":"sneckomod:SerpentMind","floor":33},{"not_picked":["sneckomod:UnknownVulnerable","sneckomod:UnknownUncommonAttack","sneckomod:UnknownBlock+1"],"picked":"SKIP","floor":36},{"not_picked":["sneckomod:Unknown1Cost+1","sneckomod:QuickMove","sneckomod:UnknownWeak+1"],"picked":"SKIP","floor":37},{"not_picked":["sneckomod:WideSting","sneckomod:DangerNoodle","sneckomod:SnekBeam+1"],"picked":"SKIP","floor":42},{"not_picked":["sneckomod:UnknownVulnerable","sneckomod:Unknown0Cost","sneckomod:SoulRoll"],"picked":"SKIP","floor":43},{"not_picked":["sneckomod:RainOfDice","sneckomod:DefensiveFlair","sneckomod:SlitherStrike+1"],"picked":"SKIP","floor":44},{"not_picked":["sneckomod:SoulDraw","sneckomod:UnknownCommonAttack+1"],"picked":"sneckomod:SlitherStrike","floor":46},{"not_picked":["sneckomod:DiceBoulder","sneckomod:UnknownWeak+1","sneckomod:UnknownClassRED"],"picked":"SKIP","floor":48},{"not_picked":["sneckomod:ImprovisedAttack","sneckomod:SoulRoll","sneckomod:UnknownWeak+1"],"picked":"SKIP","floor":49}],"player_experience":190835,"relics_obtained":[{"floor":6,"key":"Thread and Needle"},{"floor":7,"key":"sneckomod:SneckoCommon"},{"floor":12,"key":"Kunai"},{"floor":24,"key":"Pen Nib"},{"floor":31,"key":"Anchor"},{"floor":31,"key":"Gremlin Horn"},{"floor":38,"key":"Ring of Fangs"},{"floor":38,"key":"Ring of Misfortune"},{"floor":41,"key":"Replay:Rubber Ducky"},{"floor":46,"key":"Toy Ornithopter"}],"event_choices":[{"damage_healed":0,"gold_gain":0,"player_choice":"Donut","damage_taken":0,"max_hp_gain":5,"max_hp_loss":0,"event_name":"Big Fish","floor":14,"gold_loss":0},{"damage_healed":0,"gold_gain":0,"player_choice":"Read","damage_taken":0,"max_hp_gain":0,"max_hp_loss":0,"event_name":"The Library","floor":20,"gold_loss":0,"cards_obtained":["hermit:Quickdraw"]},{"damage_healed":0,"gold_gain":0,"player_choice":"Ignored","damage_taken":0,"max_hp_gain":0,"max_hp_loss":0,"event_name":"NoteForYourself","floor":22,"gold_loss":0},{"cards_removed":["sneckomod:Strike"],"damage_healed":0,"gold_gain":0,"player_choice":"Removed Attack","damage_taken":0,"max_hp_gain":0,"max_hp_loss":0,"event_name":"Falling","floor":39,"gold_loss":0}],"is_beta":false,"boss_relics":[{"not_picked":["hubris:TerracottaHorce","Calling Bell"],"picked":"Black Star"},{"not_picked":["Honey Jar","Runic Dome"],"picked":"ChewingGum"}],"items_purged_floors":[],"is_endless":false,"potions_floor_spawned":[5,16,23,26,28,31,36,37,48],"ascension_level":0}}