{"host":"wri98rxht4656ll8","time":1613903278,"event":{"mods":["AchievementEnabler","BaseMod","Colored Map","Colored Powertips","Minty Spire (QoL Compilation)","Permanent Neow","StSLib"],"gold_per_floor":[117,117,192,205,205,205,221,235,235,249,260,59,77,90,90,194,194,208,223,148,73,91,91,91,105,130,130,147,160,7,23,23,23,23],"floor_reached":33,"language":"ENG","playtime":2032,"items_purged":["Strike_R"],"score":295,"play_id":"ff9e17c3-d968-47b1-ad4b-4cc45e4be3bf","local_time":"20210221112758","is_ascension_mode":false,"campfire_choices":[{"data":"Thunderclap","floor":6,"key":"SMITH"},{"data":"True Grit","floor":15,"key":"SMITH"},{"data":"Demon Form","floor":23,"key":"SMITH"},{"floor":27,"key":"REST"},{"floor":32,"key":"REST"}],"circlet_count":0,"master_deck":["Strike_R+1","Strike_R","Defend_R","Defend_R","Defend_R+1","Defend_R","True Grit+1","Thunderclap+1","Feed","Power Through","Dual Wield","Flex","Feel No Pain","Rampage","Demon Form+1","Flame Barrier","Shrug It Off","Heavy Blade+1"],"relics":["Burning Blood","Bag of Marbles","Question Card","Chemical X","Philosopher\u0027s Stone","Nunchaku","Happy Flower"],"acts_visited":["Exordium","TheCity"],"potions_floor_usage":[16,25,31,33,33],"damage_taken":[{"damage":5,"enemies":"Small Slimes","floor":1,"turns":6},{"damage":0,"enemies":"2 Louse","floor":4,"turns":3},{"damage":0,"enemies":"Cultist","floor":7,"turns":2},{"damage":3,"enemies":"2 Fungi Beasts","floor":8,"turns":3},{"damage":7,"enemies":"Blue Slaver","floor":10,"turns":4},{"damage":0,"enemies":"Exordium Wildlife","floor":11,"turns":3},{"damage":0,"enemies":"Exordium Thugs","floor":13,"turns":4},{"damage":0,"enemies":"3 Louse","floor":14,"turns":2},{"damage":73,"enemies":"Slime Boss","floor":16,"turns":20},{"damage":15,"enemies":"2 Thieves","floor":18,"turns":4},{"damage":16,"enemies":"Chosen","floor":19,"turns":7},{"damage":26,"enemies":"Snecko","floor":22,"turns":8},{"damage":29,"enemies":"Snake Plant","floor":25,"turns":6},{"damage":18,"enemies":"Shelled Parasite and Fungi","floor":28,"turns":6},{"damage":28,"enemies":"Chosen and Byrds","floor":29,"turns":12},{"damage":61,"enemies":"3 Cultists","floor":31,"turns":8},{"damage":53,"enemies":"Collector","floor":33,"turns":7}],"seed_played":"3695498790122836470","potions_obtained":[{"floor":7,"key":"Strength Potion"},{"floor":11,"key":"ColorlessPotion"},{"floor":13,"key":"BloodPotion"},{"floor":16,"key":"LiquidBronze"},{"floor":25,"key":"BlessingOfTheForge"}],"is_trial":false,"path_per_floor":["M","?","?","M","?","R","M","M","T","M","M","$","M","M","R","B",null,"M","M","$","?","M","R","?","M","T","R","M","M","$","M","R","B"],"character_chosen":"IRONCLAD","items_purchased":["Chemical X","Flex","Happy Flower"],"campfire_rested":2,"item_purchase_floors":[12,12,30],"current_hp_per_floor":[80,64,53,59,59,59,65,71,71,73,82,82,91,95,95,31,98,92,85,85,85,65,65,65,45,45,77,68,49,49,23,58,5,5],"gold":23,"neow_bonus":"RANDOM_COMMON_RELIC","is_daily":false,"chose_seed":false,"campfire_upgraded":3,"win_rate":0.0,"timestamp":1613903278,"path_taken":["M","?","?","M","?","R","M","M","T","M","M","$","M","M","R","BOSS","M","?","$","?","M","R","?","M","T","R","M","M","$","M","R","BOSS"],"items_purchased_type":["Relic","Card","Relic"],"build_version":"2020-12-22","purchased_purges":1,"victory":false,"max_hp_per_floor":[80,80,80,80,80,80,80,83,83,86,89,89,92,95,95,98,98,101,104,104,104,104,104,104,107,107,107,110,113,113,119,119,119,119],"card_choices":[{"not_picked":["Metallicize","Reckless Charge"],"picked":"True Grit","floor":1},{"not_picked":["Clothesline","Twin Strike"],"picked":"Thunderclap","floor":4},{"not_picked":["Anger","Sever Soul"],"picked":"Feed","floor":7},{"not_picked":["Cleave","Headbutt","Uppercut"],"picked":"SKIP","floor":8},{"not_picked":["True Grit","Headbutt","Dropkick"],"picked":"Power Through","floor":10},{"not_picked":["Intimidate","Body Slam","Warcry"],"picked":"Dual Wield","floor":11},{"not_picked":["Sword Boomerang","Anger","Metallicize"],"picked":"Feel No Pain","floor":13},{"not_picked":["Pommel Strike","Impervious","Twin Strike"],"picked":"Rampage","floor":14},{"not_picked":["Barricade","Immolate","Bludgeon"],"picked":"Demon Form","floor":16},{"not_picked":["Carnage","Metallicize","True Grit"],"picked":"Flame Barrier","floor":18},{"not_picked":["Thunderclap","Blood for Blood","Armaments","Dropkick"],"picked":"SKIP","floor":19},{"not_picked":["Ghostly Armor","Clash","Clothesline","Combust"],"picked":"SKIP","floor":22},{"not_picked":["Thunderclap","Warcry","Pommel Strike","Heavy Blade"],"picked":"SKIP","floor":25},{"not_picked":["Clothesline","Flex","Disarm"],"picked":"Shrug It Off","floor":28},{"not_picked":["Exhume","Clash","Combust"],"picked":"Heavy Blade+1","floor":29},{"not_picked":["Heavy Blade","Body Slam","Flex","Warcry"],"picked":"SKIP","floor":31}],"player_experience":243965,"relics_obtained":[{"floor":9,"key":"Question Card"},{"floor":26,"key":"Nunchaku"}],"event_choices":[{"damage_healed":0,"gold_gain":0,"player_choice":"Entered Light","damage_taken":16,"max_hp_gain":0,"max_hp_loss":0,"event_name":"Shining Light","floor":2,"gold_loss":0,"cards_upgraded":["Strike_R","Defend_R"]},{"damage_healed":0,"gold_gain":75,"player_choice":"Gather Gold","damage_taken":11,"max_hp_gain":0,"max_hp_loss":0,"event_name":"World of Goop","floor":3,"gold_loss":0},{"cards_removed":["Bash"],"damage_healed":0,"gold_gain":0,"player_choice":"Purged","damage_taken":0,"max_hp_gain":0,"max_hp_loss":0,"event_name":"Purifier","floor":5,"gold_loss":0},{"cards_removed":["Strike_R"],"damage_healed":0,"gold_gain":0,"player_choice":"Gave Gold","damage_taken":0,"max_hp_gain":0,"max_hp_loss":0,"event_name":"Beggar","floor":21,"gold_loss":75},{"cards_removed":["Strike_R"],"damage_healed":0,"gold_gain":0,"player_choice":"Elegance","damage_taken":0,"max_hp_gain":0,"max_hp_loss":0,"event_name":"Back to Basics","floor":24,"gold_loss":0}],"is_beta":false,"boss_relics":[{"not_picked":["Velvet Choker","Runic Cube"],"picked":"Philosopher\u0027s Stone"}],"items_purged_floors":[20],"is_endless":false,"potions_floor_spawned":[7,11,13,16,18,19,25,29],"killed_by":"Collector","ascension_level":0}}