{"host":"sw6p9u0oh417cx03","time":1613910789,"event":{"mods":["AchievementEnabler","Act Like it!","BaseMod","CapriCore","DeckTracker","Highlight Path","Minty Spire (QoL Compilation)","Quick Restart","StSLib"],"gold_per_floor":[110,110,125,125,50,50,80,94,94,94,110,110,123,123,123,123,123],"floor_reached":16,"language":"ZHS","playtime":245,"items_purged":["Strike_G"],"score":125,"play_id":"1e5674c9-5a10-47c1-956d-1ad1a3d122dd","local_time":"20210221203309","is_ascension_mode":false,"campfire_choices":[{"data":"Blade Dance","floor":6.0,"key":"SMITH"},{"data":"Reflex","floor":10,"key":"SMITH"},{"data":"Prepared","floor":12,"key":"SMITH"},{"data":"Blade Dance","floor":15,"key":"SMITH"}],"circlet_count":0,"master_deck":["Strike_G","Strike_G","Strike_G","Defend_G","Defend_G","Defend_G","Defend_G","Defend_G","Survivor","Neutralize+1","Blade Dance+1","Backflip","Reflex+1","Prepared+1","Escape Plan","Blade Dance+1"],"relics":["Ring of the Snake","NeowsBlessing","Bird Faced Urn","Akabeko","White Beast Statue"],"acts_visited":["Exordium"],"potions_floor_usage":[11],"damage_taken":[{"damage":0.0,"enemies":"2 Louse","floor":1.0,"turns":1.0},{"damage":0.0,"enemies":"Cultist","floor":3.0,"turns":1.0},{"damage":0.0,"enemies":"Lagavulin","floor":7.0,"turns":1.0},{"damage":0,"enemies":"Jaw Worm","floor":8,"turns":3},{"damage":0,"enemies":"Gremlin Gang","floor":11,"turns":5},{"damage":0,"enemies":"Blue Slaver","floor":13,"turns":3},{"damage":3,"enemies":"The Guardian","floor":16,"turns":2}],"seed_played":"4268533232263811133","potions_obtained":[{"floor":7.0,"key":"CunningPotion"},{"floor":11,"key":"Poison Potion"},{"floor":13,"key":"ColorlessPotion"}],"is_trial":false,"path_per_floor":["M","?","M","?","$","R","E","M","T","R","M","R","M","?","R","B"],"character_chosen":"THE_SILENT","items_purchased":[],"campfire_rested":0,"item_purchase_floors":[],"current_hp_per_floor":[70,70,70,52,52,52,52,52,52,52,52,52,52,52,52,49,49],"gold":123,"neow_bonus":"THREE_ENEMY_KILL","is_daily":false,"chose_seed":false,"campfire_upgraded":4,"win_rate":0.0,"timestamp":1613910789,"path_taken":["M","?","?","?","?","R","E","M","T","R","M","R","?","?","R","BOSS"],"items_purchased_type":[],"build_version":"2020-12-22","purchased_purges":1,"victory":false,"max_hp_per_floor":[70,70,70,70,70,70,70,70,70,70,70,70,70,70,70,70,70],"card_choices":[{"not_picked":["Poisoned Stab","Flechettes","Masterful Stab"],"picked":"SKIP","floor":1.0},{"not_picked":["Acrobatics","Dash"],"picked":"Blade Dance","floor":3.0},{"not_picked":["Dagger Throw","Blur"],"picked":"Backflip","floor":7.0},{"not_picked":["Envenom","Cloak And Dagger"],"picked":"Reflex","floor":8},{"not_picked":["Outmaneuver","Backstab"],"picked":"Prepared","floor":11},{"not_picked":["Choke","All Out Attack"],"picked":"Escape Plan","floor":13}],"player_experience":302747,"relics_obtained":[{"floor":7.0,"key":"Akabeko"},{"floor":9,"key":"White Beast Statue"}],"event_choices":[{"damage_healed":0.0,"max_hp_gain":0.0,"max_hp_loss":0.0,"gold_gain":0.0,"event_name":"Accursed Blacksmith","player_choice":"Forge","floor":2.0,"gold_loss":0.0,"damage_taken":0.0,"cards_upgraded":["Neutralize"]},{"damage_healed":0.0,"max_hp_gain":0.0,"max_hp_loss":0.0,"gold_gain":0.0,"event_name":"Scrap Ooze","player_choice":"Success","floor":4.0,"gold_loss":0.0,"damage_taken":18.0,"relics_obtained":["Bird Faced Urn"]},{"damage_healed":0,"gold_gain":0,"cards_transformed":["Strike_G"],"player_choice":"Transformed","damage_taken":0,"max_hp_gain":0,"max_hp_loss":0,"event_name":"Transmorgrifier","floor":14,"gold_loss":0,"cards_obtained":["Blade Dance"]}],"is_beta":false,"boss_relics":[],"items_purged_floors":[5],"is_endless":false,"potions_floor_spawned":[7,11,13],"killed_by":"The Guardian","ascension_level":0}}