{"host":"5sw3zovcv0q4yiho","time":1613887031,"event":{"mods":["BaseMod","Minty Spire (QoL Compilation)","Replay The Spire","StSLib"],"gold_per_floor":[115,130,145,164,35,67,87,118,118,132,32,32,50,66,66,66,66],"floor_reached":16,"language":"ENG","playtime":2948,"items_purged":["Strike_B","Defend_B"],"score":116,"play_id":"aba0cfc7-0b9c-4613-aae3-05b36b62f2b2","local_time":"20210220235711","is_ascension_mode":false,"campfire_choices":[{"floor":15,"key":"REST"}],"circlet_count":0,"master_deck":["Strike_B","Strike_B","Defend_B","Defend_B","Defend_B","Zap","Dualcast","Tempest","Streamline","Coolheaded","FIFO Queue+1","Leap","Fusion","Go for the Eyes","Go for the Eyes"],"relics":["Cracked Core","Ginger","Turnip","Happy Flower","Boot"],"acts_visited":["Exordium"],"potions_floor_usage":[6,10,16],"damage_taken":[{"damage":3,"enemies":"Jaw Worm","floor":1,"turns":4},{"damage":1,"enemies":"Cultist","floor":2,"turns":3},{"damage":0,"enemies":"Small Slimes","floor":3,"turns":2},{"damage":5,"enemies":"3 Louse","floor":4,"turns":4},{"damage":8,"enemies":"Replay:BlueRogue","floor":6,"turns":6},{"damage":18,"enemies":"Exordium Wildlife","floor":7,"turns":4},{"damage":16,"enemies":"Lagavulin","floor":8,"turns":7},{"damage":21,"enemies":"Gremlin Gang","floor":10,"turns":4},{"damage":3,"enemies":"Large Slime","floor":13,"turns":6},{"damage":12,"enemies":"Blue Slaver","floor":14,"turns":4},{"damage":35,"enemies":"Fading Forest","floor":16,"turns":9}],"seed_played":"-407599254786996987","potions_obtained":[{"floor":1,"key":"SpeedPotion"},{"floor":3,"key":"Regen Potion"},{"floor":6,"key":"Swift Potion"},{"floor":13,"key":"BlessingOfTheForge"},{"floor":14,"key":"ColorlessPotion"}],"is_trial":false,"path_per_floor":["M","M","M","M","$","E","M","E","T","M","$","?","M","M","R","B"],"character_chosen":"DEFECT","items_purchased":["FIFO Queue+1"],"campfire_rested":1,"item_purchase_floors":[5],"current_hp_per_floor":[72,71,71,66,66,72,54,38,38,17,17,17,14,2,24,0,0],"gold":66,"neow_bonus":"REMOVE_CARD","is_daily":false,"chose_seed":false,"campfire_upgraded":0,"win_rate":0.0,"timestamp":1613887031,"path_taken":["M","M","M","M","$","E","M","E","T","M","$","?","M","?","R","BOSS"],"items_purchased_type":["Card"],"build_version":"2020-12-22","purchased_purges":2,"victory":false,"max_hp_per_floor":[75,75,75,75,75,75,75,75,75,75,75,75,75,75,75,75,75],"card_choices":[{"not_picked":["Time Bomb","ReplaySort"],"picked":"Tempest","floor":1},{"not_picked":["Steam Power","Panic Button","Gash"],"picked":"SKIP","floor":2},{"not_picked":["Stack","Ball Lightning"],"picked":"Streamline","floor":3},{"not_picked":["Rebound","Hello World"],"picked":"Coolheaded","floor":4},{"not_picked":["ReplayGash","Hello World"],"picked":"Leap","floor":6},{"not_picked":["Hologram","BasicCrystalCard"],"picked":"Fusion","floor":7},{"not_picked":["Chaos","ReplayTheSpireMod:Reroute Power"],"picked":"Go for the Eyes","floor":8},{"not_picked":["ReplayTheSpireMod:Repulse","Chaos","Scrape"],"picked":"SKIP","floor":10},{"not_picked":["Stack","Panic Button","Turbo"],"picked":"SKIP","floor":13},{"not_picked":["Biased Cognition","Compile Driver"],"picked":"Go for the Eyes","floor":14}],"player_experience":291459,"relics_obtained":[{"floor":6,"key":"Ginger"},{"floor":8,"key":"Turnip"},{"floor":9,"key":"Happy Flower"}],"event_choices":[{"damage_healed":0,"gold_gain":0,"player_choice":"Gave Potion","damage_taken":0,"relics_obtained":["Boot"],"max_hp_gain":0,"max_hp_loss":0,"event_name":"WeMeetAgain","floor":12,"gold_loss":0}],"is_beta":false,"boss_relics":[],"items_purged_floors":[5,11],"is_endless":false,"potions_floor_spawned":[1,3,6,13,14],"killed_by":"Fading Forest","ascension_level":0}}