{"host":"6ncdf681trjj7gs6","time":1613867095,"event":{"mods":["BaseMod","Colored Map","Downfall","Highlight Path","Minty Spire (QoL Compilation)","StSLib"],"gold_per_floor":[99,99,99,249,249,278,305,205,2,2,28,28,28,63,74,173,173,73,90,104,189,21,47,47,76,94,121,21,41,41,67,84,183,183,183,200,200,212,227,253,253,253,272,272,369,369,369,394,425,437,449,487,45,45,45,45],"floor_reached":57,"language":"ENG","playtime":4524,"items_purged":["champ:Strike","champ:Strike","champ:TornadoPunch+1"],"score":1511,"play_id":"686c934e-006b-4808-b1d9-237cdcd8a8c0","local_time":"20210220192455","is_ascension_mode":true,"campfire_choices":[{"floor":1.0,"key":"RECALL"},{"data":"champ:Taunt","floor":8.0,"key":"SMITH"},{"data":"champ:RageSigil","floor":10.0,"key":"SMITH"},{"data":"champ:DefensiveShout","floor":12.0,"key":"SMITH"},{"data":"champ:TornadoPunch","floor":18.0,"key":"SMITH"},{"data":"champ:VampiricStrike","floor":28.0,"key":"SMITH"},{"data":"champ:PreemptiveStrike","floor":35.0,"key":"SMITH"},{"data":"champ:SkillfulDodge","floor":47,"key":"SMITH"},{"data":"champ:RageSigil","floor":54,"key":"SMITH"}],"circlet_count":0,"master_deck":["champ:Defend+1","champ:Taunt+1","champ:ShieldWall+1","champ:RageSigil+1","champ:DefensiveShout+1","champ:RisingSlash+1","champ:ShieldSigil+1","champ:ShieldSigil+1","champ:DefensiveShout+1","champ:RapidStrikes+1","champ:VampiricStrike+1","champ:SkillfulDodge+1","champ:FocusedDefense+1","champ:PreemptiveStrike+1","champ:FlashCut+1","champ:ShieldThrow+1","champ:FocusedDefense+1","champ:Lariat+1","champ:RageSigil+1","champ:SkillfulDodge+1","champ:DefensiveStyle+1","Panache","Flash of Steel"],"relics":["champ:ChampionCrown","downfall:HeartsMalice","Happy Flower","HornCleat","Vajra","Sozu","champ:DefensiveTrainingManual","Darkstone Periapt","Guardian:PocketSentry","Eternal Feather","Unceasing Top","Empty Cage","Oddly Smooth Stone","Runic Dome","Juzu Bracelet","StoneCalendar","Anchor","Ginger","MawBank","Bottled Flame","Sling"],"acts_visited":["Exordium","TheCity","TheBeyond","TheEnding"],"potions_floor_usage":[45,56,56],"damage_taken":[{"damage":0.0,"enemies":"Jaw Worm","floor":2.0,"turns":1.0},{"damage":0.0,"enemies":"2 Louse","floor":3.0,"turns":1.0},{"damage":0.0,"enemies":"Cultist","floor":5.0,"turns":1.0},{"damage":60.0,"enemies":"3 Sentries","floor":6.0,"turns":8.0},{"damage":20.0,"enemies":"downfall:FleeingMerchant","floor":9.0,"turns":4.0},{"damage":16.0,"enemies":"Gremlin Nob","floor":11.0,"turns":3.0},{"damage":4.0,"enemies":"3 Sentries","floor":14.0,"turns":4.0},{"damage":0.0,"enemies":"2 Fungi Beasts","floor":15.0,"turns":2.0},{"damage":21.0,"enemies":"WA_ARCHETYPE_RETAIN","floor":16.0,"turns":4.0},{"damage":10.0,"enemies":"Shell Parasite","floor":19.0,"turns":2.0},{"damage":0.0,"enemies":"3 Byrds","floor":20.0,"turns":4.0},{"damage":10.0,"enemies":"downfall:FleeingMerchant","floor":22.0,"turns":4.0},{"damage":1.0,"enemies":"Slavers","floor":23.0,"turns":3.0},{"damage":0.0,"enemies":"Gremlin Leader","floor":25.0,"turns":7.0},{"damage":16.0,"enemies":"Centurion and Healer","floor":26.0,"turns":5.0},{"damage":0.0,"enemies":"Slavers","floor":27.0,"turns":2.0},{"damage":0.0,"enemies":"3 Cultists","floor":29.0,"turns":1.0},{"damage":0.0,"enemies":"Gremlin Leader","floor":31.0,"turns":3.0},{"damage":0.0,"enemies":"Sentry and Sphere","floor":32.0,"turns":3.0},{"damage":14.0,"enemies":"IC_MUSHROOM_ARCHETYPE","floor":33.0,"turns":6.0},{"damage":3.0,"enemies":"3 Shapes","floor":36.0,"turns":2.0},{"damage":0.0,"enemies":"Orb Walker","floor":38.0,"turns":1.0},{"damage":0.0,"enemies":"4 Shapes","floor":39.0,"turns":2.0},{"damage":0.0,"enemies":"Reptomancer","floor":40.0,"turns":4.0},{"damage":0.0,"enemies":"Maw","floor":43.0,"turns":4.0},{"damage":0,"enemies":"downfall:FleeingMerchant","floor":45,"turns":3},{"damage":8,"enemies":"Nemesis","floor":48,"turns":5},{"damage":0,"enemies":"3 Darklings","floor":49,"turns":2},{"damage":7,"enemies":"SI_POISON_ARCHETYPE","floor":50,"turns":5},{"damage":0,"enemies":"downfall:CharBossMerchant","floor":52,"turns":4},{"damage":16,"enemies":"downfall:NeowBoss","floor":55,"turns":8},{"damage":52,"enemies":"downfall:NeowBossFinal","floor":56,"turns":8}],"seed_played":"9012535748689146513","potions_obtained":[{"floor":6.0,"key":"SteroidPotion"},{"floor":14.0,"key":"Fire Potion"},{"floor":15.0,"key":"Energy Potion"}],"is_trial":false,"path_per_floor":["R","M","M","?","M","E","T","R","$","R","E","R","?","E","M","B",null,"R","M","M","?","$","E","T","E","M","E","R","M","?","E","M","B",null,"R","M","?","M","M","E","T","?","M","?","$","?","R","E","M","B",null,"E","$","R","B","B",null],"character_chosen":"THE_CHAMP","items_purchased":["champ:SetATrap","champ:RisingSlash","champ:DefensiveTrainingManual","Anchor","champ:SkillfulDodge","Panache","Flash of Steel","Sling"],"campfire_rested":0,"item_purchase_floors":[9,9,22,45,45,53,53,53],"current_hp_per_floor":[90,90,90,90,90,50,50,50,50,50,44,44,44,40,40,19,90,90,90,90,72,72,71,71,71,65,65,84,84,84,84,84,70,100,100,97,90,90,90,90,90,90,90,90,90,90,90,82,82,75,90,90,90,90,74,22],"gold":45,"neow_bonus":"THREE_ENEMY_KILL","is_daily":false,"chose_seed":false,"campfire_upgraded":8,"win_rate":0.0,"timestamp":1613867095,"path_taken":["R","M","M","?","M","E","T","R","$","R","E","R","?","E","M","BOSS","R","M","?","?","$","E","T","E","M","E","R","M","?","E","M","BOSS","R","M","?","M","M","E","T","?","M","?","$","?","R","E","M","BOSS","E","$","R","BOSS","BOSS"],"items_purchased_type":["Card","Card","Relic","Relic","Card","Card","Card","Relic"],"build_version":"2020-12-22","purchased_purges":3,"victory":true,"max_hp_per_floor":[90,90,90,90,90,90,90,90,90,90,90,90,90,90,90,90,90,90,90,90,90,90,90,90,90,90,90,100,100,100,100,100,100,100,100,100,90,90,90,90,90,90,90,90,90,90,90,90,90,90,90,90,90,90,90,90],"card_choices":[{"not_picked":["champ:CrownThrow","champ:PerfectedStrike"],"picked":"champ:ShieldWall","floor":2.0},{"not_picked":["champ:Backstep","champ:GutPunch"],"picked":"champ:RageSigil","floor":3.0},{"not_picked":["champ:SwordSigil","champ:PreciseThrust"],"picked":"champ:TornadoPunch","floor":5.0},{"not_picked":["champ:CrookedStrike","champ:DancingMaster","champ:DeathBlow"],"picked":"SKIP","floor":6.0},{"not_picked":["champ:ArenaPreparation","champ:Shatter"],"picked":"champ:DefensiveShout","floor":9.0},{"not_picked":["champ:StanceDance","champ:BerserkersShout","champ:DeathBlow"],"picked":"SKIP","floor":11.0},{"not_picked":["champ:PreciseThrust","champ:BladeFlurry"],"picked":"champ:RapidStrikes","floor":14.0},{"not_picked":["champ:PerfectedStrike","champ:IronFortress","champ:StanceDance"],"picked":"SKIP","floor":15.0},{"not_picked":["champ:StrikeOfGenius","champ:LastStand"],"picked":"champ:VampiricStrike","floor":16.0},{"not_picked":["champ:SetATrap","champ:BerserkersShout"],"picked":"champ:SkillfulDodge","floor":19.0},{"not_picked":["champ:CrookedStrike+1","champ:Backstep+1"],"picked":"champ:FocusedDefense+1","floor":20.0},{"not_picked":["champ:CrownThrow","champ:ShieldWall"],"picked":"champ:CalledShot","floor":22.0},{"not_picked":["champ:BerserkersShout","champ:BringItOn"],"picked":"champ:PreemptiveStrike","floor":23.0},{"not_picked":["champ:EndlessRage+1","champ:CrookedStrike"],"picked":"champ:FlashCut","floor":25.0},{"not_picked":["champ:SwordSigil","champ:Backstep+1"],"picked":"champ:StanceDance","floor":26.0},{"not_picked":["champ:FaceSlap","champ:BringItOn"],"picked":"champ:ShieldThrow","floor":27.0},{"not_picked":["champ:StanceDance","champ:ShieldSigil"],"picked":"champ:EnGarde+1","floor":29.0},{"not_picked":["champ:PerfectedStrike","champ:SwordThrow","champ:CrookedStrike"],"picked":"SKIP","floor":31.0},{"not_picked":["champ:PerfectedStrike","champ:SwordThrow","champ:CrookedStrike"],"picked":"SKIP","floor":31.0},{"not_picked":["champ:BerserkerStyle","champ:GladiatorStyle+1","champ:DeathBlow"],"picked":"SKIP","floor":32.0},{"not_picked":["champ:BerserkerStyle","champ:GladiatorStyle+1","champ:DeathBlow"],"picked":"SKIP","floor":32.0},{"not_picked":["champ:FlashCut","champ:CrookedStrike+1"],"picked":"champ:Lariat+1","floor":36.0},{"not_picked":["champ:ViciousMockery","champ:EndlessRage+1","champ:PreciseThrust"],"picked":"SKIP","floor":38.0},{"not_picked":["champ:GutPunch+1","champ:AdrenalArmor","champ:BringItOn+1"],"picked":"SKIP","floor":39.0},{"not_picked":["champ:CrownThrow","champ:GladiatorStyle","champ:PerfectedStrike"],"picked":"SKIP","floor":40.0},{"not_picked":["champ:GladiatorStyle+1","champ:Haymaker+1","champ:ShieldSigil"],"picked":"SKIP","floor":43.0},{"not_picked":["champ:PerfectedStrike","champ:Duel"],"picked":"champ:RageSigil","floor":45},{"not_picked":["champ:EnGarde","champ:ShieldSigil+1"],"picked":"champ:DefensiveStyle+1","floor":48},{"not_picked":["champ:GutPunch+1","champ:EnragedBash+1","champ:Shatter"],"picked":"SKIP","floor":49},{"not_picked":["champ:FlashCut","champ:Backstep+1","champ:HeartStrike+1"],"picked":"SKIP","floor":52}],"player_experience":990981,"relics_obtained":[{"floor":6.0,"key":"Happy Flower"},{"floor":11.0,"key":"HornCleat"},{"floor":14.0,"key":"Vajra"},{"floor":23.0,"key":"Darkstone Periapt"},{"floor":24.0,"key":"Guardian:PocketSentry"},{"floor":25.0,"key":"Eternal Feather"},{"floor":27.0,"key":"Unceasing Top"},{"floor":31.0,"key":"Oddly Smooth Stone"},{"floor":40.0,"key":"Juzu Bracelet"},{"floor":41.0,"key":"StoneCalendar"},{"floor":46,"key":"Ginger"},{"floor":48,"key":"MawBank"},{"floor":52,"key":"Bottled Flame"}],"event_choices":[{"damage_healed":0.0,"max_hp_gain":0.0,"max_hp_loss":0.0,"gold_gain":0.0,"event_name":"Ghosts","player_choice":"Ignored","floor":30.0,"gold_loss":0.0,"damage_taken":0.0},{"cards_removed":["champ:CalledShot"],"damage_healed":0.0,"max_hp_gain":0.0,"max_hp_loss":0.0,"gold_gain":0.0,"event_name":"Bonfire Elementals","player_choice":"Offered Uncommon","floor":42.0,"gold_loss":0.0,"damage_taken":0.0},{"cards_removed":["champ:EnGarde"],"damage_healed":0.0,"max_hp_gain":0.0,"max_hp_loss":0.0,"gold_gain":0.0,"event_name":"Falling","player_choice":"Removed Skill","floor":44.0,"gold_loss":0.0,"damage_taken":0.0}],"is_beta":false,"boss_relics":[{"not_picked":["Astrolabe","Cursed Key","Calling Bell"]},{"not_picked":["SacredBark","Sozu"],"picked":"Runic Dome"}],"items_purged_floors":[9,22,53],"is_endless":false,"potions_floor_spawned":[6,14,15,16,25,27,31,33,36,38,40],"ascension_level":1}}