{"host":"c1h8o8aodufyrxir","time":1613895305,"event":{"mods":["AchievementEnabler","BaseMod","Block Reminder","Downfall","Minty Spire (QoL Compilation)","Rare Cards Sparkle","Relic Stats","StSLib"],"gold_per_floor":[99,115,115,115,128,40,40,54,72,172,192,92,112,112,123,123,123,123],"floor_reached":16,"language":"ENG","playtime":1374,"items_purged":[],"score":121,"play_id":"a9184411-66d6-4260-8c37-9f8487a7f178","local_time":"20210221011505","is_ascension_mode":false,"campfire_choices":[{"data":"hexamod:Float","floor":1,"key":"SMITH"},{"floor":12,"key":"REST"}],"circlet_count":0,"master_deck":["hexamod:Strike","hexamod:Strike","hexamod:Strike","hexamod:Defend","hexamod:Defend","hexamod:Defend","hexamod:Defend","hexamod:Sear","hexamod:Float+1","hexamod:GhostLash","hexamod:SoulSteal","hexamod:InspiringFlames","hexamod:GhostflameBarrier","hexamod:Incineration","hexamod:HauntingEcho","hexamod:RainOfEmbers","hexamod:FastForward","hexamod:Incineration","hexamod:BurningTouch"],"relics":["hexamod:SpiritBrand","White Beast Statue","downfall:HeartBlessingBlue"],"acts_visited":["Exordium"],"potions_floor_usage":[10,10,14],"damage_taken":[{"damage":0,"enemies":"Small Slimes","floor":2,"turns":4},{"damage":1,"enemies":"Jaw Worm","floor":5,"turns":4},{"damage":0,"enemies":"downfall:FleeingMerchant","floor":6,"turns":4},{"damage":7,"enemies":"Cultist","floor":8,"turns":6},{"damage":8,"enemies":"Red Slaver","floor":9,"turns":3},{"damage":55,"enemies":"downfall:LadyInBlue","floor":10,"turns":12},{"damage":4,"enemies":"Blue Slaver","floor":11,"turns":3},{"damage":18,"enemies":"Gremlin Gang","floor":13,"turns":3},{"damage":0,"enemies":"Exordium Thugs","floor":14,"turns":1},{"damage":9,"enemies":"3 Louse","floor":15,"turns":3},{"damage":11,"enemies":"SI_SHIV_ARCHETYPE","floor":16,"turns":5}],"seed_played":"-4640745535831819258","potions_obtained":[{"floor":5,"key":"SpeedPotion"},{"floor":8,"key":"SneckoOil"},{"floor":10,"key":"SteroidPotion"},{"floor":10,"key":"Ancient Potion"},{"floor":10,"key":"SmokeBomb"},{"floor":15,"key":"ColorlessPotion"}],"is_trial":false,"path_per_floor":["R","M","?","?","M","$","T","M","M","?","M","R","M","M","M","B"],"character_chosen":"THE_SPIRIT","items_purchased":["hexamod:GhostflameBarrier"],"campfire_rested":1,"item_purchase_floors":[6],"current_hp_per_floor":[77,77,77,77,76,76,76,69,61,6,2,38,20,20,11,0,0,0],"gold":123,"neow_bonus":"TEN_PERCENT_HP_BONUS","is_daily":false,"chose_seed":false,"campfire_upgraded":1,"win_rate":0.0,"timestamp":1613895305,"path_taken":["R","M","?","?","?","?","T","M","?","?","M","R","M","M","M","BOSS"],"items_purchased_type":["Card"],"build_version":"2020-12-22","purchased_purges":0,"victory":false,"max_hp_per_floor":[77,77,77,77,77,77,77,77,77,77,77,87,87,87,87,87,87,87],"relic_stats":{"counters":[11,48],"obtain_stats":[{"downfall:HeartBlessingBlue":12,"hexamod:SpiritBrand":0,"White Beast Statue":10},{"downfall:HeartBlessingBlue":7,"hexamod:SpiritBrand":0,"White Beast Statue":6},{"downfall:HeartBlessingBlue":36,"hexamod:SpiritBrand":0,"White Beast Statue":33}]},"card_choices":[{"not_picked":["hexamod:SwordOfDarkness","hexamod:HeatShield"],"picked":"hexamod:GhostLash","floor":2},{"not_picked":["hexamod:SwordOfDarkness","hexamod:ShieldOfDarkness"],"picked":"hexamod:SoulSteal","floor":5},{"not_picked":["hexamod:NightmareGuise","hexamod:ThermalTransfer"],"picked":"hexamod:InspiringFlames","floor":6},{"not_picked":["hexamod:UnlimitedPower","hexamod:NightmareGuise"],"picked":"hexamod:Incineration","floor":8},{"not_picked":["hexamod:RecurringNightmare","hexamod:GhostflameBarrier"],"picked":"hexamod:HauntingEcho","floor":9},{"not_picked":["hexamod:SpectersWail","hexamod:ShieldOfDarkness"],"picked":"hexamod:RainOfEmbers","floor":10},{"not_picked":["hexamod:Rewind","hexamod:HeatShield"],"picked":"hexamod:FastForward","floor":11},{"not_picked":["hexamod:GhostLash","hexamod:GhostOfSpireFuture"],"picked":"hexamod:Incineration","floor":13},{"not_picked":["hexamod:GhostShield","hexamod:UnlimitedPower"],"picked":"hexamod:BurningTouch","floor":15}],"player_experience":179167,"relics_obtained":[{"floor":10,"key":"White Beast Statue"}],"event_choices":[{"damage_healed":0,"gold_gain":0,"player_choice":"Ignored","damage_taken":0,"max_hp_gain":0,"max_hp_loss":0,"event_name":"NoteForYourself","floor":4,"gold_loss":0}],"is_beta":false,"boss_relics":[],"items_purged_floors":[],"is_endless":false,"potions_floor_spawned":[5,8,11,13,14,15],"killed_by":"SI_SHIV_ARCHETYPE","ascension_level":0}}