{"host":"359hz4210ybch7ku","time":1613947176,"event":{"mods":["BaseMod","Block Reminder","Colored Map","Colored Powertips","Highlight Path","Minty Spire (QoL Compilation)","Slay the Relics Exporter","StSLib"],"gold_per_floor":[119,133,133,143,68,96,96,128,174,201,24,41,41,57,57,154,154,173,193,203,59,79,79,107,124,124,135,170,170,186,200,200,200,200],"floor_reached":33,"language":"ENG","playtime":2780,"items_purged":["Writhe","Decay"],"score":420,"play_id":"0324b797-bd1c-47ca-b077-c314c01fa328","local_time":"20210221143936","is_ascension_mode":true,"campfire_choices":[{"data":"Footwork","floor":7,"key":"SMITH"},{"floor":13,"key":"REST"},{"data":"Terror","floor":15,"key":"SMITH"},{"data":"Adrenaline","floor":23,"key":"SMITH"},{"data":"Acrobatics","floor":29,"key":"SMITH"},{"data":"Footwork","floor":32,"key":"SMITH"}],"circlet_count":0,"master_deck":["Strike_G","Strike_G","Strike_G","Defend_G","Defend_G","Defend_G","Defend_G","Defend_G","Survivor","Neutralize","Backstab","Flying Knee","Dash","Footwork+1","Forethought","Backstab","Acrobatics+1","Finisher","Footwork","Footwork+1","Backstab","Terror+1","Adrenaline+1","Blade Dance+1","Backflip","Flechettes","Blade Dance","Leg Sweep+1"],"relics":["Ring of the Snake","Bottled Tornado","Toy Ornithopter","Nunchaku","Bag of Preparation","HoveringKite","Lantern","Happy Flower","Frozen Egg 2"],"acts_visited":["Exordium","TheCity"],"potions_floor_usage":[6,6,16,16,24,24,24,30,31,33,33],"damage_taken":[{"damage":1,"enemies":"Small Slimes","floor":1,"turns":4},{"damage":0,"enemies":"Cultist","floor":2,"turns":3},{"damage":9,"enemies":"Jaw Worm","floor":4,"turns":3},{"damage":18,"enemies":"Gremlin Nob","floor":6,"turns":5},{"damage":20,"enemies":"3 Sentries","floor":8,"turns":13},{"damage":26,"enemies":"Lagavulin","floor":10,"turns":10},{"damage":0,"enemies":"Large Slime","floor":12,"turns":5},{"damage":0,"enemies":"Lots of Slimes","floor":14,"turns":1},{"damage":9,"enemies":"Slime Boss","floor":16,"turns":19},{"damage":0,"enemies":"3 Byrds","floor":18,"turns":5},{"damage":11,"enemies":"2 Thieves","floor":19,"turns":4},{"damage":7,"enemies":"Centurion and Healer","floor":20,"turns":4},{"damage":0,"enemies":"Snecko","floor":22,"turns":4},{"damage":0,"enemies":"Gremlin Leader","floor":24,"turns":6},{"damage":0,"enemies":"Snake Plant","floor":25,"turns":3},{"damage":8,"enemies":"Sentry and Sphere","floor":27,"turns":4},{"damage":7,"enemies":"Slavers","floor":28,"turns":4},{"damage":18,"enemies":"Snecko","floor":30,"turns":4},{"damage":0,"enemies":"Snake Plant","floor":31,"turns":4},{"damage":47,"enemies":"Automaton","floor":33,"turns":6}],"seed_played":"1408693288738133132","potions_obtained":[{"floor":4,"key":"EntropicBrew"},{"floor":6,"key":"DistilledChaos"},{"floor":10,"key":"Swift Potion"},{"floor":18,"key":"Swift Potion"},{"floor":19,"key":"EntropicBrew"},{"floor":31,"key":"LiquidMemories"}],"is_trial":false,"path_per_floor":["M","M","?","M","$","E","R","E","T","E","$","M","R","M","R","B",null,"M","M","M","$","M","R","E","M","T","M","E","R","M","M","R","B"],"character_chosen":"THE_SILENT","items_purchased":["Footwork","Lantern"],"campfire_rested":1,"item_purchase_floors":[11,21],"current_hp_per_floor":[69,69,69,60,60,47,47,27,27,1,1,1,22,22,22,23,58,58,47,40,40,40,40,55,55,55,47,40,40,27,32,32,0,0],"gold":200,"neow_bonus":"TRANSFORM_TWO_CARDS","is_daily":false,"chose_seed":false,"campfire_upgraded":5,"win_rate":0.0,"timestamp":1613947176,"path_taken":["M","M","?","M","$","E","R","E","T","E","?","M","R","M","R","BOSS","M","M","?","$","M","R","E","M","T","M","E","R","?","M","R","BOSS"],"items_purchased_type":["Card","Relic"],"build_version":"2020-12-22","purchased_purges":2,"victory":false,"max_hp_per_floor":[70,70,70,70,70,70,70,70,70,70,70,70,70,70,70,70,70,70,70,70,70,70,70,70,70,70,70,70,70,70,70,70,70,70],"card_choices":[{"not_picked":["Deadly Poison","Cloak And Dagger"],"picked":"Dash","floor":1},{"not_picked":["Predator","Slice"],"picked":"Footwork","floor":2},{"not_picked":["Dagger Throw","Slice"],"picked":"Backstab","floor":4},{"not_picked":["Cloak And Dagger","Calculated Gamble"],"picked":"Acrobatics","floor":6},{"not_picked":["Bouncing Flask","Choke"],"picked":"Finisher","floor":8},{"not_picked":["Tactician","Sucker Punch"],"picked":"Footwork","floor":10},{"not_picked":["Reflex","Quick Slash"],"picked":"Backstab","floor":12},{"not_picked":["Prepared","Underhanded Strike"],"picked":"Terror","floor":14},{"not_picked":["Malaise","Wraith Form v2"],"picked":"Adrenaline","floor":16},{"not_picked":["Tactician","Flying Knee","Underhanded Strike"],"picked":"SKIP","floor":18},{"not_picked":["Bouncing Flask","Bane"],"picked":"Blade Dance+1","floor":19},{"not_picked":["Tactician","Deadly Poison"],"picked":"Backflip","floor":20},{"not_picked":["Caltrops+1","Masterful Stab+1","Cloak And Dagger"],"picked":"SKIP","floor":22},{"not_picked":["Storm of Steel","All Out Attack+1"],"picked":"Flechettes","floor":24},{"not_picked":["Endless Agony","Prepared"],"picked":"Blade Dance","floor":25},{"not_picked":["Dagger Throw","Catalyst","Underhanded Strike+1"],"picked":"SKIP","floor":27},{"not_picked":["Infinite Blades+1","Tactician","Distraction"],"picked":"SKIP","floor":28},{"not_picked":["Dagger Throw+1","Reflex+1","Endless Agony+1"],"picked":"SKIP","floor":30},{"not_picked":["Expertise","Deadly Poison"],"picked":"Leg Sweep+1","floor":31}],"player_experience":343252,"relics_obtained":[{"floor":6,"key":"Bottled Tornado"},{"floor":8,"key":"Toy Ornithopter"},{"floor":9,"key":"Nunchaku"},{"floor":10,"key":"Bag of Preparation"},{"floor":24,"key":"Happy Flower"},{"floor":28,"key":"Frozen Egg 2"}],"event_choices":[{"damage_healed":0,"gold_gain":0,"player_choice":"2 cards matched","damage_taken":0,"max_hp_gain":0,"max_hp_loss":0,"event_name":"Match and Keep!","floor":3,"gold_loss":0,"cards_obtained":["Writhe","Forethought"]}],"is_beta":false,"boss_relics":[{"not_picked":["Ring of the Serpent","Tiny House"],"picked":"HoveringKite"}],"items_purged_floors":[5,11],"is_endless":false,"potions_floor_spawned":[4,6,8,10,18,19,20,27,31],"killed_by":"Automaton","ascension_level":5}}