{"host":"u2qrfxkm3wve0vp3","time":1613920043,"event":{"mods":["AchievementEnabler","BaseMod","Better Match","Better Note","Better Third Choice","Better Vampires","Downfall","Minty Spire (QoL Compilation)","Quick Restart","Shop Mod","StSLib","The Cursed","The Marked","The Servant 0.9.4"],"gold_per_floor":[111,121,121,121,52,52,72,96,96,132,153,153,171,171,171],"floor_reached":14,"language":"ZHS","playtime":371,"items_purged":[],"score":97,"play_id":"66aa5dbe-53c9-4d10-8ee3-4345914d609e","local_time":"20210221230723","is_ascension_mode":true,"campfire_choices":[{"data":"SilverBlades","floor":6,"key":"SMITH"},{"data":"SurpressingFire","floor":12,"key":"SMITH"}],"circlet_count":0,"master_deck":["Strike_S","Strike_S","Strike_S","Strike_S","Defend_S","Defend_S","Defend_S","KidneyShot","Exchange","KillingDoll","SilverBlades+1","BottledTime","BottledTime","ForgedInTime","SurpressingFire+1"],"relics":["Uniform","Golden Idol","Molten Egg 2","Darkstone Periapt"],"acts_visited":["Exordium"],"potions_floor_usage":[11],"damage_taken":[{"damage":3,"enemies":"Cultist","floor":1,"turns":5},{"damage":7,"enemies":"Small Slimes","floor":2,"turns":4},{"damage":5,"enemies":"2 Louse","floor":7,"turns":3},{"damage":8,"enemies":"Exordium Wildlife","floor":8,"turns":4},{"damage":26,"enemies":"Gremlin Nob","floor":10,"turns":4},{"damage":0,"enemies":"Red Slaver","floor":11,"turns":4},{"damage":11,"enemies":"Gremlin Gang","floor":13,"turns":5},{"damage":0,"enemies":"3 Sentries","floor":14,"turns":1}],"seed_played":"1227814436705007166","potions_obtained":[{"floor":2,"key":"Swift Potion"},{"floor":8,"key":"FairyPotion"},{"floor":13,"key":"SteroidPotion"}],"is_trial":false,"path_per_floor":["M","M","?","?","$","R","M","M","T","E","M","R","M","E"],"character_chosen":"THE_SERVANT","items_purchased":["SilverBlades"],"campfire_rested":0,"item_purchase_floors":[5],"current_hp_per_floor":[44,37,37,37,37,37,32,24,24,18,18,18,7,7,7],"gold":171,"neow_bonus":"THREE_RARE_CARDS","is_daily":false,"chose_seed":false,"campfire_upgraded":2,"win_rate":0.0,"timestamp":1613920043,"path_taken":["M","?","?","?","?","R","M","M","T","E","M","R","M","E"],"items_purchased_type":["Card"],"build_version":"2020-12-22","purchased_purges":0,"victory":false,"max_hp_per_floor":[65,65,65,60,60,60,60,60,60,60,60,60,60,60,60],"card_choices":[{"not_picked":["Initiator","FlawlessForm"],"picked":"KillingDoll","floor":0},{"not_picked":["Replace","TimeWarp","Potential"],"picked":"SKIP","floor":1},{"not_picked":["FanOfKnives","BottledTime","Spin"],"picked":"SKIP","floor":2},{"not_picked":["Unruled","TimeWarp"],"picked":"BottledTime","floor":7},{"not_picked":["MoonPhase","Unruled"],"picked":"BottledTime","floor":8},{"not_picked":["TimeWarp+1","Foresight"],"picked":"ForgedInTime","floor":10},{"not_picked":["Potential+1","DoubleEdge+1"],"picked":"SurpressingFire","floor":11},{"not_picked":["Potential+1","BestPractice","Starlight+1"],"picked":"SKIP","floor":13}],"player_experience":348826,"relics_obtained":[{"floor":9,"key":"Molten Egg 2"},{"floor":10,"key":"Darkstone Periapt"}],"event_choices":[{"cards_removed":["Defend_S"],"damage_healed":0,"gold_gain":0,"player_choice":"Forget","damage_taken":0,"max_hp_gain":0,"max_hp_loss":0,"event_name":"Living Wall","floor":3,"gold_loss":0},{"damage_healed":0,"gold_gain":0,"player_choice":"Lose Max HP","damage_taken":0,"relics_obtained":["Golden Idol"],"max_hp_gain":0,"max_hp_loss":5,"event_name":"Golden Idol","floor":4,"gold_loss":0}],"is_beta":false,"boss_relics":[],"items_purged_floors":[],"is_endless":false,"potions_floor_spawned":[2,8,13],"killed_by":"3 Sentries","ascension_level":1}}