{"host":"l46m38yewlsb1e16","time":1613871394,"event":{"mods":["BaseMod","Infinite Spire","Minty Spire (QoL Compilation)","Replay The Spire","Shop Mod","StSLib","The Jungle"],"gold_per_floor":[118,118,8,27,40,67,67,94,94,123,139,174,192,212,212,308,308,321,334,334,361,70,70,70,70],"floor_reached":24,"language":"ENG","playtime":1739,"items_purged":["Defend_R"],"score":330,"play_id":"a7436200-f23d-4024-8ad6-91b898c6a0aa","local_time":"20210221013634","is_ascension_mode":true,"campfire_choices":[{"data":"Inflame","floor":7,"key":"SMITH"},{"data":"Dark Embrace","floor":15,"key":"SMITH"},{"data":"Feel No Pain","floor":23,"key":"SMITH"}],"circlet_count":0,"master_deck":["Defend_R","Defend_R","Defend_R","Bash","Fiend Fire","Second Wind","Feel No Pain+1","Feel No Pain","Infernal Blade","Inflame+1","Pummel","Pummel","Dark Embrace+1","Immolate","ReplayTheSpireMod:Strike From Hell","ReplayTheSpireMod:Stacked","Pummel","ReplayTheSpireMod:Stacked","Juggernaut","Heavy Blade","Bite","Bite","Bite","Bite","Bite","Twin Strike","Secret Weapon","Flex"],"relics":["Burning Blood","Question Card","Durian","infinitespire:Beetle Shell","Shuriken","Snecko Heart"],"acts_visited":["Exordium","TheCity"],"potions_floor_usage":[8,12,16,19],"damage_taken":[{"damage":4,"enemies":"Jaw Worm","floor":1,"turns":5},{"damage":0,"enemies":"Cultist","floor":4,"turns":3},{"damage":2,"enemies":"Small Slimes","floor":5,"turns":2},{"damage":32,"enemies":"Gremlin Nob","floor":6,"turns":5},{"damage":22,"enemies":"3 Sentries","floor":8,"turns":6},{"damage":17,"enemies":"Gremlin Nob","floor":10,"turns":5},{"damage":4,"enemies":"Blue Slaver","floor":11,"turns":4},{"damage":20,"enemies":"3 Sentries","floor":12,"turns":4},{"damage":9,"enemies":"Exordium Thugs","floor":13,"turns":4},{"damage":0,"enemies":"Gremlin Gang","floor":14,"turns":2},{"damage":28,"enemies":"Slime Boss","floor":16,"turns":8},{"damage":15,"enemies":"Shell Parasite","floor":18,"turns":6},{"damage":47,"enemies":"2 Thieves","floor":19,"turns":4},{"damage":35,"enemies":"Gremlin Leader","floor":24,"turns":6}],"seed_played":"20043751469015563","potions_obtained":[{"floor":1,"key":"BloodPotion"},{"floor":10,"key":"Venom Potion"},{"floor":11,"key":"Swift Potion"},{"floor":12,"key":"BloodPotion"},{"floor":16,"key":"BloodPotion"},{"floor":18,"key":"Ancient Potion"},{"floor":21,"key":"FearPotion"}],"is_trial":false,"path_per_floor":["M","?","$","M","M","E","R","E","T","E","M","E","M","M","R","B",null,"M","M","?","?","$","R","E"],"character_chosen":"IRONCLAD","items_purchased":["Feel No Pain","Infernal Blade","Secret Weapon","Flex"],"campfire_rested":0,"item_purchase_floors":[3,3,22,22],"current_hp_per_floor":[74,74,74,80,80,54,54,59,59,48,50,36,33,39,39,34,72,63,39,39,25,25,25,0,0],"gold":70,"neow_bonus":"ONE_RANDOM_RARE_CARD","is_daily":false,"chose_seed":false,"campfire_upgraded":3,"win_rate":0.0,"timestamp":1613871394,"path_taken":["M","?","$","M","M","E","R","E","T","E","M","E","?","M","R","BOSS","M","M","?","?","?","R","E"],"items_purchased_type":["Card","Card","Card","Card"],"build_version":"2020-12-22","purchased_purges":1,"victory":false,"max_hp_per_floor":[80,80,80,80,80,80,80,85,85,85,85,85,85,85,85,85,85,85,85,59,59,59,59,59,59],"card_choices":[{"not_picked":["Body Slam","Reckless Charge"],"picked":"Second Wind","floor":1},{"not_picked":["Headbutt","Havoc"],"picked":"Inflame","floor":4},{"not_picked":["Sword Boomerang","Havoc"],"picked":"Pummel","floor":5},{"not_picked":["Bloodletting","Cleave"],"picked":"Pummel","floor":6},{"not_picked":["Anger","Rupture","Replay:Undeath\u0027s Touch"],"picked":"Dark Embrace","floor":8},{"not_picked":["Thunderclap","Massacre","Sentinel"],"picked":"Immolate","floor":10},{"not_picked":["Pommel Strike","Body Slam","Dark Embrace"],"picked":"ReplayTheSpireMod:Strike From Hell","floor":11},{"not_picked":["Run Through","Replay:Undeath\u0027s Touch","Anger"],"picked":"ReplayTheSpireMod:Stacked","floor":12},{"not_picked":["Armaments","Thunderclap","Dark Embrace"],"picked":"Pummel","floor":13},{"not_picked":["Bloodletting","Cleave","Sword Boomerang"],"picked":"ReplayTheSpireMod:Stacked","floor":14},{"not_picked":["Demon Form","Limit Break","Barricade"],"picked":"Juggernaut","floor":16},{"not_picked":["Twin Strike","infinitespire:OneForAll","ReplayTheSpireMod:LeadingStrike","Body Slam"],"picked":"SKIP","floor":18},{"not_picked":["Power Through","Havoc","Clash"],"picked":"Heavy Blade","floor":19},{"not_picked":["ReplayTheSpireMod:Muscle Training","Thunderclap","Clothesline"],"picked":"Twin Strike","floor":21}],"player_experience":399574,"relics_obtained":[{"floor":6,"key":"Question Card"},{"floor":8,"key":"Durian"},{"floor":10,"key":"infinitespire:Beetle Shell"},{"floor":12,"key":"Shuriken"}],"event_choices":[{"damage_healed":0,"gold_gain":0,"cards_transformed":["Strike_R"],"player_choice":"Transformed","damage_taken":0,"max_hp_gain":0,"max_hp_loss":0,"event_name":"Transmorgrifier","floor":2,"gold_loss":0,"cards_obtained":["Feel No Pain"]},{"damage_healed":0,"gold_gain":0,"player_choice":"Became a vampire","damage_taken":0,"max_hp_gain":0,"max_hp_loss":26,"event_name":"Vampires","floor":20,"gold_loss":0,"cards_obtained":["Bite","Bite","Bite","Bite","Bite"]}],"is_beta":false,"boss_relics":[{"not_picked":["Empty Cage","Replay:Ancient Bell"],"picked":"Snecko Heart"}],"items_purged_floors":[22],"is_endless":false,"potions_floor_spawned":[1,10,11,12,16,18],"killed_by":"Gremlin Leader","ascension_level":7}}