{"host":"2l5k2wp87eek7qja","time":1613928157,"event":{"mods":["BaseMod","Colored Map","Minty Spire (QoL Compilation)","Relic Stats"],"gold_per_floor":[14,39,64,88,88,136,136,178,205,205,225,259,259,311,311,419,419,442,442,471,519,553,553,595,595,595,595,628,637,136,136,136],"floor_reached":31,"language":"ENG","playtime":1266,"items_purged":["Strike_G+1"],"score":596,"play_id":"d772ee78-309f-4eee-a390-4f3b0c25881b","local_time":"20210221192237","is_ascension_mode":true,"campfire_choices":[{"data":"Terror","floor":7.0,"key":"SMITH"},{"data":"Neutralize","floor":10.0,"key":"SMITH"},{"data":"Blade Dance","floor":15.0,"key":"SMITH"},{"data":"After Image","floor":23.0,"key":"SMITH"},{"data":"Well Laid Plans","floor":25,"key":"SMITH"}],"circlet_count":0,"master_deck":["AscendersBane","Strike_G+1","Strike_G+1","Defend_G+1","Defend_G+1","Defend_G+1","Defend_G+1","Defend_G+1","Survivor","Neutralize+1","Terror+1","Dagger Spray+1","Crippling Poison","Dagger Spray","Blade Dance+1","Crippling Poison","Well Laid Plans+1","After Image+1","PiercingWail","Backflip","Footwork","Backflip","Accuracy","RitualDagger","Blur","Noxious Fumes"],"relics":["Ring of the Snake","FossilizedHelix","CeramicFish","Golden Idol","Orichalcum","InkBottle","Whetstone","Ornamental Fan","Empty Cage","MutagenicStrength","Red Mask","Regal Pillow","The Specimen","StoneCalendar"],"acts_visited":["Exordium","TheCity"],"potions_floor_usage":[24],"damage_taken":[{"damage":0.0,"enemies":"Cultist","floor":1.0,"turns":4.0},{"damage":0.0,"enemies":"Small Slimes","floor":3.0,"turns":4.0},{"damage":0.0,"enemies":"2 Louse","floor":4.0,"turns":4.0},{"damage":16.0,"enemies":"3 Sentries","floor":6.0,"turns":7.0},{"damage":12.0,"enemies":"Lagavulin","floor":8.0,"turns":6.0},{"damage":0.0,"enemies":"Blue Slaver","floor":11.0,"turns":3.0},{"damage":0.0,"enemies":"Looter","floor":12.0,"turns":2.0},{"damage":0.0,"enemies":"3 Sentries","floor":14.0,"turns":6.0},{"damage":15.0,"enemies":"The Guardian","floor":16.0,"turns":11.0},{"damage":18.0,"enemies":"2 Thieves","floor":18.0,"turns":3.0},{"damage":4.0,"enemies":"Shell Parasite","floor":20.0,"turns":4.0},{"damage":7.0,"enemies":"Masked Bandits","floor":21.0,"turns":5.0},{"damage":0.0,"enemies":"Sentry and Sphere","floor":22.0,"turns":3.0},{"damage":5,"enemies":"Gremlin Leader","floor":24,"turns":7},{"damage":9,"enemies":"Snecko","floor":28,"turns":7},{"damage":8,"enemies":"3 Cultists","floor":31,"turns":3}],"seed_played":"-475436064685055222","potions_obtained":[{"floor":3.0,"key":"SteroidPotion"},{"floor":8.0,"key":"AttackPotion"},{"floor":12.0,"key":"Poison Potion"},{"floor":16.0,"key":"BlessingOfTheForge"},{"floor":21.0,"key":"Poison Potion"},{"floor":22.0,"key":"FearPotion"}],"is_trial":false,"path_per_floor":["M","T","M","M","?","E","R","E","T","R","M","M","?","E","R","B",null,"M","?","M","?","M","R","E","R","T","?","M","?","$","M"],"character_chosen":"THE_SILENT","items_purchased":["StoneCalendar","Blur","Noxious Fumes"],"campfire_rested":0,"item_purchase_floors":[30,30,30],"current_hp_per_floor":[59,59,59,59,59,43,43,31,31,31,31,31,36,36,36,21,54,36,36,32,25,25,25,20,20,20,20,11,5,5,0,0],"gold":136,"neow_bonus":"ONE_RARE_RELIC","is_daily":false,"chose_seed":false,"campfire_upgraded":5,"win_rate":0.0,"timestamp":1613928157,"path_taken":["M","?","M","M","?","E","R","E","T","R","M","M","?","E","R","BOSS","M","?","M","?","M","R","E","R","T","?","?","?","$","M"],"items_purchased_type":["Relic","Card","Card"],"build_version":"2020-12-22","purchased_purges":1,"victory":false,"max_hp_per_floor":[66,66,66,66,60,60,60,60,60,60,60,60,65,65,65,65,65,65,65,65,65,65,65,65,65,65,65,65,65,65,65,65],"relic_stats":{"Regal Pillow":0,"counters":[16,79],"Golden Idol":87,"Ornamental Fan":[60],"CeramicFish":135,"StoneCalendar":[0],"Whetstone":["Dagger Spray","Strike_G"],"Orichalcum":[84],"obtain_stats":[{"Regal Pillow":24,"The Specimen":26,"Golden Idol":5,"CeramicFish":2,"StoneCalendar":30,"Whetstone":9,"Orichalcum":6,"Empty Cage":17,"Ornamental Fan":14,"MutagenicStrength":19,"Red Mask":21,"FossilizedHelix":0,"InkBottle":8,"Ring of the Snake":0},{"Regal Pillow":14,"The Specimen":14,"Golden Idol":3,"CeramicFish":1,"StoneCalendar":15,"Whetstone":5,"Orichalcum":4,"Empty Cage":9,"Ornamental Fan":8,"MutagenicStrength":10,"Red Mask":12,"FossilizedHelix":0,"InkBottle":5,"Ring of the Snake":0},{"Regal Pillow":69,"The Specimen":69,"Golden Idol":12,"CeramicFish":4,"StoneCalendar":76,"Whetstone":25,"Orichalcum":19,"Empty Cage":47,"Ornamental Fan":36,"MutagenicStrength":50,"Red Mask":59,"FossilizedHelix":0,"InkBottle":25,"Ring of the Snake":0}],"InkBottle":[20],"Ring of the Snake":[32]},"card_choices":[{"not_picked":["Sucker Punch","Deflect"],"picked":"Terror","floor":1.0},{"not_picked":["Calculated Gamble","Distraction"],"picked":"Dagger Spray","floor":3.0},{"not_picked":["Underhanded Strike","Deadly Poison"],"picked":"Crippling Poison","floor":4.0},{"not_picked":["Venomology","Dagger Throw"],"picked":"Dagger Spray","floor":6.0},{"not_picked":["Acrobatics","Dagger Throw"],"picked":"Blade Dance","floor":8.0},{"not_picked":["Deflect","Slice","Bouncing Flask"],"picked":"SKIP","floor":11.0},{"not_picked":["Deadly Poison","Acrobatics"],"picked":"Crippling Poison","floor":12.0},{"not_picked":["Heel Hook","Sucker Punch"],"picked":"Well Laid Plans","floor":14.0},{"not_picked":["Venomology","A Thousand Cuts"],"picked":"After Image","floor":16.0},{"not_picked":["Bane","Terror","Concentrate"],"picked":"SKIP","floor":18.0},{"not_picked":["Prepared","Underhanded Strike"],"picked":"PiercingWail","floor":20.0},{"not_picked":["Underhanded Strike","Outmaneuver+1"],"picked":"Backflip","floor":21.0},{"not_picked":["Expertise","Underhanded Strike"],"picked":"Footwork","floor":22.0},{"not_picked":["Dodge and Roll","Prepared"],"picked":"Backflip","floor":24},{"not_picked":["Backstab","Acrobatics"],"picked":"Accuracy","floor":28}],"player_experience":840815,"relics_obtained":[{"floor":2.0,"key":"CeramicFish"},{"floor":6.0,"key":"Orichalcum"},{"floor":8.0,"key":"InkBottle"},{"floor":9.0,"key":"Whetstone"},{"floor":14.0,"key":"Ornamental Fan"},{"floor":21.0,"key":"Red Mask"},{"floor":24,"key":"Regal Pillow"},{"floor":26,"key":"The Specimen"}],"event_choices":[{"damage_healed":0.0,"max_hp_gain":0.0,"max_hp_loss":6.0,"gold_gain":0.0,"event_name":"Golden Idol","player_choice":"Lose Max HP","floor":5.0,"gold_loss":0.0,"damage_taken":0.0,"relics_obtained":["Golden Idol"]},{"damage_healed":0.0,"max_hp_gain":5.0,"max_hp_loss":0.0,"gold_gain":0.0,"event_name":"Big Fish","player_choice":"Donut","floor":13.0,"gold_loss":0.0,"damage_taken":0.0},{"damage_healed":0.0,"max_hp_gain":0.0,"max_hp_loss":0.0,"gold_gain":0.0,"event_name":"Drug Dealer","player_choice":"Inject Mutagens","floor":19.0,"gold_loss":0.0,"damage_taken":0.0,"relics_obtained":["MutagenicStrength"]},{"damage_healed":0.0,"max_hp_gain":0.0,"max_hp_loss":0.0,"gold_gain":0.0,"event_name":"Masked Bandits","player_choice":"Fought Bandits","floor":21.0,"gold_loss":0.0,"damage_taken":0.0},{"damage_healed":0,"gold_gain":0,"player_choice":"Simplicity","damage_taken":0,"max_hp_gain":0,"max_hp_loss":0,"event_name":"Back to Basics","floor":27,"gold_loss":0,"cards_upgraded":["Strike_G","Strike_G","Defend_G","Defend_G","Defend_G","Defend_G","Defend_G"]},{"damage_healed":0,"gold_gain":0,"player_choice":"Joined the Cult","damage_taken":6,"max_hp_gain":0,"max_hp_loss":0,"event_name":"Nest","floor":29,"gold_loss":0,"cards_obtained":["RitualDagger"]}],"is_beta":false,"boss_relics":[{"not_picked":["Pandora\u0027s Box","Velvet Choker"],"picked":"Empty Cage"}],"items_purged_floors":[30],"is_endless":false,"potions_floor_spawned":[3,8,12,16,21,22],"killed_by":"3 Cultists","ascension_level":20}}