{"host":"l2lylj0omvglf5x0","time":1613898910,"event":{"mods":["2.2 Compatiblity","BaseMod","Bestiary","Block Reminder","Colored Map","Colored Powertips","Curses Come First","Highlight Path","Keyboard Shortcuts","Minty Spire (QoL Compilation)","Relic Sorter","Relic Stats","Slay the Relics Exporter","StSLib","SuperFastMode"],"gold_per_floor":[110,210,229,241,259,286,286,315,341,359,359,369,369,404,404,509,509,492,506,506,506,119,119,119],"floor_reached":23,"language":"ENG","playtime":1572,"items_purged":["Anger"],"score":378,"play_id":"ee50ef45-d005-4aaf-9bc9-d04cca5d35bb","local_time":"20210221101510","is_ascension_mode":true,"campfire_choices":[{"data":"Rampage","floor":7,"key":"SMITH"},{"data":"Double Tap","floor":11,"key":"SMITH"},{"data":"Whirlwind","floor":13,"key":"SMITH"},{"data":"Bash","floor":15,"key":"SMITH"}],"circlet_count":0,"master_deck":["AscendersBane","Strike_R","Strike_R","Strike_R","Defend_R","Defend_R","Defend_R","Defend_R","Bash+1","Whirlwind+1","Rampage+1","Rupture","Seeing Red","Double Tap+1","Shrug It Off","Cleave","Power Through","Brutality","Armaments","Battle Trance","Limit Break"],"relics":["Velvet Choker","Eternal Feather","Dream Catcher","Ancient Tea Set","Orichalcum","Black Star","Boot"],"acts_visited":["Exordium","TheCity"],"potions_floor_usage":[6,19,23],"damage_taken":[{"damage":0,"enemies":"2 Louse","floor":1,"turns":3},{"damage":0,"enemies":"Cultist","floor":3,"turns":2},{"damage":7,"enemies":"Jaw Worm","floor":4,"turns":3},{"damage":0,"enemies":"2 Fungi Beasts","floor":5,"turns":2},{"damage":25,"enemies":"Lagavulin","floor":6,"turns":7},{"damage":44,"enemies":"Gremlin Nob","floor":8,"turns":5},{"damage":0,"enemies":"3 Louse","floor":10,"turns":1},{"damage":3,"enemies":"Looter","floor":12,"turns":2},{"damage":0,"enemies":"3 Sentries","floor":14,"turns":1},{"damage":20,"enemies":"Slime Boss","floor":16,"turns":6},{"damage":26,"enemies":"2 Thieves","floor":18,"turns":4},{"damage":16,"enemies":"Shell Parasite","floor":19,"turns":5},{"damage":29,"enemies":"Slavers","floor":23,"turns":3}],"seed_played":"5094694700486939890","potions_obtained":[{"floor":1,"key":"Regen Potion"},{"floor":5,"key":"BloodPotion"},{"floor":6,"key":"Energy Potion"}],"is_trial":false,"path_per_floor":["M","?","M","M","M","E","R","E","T","M","R","M","R","E","R","B",null,"M","M","?","?","$","E"],"character_chosen":"IRONCLAD","items_purchased":["Limit Break","Boot"],"campfire_rested":0,"item_purchase_floors":[22,22],"current_hp_per_floor":[72,72,72,65,65,56,65,21,21,21,30,27,36,36,45,25,66,40,38,38,23,23,0,0],"gold":119,"neow_bonus":"BOSS_RELIC","is_daily":false,"chose_seed":false,"campfire_upgraded":4,"win_rate":0.0,"timestamp":1613898910,"path_taken":["M","?","?","M","M","E","R","E","T","M","R","M","R","E","R","BOSS","M","M","?","?","$","E"],"items_purchased_type":["Card","Relic"],"build_version":"2020-12-22","purchased_purges":1,"victory":false,"max_hp_per_floor":[80,80,80,80,80,80,80,80,80,80,80,80,80,80,80,80,80,80,80,80,85,85,85,85],"relic_stats":{"Dream Catcher":0,"counters":[13,44],"Eternal Feather":36,"Black Star":0,"Orichalcum":[60],"Boot":[0],"obtain_stats":[{"Dream Catcher":8,"Velvet Choker":0,"Eternal Feather":6,"Black Star":17,"Orichalcum":14,"Ancient Tea Set":9,"Boot":22,"Burning Blood":0},{"Dream Catcher":6,"Velvet Choker":0,"Eternal Feather":5,"Black Star":10,"Orichalcum":9,"Ancient Tea Set":6,"Boot":12,"Burning Blood":0},{"Dream Catcher":22,"Velvet Choker":0,"Eternal Feather":17,"Black Star":32,"Orichalcum":26,"Ancient Tea Set":22,"Boot":41,"Burning Blood":0}]},"card_choices":[{"not_picked":["Body Slam","Perfected Strike"],"picked":"Whirlwind","floor":1},{"not_picked":["Sentinel","Heavy Blade"],"picked":"Rampage","floor":3},{"not_picked":["Perfected Strike","Sword Boomerang"],"picked":"Rupture","floor":4},{"not_picked":["Sever Soul","Flex"],"picked":"Seeing Red","floor":5},{"not_picked":["Power Through","Whirlwind","Heavy Blade"],"picked":"SKIP","floor":6},{"not_picked":["Rage","Armaments"],"picked":"Double Tap","floor":8},{"not_picked":["Pommel Strike","Wild Strike"],"picked":"Shrug It Off","floor":10},{"not_picked":["Hemokinesis","True Grit"],"picked":"Cleave","floor":12},{"not_picked":["Heavy Blade","Warcry"],"picked":"Power Through","floor":14},{"not_picked":["Berserk","Barricade"],"picked":"Brutality","floor":16},{"not_picked":["Twin Strike","Iron Wave"],"picked":"Armaments","floor":18},{"not_picked":["Havoc","Armaments","Heavy Blade"],"picked":"SKIP","floor":19}],"player_experience":1022646,"relics_obtained":[{"floor":6,"key":"Eternal Feather"},{"floor":8,"key":"Dream Catcher"},{"floor":9,"key":"Ancient Tea Set"},{"floor":14,"key":"Orichalcum"}],"event_choices":[{"damage_healed":0,"gold_gain":100,"player_choice":"Gold","damage_taken":0,"max_hp_gain":0,"max_hp_loss":0,"event_name":"Wheel of Change","floor":2,"gold_loss":0},{"damage_healed":0,"gold_gain":0,"cards_transformed":["Strike_R","Strike_R"],"player_choice":"Became Test Subject","damage_taken":0,"max_hp_gain":0,"max_hp_loss":0,"event_name":"Drug Dealer","floor":20,"gold_loss":0,"cards_obtained":["Anger","Battle Trance"]},{"damage_healed":0,"gold_gain":0,"player_choice":"Shed Blood","damage_taken":20,"max_hp_gain":5,"max_hp_loss":0,"event_name":"Forgotten Altar","floor":21,"gold_loss":0}],"is_beta":false,"boss_relics":[{"not_picked":["Mark of Pain","Empty Cage"],"picked":"Black Star"}],"items_purged_floors":[22],"is_endless":false,"potions_floor_spawned":[1,5,6,14,16],"killed_by":"Slavers","ascension_level":12}}