{"host":"gaqyve1328ta0etl","time":1613907248,"event":{"mods":["BaseMod","Colored Map","Colored Powertips","Duelist Mod","Googly Eyes","Hero for Fun","Minty Spire (QoL Compilation)","Shop Mod","StSLib","SuperFastMode","The Hierophant","The Runesmith"],"gold_per_floor":[138,157,82,82,82,82,100,100,100,126,143,143,143,153,153,231,231,248,248,148,148,160,160,35,35,35,35,66,81,81,97,97,97,97],"floor_reached":33,"language":"ENG","playtime":642,"items_purged":["theDuelist:Sparks","theDuelist:Sparks","theDuelist:CastleWalls"],"score":506,"play_id":"4f5b6f1a-58fc-4b05-b375-4926442a4454","local_time":"20210221033408","is_ascension_mode":true,"campfire_choices":[{"floor":6,"key":"REST"},{"floor":12,"key":"REST"},{"data":"theDuelist:ChimeratechOverdragon","floor":13,"key":"SMITH"},{"data":"theDuelist:TailSwipe","floor":15,"key":"SMITH"},{"data":"theDuelist:GaiaDragonChamp","floor":23,"key":"SMITH"},{"data":"theDuelist:BlackPtera","floor":25,"key":"SMITH"},{"data":"theDuelist:YamataDragon","floor":27,"key":"SMITH"},{"floor":30,"key":"REST"},{"floor":32,"key":"REST"}],"circlet_count":0,"master_deck":["AscendersBane","theDuelist:BabyDragon","theDuelist:CastleWalls","theDuelist:CaveDragon","theDuelist:CaveDragon","theDuelist:LesserDragon","theDuelist:LesserDragon","theDuelist:YamataDragon","theDuelist:BlackPtera+1","theDuelist:YamataDragon+1","theDuelist:ChimeratechOverdragon+1","theDuelist:MirageDragon","theDuelist:TailSwipe+1","theDuelist:GaiaDragonChamp+1","theDuelist:TyrantWing"],"relics":["theDuelist:MillenniumPuzzle","theDuelist:CardPoolRelic","theDuelist:CardPoolBasicRelic","theDuelist:BoosterPackPoolRelic","theDuelist:CardPoolAddRelic","theDuelist:CardPoolMinusRelic","theDuelist:CardPoolSaveRelic","theDuelist:CardPoolOptionsRelic","NeowsBlessing","Akabeko","theDuelist:YugiMirror","WingedGreaves","Odd Mushroom","SlaversCollar","Ice Cream","Peace Pipe"],"acts_visited":["Exordium","TheCity"],"potions_floor_usage":[16],"damage_taken":[{"damage":0,"enemies":"Jaw Worm","floor":1,"turns":1},{"damage":0,"enemies":"2 Louse","floor":2,"turns":1},{"damage":0,"enemies":"Small Slimes","floor":7,"turns":2},{"damage":16,"enemies":"The Mushroom Lair","floor":10,"turns":4},{"damage":0,"enemies":"Blue Slaver","floor":11,"turns":2},{"damage":0,"enemies":"Large Slime","floor":14,"turns":3},{"damage":15,"enemies":"The Guardian","floor":16,"turns":7},{"damage":6,"enemies":"Spheric Guardian","floor":18,"turns":3},{"damage":0,"enemies":"Chosen","floor":22,"turns":3},{"damage":20,"enemies":"Book of Stabbing","floor":28,"turns":3},{"damage":9,"enemies":"Snecko","floor":29,"turns":4},{"damage":31,"enemies":"Chosen and Byrds","floor":31,"turns":5},{"damage":86,"enemies":"Automaton","floor":33,"turns":6}],"seed_played":"-1098137041866016526","potions_obtained":[{"floor":2,"key":"theDuelist:ExtraOrbsBottle"},{"floor":7,"key":"SteroidPotion"},{"floor":16,"key":"SmokeBomb"}],"is_trial":false,"path_per_floor":["M","M","$","?","?","R","M","?","T","?","M","R","R","M","R","B",null,"M","?","$","?","M","R","$","R","T","R","E","M","R","M","R","B"],"character_chosen":"THE_DUELIST","items_purchased":[],"campfire_rested":4,"item_purchase_floors":[],"current_hp_per_floor":[63,63,63,63,37,58,58,50,50,34,34,55,55,55,55,40,63,57,57,57,57,57,57,57,57,57,57,37,28,49,18,39,0,0],"gold":97,"neow_bonus":"THREE_ENEMY_KILL","is_daily":false,"chose_seed":false,"campfire_upgraded":5,"win_rate":0.0,"timestamp":1613907248,"path_taken":["M","M","$","?","?","R","M","?","T","?","?","R","R","M","R","BOSS","M","?","$","?","M","R","$","R","T","R","E","?","R","M","R","BOSS"],"items_purchased_type":[],"build_version":"2020-12-22","purchased_purges":3,"victory":false,"max_hp_per_floor":[70,70,70,70,70,70,70,70,70,70,70,70,70,70,70,70,70,70,70,70,70,70,70,70,70,70,70,70,70,70,70,70,70,70],"card_choices":[{"not_picked":["theDuelist:DragonPiper","theDuelist:BusterDrake","theDuelist:BabyDragon","theDuelist:ArtifactSanctum"],"picked":"theDuelist:BlackPtera","floor":1},{"not_picked":["theDuelist:LesserDragon"],"picked":"SKIP","floor":2},{"not_picked":["theDuelist:SauropodBrachion","theDuelist:Destroyersaurus","theDuelist:Carboneddon","theDuelist:BlackVeloci","theDuelist:BlackTyranno"],"picked":"SKIP","floor":7},{"not_picked":["theDuelist:MadFlameKaiju","theDuelist:WaterDragonCluster","theDuelist:ThunderDragon","theDuelist:WhiteNightDragon"],"picked":"theDuelist:ChimeratechOverdragon","floor":10},{"not_picked":["theDuelist:CyberDinosaur","theDuelist:SphereChaos","theDuelist:AncientPixieDragon","theDuelist:BabyDragon"],"picked":"theDuelist:MirageDragon","floor":11},{"not_picked":["theDuelist:ArmedDragon5","theDuelist:CyberDragonInfinity"],"picked":"theDuelist:TailSwipe","floor":14},{"not_picked":["theDuelist:VoidOgreDragon","theDuelist:QueenDragunDjinn","theDuelist:CyberDragonInfinity","theDuelist:BSkullDragon"],"picked":"theDuelist:GaiaDragonChamp","floor":16},{"not_picked":["theDuelist:SafeZone","theDuelist:DragonShield+1","theDuelist:DragonCaptureJar","theDuelist:DefenseZone+1","theDuelist:DefenseDraw"],"picked":"SKIP","floor":18},{"not_picked":["theDuelist:TrihornedDragon","theDuelist:DarkDriceratops","theDuelist:BlackBrutdrago","theDuelist:BlackVeloci","theDuelist:BlackTyranno"],"picked":"SKIP","floor":22},{"not_picked":["theDuelist:WhiteHowling+1","theDuelist:SurvivalFittest","theDuelist:DefensiveTactics","theDuelist:CyberneticOverflow"],"picked":"theDuelist:TyrantWing","floor":28},{"not_picked":["theDuelist:BattleguardKing","theDuelist:LabyrinthWall","theDuelist:BlueBloodedOni","theDuelist:RainbowBridge","theDuelist:HaneHane+1"],"picked":"SKIP","floor":29},{"not_picked":["theDuelist:StampingDestruction","theDuelist:SpiralSpearStrike+1","theDuelist:MoltenDestruction","theDuelist:EyeTimaeus","theDuelist:EvilMind"],"picked":"SKIP","floor":31}],"player_experience":2236726,"relics_obtained":[{"floor":9,"key":"WingedGreaves"},{"floor":10,"key":"Odd Mushroom"},{"floor":26,"key":"Ice Cream"},{"floor":28,"key":"Peace Pipe"}],"event_choices":[{"damage_healed":0,"gold_gain":0,"player_choice":"Ignored","damage_taken":0,"max_hp_gain":0,"max_hp_loss":0,"event_name":"Liars Game","floor":4,"gold_loss":0},{"damage_healed":0,"gold_gain":0,"player_choice":"Success","damage_taken":26,"relics_obtained":["Akabeko"],"max_hp_gain":0,"max_hp_loss":0,"event_name":"Scrap Ooze","floor":5,"gold_loss":0},{"damage_healed":0,"gold_gain":0,"player_choice":"Dig - random Duelist relic","duelist":true,"damage_taken":0,"max_hp_gain":0,"max_hp_loss":0,"event_name":"Aknamkanon\u0027s Tomb","floor":8,"gold_loss":0},{"damage_healed":0,"gold_gain":0,"player_choice":"Fought Mushrooms","damage_taken":0,"max_hp_gain":0,"max_hp_loss":0,"event_name":"Mushrooms","floor":10,"gold_loss":0},{"damage_healed":0,"gold_gain":0,"player_choice":"Ignored","damage_taken":0,"max_hp_gain":0,"max_hp_loss":0,"event_name":"The Mausoleum","floor":19,"gold_loss":0},{"damage_healed":0,"gold_gain":0,"player_choice":"Leave","duelist":true,"damage_taken":0,"max_hp_gain":0,"max_hp_loss":0,"event_name":"Relic Duplicator","floor":21,"gold_loss":0}],"is_beta":false,"boss_relics":[{"not_picked":["Inserter","Ectoplasm"],"picked":"SlaversCollar"}],"items_purged_floors":[3,20,24],"is_endless":false,"potions_floor_spawned":[2,7,10,16,28,29,31],"killed_by":"Automaton","ascension_level":20}}