{"host":"5bsc0nab6whpyrbj","time":1613867869,"event":{"mods":["BaseMod","Highlight Path","Minty Spire (QoL Compilation)"],"gold_per_floor":[114,289,218,233,84,84,97,112,135,135,135,135,135,160,160,160,160],"floor_reached":16,"language":"ENG","playtime":423,"items_purged":[],"score":90,"play_id":"cbb2ddae-a5b2-4c1f-a8cc-2b76bfd55c55","local_time":"20210220193749","is_ascension_mode":false,"campfire_choices":[{"data":"Infinite Blades","floor":6.0,"key":"SMITH"},{"data":"Accuracy","floor":12.0,"key":"SMITH"},{"floor":15.0,"key":"REST"}],"circlet_count":0,"master_deck":["Strike_G","Strike_G","Strike_G","Strike_G","Strike_G","Defend_G","Defend_G","Defend_G","Defend_G","Defend_G","Survivor","Neutralize","Accuracy+1","Doubt","Infinite Blades+1","Masterful Stab","Finisher+1","Blur","Injury"],"relics":["Ring of the Snake","NeowsBlessing","Regal Pillow","Orichalcum","Golden Idol","Omamori"],"acts_visited":["Exordium"],"potions_floor_usage":[],"damage_taken":[{"damage":0.0,"enemies":"Small Slimes","floor":1.0,"turns":1.0},{"damage":0.0,"enemies":"Jaw Worm","floor":4.0,"turns":1.0},{"damage":0.0,"enemies":"Cultist","floor":7.0,"turns":1.0},{"damage":17.0,"enemies":"Blue Slaver","floor":8.0,"turns":3.0},{"damage":8.0,"enemies":"Exordium Wildlife","floor":14.0,"turns":3.0},{"damage":74,"enemies":"Hexaghost","floor":16,"turns":11}],"seed_played":"-7195748243700059482","potions_obtained":[{"floor":4.0,"key":"SkillPotion"},{"floor":8.0,"key":"Poison Potion"}],"is_trial":false,"path_per_floor":["M","?","$","M","$","R","M","M","T","?","T","R","?","M","R","B"],"character_chosen":"THE_SILENT","items_purchased":["Infinite Blades","Regal Pillow"],"campfire_rested":1,"item_purchase_floors":[3,5],"current_hp_per_floor":[70,70,70,70,70,70,70,53,53,53,53,53,53,45,70,0,0],"gold":160,"neow_bonus":"THREE_ENEMY_KILL","is_daily":false,"chose_seed":false,"campfire_upgraded":2,"win_rate":0.0,"timestamp":1613867869,"path_taken":["M","?","?","M","$","R","?","M","T","?","?","R","?","M","R","BOSS"],"items_purchased_type":["Card","Relic"],"build_version":"2020-12-22","purchased_purges":0,"victory":false,"max_hp_per_floor":[70,70,70,70,70,70,70,70,70,70,70,70,70,70,70,70,70],"card_choices":[{"not_picked":["Outmaneuver","Masterful Stab"],"picked":"Accuracy","floor":1.0},{"not_picked":["Deflect","Footwork"],"picked":"Masterful Stab","floor":4.0},{"not_picked":["Underhanded Strike","PiercingWail"],"picked":"Finisher","floor":7.0},{"not_picked":["Prepared","Dash"],"picked":"Blur","floor":8.0},{"not_picked":["Noxious Fumes","Dodge and Roll","Dagger Throw"],"picked":"SKIP","floor":14.0}],"player_experience":80916,"relics_obtained":[{"floor":9.0,"key":"Orichalcum"},{"floor":11.0,"key":"Omamori"}],"event_choices":[{"damage_healed":0.0,"max_hp_gain":0.0,"max_hp_loss":0.0,"gold_gain":175.0,"event_name":"Liars Game","player_choice":"AGREE","floor":2.0,"gold_loss":0.0,"damage_taken":0.0,"cards_obtained":["Doubt"]},{"damage_healed":0.0,"max_hp_gain":0.0,"max_hp_loss":0.0,"gold_gain":0.0,"event_name":"Golden Idol","player_choice":"Take Wound","floor":10.0,"gold_loss":0.0,"damage_taken":0.0,"relics_obtained":["Golden Idol"],"cards_obtained":["Injury"]},{"damage_healed":0.0,"max_hp_gain":0.0,"max_hp_loss":0.0,"gold_gain":0.0,"event_name":"Upgrade Shrine","player_choice":"Upgraded","floor":13.0,"gold_loss":0.0,"damage_taken":0.0,"cards_upgraded":["Finisher"]}],"is_beta":false,"boss_relics":[],"items_purged_floors":[],"is_endless":false,"potions_floor_spawned":[4,8],"killed_by":"Hexaghost","ascension_level":0}}