{"host":"9b7hrp48q3pna783","time":1613904143,"event":{"mods":["BaseMod","Colored Map","Colored Powertips","Highlight Path","Minty Spire (QoL Compilation)","Relic Stats"],"gold_per_floor":[110,110,124,138,138,138,149,174,174,99,99,113,113,13,13,116,116,126,51,51,51,51,51,84,103,128,141,159,159,159,159],"floor_reached":30,"language":"ENG","playtime":1737,"items_purged":["Defend_R","Strike_R"],"score":273,"play_id":"48d7dc7c-f518-44e9-8b77-df4840594b80","local_time":"20210221054223","is_ascension_mode":true,"campfire_choices":[{"data":"Cleave","floor":6,"key":"SMITH"},{"data":"Armaments","floor":11,"key":"SMITH"},{"data":"Warcry","floor":13,"key":"SMITH"},{"data":"Bash","floor":15,"key":"SMITH"},{"data":"RitualDagger","floor":23,"key":"SMITH"},{"data":"Reaper","floor":29,"key":"SMITH"}],"circlet_count":0,"master_deck":["Strike_R","Strike_R","Defend_R","Defend_R","Bash+1","Warcry+1","Cleave+1","Sword Boomerang","Armaments+1","Bludgeon","J.A.X.","RitualDagger+1","Blood for Blood+1","Reaper+1"],"relics":["Burning Blood","Mercury Hourglass","Sundial","InkBottle","Coffee Dripper","Strawberry","MealTicket"],"acts_visited":["Exordium","TheCity"],"potions_floor_usage":[8,8,12,24,27],"damage_taken":[{"damage":7,"enemies":"Small Slimes","floor":1,"turns":4},{"damage":1,"enemies":"Cultist","floor":3,"turns":4},{"damage":4,"enemies":"Jaw Worm","floor":4,"turns":3},{"damage":8,"enemies":"Large Slime","floor":7,"turns":5},{"damage":18,"enemies":"3 Sentries","floor":8,"turns":6},{"damage":0,"enemies":"Exordium Wildlife","floor":12,"turns":2},{"damage":52,"enemies":"Hexaghost","floor":16,"turns":10},{"damage":19,"enemies":"3 Byrds","floor":18,"turns":4},{"damage":72,"enemies":"Gremlin Leader","floor":24,"turns":5},{"damage":12,"enemies":"2 Thieves","floor":25,"turns":2},{"damage":8,"enemies":"Centurion and Healer","floor":27,"turns":4},{"damage":27,"enemies":"Snake Plant","floor":28,"turns":3},{"damage":22,"enemies":"Colosseum Slavers","floor":30,"turns":3}],"seed_played":"-2878154601186504201","potions_obtained":[{"floor":3,"key":"FairyPotion"},{"floor":4,"key":"Weak Potion"},{"floor":7,"key":"LiquidBronze"},{"floor":8,"key":"FearPotion"},{"floor":18,"key":"Regen Potion"},{"floor":25,"key":"Weak Potion"},{"floor":27,"key":"GamblersBrew"}],"is_trial":false,"path_per_floor":["M","?","M","M","?","R","M","E","T","$","R","M","R","$","R","B",null,"M","?","?","?","?","R","E","M","T","M","M","R","?"],"character_chosen":"IRONCLAD","items_purchased":[],"campfire_rested":0,"item_purchase_floors":[],"current_hp_per_floor":[79,61,66,68,68,68,66,54,54,54,54,60,60,60,60,14,80,67,67,67,61,61,61,16,10,10,8,16,16,0,0],"gold":159,"neow_bonus":"TRANSFORM_CARD","is_daily":false,"chose_seed":false,"campfire_upgraded":6,"win_rate":0.0,"timestamp":1613904143,"path_taken":["M","?","M","M","?","R","M","E","T","$","R","M","R","$","R","BOSS","M","?","?","?","?","R","E","M","T","M","?","R","?"],"items_purchased_type":[],"build_version":"2020-12-22","purchased_purges":2,"victory":false,"max_hp_per_floor":[80,80,80,80,80,80,80,80,80,80,80,80,80,80,80,80,80,80,80,80,80,80,80,87,87,87,87,87,87,87,87],"relic_stats":{"counters":[13,55],"Sundial":[6],"MealTicket":0,"obtain_stats":[{"Sundial":8,"Strawberry":24,"MealTicket":26,"Coffee Dripper":17,"Burning Blood":0,"InkBottle":9,"Mercury Hourglass":2},{"Sundial":5,"Strawberry":9,"MealTicket":10,"Coffee Dripper":7,"Burning Blood":0,"InkBottle":5,"Mercury Hourglass":1},{"Sundial":22,"Strawberry":43,"MealTicket":45,"Coffee Dripper":34,"Burning Blood":0,"InkBottle":22,"Mercury Hourglass":4}],"Burning Blood":72,"InkBottle":[9],"Mercury Hourglass":[226]},"card_choices":[{"not_picked":["Heavy Blade","Sword Boomerang","Power Through"],"picked":"SKIP","floor":1},{"not_picked":["Pummel","Iron Wave"],"picked":"Cleave","floor":3},{"not_picked":["Clash","Flex","Feel No Pain"],"picked":"SKIP","floor":4},{"not_picked":["Clothesline","Body Slam"],"picked":"Sword Boomerang","floor":7},{"not_picked":["Sword Boomerang","Shrug It Off"],"picked":"Armaments","floor":8},{"not_picked":["Dropkick","Infernal Blade","Rupture"],"picked":"SKIP","floor":12},{"not_picked":["Fiend Fire","Juggernaut"],"picked":"Bludgeon","floor":16},{"not_picked":["Sword Boomerang","Flex+1","Disarm+1"],"picked":"SKIP","floor":18},{"not_picked":["Headbutt","Armaments"],"picked":"Blood for Blood+1","floor":24},{"not_picked":["Evolve","Dual Wield+1","Rampage"],"picked":"SKIP","floor":25},{"not_picked":["Second Wind","Clothesline","Shrug It Off"],"picked":"SKIP","floor":27},{"not_picked":["Shrug It Off+1","Sword Boomerang"],"picked":"Reaper","floor":28}],"player_experience":171398,"relics_obtained":[{"floor":8,"key":"Sundial"},{"floor":9,"key":"InkBottle"},{"floor":24,"key":"Strawberry"},{"floor":26,"key":"MealTicket"}],"event_choices":[{"damage_healed":0,"gold_gain":0,"player_choice":"Success","damage_taken":18,"relics_obtained":["Mercury Hourglass"],"max_hp_gain":0,"max_hp_loss":0,"event_name":"Scrap Ooze","floor":2,"gold_loss":0},{"damage_healed":0,"gold_gain":0,"player_choice":"Bought 0 Potions","damage_taken":0,"max_hp_gain":0,"max_hp_loss":0,"event_name":"The Woman in Blue","floor":5,"gold_loss":0},{"cards_removed":["Strike_R"],"damage_healed":0,"gold_gain":0,"player_choice":"Gave Gold","damage_taken":0,"max_hp_gain":0,"max_hp_loss":0,"event_name":"Beggar","floor":19,"gold_loss":75},{"damage_healed":0,"gold_gain":0,"player_choice":"Obtain J.A.X.","damage_taken":0,"max_hp_gain":0,"max_hp_loss":0,"event_name":"Drug Dealer","floor":20,"gold_loss":0,"cards_obtained":["J.A.X."]},{"damage_healed":0,"gold_gain":0,"player_choice":"Joined the Cult","damage_taken":6,"max_hp_gain":0,"max_hp_loss":0,"event_name":"Nest","floor":21,"gold_loss":0,"cards_obtained":["RitualDagger"]},{"cards_removed":["Defend_R"],"damage_healed":0,"gold_gain":0,"player_choice":"Elegance","damage_taken":0,"max_hp_gain":0,"max_hp_loss":0,"event_name":"Back to Basics","floor":22,"gold_loss":0},{"damage_healed":0,"gold_gain":0,"player_choice":"Fight","damage_taken":0,"max_hp_gain":0,"max_hp_loss":0,"event_name":"Colosseum","floor":30,"gold_loss":0}],"is_beta":false,"boss_relics":[{"not_picked":["Calling Bell","Runic Cube"],"picked":"Coffee Dripper"}],"items_purged_floors":[10,14],"is_endless":false,"potions_floor_spawned":[3,4,7,8,18,25,27],"killed_by":"Colosseum Slavers","ascension_level":2}}