{"host":"2se5dq1do2gp0x9k","time":1613938256,"event":{"mods":["AchievementEnabler","BaseMod","Block Reminder","Colored Map","Colored Powertips","Minty Spire (QoL Compilation)","Relic Stats","StSLib","SuperFastMode"],"gold_per_floor":[117,131,0,17,17,17,57,57,57,57,91,91,106,129,129,223,223,236,236,55,80,93,93,136,155,180,220,249,258,258,282,282,282,282],"floor_reached":33,"language":"ENG","playtime":1286,"items_purged":["Strike_P"],"score":659,"play_id":"38e5575a-f998-4bf1-9691-fd29b0b2912b","local_time":"20210221121056","is_ascension_mode":true,"campfire_choices":[{"data":"PathToVictory","floor":6.0,"key":"SMITH"},{"data":"BowlingBash","floor":8.0,"key":"SMITH"},{"data":"CutThroughFate","floor":15.0,"key":"SMITH"},{"data":"Scrawl","floor":23.0,"key":"SMITH"},{"data":"Sanctity","floor":30,"key":"SMITH"},{"data":"ThirdEye","floor":32,"key":"SMITH"}],"circlet_count":0,"master_deck":["AscendersBane","Strike_P","Strike_P","Strike_P","Defend_P","Defend_P","Defend_P","Eruption","Vigilance","PathToVictory+1","JustLucky","FlurryOfBlows","BowlingBash+1","CutThroughFate+1","PathToVictory+1","Sanctity+1","Wallop","Scrawl+1","ThirdEye+1","Weave","Flash of Steel","CutThroughFate","Tantrum","ThirdEye","Weave","Sanctity","PathToVictory+1","JustLucky"],"relics":["PureWater","NeowsBlessing","Golden Idol","StoneCalendar","TungstenRod","Mummified Hand","Coffee Dripper","CloakClasp","CeramicFish","Ancient Tea Set"],"acts_visited":["Exordium","TheCity"],"potions_floor_usage":[31,33,33],"damage_taken":[{"damage":0.0,"enemies":"2 Louse","floor":1.0,"turns":1.0},{"damage":0.0,"enemies":"Jaw Worm","floor":2.0,"turns":1.0},{"damage":0.0,"enemies":"Small Slimes","floor":4.0,"turns":1.0},{"damage":20.0,"enemies":"Lagavulin","floor":7.0,"turns":6.0},{"damage":17.0,"enemies":"3 Sentries","floor":11.0,"turns":7.0},{"damage":10.0,"enemies":"Gremlin Gang","floor":13.0,"turns":4.0},{"damage":0.0,"enemies":"Exordium Wildlife","floor":14.0,"turns":3.0},{"damage":0.0,"enemies":"Slime Boss","floor":16.0,"turns":6.0},{"damage":0.0,"enemies":"Spheric Guardian","floor":18.0,"turns":2.0},{"damage":2.0,"enemies":"Chosen","floor":21.0,"turns":4.0},{"damage":14.0,"enemies":"Sentry and Sphere","floor":22.0,"turns":4.0},{"damage":11.0,"enemies":"Gremlin Leader","floor":24.0,"turns":3.0},{"damage":4.0,"enemies":"Centurion and Healer","floor":25.0,"turns":3.0},{"damage":10.0,"enemies":"Book of Stabbing","floor":27.0,"turns":4.0},{"damage":8.0,"enemies":"Snake Plant","floor":28.0,"turns":3.0},{"damage":4,"enemies":"Sentry and Sphere","floor":31,"turns":5},{"damage":2,"enemies":"Automaton","floor":33,"turns":2}],"seed_played":"-5596207994815779693","potions_obtained":[{"floor":2.0,"key":"Fire Potion"},{"floor":4.0,"key":"FearPotion"},{"floor":13.0,"key":"StancePotion"},{"floor":14.0,"key":"SkillPotion"},{"floor":22.0,"key":"LiquidBronze"},{"floor":27.0,"key":"PowerPotion"},{"floor":28.0,"key":"Block Potion"},{"floor":31,"key":"ColorlessPotion"}],"is_trial":false,"path_per_floor":["M","M","$","M","?","R","E","R","T","?","E","?","M","M","R","B",null,"M","?","$","M","M","R","E","M","T","E","M","?","R","M","R","B"],"character_chosen":"WATCHER","items_purchased":["FlurryOfBlows","Weave","Flash of Steel"],"campfire_rested":0,"item_purchase_floors":[3,20,20],"current_hp_per_floor":[61,61,61,61,61,61,41,41,41,61,44,44,34,34,34,34,55,55,55,55,53,39,39,28,24,24,14,6,6,6,2,2,0,0],"gold":282,"neow_bonus":"THREE_ENEMY_KILL","is_daily":false,"chose_seed":false,"campfire_upgraded":6,"win_rate":0.0,"timestamp":1613938256,"path_taken":["M","M","$","M","?","R","E","R","T","?","E","?","M","M","R","BOSS","M","?","$","M","?","R","E","M","T","E","M","?","R","M","R","BOSS"],"items_purchased_type":["Card","Card","Card"],"build_version":"2020-12-22","purchased_purges":1,"victory":false,"max_hp_per_floor":[68,68,68,68,62,62,62,62,62,62,62,62,62,62,62,62,62,62,62,62,62,62,62,62,62,62,62,62,62,62,62,62,62,62],"relic_stats":{"counters":[17,59],"Golden Idol":79,"Mummified Hand":[1],"CeramicFish":36,"StoneCalendar":[0],"CloakClasp":[27],"obtain_stats":[{"NeowsBlessing":0,"Golden Idol":5,"Mummified Hand":11,"CeramicFish":26,"StoneCalendar":7,"Coffee Dripper":17,"CloakClasp":24,"PureWater":0,"Ancient Tea Set":27,"TungstenRod":9},{"NeowsBlessing":0,"Golden Idol":3,"Mummified Hand":5,"CeramicFish":13,"StoneCalendar":4,"Coffee Dripper":8,"CloakClasp":12,"PureWater":0,"Ancient Tea Set":14,"TungstenRod":4},{"NeowsBlessing":0,"Golden Idol":3,"Mummified Hand":16,"CeramicFish":45,"StoneCalendar":9,"Coffee Dripper":29,"CloakClasp":42,"PureWater":0,"Ancient Tea Set":49,"TungstenRod":9}],"TungstenRod":20},"card_choices":[{"not_picked":["EmptyBody","SashWhip"],"picked":"PathToVictory","floor":1.0},{"not_picked":["Collect","Halt"],"picked":"JustLucky","floor":2.0},{"not_picked":["FollowUp","SashWhip"],"picked":"BowlingBash","floor":4.0},{"not_picked":["ForeignInfluence","FlyingSleeves"],"picked":"CutThroughFate","floor":7.0},{"not_picked":["Worship","Wireheading"],"picked":"PathToVictory","floor":11.0},{"not_picked":["Halt","Adaptation"],"picked":"Sanctity","floor":13.0},{"not_picked":["Crescendo","CrushJoints"],"picked":"Wallop","floor":14.0},{"not_picked":["LessonLearned","Devotion"],"picked":"Scrawl","floor":16.0},{"not_picked":["Protect","SashWhip"],"picked":"ThirdEye","floor":18.0},{"not_picked":["Worship","Sanctity"],"picked":"CutThroughFate","floor":21.0},{"not_picked":["BattleHymn","MentalFortress"],"picked":"Tantrum","floor":22.0},{"not_picked":["SashWhip","SignatureMove","ClearTheMind"],"picked":"SKIP","floor":24.0},{"not_picked":["Fasting2","EmptyFist"],"picked":"ThirdEye","floor":25.0},{"not_picked":["SashWhip","JustLucky"],"picked":"Weave","floor":27.0},{"not_picked":["Blasphemy","EmptyBody"],"picked":"Sanctity","floor":28.0},{"not_picked":["Protect","SashWhip"],"picked":"JustLucky","floor":31}],"player_experience":4102446,"relics_obtained":[{"floor":7.0,"key":"StoneCalendar"},{"floor":9.0,"key":"TungstenRod"},{"floor":11.0,"key":"Mummified Hand"},{"floor":24.0,"key":"CloakClasp"},{"floor":26.0,"key":"CeramicFish"},{"floor":27.0,"key":"Ancient Tea Set"}],"event_choices":[{"damage_healed":0.0,"max_hp_gain":0.0,"max_hp_loss":6.0,"gold_gain":0.0,"event_name":"Golden Idol","player_choice":"Lose Max HP","floor":5.0,"gold_loss":0.0,"damage_taken":0.0,"relics_obtained":["Golden Idol"]},{"damage_healed":20.0,"max_hp_gain":0.0,"max_hp_loss":0.0,"gold_gain":0.0,"event_name":"Big Fish","player_choice":"Banana","floor":10.0,"gold_loss":0.0,"damage_taken":0.0},{"damage_healed":0.0,"max_hp_gain":0.0,"max_hp_loss":0.0,"gold_gain":0.0,"event_name":"Living Wall","player_choice":"Grow","floor":12.0,"gold_loss":0.0,"damage_taken":0.0,"cards_upgraded":["PathToVictory"]},{"cards_removed":["Defend_P"],"damage_healed":0.0,"max_hp_gain":0.0,"max_hp_loss":0.0,"gold_gain":0.0,"event_name":"Purifier","player_choice":"Purged","floor":19.0,"gold_loss":0.0,"damage_taken":0.0},{"damage_healed":0.0,"max_hp_gain":0.0,"max_hp_loss":0.0,"gold_gain":0.0,"event_name":"Duplicator","player_choice":"Copied","floor":29.0,"gold_loss":0.0,"damage_taken":0.0,"cards_obtained":["PathToVictory"]}],"is_beta":false,"boss_relics":[{"not_picked":["Philosopher\u0027s Stone","VioletLotus"],"picked":"Coffee Dripper"}],"items_purged_floors":[3],"is_endless":false,"potions_floor_spawned":[2,4,13,14,22,25,27,28,31],"killed_by":"Automaton","ascension_level":18}}