{"host":"40e4adzyl212zebh","time":1613916497,"event":{"mods":["BaseMod","Colored Map","Colored Powertips","DeckTracker","Downfall","Minty Spire (QoL Compilation)","Quick Restart","Random Character Button","Relic Stats","StSLib"],"gold_per_floor":[99,99,99,25,25,25,70,70,105,123,156,56,81,116,134,237,237,137,154,254,268,278,313,313,313,313,313,326,326,326,326,346,346,346,346],"floor_reached":33,"language":"ENG","playtime":3097,"items_purged":[],"score":304,"play_id":"2a975ff0-613a-4f3e-8351-569aee98e392","local_time":"20210221230817","is_ascension_mode":false,"campfire_choices":[{"floor":1.0,"key":"RECALL"},{"data":"sneckomod:MasterEye","floor":12.0,"key":"SMITH"},{"floor":25,"key":"REST"},{"floor":29,"key":"REST"}],"circlet_count":0,"master_deck":["sneckomod:Defend","sneckomod:TailWhip","sneckomod:SnekBite","sneckomod:Unknown","sneckomod:WideSting","sneckomod:MasterEye+1","sneckomod:UnknownBlock","sneckomod:UnknownClassBLUE","Sunder","sneckomod:Restock","sneckomod:UnknownExhaust","sneckomod:SerpentMind","sneckomod:UnknownRareAttack","sneckomod:Nope","sneckomod:MorePower","sneckomod:UnknownUncommonPower+1","sneckomod:TrashToTreasure+1","sneckomod:UnknownCommonAttack+1","Self Repair","sneckomod:UnknownRarePower+1","sneckomod:Unknown2Cost+1","sneckomod:UnendingSupply+1","sneckomod:UnknownRareAttack+1","J.A.X.","sneckomod:Cheat","sneckomod:Mudshield","sneckomod:UnknownClassTHE_BRONZE_AUTOMATON+1","sneckomod:DiceBlock","sneckomod:UnknownRarePower+1","sneckomod:UnknownRarePower","Impatience","sneckomod:SoulRoll+1","sneckomod:UnknownClassTHE_BRONZE_AUTOMATON+1","RitualDagger","sneckomod:Unknown0Cost+1"],"relics":["sneckomod:SneckoSoul","downfall:HeartsMalice","MealTicket","sneckomod:SneckoCommon","Potion Belt","Juzu Bracelet","downfall:HeartBlessingRed","Odd Mushroom","InkBottle","Astrolabe","downfall:HeartBlessingGreen","MutagenicStrength","Dream Catcher","HornCleat","sneckomod:BabySnecko"],"acts_visited":["Exordium","TheCity"],"potions_floor_usage":[21,23,32],"damage_taken":[{"damage":0.0,"enemies":"Cultist","floor":2.0,"turns":1.0},{"damage":0.0,"enemies":"downfall:FleeingMerchant","floor":4.0,"turns":1.0},{"damage":0.0,"enemies":"2 Louse","floor":5.0,"turns":1.0},{"damage":18.0,"enemies":"3 Sentries","floor":9.0,"turns":7.0},{"damage":0.0,"enemies":"Jaw Worm","floor":10.0,"turns":2.0},{"damage":18.0,"enemies":"Lagavulin","floor":11.0,"turns":5.0},{"damage":8.0,"enemies":"The Mushroom Lair","floor":13.0,"turns":3.0},{"damage":5.0,"enemies":"3 Sentries","floor":14.0,"turns":4.0},{"damage":8.0,"enemies":"Gremlin Gang","floor":15.0,"turns":3.0},{"damage":6,"enemies":"IC_STATUS_ARCHETYPE","floor":16,"turns":5},{"damage":9,"enemies":"Shell Parasite","floor":19,"turns":6},{"damage":42,"enemies":"downfall:Augmenter","floor":20,"turns":7},{"damage":10,"enemies":"downfall:LooterAlt2","floor":21,"turns":4},{"damage":21,"enemies":"Sentry and Sphere","floor":22,"turns":4},{"damage":27,"enemies":"Gremlin Leader","floor":23,"turns":5},{"damage":0,"enemies":"Shelled Parasite and Fungi","floor":28,"turns":3},{"damage":28,"enemies":"Snake Plant","floor":32,"turns":3},{"damage":55,"enemies":"WA_ARCHETYPE_CALM","floor":33,"turns":5}],"seed_played":"3905538967179600855","potions_obtained":[{"floor":9.0,"key":"Fire Potion"},{"floor":10.0,"key":"GamblersBrew"},{"floor":13.0,"key":"sneckomod:DiceRollPotion"},{"floor":14.0,"key":"Dexterity Potion"},{"floor":20,"key":"BlessingOfTheForge"},{"floor":23,"key":"LiquidBronze"},{"floor":28,"key":"LiquidMemories"},{"floor":32,"key":"sneckomod:OffclassReductionPotion"}],"is_trial":false,"path_per_floor":["R","M","?","$","M","?","T","R","E","M","E","R","?","E","M","B",null,"R","M","?","M","M","E","T","R","?","?","M","R","?","?","M","B"],"character_chosen":"THE_SNECKO","items_purchased":["sneckomod:MasterEye"],"campfire_rested":2,"item_purchase_floors":[4],"current_hp_per_floor":[90,90,83,90,90,90,90,90,72,72,54,54,46,41,33,27,90,90,88,53,50,43,16,16,43,43,43,43,70,64,64,43,0,0,0],"gold":346,"neow_bonus":"THREE_ENEMY_KILL","is_daily":false,"chose_seed":false,"campfire_upgraded":1,"win_rate":0.0,"timestamp":1613916497,"path_taken":["R","M","?","$","M","?","T","R","E","M","E","R","?","E","M","BOSS","R","M","?","M","M","E","T","R","?","?","M","R","?","?","M","BOSS"],"items_purchased_type":["Card"],"build_version":"2020-12-22","purchased_purges":0,"victory":false,"max_hp_per_floor":[90,90,90,90,90,90,90,90,90,90,90,90,90,90,90,90,90,90,90,90,90,90,90,90,90,90,90,90,90,90,90,90,90,90,90],"relic_stats":{"Dream Catcher":2,"counters":[18,66],"Astrolabe":["sneckomod:UnknownUncommonPower","sneckomod:TrashToTreasure","sneckomod:UnknownCommonAttack"],"MealTicket":7,"Juzu Bracelet":2,"obtain_stats":[{"Potion Belt":9,"sneckomod:SneckoCommon":7,"downfall:HeartBlessingRed":12,"Astrolabe":17,"downfall:HeartsMalice":0,"downfall:HeartBlessingGreen":18,"Juzu Bracelet":11,"Odd Mushroom":13,"sneckomod:SneckoSoul":0,"sneckomod:BabySnecko":27,"Dream Catcher":23,"HornCleat":24,"MutagenicStrength":20,"MealTicket":3,"InkBottle":14},{"Potion Belt":4,"sneckomod:SneckoCommon":3,"downfall:HeartBlessingRed":6,"Astrolabe":10,"downfall:HeartsMalice":0,"downfall:HeartBlessingGreen":10,"Juzu Bracelet":6,"Odd Mushroom":7,"sneckomod:SneckoSoul":0,"sneckomod:BabySnecko":15,"Dream Catcher":15,"HornCleat":15,"MutagenicStrength":12,"MealTicket":1,"InkBottle":8},{"Potion Belt":7,"sneckomod:SneckoCommon":0,"downfall:HeartBlessingRed":14,"Astrolabe":29,"downfall:HeartsMalice":0,"downfall:HeartBlessingGreen":29,"Juzu Bracelet":14,"Odd Mushroom":17,"sneckomod:SneckoSoul":0,"sneckomod:BabySnecko":55,"Dream Catcher":55,"HornCleat":55,"MutagenicStrength":42,"MealTicket":0,"InkBottle":21}],"InkBottle":[17]},"card_choices":[{"not_picked":["sneckomod:UnknownCommonAttack","sneckomod:SoulDraw"],"picked":"sneckomod:WideSting","floor":2.0},{"not_picked":["sneckomod:DiceBlock","sneckomod:UnknownDraw"],"picked":"sneckomod:Unknown3Cost","floor":4.0},{"not_picked":["sneckomod:CheapStock","sneckomod:UnknownExhaust"],"picked":"sneckomod:UnknownBlock","floor":5.0},{"not_picked":["sneckomod:SoulDraw","sneckomod:QuickMove"],"picked":"sneckomod:Restock","floor":9.0},{"not_picked":["sneckomod:ImprovisedAttack","sneckomod:DiceBlock"],"picked":"sneckomod:UnknownExhaust","floor":10.0},{"not_picked":["sneckomod:UnknownBlock","sneckomod:UnknownCommonSkill"],"picked":"sneckomod:SerpentMind","floor":11.0},{"not_picked":["sneckomod:Unknown1Cost","sneckomod:RainOfDice"],"picked":"sneckomod:UnknownRareAttack","floor":13.0},{"not_picked":["sneckomod:RainOfDice","sneckomod:SerpentIdol"],"picked":"sneckomod:UnknownUncommonPower","floor":14.0},{"not_picked":["sneckomod:RainOfDice","sneckomod:UnknownVulnerable"],"picked":"sneckomod:Nope","floor":15.0},{"not_picked":["sneckomod:Restock","sneckomod:UnknownRareSkill"],"picked":"sneckomod:MorePower","floor":16},{"not_picked":["sneckomod:UnknownExhaust+1","sneckomod:UnknownClassGUARDIAN+1"],"picked":"sneckomod:UnknownRarePower+1","floor":19},{"not_picked":["sneckomod:UnknownVulnerable","sneckomod:UnknownDraw+1"],"picked":"sneckomod:Unknown2Cost+1","floor":19},{"not_picked":["sneckomod:DiceBlock","sneckomod:RainOfDice+1"],"picked":"sneckomod:UnendingSupply+1","floor":20},{"not_picked":["sneckomod:UnknownBoss+1","sneckomod:Unknown1Cost+1"],"picked":"sneckomod:UnknownRareAttack+1","floor":20},{"not_picked":[],"picked":"J.A.X.","floor":20},{"not_picked":["sneckomod:UnknownRareAttack","sneckomod:DiceCrush+1"],"picked":"sneckomod:UnknownClassTHE_BRONZE_AUTOMATON+1","floor":21},{"not_picked":["sneckomod:ImprovisedAttack","sneckomod:SoulRoll"],"picked":"sneckomod:DiceBlock","floor":22},{"not_picked":["sneckomod:UnknownBlock+1","sneckomod:UnknownDraw+1"],"picked":"sneckomod:UnknownRarePower+1","floor":22},{"not_picked":["sneckomod:ImprovisedAttack","sneckomod:WideSting","sneckomod:RainOfDice"],"picked":"SKIP","floor":23},{"not_picked":["sneckomod:Unknown1Cost","sneckomod:Nope"],"picked":"sneckomod:UnknownRarePower","floor":25},{"not_picked":["sneckomod:SoulCleanse","sneckomod:UnknownCommonSkill"],"picked":"sneckomod:SoulRoll+1","floor":28},{"not_picked":["sneckomod:WideSting","sneckomod:UnknownUncommonPower"],"picked":"sneckomod:UnknownClassTHE_BRONZE_AUTOMATON+1","floor":29},{"not_picked":["sneckomod:Unknown1Cost","sneckomod:UnendingSupply"],"picked":"sneckomod:Unknown0Cost+1","floor":32}],"player_experience":656249,"relics_obtained":[{"floor":7.0,"key":"sneckomod:SneckoCommon"},{"floor":9.0,"key":"Potion Belt"},{"floor":11.0,"key":"Juzu Bracelet"},{"floor":13.0,"key":"Odd Mushroom"},{"floor":14.0,"key":"InkBottle"},{"floor":20,"key":"MutagenicStrength"},{"floor":23,"key":"Dream Catcher"},{"floor":24,"key":"HornCleat"}],"event_choices":[{"damage_healed":0.0,"max_hp_gain":0.0,"max_hp_loss":0.0,"gold_gain":0.0,"event_name":"Scrap Ooze","player_choice":"Success","floor":3.0,"gold_loss":0.0,"damage_taken":7.0,"relics_obtained":["MealTicket"]},{"damage_healed":0.0,"max_hp_gain":0.0,"max_hp_loss":0.0,"gold_gain":0.0,"event_name":"Mushrooms","player_choice":"Fought Mushrooms","floor":13.0,"gold_loss":0.0,"damage_taken":0.0},{"cards_removed":["sneckomod:Unknown"],"damage_healed":0,"gold_gain":0,"player_choice":"Took Card","damage_taken":0,"max_hp_gain":0,"max_hp_loss":0,"event_name":"NoteForYourself","floor":26,"gold_loss":0,"cards_obtained":["Impatience"]}],"is_beta":false,"boss_relics":[{"not_picked":["Tiny House","Velvet Choker"],"picked":"Astrolabe"}],"items_purged_floors":[],"is_endless":false,"potions_floor_spawned":[9,10,13,14,20,23,28,32],"killed_by":"WA_ARCHETYPE_CALM","ascension_level":0}}