{"host":"vx488ommchhibo3k","time":1613900463,"event":{"mods":["BaseMod","BetterRewards","Colored Map","Colored Powertips","Highlight Path","Minty Spire (QoL Compilation)","Quick Restart","Rare Cards Sparkle","Shop Mod","StSLib","SuperFastMode"],"gold_per_floor":[118,129,142,92,92,92,117,137,137,137,165,165,199,210,210,314,314,332,332,344,39,39,39,64,76,103,116,147,167,267,297,297,400,400,413,413,463,477,492,492,507,507,507,519,551,4,4,14,14,14,14,14,14,42,42],"floor_reached":56,"language":"JPN","playtime":4356,"items_purged":["Strike_R"],"score":1398,"play_id":"af5b8d95-19de-4355-ac1c-d9bae7d56b13","local_time":"20210221184103","is_ascension_mode":true,"campfire_choices":[{"data":"Bash","floor":6,"key":"SMITH"},{"data":"Combust","floor":10,"key":"SMITH"},{"data":"Seeing Red","floor":12,"key":"SMITH"},{"floor":15,"key":"RECALL"},{"data":"Reaper","floor":23,"key":"SMITH"},{"data":"Brutality","floor":32,"key":"SMITH"},{"data":"Barricade","floor":40,"key":"SMITH"},{"data":"Discovery","floor":42,"key":"SMITH"},{"data":"Uppercut","floor":47,"key":"SMITH"},{"data":"Clothesline","floor":49,"key":"SMITH"},{"data":"Impervious","floor":52,"key":"SMITH"}],"circlet_count":0,"master_deck":["Defend_R","Defend_R","Defend_R","Defend_R","Bash+1","Combust+1","Carnage","Evolve","Twin Strike+1","Power Through","Pommel Strike","Seeing Red+1","Clothesline+1","Shrug It Off","Reaper+1","Power Through","Impervious+1","Sever Soul","Spot Weakness","Shrug It Off+1","Twin Strike+1","Headbutt","Brutality+1","Pommel Strike+1","Dark Embrace+1","Power Through","Barricade+1","Shockwave+1","Entrench+1","Dark Shackles","Discovery+1","Blind","Clumsy","Uppercut+1","Sentinel+1","Headbutt+1","Injury","Spot Weakness+1","Wild Strike+1","Blood for Blood+1","Havoc+1","Transmutation+1","Hemokinesis","Disarm+1","Warcry+1","Infernal Blade+1"],"relics":["Burning Blood","Charon\u0027s Ashes","Self Forming Clay","MerchantsRug","Anchor","Ginger","Happy Flower","Ornamental Fan","Black Star","TungstenRod","InkBottle","Torii","Boot","Kunai","FossilizedHelix","White Beast Statue","Pocketwatch","Prayer Wheel","Cursed Key","Potion Belt","Blue Candle","Frozen Egg 2","Pen Nib","Toxic Egg 2","Whetstone","Strawberry"],"acts_visited":["Exordium","TheCity","TheBeyond","TheEnding"],"potions_floor_usage":[11,11,13,13,24,29,30,33,39,44,45,45,50,55,55,55,55,55,55,55],"damage_taken":[{"damage":4,"enemies":"Jaw Worm","floor":1,"turns":4},{"damage":4,"enemies":"Small Slimes","floor":2,"turns":3},{"damage":3,"enemies":"2 Louse","floor":3,"turns":2},{"damage":4,"enemies":"Blue Slaver","floor":8,"turns":4},{"damage":19,"enemies":"3 Sentries","floor":11,"turns":4},{"damage":21,"enemies":"Lagavulin","floor":13,"turns":8},{"damage":2,"enemies":"2 Fungi Beasts","floor":14,"turns":2},{"damage":9,"enemies":"Hexaghost","floor":16,"turns":9},{"damage":7,"enemies":"Shell Parasite","floor":18,"turns":6},{"damage":7,"enemies":"Chosen","floor":20,"turns":4},{"damage":42,"enemies":"Gremlin Leader","floor":24,"turns":9},{"damage":6,"enemies":"Centurion and Healer","floor":25,"turns":10},{"damage":0,"enemies":"Snake Plant","floor":27,"turns":5},{"damage":9,"enemies":"Book of Stabbing","floor":28,"turns":7},{"damage":5,"enemies":"3 Cultists","floor":29,"turns":4},{"damage":0,"enemies":"Colosseum Slavers","floor":30,"turns":5},{"damage":19,"enemies":"Colosseum Nobs","floor":30,"turns":4},{"damage":0,"enemies":"Gremlin Leader","floor":31,"turns":6},{"damage":50,"enemies":"Collector","floor":33,"turns":10},{"damage":10,"enemies":"3 Shapes","floor":35,"turns":3},{"damage":0,"enemies":"3 Darklings","floor":38,"turns":6},{"damage":0,"enemies":"4 Shapes","floor":39,"turns":5},{"damage":0,"enemies":"Maw","floor":41,"turns":7},{"damage":5,"enemies":"Spire Growth","floor":44,"turns":5},{"damage":5,"enemies":"Nemesis","floor":45,"turns":6},{"damage":1,"enemies":"Sphere and 2 Shapes","floor":48,"turns":4},{"damage":1,"enemies":"Time Eater","floor":50,"turns":12},{"damage":28,"enemies":"Shield and Spear","floor":54,"turns":6},{"damage":36,"enemies":"The Heart","floor":55,"turns":10}],"seed_played":"3609163524918534211","potions_obtained":[{"floor":1,"key":"PowerPotion"},{"floor":11,"key":"Strength Potion"},{"floor":16,"key":"Weak Potion"},{"floor":24,"key":"Strength Potion"},{"floor":25,"key":"GamblersBrew"},{"floor":28,"key":"Energy Potion"},{"floor":29,"key":"LiquidMemories"},{"floor":31,"key":"AttackPotion"},{"floor":33,"key":"EntropicBrew"},{"floor":38,"key":"ElixirPotion"},{"floor":39,"key":"DuplicationPotion"},{"floor":41,"key":"Regen Potion"},{"floor":44,"key":"DistilledChaos"},{"floor":45,"key":"Strength Potion"},{"floor":48,"key":"BloodPotion"},{"floor":54,"key":"Block Potion"}],"is_trial":false,"path_per_floor":["M","M","M","?","?","R","T","M","T","R","E","R","E","M","R","B",null,"M","?","M","$","?","R","E","M","T","M","E","M","?","E","R","B",null,"M","?","T","M","M","R","M","R","T","M","E","$","R","M","R","B",null,"R","$","E","B",null],"character_chosen":"IRONCLAD","items_purchased":["Self Forming Clay","Combust","Carnage","MerchantsRug","SkillPotion","Swift Potion","TungstenRod","Toxic Egg 2","Havoc+1","Transmutation+1","Hemokinesis"],"campfire_rested":0,"item_purchase_floors":[0,0,0,0,0,0,21,46,46,46,46],"current_hp_per_floor":[46,48,51,51,44,44,44,46,46,46,33,33,18,22,22,19,80,79,79,80,80,66,66,40,50,50,58,55,70,63,83,83,52,85,85,76,76,85,85,85,85,85,85,85,85,85,85,85,85,85,85,85,85,70,63],"gold":42,"neow_bonus":"","is_daily":false,"chose_seed":false,"campfire_upgraded":10,"win_rate":0.0,"timestamp":1613900463,"path_taken":["M","M","M","?","?","R","?","M","T","R","E","R","E","M","R","BOSS","M","?","M","$","?","R","E","M","T","M","E","M","?","E","R","BOSS","M","?","?","M","M","R","M","R","T","?","E","$","R","M","R","BOSS","R","$","E","BOSS"],"items_purchased_type":["Relic","Card","Card","Relic","Potion","Potion","Relic","Relic","Card","Card","Card"],"build_version":"2020-12-22","purchased_purges":1,"victory":true,"max_hp_per_floor":[80,80,80,80,80,80,80,80,80,80,80,80,80,80,80,80,80,80,80,80,80,85,85,85,85,85,85,85,85,85,85,85,85,85,85,85,85,85,85,85,85,85,85,85,85,85,85,85,85,85,85,85,85,92,92],"card_choices":[{"not_picked":["Flex","Inflame"],"picked":"Evolve","floor":1},{"not_picked":["Headbutt","Spot Weakness"],"picked":"Twin Strike","floor":2},{"not_picked":["Body Slam","Clash"],"picked":"Power Through","floor":3},{"not_picked":["Fire Breathing","Burning Pact"],"picked":"Pommel Strike","floor":8},{"not_picked":["Dropkick","Demon Form"],"picked":"Seeing Red","floor":11},{"not_picked":["Iron Wave","Perfected Strike"],"picked":"Clothesline","floor":13},{"not_picked":["Perfected Strike","Body Slam"],"picked":"Shrug It Off","floor":14},{"not_picked":["Barricade","Offering"],"picked":"Reaper","floor":16},{"not_picked":["Seeing Red","Clothesline"],"picked":"Power Through","floor":18},{"not_picked":["Pommel Strike","Perfected Strike"],"picked":"Spot Weakness","floor":20},{"not_picked":["Body Slam","Clothesline"],"picked":"Shrug It Off+1","floor":24},{"not_picked":["Clash","Combust"],"picked":"Twin Strike+1","floor":25},{"not_picked":["Armaments","Clothesline"],"picked":"Headbutt","floor":27},{"not_picked":["Clothesline+1","Dropkick"],"picked":"Brutality","floor":28},{"not_picked":["Searing Blow+1","Infernal Blade"],"picked":"Pommel Strike+1","floor":29},{"not_picked":["Second Wind","Power Through"],"picked":"Dark Embrace+1","floor":30},{"not_picked":["True Grit","Body Slam"],"picked":"Power Through","floor":31},{"not_picked":["Immolate","Brutality"],"picked":"Barricade","floor":33},{"not_picked":["Clash+1","Shrug It Off+1"],"picked":"Shockwave+1","floor":35},{"not_picked":["Pommel Strike+1","Cleave+1"],"picked":"Entrench+1","floor":35},{"not_picked":["Deep Breath","Swift Strike"],"picked":"Dark Shackles","floor":36},{"not_picked":["PanicButton","Dark Shackles"],"picked":"Discovery","floor":36},{"not_picked":["Swift Strike","Flash of Steel"],"picked":"Blind","floor":36},{"not_picked":["Anger+1","Limit Break"],"picked":"Uppercut","floor":38},{"not_picked":["Cleave+1","Perfected Strike","Thunderclap"],"picked":"SKIP","floor":38},{"not_picked":["Shrug It Off+1","Clash"],"picked":"Sentinel+1","floor":39},{"not_picked":["Pommel Strike","Flex+1"],"picked":"Headbutt+1","floor":39},{"not_picked":["Spot Weakness","Reaper","Armaments"],"picked":"SKIP","floor":41},{"not_picked":["Clothesline","Iron Wave+1","Rage+1"],"picked":"SKIP","floor":41},{"not_picked":["Clothesline","Power Through"],"picked":"Spot Weakness+1","floor":44},{"not_picked":["Twin Strike","True Grit+1"],"picked":"Wild Strike+1","floor":44},{"not_picked":["Berserk+1","Limit Break"],"picked":"Blood for Blood","floor":45},{"not_picked":["Anger","Combust+1"],"picked":"Disarm+1","floor":48},{"not_picked":["Clothesline","Berserk+1"],"picked":"Warcry+1","floor":48},{"not_picked":["Rage+1","Wild Strike+1"],"picked":"Infernal Blade+1","floor":54}],"player_experience":150982,"relics_obtained":[{"floor":7,"key":"Anchor"},{"floor":9,"key":"Ginger"},{"floor":11,"key":"Happy Flower"},{"floor":13,"key":"Ornamental Fan"},{"floor":24,"key":"InkBottle"},{"floor":24,"key":"Torii"},{"floor":28,"key":"Boot"},{"floor":28,"key":"Kunai"},{"floor":30,"key":"FossilizedHelix"},{"floor":30,"key":"White Beast Statue"},{"floor":31,"key":"Pocketwatch"},{"floor":31,"key":"Prayer Wheel"},{"floor":37,"key":"Potion Belt"},{"floor":43,"key":"Blue Candle"},{"floor":45,"key":"Frozen Egg 2"},{"floor":45,"key":"Pen Nib"},{"floor":54,"key":"Whetstone"},{"floor":54,"key":"Strawberry"}],"event_choices":[{"cards_removed":["Strike_R"],"damage_healed":0,"gold_gain":0,"player_choice":"Card Removal","damage_taken":0,"max_hp_gain":0,"max_hp_loss":0,"event_name":"The Cleric","floor":4,"gold_loss":50},{"cards_removed":["Strike_R"],"damage_healed":0,"gold_gain":0,"player_choice":"Card Removal","damage_taken":7,"max_hp_gain":0,"max_hp_loss":0,"event_name":"Golden Wing","floor":5,"gold_loss":0},{"damage_healed":0,"gold_gain":0,"cards_transformed":["Strike_R","Strike_R"],"player_choice":"Became Test Subject","damage_taken":0,"max_hp_gain":0,"max_hp_loss":0,"event_name":"Drug Dealer","floor":19,"gold_loss":0,"cards_obtained":["Impervious","Sever Soul"]},{"damage_healed":0,"gold_gain":0,"player_choice":"Shed Blood","damage_taken":20,"max_hp_gain":5,"max_hp_loss":0,"event_name":"Forgotten Altar","floor":22,"gold_loss":0},{"damage_healed":0,"gold_gain":0,"player_choice":"Fight","damage_taken":0,"max_hp_gain":0,"max_hp_loss":0,"event_name":"Colosseum","floor":30,"gold_loss":0},{"damage_healed":0,"gold_gain":0,"player_choice":"Fought Nobs","damage_taken":0,"max_hp_gain":0,"max_hp_loss":0,"event_name":"Colosseum","floor":30,"gold_loss":0},{"damage_healed":0,"gold_gain":0,"player_choice":"Memory 3","damage_taken":10,"max_hp_gain":0,"max_hp_loss":0,"event_name":"SensoryStone","floor":36,"gold_loss":0}],"is_beta":false,"boss_relics":[{"not_picked":["Runic Cube","Fusion Hammer"],"picked":"Black Star"},{"not_picked":["Empty Cage","Runic Pyramid"],"picked":"Cursed Key"}],"items_purged_floors":[0],"is_endless":false,"potions_floor_spawned":[1,11,16,24,25,28,29,31,33,35,38,39,41,44,45,48,54],"ascension_level":1}}