{"host":"3c8x8j1h2jyrixpf","time":1613933113,"event":{"mods":["BaseMod","Colored Powertips","Highlight Path","Minty Spire (QoL Compilation)","StSLib"],"gold_per_floor":[117,37,55,55,55,55,74,74,74,109,172,201,201,201,201,274,274,290,340,352,238,255,255,283,302,302,302,313,323,323,356,356,433,433,449,449,469,156,210,210,237,110,110,145,157,182,182,194,194,194,194],"floor_reached":50,"language":"ENG","playtime":2548,"items_purged":["Defend_B"],"score":1008,"play_id":"8640f884-ca54-4e3f-bbff-fd0ec86972a0","local_time":"20210221124513","is_ascension_mode":true,"campfire_choices":[{"data":"Consume","floor":6.0,"key":"SMITH"},{"data":"Self Repair","floor":8.0,"key":"SMITH"},{"data":"Defragment","floor":15,"key":"SMITH"},{"data":"Doom and Gloom","floor":23,"key":"SMITH"},{"data":"Turbo","floor":27,"key":"SMITH"},{"data":"Capacitor","floor":30,"key":"SMITH"},{"data":"Coolheaded","floor":32,"key":"SMITH"},{"floor":40,"key":"REST"},{"floor":47,"key":"REST"},{"floor":49,"key":"RECALL"}],"circlet_count":0,"master_deck":["AscendersBane","Defend_B","Defend_B","Defend_B","Zap+1","Dualcast","Echo Form+1","All For One+1","Sunder+1","Consume+1","Self Repair+1","Cold Snap","Recycle+1","Hello World","Defragment+1","FTL","Loop","Meteor Strike","Conserve Battery","Cold Snap","Doom and Gloom+1","Coolheaded+1","Turbo+1","Cold Snap+1","Capacitor+1","Self Repair","Multi-Cast","Ball Lightning+1","Loop","Turbo","Hologram+1","Parasite"],"relics":["Astrolabe","Bronze Scales","Vajra","Mango","Happy Flower","Sozu","Molten Egg 2","Incense Burner","Bag of Preparation","Busted Crown","Gambling Chip","Ice Cream","Toxic Egg 2","Frozen Egg 2","Shuriken"],"acts_visited":["Exordium","TheCity","TheBeyond"],"potions_floor_usage":[16],"damage_taken":[{"damage":1.0,"enemies":"Cultist","floor":1.0,"turns":3.0},{"damage":1.0,"enemies":"2 Louse","floor":3.0,"turns":3.0},{"damage":0.0,"enemies":"Small Slimes","floor":7.0,"turns":3.0},{"damage":6.0,"enemies":"Gremlin Nob","floor":10.0,"turns":3.0},{"damage":22.0,"enemies":"3 Sentries","floor":11.0,"turns":6.0},{"damage":13,"enemies":"3 Sentries","floor":12,"turns":4},{"damage":23,"enemies":"Slime Boss","floor":16,"turns":6},{"damage":21,"enemies":"Spheric Guardian","floor":18,"turns":4},{"damage":28,"enemies":"2 Thieves","floor":20,"turns":4},{"damage":10,"enemies":"Sentry and Sphere","floor":22,"turns":5},{"damage":44,"enemies":"Gremlin Leader","floor":24,"turns":6},{"damage":3,"enemies":"Snecko","floor":25,"turns":5},{"damage":14,"enemies":"Shelled Parasite and Fungi","floor":28,"turns":4},{"damage":4,"enemies":"Centurion and Healer","floor":29,"turns":5},{"damage":13,"enemies":"Book of Stabbing","floor":31,"turns":7},{"damage":0,"enemies":"Champ","floor":33,"turns":9},{"damage":17,"enemies":"3 Shapes","floor":35,"turns":7},{"damage":18,"enemies":"Orb Walker","floor":37,"turns":4},{"damage":46,"enemies":"2 Orb Walkers","floor":39,"turns":5},{"damage":49,"enemies":"Nemesis","floor":44,"turns":5},{"damage":4,"enemies":"Spire Growth","floor":45,"turns":3},{"damage":26,"enemies":"Reptomancer","floor":46,"turns":6},{"damage":24,"enemies":"Writhing Mass","floor":48,"turns":5},{"damage":91,"enemies":"Awakened One","floor":50,"turns":5}],"seed_played":"-3875159709612511134","potions_obtained":[{"floor":1.0,"key":"EntropicBrew"},{"floor":11.0,"key":"Weak Potion"},{"floor":16,"key":"Strength Potion"}],"is_trial":false,"path_per_floor":["M","$","M","?","?","R","M","R","T","E","?","E","?","?","R","B",null,"M","?","M","$","M","R","E","M","T","R","M","M","R","E","R","B",null,"M","?","M","$","?","R","T","$","T","E","M","E","R","M","R","B"],"character_chosen":"DEFECT","items_purchased":["Self Repair","Doom and Gloom","Gambling Chip","Loop","Turbo"],"campfire_rested":2,"item_purchase_floors":[2,21,38,42,42],"current_hp_per_floor":[67,67,73,73,58,58,65,65,65,69,71,68,68,73,73,70,88,87,87,69,69,69,69,35,52,52,52,58,74,74,71,71,88,93,93,93,85,85,49,77,77,77,77,45,58,49,77,80,80,0,0],"gold":194,"neow_bonus":"BOSS_RELIC","is_daily":false,"chose_seed":false,"campfire_upgraded":7,"win_rate":0.0,"timestamp":1613933113,"path_taken":["M","$","?","?","?","R","M","R","T","E","?","E","?","?","R","BOSS","M","?","M","?","?","R","E","M","T","R","M","M","R","E","R","BOSS","M","?","?","$","?","R","?","$","T","E","?","E","R","M","R","BOSS"],"items_purchased_type":["Card","Card","Relic","Card","Card"],"build_version":"2020-12-22","purchased_purges":1,"victory":false,"max_hp_per_floor":[75,75,75,75,75,75,75,75,75,75,89,89,89,94,94,94,94,94,94,94,94,94,94,94,94,94,94,94,94,94,94,94,94,94,94,94,94,94,94,94,94,94,94,94,94,94,94,94,94,94,94],"card_choices":[{"not_picked":["Chill","Sweeping Beam"],"picked":"Consume","floor":1.0},{"not_picked":["Turbo","Rebound"],"picked":"Cold Snap","floor":3.0},{"not_picked":["Blizzard","Stack"],"picked":"Hello World","floor":7.0},{"not_picked":["Conserve Battery","Hologram"],"picked":"Defragment","floor":10.0},{"not_picked":["Stack","Hyperbeam"],"picked":"FTL","floor":11.0},{"not_picked":["Hologram","Sweeping Beam"],"picked":"Loop","floor":12},{"not_picked":["All For One","Reboot"],"picked":"Meteor Strike","floor":16},{"not_picked":["Self Repair","Sweeping Beam"],"picked":"Conserve Battery","floor":18},{"not_picked":["Sunder","Conserve Battery"],"picked":"Cold Snap","floor":20},{"not_picked":["Stack","Hologram"],"picked":"Coolheaded","floor":22},{"not_picked":["Creative AI","Steam"],"picked":"Turbo","floor":24},{"not_picked":["Streamline+1","Darkness","Leap"],"picked":"SKIP","floor":25},{"not_picked":["Chill","Hologram"],"picked":"Cold Snap+1","floor":28},{"not_picked":["Leap","FTL+1"],"picked":"Capacitor","floor":29},{"not_picked":["Leap","Cold Snap+1"],"picked":"Self Repair","floor":31},{"not_picked":["Thunder Strike+1","All For One+1"],"picked":"Multi-Cast","floor":33},{"not_picked":["Sweeping Beam+1"],"picked":"SKIP","floor":35},{"not_picked":[],"picked":"Ball Lightning+1","floor":37},{"not_picked":["Rebound+1"],"picked":"SKIP","floor":44},{"not_picked":["Go for the Eyes+1"],"picked":"SKIP","floor":45},{"not_picked":[],"picked":"Hologram+1","floor":46},{"not_picked":["Ball Lightning+1"],"picked":"SKIP","floor":48}],"player_experience":292396,"relics_obtained":[{"floor":9.0,"key":"Bronze Scales"},{"floor":10.0,"key":"Vajra"},{"floor":11.0,"key":"Mango"},{"floor":12,"key":"Happy Flower"},{"floor":24,"key":"Molten Egg 2"},{"floor":26,"key":"Incense Burner"},{"floor":31,"key":"Bag of Preparation"},{"floor":39,"key":"Ice Cream"},{"floor":43,"key":"Toxic Egg 2"},{"floor":44,"key":"Frozen Egg 2"},{"floor":46,"key":"Shuriken"}],"event_choices":[{"damage_healed":0.0,"max_hp_gain":0.0,"max_hp_loss":0.0,"gold_gain":0.0,"cards_transformed":["Strike_B"],"event_name":"Living Wall","player_choice":"Change","floor":4.0,"gold_loss":0.0,"damage_taken":0.0,"cards_obtained":["Recycle"]},{"damage_healed":0.0,"max_hp_gain":0.0,"max_hp_loss":0.0,"gold_gain":0.0,"event_name":"Shining Light","player_choice":"Entered Light","floor":5.0,"gold_loss":0.0,"damage_taken":15.0,"cards_upgraded":["Recycle","Zap"]},{"damage_healed":0.0,"max_hp_gain":0.0,"max_hp_loss":0.0,"gold_gain":0.0,"event_name":"Dead Adventurer","player_choice":"Searched \u00271\u0027 times","floor":11.0,"gold_loss":0.0,"damage_taken":0.0},{"damage_healed":0,"gold_gain":0,"player_choice":"Ignored","damage_taken":0,"max_hp_gain":0,"max_hp_loss":0,"event_name":"Liars Game","floor":13,"gold_loss":0},{"damage_healed":0,"gold_gain":0,"player_choice":"Donut","damage_taken":0,"max_hp_gain":5,"max_hp_loss":0,"event_name":"Big Fish","floor":14,"gold_loss":0},{"damage_healed":0,"gold_gain":100,"player_choice":"Bet on Murderer","damage_taken":0,"max_hp_gain":0,"max_hp_loss":0,"event_name":"The Joust","floor":19,"gold_loss":50},{"damage_healed":0,"gold_gain":0,"player_choice":"Bought 0 Potions","damage_taken":0,"max_hp_gain":0,"max_hp_loss":0,"event_name":"The Woman in Blue","floor":36,"gold_loss":0},{"damage_healed":0,"gold_gain":0,"player_choice":"Fight","damage_taken":0,"max_hp_gain":0,"max_hp_loss":0,"event_name":"Mysterious Sphere","floor":39,"gold_loss":0}],"is_beta":false,"boss_relics":[{"not_picked":["Tiny House","Runic Pyramid"],"picked":"Sozu"},{"not_picked":["Black Star","Cursed Key"],"picked":"Busted Crown"}],"items_purged_floors":[21],"is_endless":false,"potions_floor_spawned":[1,11,16,22,25,29,33,37,39,46,48],"killed_by":"Awakened One","ascension_level":13}}