{"host":"4qkvkh7pd9qr2mca","time":1613944121,"event":{"mods":["AchievementEnabler","BaseMod","Colored Map","Colored Powertips","Highlight Path","Minty Spire (QoL Compilation)","Permanent Neow","Quick Restart","Relic Stats","StSLib","SuperFastMode"],"gold_per_floor":[118,131,149,167,183,183,213,213,213,213,213,27,27,27],"floor_reached":13,"language":"ENG","playtime":379,"items_purged":[],"score":170,"play_id":"d113ff5f-9304-4337-82da-676538c854b5","local_time":"20210221224841","is_ascension_mode":true,"campfire_choices":[{"floor":6,"key":"REST"},{"floor":8,"key":"REST"},{"data":"Defragment","floor":10,"key":"SMITH"}],"circlet_count":0,"master_deck":["AscendersBane","Strike_B","Strike_B","Strike_B","Strike_B","Defend_B","Defend_B","Defend_B","Defend_B","Zap","Dualcast","Reboot","FTL","Defragment+1","Cold Snap","Glacier","Coolheaded","Capacitor","Discovery"],"relics":["Cracked Core","Ornamental Fan","Pantograph","NlothsMask"],"acts_visited":["Exordium"],"potions_floor_usage":[13,13],"damage_taken":[{"damage":0,"enemies":"2 Louse","floor":1,"turns":3},{"damage":1,"enemies":"Cultist","floor":2,"turns":3},{"damage":4,"enemies":"Small Slimes","floor":3,"turns":4},{"damage":18,"enemies":"Blue Slaver","floor":4,"turns":3},{"damage":27,"enemies":"Exordium Thugs","floor":5,"turns":5},{"damage":10,"enemies":"Lagavulin","floor":7,"turns":8},{"damage":55,"enemies":"Gremlin Nob","floor":13,"turns":4}],"seed_played":"-2955815169992654284","potions_obtained":[{"floor":1,"key":"Strength Potion"},{"floor":5,"key":"SkillPotion"}],"is_trial":false,"path_per_floor":["M","M","M","M","M","R","E","R","T","R","?","$","E"],"character_chosen":"DEFECT","items_purchased":["Capacitor","Discovery"],"campfire_rested":2,"item_purchase_floors":[12,12],"current_hp_per_floor":[64,63,59,41,14,33,23,42,42,42,42,42,0,0],"gold":27,"neow_bonus":"THREE_RARE_CARDS","is_daily":false,"chose_seed":false,"campfire_upgraded":1,"win_rate":0.0,"timestamp":1613944121,"path_taken":["M","M","M","M","M","R","E","R","T","R","?","?","E"],"items_purchased_type":["Card","Card"],"build_version":"2020-12-22","purchased_purges":0,"victory":false,"max_hp_per_floor":[64,64,64,64,64,64,64,64,64,64,64,64,64,64],"relic_stats":{"counters":[7,30],"Ornamental Fan":[4],"Pantograph":0,"obtain_stats":[{"Ornamental Fan":7,"Pantograph":9,"Cracked Core":0,"NlothsMask":11},{"Ornamental Fan":6,"Pantograph":6,"Cracked Core":0,"NlothsMask":6},{"Ornamental Fan":26,"Pantograph":26,"Cracked Core":0,"NlothsMask":26}]},"card_choices":[{"not_picked":["Echo Form","Meteor Strike"],"picked":"Reboot","floor":0},{"not_picked":["Redo","Compile Driver"],"picked":"FTL","floor":1},{"not_picked":["Barrage","Storm"],"picked":"Defragment","floor":2},{"not_picked":["Hologram","Steam"],"picked":"Cold Snap","floor":3},{"not_picked":["Rebound","Hologram"],"picked":"Glacier","floor":4},{"not_picked":["Heatsinks","Machine Learning","Rebound"],"picked":"SKIP","floor":5},{"not_picked":["Steam","Chaos"],"picked":"Coolheaded","floor":7}],"player_experience":659071,"relics_obtained":[{"floor":7,"key":"Ornamental Fan"},{"floor":9,"key":"Pantograph"}],"event_choices":[{"damage_healed":0,"gold_gain":0,"player_choice":"Trade","damage_taken":0,"relics_obtained":["NlothsMask"],"max_hp_gain":0,"max_hp_loss":0,"event_name":"FaceTrader","floor":11,"gold_loss":0}],"is_beta":false,"boss_relics":[],"items_purged_floors":[],"is_endless":false,"potions_floor_spawned":[1,5],"killed_by":"Gremlin Nob","ascension_level":20}}