{"host":"cfx7gfywkfguge4j","time":1613891356,"event":{"mods":["ATMod(°¢èªMod)","BaseMod","Minty Spire (QoL Compilation)","Replay The Spire","Shop Mod","StSLib","The Servant 0.9.4","[IsaacMod]ÒÔÈö¼âËþ"],"gold_per_floor":[114,114,134,149,178,303,303,330,382,382,382,382,382,411,411,515,515,547,646,421,446,483,516,516,553,553,594,619,619,559,579,579,680,680,697,697,697,697,706,740,760,760,760,760,802,802,847,847,847,847],"floor_reached":51,"language":"ZHS","playtime":1427,"items_purged":["Strike_P","Defend_P","Strike_P"],"score":1244,"play_id":"fbd3261a-6634-475e-81f7-a558cb04afdd","local_time":"20210221150916","is_ascension_mode":true,"campfire_choices":[{"data":"Eruption","floor":7.0,"key":"SMITH"},{"data":"Conclude","floor":10.0,"key":"SMITH"},{"data":"Adaptation","floor":13.0,"key":"SMITH"},{"data":"ForeignInfluence","floor":24.0,"key":"SMITH"},{"data":"BowlingBash","floor":29.0,"key":"SMITH"},{"floor":32.0,"key":"DIG"},{"floor":42.0,"key":"DIG"},{"data":"LikeWater","floor":49,"key":"SMITH"}],"circlet_count":0,"master_deck":["Eruption+1","Vigilance","AT_ChampionKick","Adaptation+1","Conclude+1","FlurryOfBlows+1","AT_MachinaRedman+1","BowlingBash+1","LikeWater+1","Adaptation+1","InnerPeace","ForeignInfluence+1","AT_ChampionStep+1","Prostrate+1","ClearTheMind+1","CutThroughFate+1","AT_SoftenMuscles+1","TalkToTheHand+1"],"relics":["HushsDoor","Chaos","Unceasing Top","CeramicFish","Replay:Wanted Poster","Toolbox","Prayer Wheel","DeadEye","MerchantsRug","Replay:Multitool","Oddly Smooth Stone","Replay:Purple Gloves","Replay:Bronze Core","Snack Pack","Black Star","GuppysHead","Toxic Egg 2","AT_LudenTempest","Void","Orichalcum","ReplayTheSpireMod:Ring of Addiction","Chameleon Ring","Toy Ornithopter","Ring of Fury","Regal Pillow","Kintsugi","TuHaoJin"],"acts_visited":["Exordium","TheCity","TheBeyond"],"potions_floor_usage":[],"damage_taken":[{"damage":4.0,"enemies":"Jaw Worm","floor":1.0,"turns":4.0},{"damage":0.0,"enemies":"Small Slimes","floor":3.0,"turns":3.0},{"damage":0.0,"enemies":"Cultist","floor":4.0,"turns":4.0},{"damage":1.0,"enemies":"Exordium Thugs","floor":5.0,"turns":3.0},{"damage":24.0,"enemies":"3 Sentries","floor":6.0,"turns":6.0},{"damage":0.0,"enemies":"Lagavulin","floor":8.0,"turns":4.0},{"damage":0.0,"enemies":"Gremlin Nob","floor":12.0,"turns":1.0},{"damage":0.0,"enemies":"2 Fungi Beasts","floor":14.0,"turns":1.0},{"damage":0.0,"enemies":"Fading Forest","floor":16.0,"turns":8.0},{"damage":0.0,"enemies":"Shell Parasite","floor":18.0,"turns":2.0},{"damage":0.0,"enemies":"Chosen","floor":21.0,"turns":1.0},{"damage":9.0,"enemies":"Snake Plant","floor":22.0,"turns":2.0},{"damage":0.0,"enemies":"Book of Stabbing","floor":23.0,"turns":1.0},{"damage":23.0,"enemies":"Gremlin Leader","floor":25.0,"turns":4.0},{"damage":0.0,"enemies":"Slavers","floor":27.0,"turns":1.0},{"damage":0.0,"enemies":"3 Cultists","floor":28.0,"turns":2.0},{"damage":2.0,"enemies":"Centurion and Healer","floor":31.0,"turns":3.0},{"damage":0.0,"enemies":"Automaton","floor":33.0,"turns":3.0},{"damage":0.0,"enemies":"Orb Walker","floor":35.0,"turns":1.0},{"damage":0.0,"enemies":"3 Shapes","floor":36.0,"turns":1.0},{"damage":0.0,"enemies":"Nemesis","floor":40.0,"turns":1.0},{"damage":0.0,"enemies":"Sphere and 2 Shapes","floor":41.0,"turns":1.0},{"damage":19.0,"enemies":"R_Hoarder","floor":45.0,"turns":5.0},{"damage":0.0,"enemies":"Giant Head","floor":47.0,"turns":1.0},{"damage":17,"enemies":"Replay:Hell Engine","floor":50,"turns":2}],"seed_played":"-5521865433261268223","potions_obtained":[{"floor":3.0,"key":"PowerPotion"},{"floor":5.0,"key":"Swift Potion"},{"floor":6.0,"key":"Swift Potion"},{"floor":14.0,"key":"Weak Potion"},{"floor":23.0,"key":"Toxic Potion"},{"floor":25.0,"key":"Weak Potion"},{"floor":28.0,"key":"SpeedPotion"},{"floor":33.0,"key":"PowerPotion"},{"floor":35.0,"key":"FearPotion"},{"floor":47,"key":"ColorlessPotion"}],"is_trial":false,"path_per_floor":["M","?","M","M","M","E","R","E","T","R","?","E","R","M","R","B",null,"M","?","$","M","M","E","R","E","T","E","M","R","?","M","R","B",null,"M","M","R","?","?","E","M","R","T","?","E","R","E","?","R","B",null],"character_chosen":"WATCHER","items_purchased":["EntropicBrew","MerchantsRug","GuppysHead"],"campfire_rested":0,"item_purchase_floors":[17,20,34],"current_hp_per_floor":[61,49,49,49,48,24,24,24,24,24,24,24,24,24,45,45,59,59,59,59,59,50,50,50,27,27,27,27,27,27,25,25,31,42,44,44,46,46,46,46,46,46,46,46,29,46,46,46,46,35],"gold":847,"neow_bonus":"BOSS_RELIC","is_daily":false,"chose_seed":false,"campfire_upgraded":6,"win_rate":0.0,"timestamp":1613891356,"path_taken":["M","?","M","M","M","E","R","E","T","R","?","E","?","M","R","BOSS","M","?","?","M","?","E","R","E","T","E","M","R","?","M","R","BOSS","M","M","$","?","?","E","M","R","T","?","E","R","E","?","R","BOSS"],"items_purchased_type":["Potion","Relic","Relic"],"build_version":"2020-12-22","purchased_purges":3,"victory":true,"max_hp_per_floor":[72,72,72,72,72,72,72,72,72,72,72,72,72,72,72,72,63,63,63,63,63,63,63,63,63,63,63,63,63,63,63,63,63,46,46,46,46,46,46,46,46,46,46,46,46,46,46,46,46,46],"card_choices":[{"not_picked":["BattleHymn","Evaluate","Ragnarok"],"picked":"SKIP","floor":1.0},{"not_picked":["Replay:AtTheReady","Sanctity"],"picked":"Adaptation","floor":3.0},{"not_picked":["ReachHeaven","Consecrate","EmptyBody"],"picked":"SKIP","floor":4.0},{"not_picked":["Bomb","EmptyBody"],"picked":"Conclude","floor":5.0},{"not_picked":["ThirdEye","EmptyBody","Protect"],"picked":"SKIP","floor":6.0},{"not_picked":["Perseverance","AT_SoftenMuscles","Crescendo"],"picked":"SKIP","floor":8.0},{"not_picked":["Replay:DivineShield","FlyingSleeves"],"picked":"FlurryOfBlows","floor":14.0},{"not_picked":["Protect","SashWhip","JustLucky"],"picked":"SKIP","floor":14.0},{"not_picked":["ConjureBlade","AT_RealColorLess"],"picked":"AT_MachinaRedman","floor":16.0},{"not_picked":["FollowUp","Indignation"],"picked":"BowlingBash","floor":18.0},{"not_picked":["WreathOfFlame","Replay:ManipulateFuture+1"],"picked":"LikeWater","floor":18.0},{"not_picked":["WindmillStrike","ReachHeaven"],"picked":"Adaptation","floor":21.0},{"not_picked":["CrushJoints+1","PathToVictory","Consecrate"],"picked":"SKIP","floor":21.0},{"not_picked":["Replay:BluntJabs","ThirdEye"],"picked":"InnerPeace","floor":22.0},{"not_picked":["Evaluate","Consecrate"],"picked":"ForeignInfluence","floor":22.0},{"not_picked":["MasterReality","Collect","Replay:Anticipation"],"picked":"SKIP","floor":23.0},{"not_picked":["Collect","Replay:AtTheReady"],"picked":"AT_ChampionStep+1","floor":25.0},{"not_picked":["EmptyBody","Replay:BluntJabs"],"picked":"Prostrate","floor":27.0},{"not_picked":["ThirdEye","SashWhip"],"picked":"ClearTheMind+1","floor":28.0},{"not_picked":["Crescendo","JustLucky","Replay:Anticipation"],"picked":"SKIP","floor":28.0},{"not_picked":["CrushJoints","Judgement"],"picked":"CutThroughFate+1","floor":31.0},{"not_picked":["Protect","EmptyFist+1","Consecrate"],"picked":"SKIP","floor":31.0},{"not_picked":["Prostrate+1","AT_RealFormLess+1","JustLucky+1"],"picked":"SKIP","floor":35.0},{"not_picked":["Evaluate","ReachHeaven","FlurryOfBlows+1"],"picked":"SKIP","floor":35.0},{"not_picked":["Prostrate+1","AT_RealFormLess+1","JustLucky+1"],"picked":"SKIP","floor":35.0},{"not_picked":["Evaluate","ReachHeaven","FlurryOfBlows+1"],"picked":"SKIP","floor":35.0},{"not_picked":["DeusExMachina+1","SandsOfTime+1"],"picked":"AT_SoftenMuscles+1","floor":40.0},{"not_picked":["Protect+1","Replay:AtTheReady+1","Replay:Vibes+1"],"picked":"SKIP","floor":41.0},{"not_picked":["Evaluate+1","EmptyBody+1","PathToVictory+1"],"picked":"SKIP","floor":41.0},{"not_picked":["InnerPeace+1","FlurryOfBlows"],"picked":"TalkToTheHand+1","floor":45.0},{"not_picked":["EmptyMind+1","TalkToTheHand","AT_OneInchPunch"],"picked":"SKIP","floor":47}],"player_experience":111651,"relics_obtained":[{"floor":6.0,"key":"Replay:Wanted Poster"},{"floor":8.0,"key":"Toolbox"},{"floor":9.0,"key":"Prayer Wheel"},{"floor":23.0,"key":"Replay:Multitool"},{"floor":25.0,"key":"Oddly Smooth Stone"},{"floor":26.0,"key":"Replay:Purple Gloves"},{"floor":27.0,"key":"Replay:Bronze Core"},{"floor":32.0,"key":"Snack Pack"},{"floor":40.0,"key":"Toxic Egg 2"},{"floor":40.0,"key":"AT_LudenTempest"},{"floor":42.0,"key":"Void"},{"floor":43.0,"key":"Orichalcum"},{"floor":44.0,"key":"ReplayTheSpireMod:Ring of Addiction"},{"floor":44.0,"key":"Chameleon Ring"},{"floor":44.0,"key":"Toy Ornithopter"},{"floor":44.0,"key":"Ring of Fury"},{"floor":45.0,"key":"Regal Pillow"},{"floor":47,"key":"Kintsugi"},{"floor":47,"key":"TuHaoJin"}],"event_choices":[{"damage_healed":0.0,"max_hp_gain":0.0,"max_hp_loss":0.0,"gold_gain":0.0,"event_name":"Scrap Ooze","player_choice":"Success","floor":2.0,"gold_loss":0.0,"damage_taken":12.0,"relics_obtained":["CeramicFish"]},{"damage_healed":0.0,"max_hp_gain":0.0,"max_hp_loss":0.0,"gold_gain":99.0,"event_name":"Nest","player_choice":"Stole From Cult","floor":19.0,"gold_loss":0.0,"damage_taken":0.0},{"damage_healed":0.0,"max_hp_gain":0.0,"max_hp_loss":0.0,"gold_gain":0.0,"event_name":"Accursed Blacksmith","player_choice":"Forge","floor":38.0,"gold_loss":0.0,"damage_taken":0.0,"cards_upgraded":["Adaptation"]},{"damage_healed":0.0,"max_hp_gain":0.0,"max_hp_loss":0.0,"gold_gain":0.0,"event_name":"Wheel of Change","player_choice":"Cursed","floor":39.0,"gold_loss":0.0,"damage_taken":0.0,"cards_obtained":["Decay"]},{"cards_removed":["Regret","Writhe","Decay"],"damage_healed":0,"gold_gain":0,"player_choice":"Removed Curses","damage_taken":0,"max_hp_gain":0,"max_hp_loss":0,"event_name":"Fountain of Cleansing","floor":48,"gold_loss":0}],"is_beta":false,"boss_relics":[{"not_picked":["Replay:Kaleidoscope","Habit"],"picked":"DeadEye"},{"not_picked":[]},{"not_picked":["StoneCalendar","AT_Kusabimaru"],"picked":"Black Star"},{"not_picked":[]}],"items_purged_floors":[17,20,34],"is_endless":false,"potions_floor_spawned":[3,5,6,14,16,23,25,28,33,35,41,47],"ascension_level":6}}