{"host":"2dp3t1i5s6bd92af","time":1613932414,"event":{"mods":["ATMod(ªü½@Mod)","Act Like it!","BaseMod","Hermit","Minty Spire (QoL Compilation)","Ruina","StSLib"],"gold_per_floor":[116,131,141,91,166,198,198],"floor_reached":6,"language":"ZHS","playtime":185,"items_purged":[],"score":51,"play_id":"664130b9-5c66-43c6-8441-3bb61be05127","local_time":"20210222023334","is_ascension_mode":true,"campfire_choices":[],"circlet_count":0,"master_deck":["hermit:Strike_Hermit","hermit:Strike_Hermit","hermit:Strike_Hermit","hermit:Strike_Hermit","hermit:Defend_Hermit","hermit:Defend_Hermit","hermit:Defend_Hermit","hermit:Snapshot","hermit:Covet","AT_ShrugMaster","hermit:Horror"],"relics":["hermit:Momento","AT_ATBox","NeowsBlessing","Sundial"],"acts_visited":["Exordium"],"potions_floor_usage":[],"damage_taken":[{"damage":0,"enemies":"Cultist","floor":1,"turns":1},{"damage":0,"enemies":"Jaw Worm","floor":2,"turns":1},{"damage":0,"enemies":"Small Slimes","floor":3,"turns":1},{"damage":41,"enemies":"Gremlin Nob","floor":6,"turns":5}],"seed_played":"5110752763187998909","potions_obtained":[{"floor":1,"key":"Block Potion"},{"floor":3,"key":"PowerPotion"}],"is_trial":false,"path_per_floor":["M","M","M","?","?","E"],"character_chosen":"HERMIT","items_purchased":[],"campfire_rested":0,"item_purchase_floors":[],"current_hp_per_floor":[75,75,75,75,64,23,23],"gold":198,"neow_bonus":"THREE_ENEMY_KILL","is_daily":false,"chose_seed":false,"campfire_upgraded":0,"win_rate":0.0,"timestamp":1613932414,"path_taken":["M","M","?","?","?","E"],"items_purchased_type":[],"build_version":"2020-12-22","purchased_purges":0,"victory":false,"max_hp_per_floor":[75,75,75,75,75,75,75],"card_choices":[{"not_picked":["hermit:Desperado","hermit:Ricochet"],"picked":"hermit:Horror","floor":1},{"not_picked":["hermit:Vantage","hermit:Feint","hermit:Coalescence"],"picked":"SKIP","floor":2},{"not_picked":["hermit:Roulette","hermit:HighCaliber","hermit:Coalescence"],"picked":"SKIP","floor":3}],"player_experience":453671,"relics_obtained":[{"floor":6,"key":"Sundial"}],"event_choices":[{"cards_removed":["hermit:Defend_Hermit"],"damage_healed":0,"gold_gain":0,"player_choice":"Card Removal","damage_taken":0,"max_hp_gain":0,"max_hp_loss":0,"event_name":"The Cleric","floor":4,"gold_loss":50},{"damage_healed":0,"gold_gain":75,"player_choice":"Gather Gold","damage_taken":11,"max_hp_gain":0,"max_hp_loss":0,"event_name":"World of Goop","floor":5,"gold_loss":0}],"is_beta":false,"boss_relics":[],"items_purged_floors":[],"is_endless":false,"potions_floor_spawned":[1,3],"killed_by":"Gremlin Nob","ascension_level":2}}