{"host":"8iprjuzow65cevwy","time":1613911751,"event":{"mods":["BaseMod","Colored Map","Highlight Path","Minty Spire (QoL Compilation)","Permanent Neow"],"gold_per_floor":[111,111,127,145,159,159,179,179,227,227,245,260,274,274,274,373,373,386,400,400,434,434,434,451,451,477,477,503,503,428,438,438,534,534,546,768,243,293,293,318,318,335,335,335,353,408,408,408],"floor_reached":47,"language":"ENG","playtime":12075,"items_purged":["Strike_R+1"],"score":651,"play_id":"b4e26feb-e199-4b7d-abed-54edfaef2ede","local_time":"20210221134911","is_ascension_mode":true,"campfire_choices":[{"data":"True Grit","floor":6,"key":"SMITH"},{"data":"Whirlwind","floor":8,"key":"SMITH"},{"data":"Anger","floor":10,"key":"SMITH"},{"floor":15,"key":"REST"},{"data":"Iron Wave","floor":23,"key":"SMITH"},{"floor":25,"key":"REST"},{"data":"Bash","floor":27,"key":"SMITH"},{"data":"Double Tap","floor":29,"key":"SMITH"},{"floor":32,"key":"REST"},{"data":"Normality","floor":44,"key":"PURGE"}],"circlet_count":0,"master_deck":["Strike_R+1","Strike_R+1","Defend_R+1","Defend_R+1","Defend_R+1","Defend_R+1","Bash+1","True Grit+1","Thunderclap","Anger+1","Whirlwind+1","Iron Wave+1","Limit Break","Impervious","Havoc","Twin Strike+1","Double Tap+1","Whirlwind+1","True Grit","Spot Weakness"],"relics":["Runic Pyramid","Meat on the Bone","Anchor","Busted Crown","Red Mask","Juzu Bracelet","Red Skull","Cursed Key","Mercury Hourglass","OrangePellets","Peace Pipe","Bronze Scales","Girya","Turnip"],"acts_visited":["Exordium","TheCity","TheBeyond"],"potions_floor_usage":[16,16,33,33,38,40,46,47,47],"damage_taken":[{"damage":3,"enemies":"2 Louse","floor":1,"turns":4},{"damage":9,"enemies":"Jaw Worm","floor":3,"turns":4},{"damage":0,"enemies":"Small Slimes","floor":4,"turns":4},{"damage":8,"enemies":"2 Fungi Beasts","floor":5,"turns":3},{"damage":3,"enemies":"Blue Slaver","floor":7,"turns":4},{"damage":0,"enemies":"3 Louse","floor":11,"turns":1},{"damage":0,"enemies":"Exordium Wildlife","floor":12,"turns":3},{"damage":8,"enemies":"Blue Slaver","floor":13,"turns":3},{"damage":19,"enemies":"The Guardian","floor":16,"turns":11},{"damage":0,"enemies":"3 Byrds","floor":18,"turns":4},{"damage":14,"enemies":"Spheric Guardian","floor":19,"turns":4},{"damage":0,"enemies":"Masked Bandits","floor":21,"turns":3},{"damage":23,"enemies":"3 Cultists","floor":24,"turns":5},{"damage":14,"enemies":"Slavers","floor":28,"turns":5},{"damage":6,"enemies":"Centurion and Healer","floor":31,"turns":6},{"damage":31,"enemies":"Champ","floor":33,"turns":11},{"damage":0,"enemies":"3 Darklings","floor":35,"turns":2},{"damage":33,"enemies":"Mind Bloom Boss Battle","floor":38,"turns":5},{"damage":4,"enemies":"Giant Head","floor":40,"turns":5},{"damage":3,"enemies":"3 Shapes","floor":42,"turns":2},{"damage":0,"enemies":"Jaw Worm Horde","floor":45,"turns":2},{"damage":10,"enemies":"2 Orb Walkers","floor":46,"turns":5},{"damage":54,"enemies":"Writhing Mass","floor":47,"turns":2}],"seed_played":"-4817689311306276091","potions_obtained":[{"floor":3,"key":"Dexterity Potion"},{"floor":7,"key":"Energy Potion"},{"floor":13,"key":"SteroidPotion"},{"floor":16,"key":"SkillPotion"},{"floor":28,"key":"GamblersBrew"},{"floor":31,"key":"EssenceOfSteel"},{"floor":33,"key":"FearPotion"},{"floor":35,"key":"Fire Potion"},{"floor":38,"key":"SteroidPotion"},{"floor":40,"key":"BlessingOfTheForge"},{"floor":45,"key":"SkillPotion"}],"is_trial":false,"path_per_floor":["M","?","M","M","M","R","M","R","T","R","M","M","M","?","R","B",null,"M","M","?","?","?","R","M","R","T","R","E","R","?","M","R","B",null,"M","?","$","?","?","E","?","M","T","R","M","?","M"],"character_chosen":"IRONCLAD","items_purchased":["Mercury Hourglass","OrangePellets","True Grit"],"campfire_rested":3,"item_purchase_floors":[37,37,37],"current_hp_per_floor":[69,62,53,53,45,45,42,42,42,42,42,42,46,39,63,44,71,71,57,57,57,42,42,31,56,56,56,54,54,54,48,73,54,77,77,77,77,44,44,52,52,49,49,49,49,51,0,0],"gold":408,"neow_bonus":"BOSS_RELIC","is_daily":false,"chose_seed":false,"campfire_upgraded":6,"win_rate":0.0,"timestamp":1613911751,"path_taken":["M","?","M","M","M","R","M","R","T","R","M","M","M","?","R","BOSS","M","M","?","?","?","R","M","R","T","R","E","R","?","M","R","BOSS","M","?","$","?","?","E","?","M","T","R","M","?","M"],"items_purchased_type":["Relic","Relic","Card"],"build_version":"2020-12-22","purchased_purges":1,"victory":false,"max_hp_per_floor":[80,80,80,80,80,80,80,80,80,80,80,80,80,80,80,80,80,80,80,80,80,85,85,85,85,85,85,85,85,85,85,85,85,85,85,85,85,85,85,85,81,81,81,81,81,81,81,81],"card_choices":[{"not_picked":["Havoc","Thunderclap"],"picked":"True Grit","floor":1},{"not_picked":["Sword Boomerang","Clash","Perfected Strike"],"picked":"SKIP","floor":3},{"not_picked":["Wild Strike","Clash"],"picked":"Thunderclap","floor":4},{"not_picked":["Rampage","Battle Trance"],"picked":"Anger","floor":5},{"not_picked":["Carnage","Rampage"],"picked":"Whirlwind","floor":7},{"not_picked":["Bloodletting","Warcry"],"picked":"Iron Wave","floor":11},{"not_picked":["Pommel Strike","True Grit"],"picked":"Limit Break","floor":12},{"not_picked":["Clothesline","Searing Blow","Headbutt"],"picked":"SKIP","floor":13},{"not_picked":["Double Tap","Bludgeon"],"picked":"Impervious","floor":16},{"not_picked":["Clash"],"picked":"SKIP","floor":18},{"not_picked":[],"picked":"Havoc","floor":19},{"not_picked":[],"picked":"Twin Strike+1","floor":21},{"not_picked":["Clash+1"],"picked":"SKIP","floor":24},{"not_picked":[],"picked":"Double Tap","floor":28},{"not_picked":["Anger+1"],"picked":"SKIP","floor":31},{"not_picked":[],"picked":"Whirlwind+1","floor":35},{"not_picked":[],"picked":"Spot Weakness","floor":40},{"not_picked":["Cleave+1"],"picked":"SKIP","floor":42},{"not_picked":["Clash+1"],"picked":"SKIP","floor":45}],"player_experience":372254,"relics_obtained":[{"floor":9,"key":"Anchor"},{"floor":21,"key":"Red Mask"},{"floor":26,"key":"Juzu Bracelet"},{"floor":28,"key":"Red Skull"},{"floor":38,"key":"Peace Pipe"},{"floor":40,"key":"Bronze Scales"},{"floor":43,"key":"Girya"},{"floor":46,"key":"Turnip"}],"event_choices":[{"damage_healed":0,"gold_gain":0,"player_choice":"Success","damage_taken":7,"relics_obtained":["Meat on the Bone"],"max_hp_gain":0,"max_hp_loss":0,"event_name":"Scrap Ooze","floor":2,"gold_loss":0},{"cards_removed":["Strike_R"],"damage_healed":0,"gold_gain":0,"player_choice":"Card Removal","damage_taken":7,"max_hp_gain":0,"max_hp_loss":0,"event_name":"Golden Wing","floor":14,"gold_loss":0},{"damage_healed":0,"gold_gain":0,"player_choice":"Simplicity","damage_taken":0,"max_hp_gain":0,"max_hp_loss":0,"event_name":"Back to Basics","floor":20,"gold_loss":0,"cards_upgraded":["Strike_R","Strike_R","Strike_R","Strike_R","Defend_R","Defend_R","Defend_R","Defend_R"]},{"damage_healed":0,"gold_gain":0,"player_choice":"Fought Bandits","damage_taken":0,"max_hp_gain":0,"max_hp_loss":0,"event_name":"Masked Bandits","floor":21,"gold_loss":0},{"damage_healed":0,"gold_gain":0,"player_choice":"Shed Blood","damage_taken":20,"max_hp_gain":5,"max_hp_loss":0,"event_name":"Forgotten Altar","floor":22,"gold_loss":0},{"cards_removed":["Strike_R"],"damage_healed":0,"gold_gain":0,"player_choice":"Gave Gold","damage_taken":0,"max_hp_gain":0,"max_hp_loss":0,"event_name":"Beggar","floor":30,"gold_loss":75},{"damage_healed":0,"gold_gain":222,"player_choice":"Wore Mask","damage_taken":0,"max_hp_gain":0,"max_hp_loss":0,"event_name":"Tomb of Lord Red Mask","floor":36,"gold_loss":0},{"damage_healed":0,"gold_gain":0,"player_choice":"Fight","damage_taken":0,"max_hp_gain":0,"max_hp_loss":0,"event_name":"MindBloom","floor":38,"gold_loss":0},{"damage_healed":0,"gold_gain":0,"player_choice":"Ignored","damage_taken":0,"max_hp_gain":0,"max_hp_loss":0,"event_name":"Transmorgrifier","floor":39,"gold_loss":0},{"damage_healed":0,"gold_gain":0,"player_choice":"Max HP","damage_taken":0,"max_hp_gain":0,"max_hp_loss":4,"event_name":"Winding Halls","floor":41,"gold_loss":0},{"damage_healed":0,"gold_gain":0,"player_choice":"Fight","damage_taken":0,"max_hp_gain":0,"max_hp_loss":0,"event_name":"Mysterious Sphere","floor":46,"gold_loss":0}],"is_beta":false,"boss_relics":[{"not_picked":["SlaversCollar","Astrolabe"],"picked":"Busted Crown"},{"not_picked":["Mark of Pain","SacredBark"],"picked":"Cursed Key"}],"items_purged_floors":[37],"is_endless":false,"potions_floor_spawned":[3,7,13,16,28,31,33,35,38,40,45],"killed_by":"Writhing Mass","ascension_level":8}}