{"host":"yqw1zpryoutrnocq","time":1613948163,"event":{"mods":["2.2 Compatiblity","AchievementEnabler","BaseMod","Colored Map","Custom Start","DeckTracker","Minty Spire (QoL Compilation)","StSLib","SuperFastMode"],"gold_per_floor":[19,30,43,55,230,259,278,305,332,332,332,41,41,52,52,52,52],"floor_reached":16,"language":"KOR","playtime":422,"items_purged":[],"score":185,"play_id":"63c427ba-a183-44f8-88d0-cc630f07613b","local_time":"20210221165603","is_ascension_mode":true,"campfire_choices":[{"data":"Neutralize","floor":11,"key":"SMITH"},{"floor":15,"key":"REST"}],"circlet_count":0,"master_deck":["AscendersBane","Strike_G+1","Strike_G","Strike_G","Strike_G","Strike_G","Defend_G","Defend_G","Defend_G","Defend_G","Defend_G","Survivor","Neutralize+1","Dodge and Roll","Dagger Spray","Slice","Blade Dance","Doubt","Poisoned Stab+1","Backstab","Heel Hook","Cloak And Dagger+1","Escape Plan+1"],"relics":["Ring of the Snake","Calipers","Art of War","Oddly Smooth Stone","Anchor","Toxic Egg 2"],"acts_visited":["Exordium"],"potions_floor_usage":[6,8,16],"damage_taken":[{"damage":2,"enemies":"Cultist","floor":1,"turns":4},{"damage":0,"enemies":"2 Louse","floor":2,"turns":3},{"damage":1,"enemies":"Small Slimes","floor":3,"turns":3},{"damage":3,"enemies":"Blue Slaver","floor":4,"turns":5},{"damage":27,"enemies":"3 Sentries","floor":6,"turns":14},{"damage":1,"enemies":"3 Louse","floor":7,"turns":3},{"damage":34,"enemies":"Lagavulin","floor":8,"turns":6},{"damage":0,"enemies":"Exordium Thugs","floor":14,"turns":4},{"damage":31,"enemies":"Slime Boss","floor":16,"turns":8}],"seed_played":"8247467885074492304","potions_obtained":[{"floor":4,"key":"Block Potion"},{"floor":6,"key":"DuplicationPotion"},{"floor":8,"key":"AttackPotion"}],"is_trial":false,"path_per_floor":["M","M","M","M","?","E","M","E","T","?","R","$","?","M","R","B"],"character_chosen":"THE_SILENT","items_purchased":["Toxic Egg 2","Cloak And Dagger+1"],"campfire_rested":1,"item_purchase_floors":[12,12],"current_hp_per_floor":[61,61,60,57,57,30,29,15,15,20,20,20,5,5,27,0,0],"gold":52,"neow_bonus":"ONE_RARE_RELIC","is_daily":false,"chose_seed":false,"campfire_upgraded":1,"win_rate":0.0,"timestamp":1613948163,"path_taken":["M","?","M","M","?","E","M","E","T","?","R","$","?","M","R","BOSS"],"items_purchased_type":["Relic","Card"],"build_version":"2020-12-22","purchased_purges":0,"victory":false,"max_hp_per_floor":[70,70,70,70,70,70,70,70,70,75,75,75,75,75,75,75,75],"card_choices":[{"not_picked":["Quick Slash","Reflex"],"picked":"Dodge and Roll","floor":1},{"not_picked":["Calculated Gamble","Bane"],"picked":"Dagger Spray","floor":2},{"not_picked":["Phantasmal Killer","Bane"],"picked":"Slice","floor":3},{"not_picked":["Flying Knee","Poisoned Stab"],"picked":"Blade Dance","floor":4},{"not_picked":["Slice","Bane"],"picked":"Poisoned Stab","floor":6},{"not_picked":["Quick Slash","Bane"],"picked":"Backstab","floor":7},{"not_picked":["Distraction","Slice"],"picked":"Heel Hook","floor":8},{"not_picked":["Skewer","Riddle With Holes"],"picked":"Escape Plan+1","floor":14}],"player_experience":355997,"relics_obtained":[{"floor":6,"key":"Art of War"},{"floor":8,"key":"Oddly Smooth Stone"},{"floor":9,"key":"Anchor"}],"event_choices":[{"damage_healed":0,"gold_gain":175,"player_choice":"AGREE","damage_taken":0,"max_hp_gain":0,"max_hp_loss":0,"event_name":"Liars Game","floor":5,"gold_loss":0,"cards_obtained":["Doubt"]},{"damage_healed":0,"gold_gain":0,"player_choice":"Donut","damage_taken":0,"max_hp_gain":5,"max_hp_loss":0,"event_name":"Big Fish","floor":10,"gold_loss":0},{"damage_healed":0,"gold_gain":0,"player_choice":"Entered Light","damage_taken":15,"max_hp_gain":0,"max_hp_loss":0,"event_name":"Shining Light","floor":13,"gold_loss":0,"cards_upgraded":["Poisoned Stab","Strike_G"]}],"is_beta":false,"boss_relics":[],"items_purged_floors":[],"is_endless":false,"potions_floor_spawned":[4,6,8],"killed_by":"Slime Boss","ascension_level":13}}