{"host":"t5kis9necmbui802","time":1613902579,"event":{"mods":["100% Spire Juice","Act Like it!","BaseMod","CapriCore","Chen","Colored Powertips","Downfall","Gensokyo","HololiveMod","Koishi","KomeijiMod","Lobotomy","LobotomyExtend","Minty Spire (QoL Compilation)","MostiFishMod","Replay The Spire","Robot Space Explorer","Shop Mod","Spicy Shops","StSLib","The Alterego","The Immortal","TheWitcher","Uncapped","Yuri Mod","noobMod"],"gold_per_floor":[99,115,115,115,130,130,15,30,77,94,94,94,94,112,12,24,41,137,137,37,54,39,139,139,157,157,174,184,217,230,241,241,241,254,354,354,254,266,80,95,95,114,114,114,139,139,139,149,164,180,190,204,224,224,224,224,254,15,15,15,15],"floor_reached":62,"language":"ZHS","playtime":3046,"items_purged":[],"score":1406,"play_id":"955cd516-34ca-4939-94e8-476f8c0dd05e","local_time":"20210221181619","is_ascension_mode":false,"campfire_choices":[{"floor":1,"key":"RECALL"},{"data":"champ:Taunt","floor":11,"key":"SMITH"},{"data":"champ:StanceDance","floor":13,"key":"SMITH"},{"data":"champ:SwordThrow","floor":15,"key":"SMITH"},{"data":"champ:SteelEdge","floor":59,"key":"SMITH"}],"circlet_count":0,"master_deck":["champ:Strike","champ:Strike","champ:Defend","champ:Defend","champ:Defend","champ:Execute","champ:Taunt+1","champ:IronFortress","champ:PreciseThrust","champ:TornadoPunch","champ:ShieldWall","champ:ShieldWall","champ:AdrenalArmor","champ:BringItOn","champ:StanceDance+1","champ:SwordThrow+1","champ:PerfectedStrike","champ:Haymaker","champ:Encircle","champ:SteelEdge+1","champ:GladiatorStyle+1","champ:EnragedBash","champ:GutPunch","champ:StanceDance","champ:StanceDance+1","champ:Duel+1","champ:Improvising+1","champ:CrookedStrike+1","champ:Circumvent+1","downfall:Bewildered","champ:StanceDance","champ:IgnorePain+1","champ:CheapShot+1","champ:HeartStrike+1","champ:FanOfKnives+1","champ:Devastate+1","champ:Shatter+1","champ:GutPunch+1","champ:BerserkersShout","champ:ShieldSlam","champ:Lariat+1","champ:UltimateStance+1","Doubt"],"relics":["champ:ChampionCrown","DaveBox","ice","MostiFishMod:AdaptiveDefenses","LetterFromLob","ThirstyCross","downfall:HeartBlessingRed","FeatherPendant","downfall:HeartBlessingBlue","champ:BlackKnightHelmet","Replay:WaspNest","Bag of Marbles","Golden Egg","sneckomod:BabySnecko","Onion Ring","bronze:MakeshiftBattery","downfall:HeartBlessingGreen","MerchantsRug","Quantum Egg","Lantern","Snack Pack","Vajra","White Beast Statue","BrkXgEgg"],"acts_visited":["Exordium","TheCity","Gensokyo:Gensokyoest","TheEnding"],"potions_floor_usage":[18,60,61,61],"damage_taken":[{"damage":10,"enemies":"Jaw Worm","floor":2,"turns":3},{"damage":14,"enemies":"2 Louse","floor":5,"turns":3},{"damage":20,"enemies":"downfall:FleeingMerchant","floor":7,"turns":4},{"damage":13,"enemies":"Cultist","floor":8,"turns":3},{"damage":22,"enemies":"2 Fungi Beasts","floor":10,"turns":3},{"damage":20,"enemies":"Exordium Thugs","floor":14,"turns":3},{"damage":21,"enemies":"3 Louse","floor":16,"turns":3},{"damage":10,"enemies":"downfall:LooterAlt","floor":17,"turns":2},{"damage":27,"enemies":"SI_SHIV_ARCHETYPE","floor":18,"turns":5},{"damage":20,"enemies":"Spheric Guardian","floor":21,"turns":2},{"damage":15,"enemies":"downfall:FleeingMerchant","floor":22,"turns":4},{"damage":35,"enemies":"downfall:FleeingMerchant","floor":23,"turns":5},{"damage":11,"enemies":"Chosen","floor":25,"turns":2},{"damage":25,"enemies":"Centurion and Healer","floor":27,"turns":2},{"damage":10,"enemies":"Snake Plant","floor":28,"turns":1},{"damage":49,"enemies":"Book of Stabbing","floor":29,"turns":4},{"damage":25,"enemies":"Cultist and Chosen","floor":30,"turns":3},{"damage":27,"enemies":"Shelled Parasite and Fungi","floor":31,"turns":2},{"damage":10,"enemies":"Sentry and Sphere","floor":34,"turns":1},{"damage":69,"enemies":"IC_MUSHROOM_ARCHETYPE","floor":35,"turns":5},{"damage":12,"enemies":"Gensokyo:3_Boulders","floor":38,"turns":3},{"damage":0,"enemies":"downfall:FleeingMerchant","floor":39,"turns":1},{"damage":0,"enemies":"Gensokyo:AncientGuardian","floor":40,"turns":1},{"damage":16,"enemies":"Gensokyo:4_Bats","floor":42,"turns":2},{"damage":5,"enemies":"Gensokyo:Kasen","floor":45,"turns":2},{"damage":15,"enemies":"Gensokyo:Sharpion","floor":48,"turns":3},{"damage":0,"enemies":"Gensokyo:AtlasGolem","floor":49,"turns":3},{"damage":17,"enemies":"Gensokyo:4_Bats","floor":50,"turns":3},{"damage":0,"enemies":"Gensokyo:Dusk_and_Dawn","floor":51,"turns":2},{"damage":0,"enemies":"Gensokyo:Sharpion","floor":52,"turns":1},{"damage":0,"enemies":"Gensokyo:SeedOfUnknown","floor":53,"turns":2},{"damage":50,"enemies":"WA_ARCHETYPE_DIVINITY","floor":54,"turns":3},{"damage":50,"enemies":"downfall:CharBossMerchant","floor":57,"turns":3},{"damage":151,"enemies":"downfall:NeowBoss","floor":60,"turns":9},{"damage":157,"enemies":"downfall:NeowBossFinal","floor":61,"turns":6}],"seed_played":"4283155140450280923","potions_obtained":[{"floor":2,"key":"Elixir"},{"floor":10,"key":"Toxic Potion"},{"floor":16,"key":"Fire Potion"},{"floor":18,"key":"Ancient Potion"},{"floor":30,"key":"Adrenaline Potion"},{"floor":42,"key":"Strength Potion"},{"floor":45,"key":"Guardian:BlockOnCardUsePotion"},{"floor":57,"key":"DuplicationPotion"}],"is_trial":false,"path_per_floor":["R","M","PTL","PTL","M","?","$","M","T","M","R","?","R","M","R","M","M","B",null,"R","M","$","?","?","M","T","M","M","E","M","M","?","T","M","B",null,"R","M","$","M","?","M","T","?","E","PTL","PTL","M","M","M","M","M","M","B",null,null,"E","$","R","B","B",null],"character_chosen":"THE_CHAMP","items_purchased":["champ:ShieldWall","champ:AdrenalArmor","MerchantsRug","Quantum Egg","Lantern","champ:UltimateStance","BrkXgEgg"],"campfire_rested":0,"item_purchase_floors":[7,7,39,39,39,58,58],"current_hp_per_floor":[99,99,99,99,99,99,99,99,99,98,98,98,98,99,99,98,98,91,99,109,109,99,109,109,103,103,109,109,85,106,82,82,82,82,39,109,109,97,109,109,109,93,93,58,64,64,64,79,81,97,101,103,107,109,109,109,109,109,109,44,46],"gold":15,"neow_bonus":"TEN_PERCENT_HP_BONUS","is_daily":false,"chose_seed":false,"campfire_upgraded":4,"win_rate":0.0,"timestamp":1613902579,"path_taken":["R","M","PTL","PTL","M","?","$","M","T","M","R","?","R","M","R","?","M","BOSS","R","M","$","?","?","M","T","M","M","E","M","M","?","?","M","BOSS","R","M","$","M","?","M","T","?","E","PTL","PTL","M","M","?","?","M","M","BOSS","E","$","R","BOSS","BOSS"],"items_purchased_type":["Card","Card","Relic","Relic","Card","Card","Relic"],"build_version":"2020-12-22","purchased_purges":0,"victory":true,"max_hp_per_floor":[99,99,99,99,99,99,99,99,99,99,99,99,99,99,99,99,99,99,99,109,109,109,109,109,109,109,109,109,109,109,109,109,109,109,109,109,109,109,109,109,109,109,109,109,109,109,109,109,109,109,109,109,109,109,109,109,109,109,109,109,113],"card_choices":[{"not_picked":["champ:EndlessRage","champ:StanceDance"],"picked":"champ:IronFortress","floor":2},{"not_picked":["champ:Circumvent","champ:SetATrap"],"picked":"champ:PreciseThrust","floor":5},{"not_picked":["champ:Haymaker","champ:Shatter"],"picked":"champ:TornadoPunch","floor":7},{"not_picked":["champ:TornadoPunch","champ:Endure"],"picked":"champ:BringItOn","floor":8},{"not_picked":["champ:FlashCut","champ:PreciseThrust"],"picked":"champ:StanceDance","floor":10},{"not_picked":["champ:CrownThrow","champ:FancyFootwork"],"picked":"champ:PerfectedStrike","floor":14},{"not_picked":["champ:IgnorePain","champ:FanOfKnives"],"picked":"champ:Haymaker","floor":16},{"not_picked":["champ:Haymaker","champ:AdrenalArmor"],"picked":"champ:Encircle","floor":17},{"not_picked":["champ:Devastate","champ:GladiatorForm"],"picked":"champ:SteelEdge","floor":18},{"not_picked":["champ:PerfectedStrike","champ:CrownThrow"],"picked":"champ:GladiatorStyle+1","floor":21},{"not_picked":["champ:Haymaker+1","champ:ArenaPreparation+1"],"picked":"champ:EnragedBash","floor":22},{"not_picked":["champ:AdrenalArmor","champ:PerfectedStrike"],"picked":"champ:GutPunch","floor":23},{"not_picked":["champ:PreemptiveStrike","champ:BerserkersShout"],"picked":"champ:StanceDance","floor":25},{"not_picked":["champ:GladiatorStyle","champ:BladeFlurry"],"picked":"champ:StanceDance+1","floor":27},{"not_picked":["champ:RapidStrikes","champ:SetATrap+1"],"picked":"champ:Duel+1","floor":28},{"not_picked":["champ:EnragedBash","champ:ShieldSlam+1"],"picked":"champ:Improvising","floor":29},{"not_picked":["champ:FlashCut","champ:Circumvent"],"picked":"champ:CrookedStrike+1","floor":30},{"not_picked":["champ:BringItOn","champ:BladeFlurry"],"picked":"champ:Circumvent+1","floor":31},{"not_picked":["champ:PreciseThrust","champ:SkillfulDodge"],"picked":"champ:StanceDance","floor":34},{"not_picked":["champ:SwordThrow","champ:ShieldThrow"],"picked":"champ:IgnorePain","floor":35},{"not_picked":["champ:PerfectedStrike+1","champ:BringItOn+1","champ:BladeFlurry+1"],"picked":"SKIP","floor":38},{"not_picked":["champ:AdrenalArmor","champ:Parry"],"picked":"champ:HeartStrike+1","floor":39},{"not_picked":["champ:FlashCut","champ:PreciseThrust","champ:TornadoPunch"],"picked":"SKIP","floor":40},{"not_picked":["champ:GutPunch","champ:BladeFlurry+1"],"picked":"champ:FanOfKnives+1","floor":42},{"not_picked":["champ:CalledShot+1","champ:Circumvent"],"picked":"champ:Devastate","floor":45},{"not_picked":["champ:CrookedStrike","champ:GutPunch"],"picked":"champ:Shatter+1","floor":48},{"not_picked":["champ:Haymaker","champ:StanceDance+1"],"picked":"champ:GutPunch+1","floor":49},{"not_picked":["champ:FalseCounter","champ:TornadoPunch+1"],"picked":"champ:BerserkersShout","floor":50},{"not_picked":["champ:Haymaker","champ:PerfectedStrike+1"],"picked":"champ:ShieldSlam","floor":51},{"not_picked":["champ:CheapShot","champ:FlashCut+1","champ:FanOfKnives"],"picked":"SKIP","floor":52},{"not_picked":["champ:RisingSlash","champ:FalseCounter"],"picked":"champ:Lariat+1","floor":53},{"not_picked":["champ:Haymaker","champ:RisingSlash+1","champ:Circumvent"],"picked":"SKIP","floor":57}],"player_experience":425340,"relics_obtained":[{"floor":2,"key":"LetterFromLob"},{"floor":23,"key":"champ:BlackKnightHelmet"},{"floor":23,"key":"Replay:WaspNest"},{"floor":26,"key":"Bag of Marbles"},{"floor":29,"key":"Golden Egg"},{"floor":33,"key":"Onion Ring"},{"floor":43,"key":"Snack Pack"},{"floor":45,"key":"Vajra"},{"floor":57,"key":"White Beast Statue"}],"event_choices":[{"damage_healed":0,"gold_gain":0,"player_choice":"Ignored","damage_taken":0,"max_hp_gain":0,"max_hp_loss":0,"event_name":"Ghosts","floor":20,"gold_loss":0}],"is_beta":false,"boss_relics":[{"not_picked":["Velvet Choker","Abe\u0027s Treasure"],"picked":"FeatherPendant"},{"not_picked":["SlaversCollar","GreenFoldingFan"],"picked":"bronze:MakeshiftBattery"}],"items_purged_floors":[],"is_endless":false,"potions_floor_spawned":[2,10,16,18,21,27,30,34,35,42,45,48,49,57],"ascension_level":0}}