{"host":"93bjq340p293ukqy","time":1613928969,"event":{"mods":["BaseMod","Hermit","Minty Spire (QoL Compilation)","StSLib","The Cursed"],"gold_per_floor":[99,49,49,49,4,4,4,4,4,4,4,4,4,4,4,4,4,4,4,4,4,4,4,4,4,4],"floor_reached":25,"language":"ENG","playtime":2092,"items_purged":[],"score":309,"play_id":"229ab85e-1d9e-42c4-8c0a-ffd5bcf0b933","local_time":"20210221193609","is_ascension_mode":true,"campfire_choices":[{"data":"Infinite Blades","floor":6,"key":"SMITH"},{"data":"Infinite Blades","floor":8,"key":"SMITH"},{"data":"Blade Dance","floor":10,"key":"SMITH"},{"floor":12,"key":"REST"},{"floor":15,"key":"REST"},{"floor":23,"key":"REST"}],"circlet_count":0,"master_deck":["Strike_G","Strike_G","Strike_G","Strike_G","Defend_G","Defend_G","Defend_G","Defend_G","Survivor","Neutralize","Infinite Blades+1","Expertise","Infinite Blades+1","Blade Dance+1","Caltrops","Envenom","PiercingWail","Decay","Backflip","Shame","Prepared"],"relics":["Ectoplasm","Bronze Scales","Snake Skull","Bottled Lightning","Black Star","Art of War","Ancient Tea Set","Smiling Mask"],"acts_visited":["Exordium","TheCity"],"potions_floor_usage":[7,7,16],"damage_taken":[{"damage":0,"enemies":"2 Louse","floor":1,"turns":3},{"damage":0,"enemies":"Cultist","floor":3,"turns":4},{"damage":5,"enemies":"Small Slimes","floor":4,"turns":5},{"damage":6,"enemies":"Looter","floor":5,"turns":4},{"damage":7,"enemies":"Lagavulin","floor":7,"turns":7},{"damage":2,"enemies":"2 Fungi Beasts","floor":11,"turns":3},{"damage":17,"enemies":"3 Sentries","floor":14,"turns":6},{"damage":51,"enemies":"The Guardian","floor":16,"turns":10},{"damage":19,"enemies":"Spheric Guardian","floor":18,"turns":4},{"damage":4,"enemies":"Chosen","floor":20,"turns":4},{"damage":43,"enemies":"Book of Stabbing","floor":24,"turns":5},{"damage":15,"enemies":"Shelled Parasite and Fungi","floor":25,"turns":3}],"seed_played":"8393056485766536660","potions_obtained":[{"floor":3,"key":"GamblersBrew"},{"floor":4,"key":"Block Potion"},{"floor":5,"key":"DistilledChaos"}],"is_trial":false,"path_per_floor":["M","?","M","M","M","R","E","R","T","R","M","R","?","E","R","B",null,"M","?","M","?","?","R","E","M"],"character_chosen":"THE_SILENT","items_purchased":[],"campfire_rested":3,"item_purchase_floors":[],"current_hp_per_floor":[63,63,63,58,52,52,45,45,45,45,43,64,64,47,68,17,57,38,38,34,34,34,55,12,0,0],"gold":4,"neow_bonus":"BOSS_RELIC","is_daily":false,"chose_seed":false,"campfire_upgraded":3,"win_rate":0.0,"timestamp":1613928969,"path_taken":["M","?","M","M","M","R","E","R","T","R","M","R","?","E","R","BOSS","M","?","M","?","?","R","E","M"],"items_purchased_type":[],"build_version":"2020-12-22","purchased_purges":0,"victory":false,"max_hp_per_floor":[70,70,70,70,70,70,70,70,70,70,70,70,70,70,70,70,70,70,70,70,70,70,70,70,70,70],"card_choices":[{"not_picked":["Poisoned Stab","Prepared"],"picked":"Infinite Blades","floor":1},{"not_picked":["Outmaneuver","Concentrate"],"picked":"Expertise","floor":3},{"not_picked":["Catalyst","Dodge and Roll"],"picked":"Infinite Blades","floor":4},{"not_picked":["Bane","Deadly Poison"],"picked":"Blade Dance","floor":5},{"not_picked":["Grand Finale","Setup","Tactician"],"picked":"SKIP","floor":7},{"not_picked":["PiercingWail","Acrobatics"],"picked":"Caltrops","floor":11},{"not_picked":["Flechettes","Catalyst","Eviscerate"],"picked":"SKIP","floor":14},{"not_picked":["Phantasmal Killer","Adrenaline"],"picked":"Envenom","floor":16},{"not_picked":["Underhanded Strike","Quick Slash"],"picked":"PiercingWail","floor":18},{"not_picked":["Quick Slash","Setup"],"picked":"Backflip","floor":20},{"not_picked":["Riddle With Holes","Outmaneuver"],"picked":"Prepared","floor":24}],"player_experience":264213,"relics_obtained":[{"floor":7,"key":"Bronze Scales"},{"floor":9,"key":"Snake Skull"},{"floor":14,"key":"Bottled Lightning"},{"floor":24,"key":"Ancient Tea Set"},{"floor":24,"key":"Smiling Mask"}],"event_choices":[{"cards_removed":["Strike_G"],"damage_healed":0,"gold_gain":0,"player_choice":"Card Removal","damage_taken":0,"max_hp_gain":0,"max_hp_loss":0,"event_name":"The Cleric","floor":2,"gold_loss":50},{"cards_removed":["Defend_G"],"damage_healed":0,"gold_gain":0,"player_choice":"Purged","damage_taken":0,"max_hp_gain":0,"max_hp_loss":0,"event_name":"Purifier","floor":13,"gold_loss":0},{"damage_healed":0,"gold_gain":0,"player_choice":"Smashed Altar","damage_taken":0,"max_hp_gain":0,"max_hp_loss":0,"event_name":"Forgotten Altar","floor":19,"gold_loss":0,"cards_obtained":["Decay"]},{"damage_healed":0,"gold_gain":0,"player_choice":"Stole Relic","damage_taken":0,"relics_obtained":["Art of War"],"max_hp_gain":0,"max_hp_loss":0,"event_name":"Addict","floor":21,"gold_loss":0,"cards_obtained":["Shame"]},{"damage_healed":0,"gold_gain":0,"player_choice":"Ignored","damage_taken":0,"max_hp_gain":0,"max_hp_loss":0,"event_name":"Ghosts","floor":22,"gold_loss":0}],"is_beta":false,"boss_relics":[{"not_picked":["Sozu","Snecko Eye"],"picked":"Black Star"}],"items_purged_floors":[],"is_endless":false,"potions_floor_spawned":[3,4,5],"killed_by":"Shelled Parasite and Fungi","ascension_level":7}}