{"host":"pynofkhbweftzsaw","time":1613877986,"event":{"mods":["BaseMod","Colored Map","Marisa????????","Minty Spire (QoL Compilation)","StSLib","The Servant 0.9.4"],"gold_per_floor":[112,112,130,140,140,140,159,170,170,180,180,191,191,37,37,137,137,125,138,150,150,150,150],"floor_reached":22,"language":"ENG","playtime":1111,"items_purged":[],"score":198,"play_id":"5f387ebb-7316-4ad9-9cfb-e8a560792e9a","local_time":"20210221112626","is_ascension_mode":true,"campfire_choices":[{"data":"Strike_B","floor":6,"key":"SMITH"},{"floor":11,"key":"REST"},{"data":"Strike_B","floor":13,"key":"SMITH"},{"floor":15,"key":"REST"}],"circlet_count":0,"master_deck":["Strike_B","Strike_B","Strike_B+1","Strike_B+1","Defend_B","Defend_B","Defend_B","Beam Cell+1","Self Repair","Rainbow","Gash","Redo+1","Beam Cell","Recycle"],"relics":["Empty Cage","Kunai","Regal Pillow","Nuclear Battery"],"acts_visited":["Exordium","TheCity"],"potions_floor_usage":[16],"damage_taken":[{"damage":5,"enemies":"2 Louse","floor":1,"turns":4},{"damage":7,"enemies":"Small Slimes","floor":3,"turns":4},{"damage":10,"enemies":"Cultist","floor":4,"turns":5},{"damage":8,"enemies":"Red Slaver","floor":7,"turns":3},{"damage":19,"enemies":"Exordium Wildlife","floor":8,"turns":4},{"damage":20,"enemies":"Lots of Slimes","floor":10,"turns":5},{"damage":10,"enemies":"Looter","floor":12,"turns":3},{"damage":49,"enemies":"The Guardian","floor":16,"turns":14},{"damage":10,"enemies":"2 Thieves","floor":18,"turns":4},{"damage":6,"enemies":"Chosen","floor":19,"turns":4},{"damage":48,"enemies":"Centurion and Healer","floor":20,"turns":8},{"damage":0,"enemies":"Cultist and Chosen","floor":22,"turns":1}],"seed_played":"-8177852114627055039","potions_obtained":[{"floor":4,"key":"FearPotion"},{"floor":10,"key":"PotionOfCapacity"},{"floor":16,"key":"Dexterity Potion"},{"floor":20,"key":"BlessingOfTheForge"}],"is_trial":false,"path_per_floor":["M","?","M","M","?","R","M","M","T","M","R","M","R","$","R","B",null,"M","M","M","?","M"],"character_chosen":"DEFECT","items_purchased":["Regal Pillow"],"campfire_rested":2,"item_purchase_floors":[14],"current_hp_per_floor":[70,70,63,53,53,53,45,26,26,13,35,32,32,32,69,27,75,72,73,32,32,32,32],"gold":150,"neow_bonus":"BOSS_RELIC","is_daily":false,"chose_seed":false,"campfire_upgraded":2,"win_rate":0.0,"timestamp":1613877986,"path_taken":["M","?","M","M","?","R","M","M","T","M","R","?","R","?","R","BOSS","M","M","M","?","?"],"items_purchased_type":["Relic"],"build_version":"2020-12-22","purchased_purges":0,"victory":false,"max_hp_per_floor":[75,75,75,75,75,75,75,75,75,75,75,75,75,75,75,75,75,75,75,75,75,75,75],"card_choices":[{"not_picked":["Steam","Barrage","Turbo"],"picked":"SKIP","floor":1},{"not_picked":["Leap","Conserve Battery","Capacitor"],"picked":"SKIP","floor":3},{"not_picked":["Steam","Ball Lightning"],"picked":"Beam Cell","floor":4},{"not_picked":["Doom and Gloom","Barrage","Glacier"],"picked":"SKIP","floor":7},{"not_picked":["Defragment","Skim"],"picked":"Self Repair","floor":8},{"not_picked":["Skim","Redo","Ball Lightning"],"picked":"SKIP","floor":10},{"not_picked":["Rip and Tear","Barrage","Loop"],"picked":"SKIP","floor":12},{"not_picked":["Echo Form","Meteor Strike"],"picked":"Rainbow","floor":16},{"not_picked":["Darkness+1","Barrage+1"],"picked":"Gash","floor":18},{"not_picked":["Steam","Rebound+1"],"picked":"Redo+1","floor":19},{"not_picked":["Self Repair","Barrage"],"picked":"Beam Cell","floor":20}],"player_experience":182808,"relics_obtained":[{"floor":9,"key":"Kunai"}],"event_choices":[{"damage_healed":0,"gold_gain":0,"player_choice":"Ignored","damage_taken":0,"max_hp_gain":0,"max_hp_loss":0,"event_name":"Golden Wing","floor":2,"gold_loss":0},{"damage_healed":0,"gold_gain":0,"player_choice":"Forge","damage_taken":0,"max_hp_gain":0,"max_hp_loss":0,"event_name":"Accursed Blacksmith","floor":5,"gold_loss":0,"cards_upgraded":["Beam Cell"]},{"damage_healed":0,"gold_gain":0,"cards_transformed":["Defend_B"],"player_choice":"Transformed","damage_taken":0,"max_hp_gain":0,"max_hp_loss":0,"event_name":"Transmorgrifier","floor":21,"gold_loss":0,"cards_obtained":["Recycle"]}],"is_beta":false,"boss_relics":[{"not_picked":["Inserter","Runic Pyramid"],"picked":"Nuclear Battery"}],"items_purged_floors":[],"is_endless":false,"potions_floor_spawned":[4,10,16,20],"killed_by":"Cultist and Chosen","ascension_level":2}}