{"host":"jgl9m63d23sfproq","time":1613873312,"event":{"mods":["Act Like it!","Aspiration","BaseMod","Colored Map","Conspire","DeckTracker","Downfall","Hermit","Minty Spire (QoL Compilation)","Replay The Spire","Robot Space Explorer","StSLib","The Bug Knight","The Cursed","The Runesmith","The Servant 0.9.4"],"gold_per_floor":[116,116,116,32,56,56,99,99,123,169,193,18,37,37,37,156,156,179,104,19,19,33,33,57,57,138,152,170,195,216,216,216,234,234,234,234],"floor_reached":35,"language":"ZHS","playtime":1283,"items_purged":[],"score":284,"play_id":"2781e38f-34c5-4925-af4c-54ae363f1318","local_time":"20210221100832","is_ascension_mode":false,"campfire_choices":[{"floor":6,"key":"RECALL"},{"data":"Noxious Fumes","floor":8,"key":"SMITH"},{"floor":15,"key":"REST"},{"floor":23,"key":"REST"},{"data":"Strike_G","floor":34,"key":"PURGE"}],"circlet_count":0,"master_deck":["Strike_G","Strike_G","Strike_G+1","Defend_G","Defend_G","Defend_G","Defend_G","Defend_G+1","Survivor","Neutralize+1","Noxious Fumes+1","Finesse","Fluid Movement","Poisoned Stab","Well Laid Plans","Noxious Fumes","Poisoned Strike","Bouncing Flask","Corpse Explosion","Prepared+1","ReplayTheSpireMod:Scrap Shanks","Prepared","Catalyst","Backstab","Cloak And Dagger+1","ReplayTheSpireMod:Speed Training","Bane"],"relics":["Ring of the Snake","NeowsBlessing","Golden Idol","TungstenRod","Gremlin Food","conspire:DecoderRing","Honey Jar","ReplayTheSpireMod:TigerMarble","Mummified Hand"],"acts_visited":["Exordium","TheCity"],"potions_floor_usage":[27,33,33],"damage_taken":[{"damage":0,"enemies":"Small Slimes","floor":1,"turns":1},{"damage":0,"enemies":"Cultist","floor":5,"turns":1},{"damage":0,"enemies":"3 Sentries","floor":7,"turns":2},{"damage":19,"enemies":"conspire:MimicChest","floor":10,"turns":7},{"damage":0,"enemies":"2 Louse","floor":11,"turns":2},{"damage":5,"enemies":"Blue Slaver","floor":13,"turns":4},{"damage":11,"enemies":"Hexaghost","floor":16,"turns":9},{"damage":31,"enemies":"2 Thieves","floor":18,"turns":3},{"damage":19,"enemies":"Centurion and Healer","floor":22,"turns":4},{"damage":10,"enemies":"conspire:HollyBat","floor":24,"turns":7},{"damage":12,"enemies":"Snake Plant","floor":27,"turns":4},{"damage":3,"enemies":"3 Cultists","floor":28,"turns":3},{"damage":4,"enemies":"Chosen and Byrds","floor":29,"turns":4},{"damage":4,"enemies":"conspire:HollyBat","floor":30,"turns":5},{"damage":2,"enemies":"Snake Plant","floor":33,"turns":2},{"damage":6,"enemies":"Pondfish","floor":35,"turns":5}],"seed_played":"5616848727734704017","potions_obtained":[{"floor":1,"key":"SteroidPotion"},{"floor":10,"key":"Fire Potion"},{"floor":18,"key":"Weak Potion"},{"floor":24,"key":"FearPotion"},{"floor":27,"key":"Doom Potion"},{"floor":29,"key":"Explosive Potion"},{"floor":33,"key":"Milkshake"}],"is_trial":false,"path_per_floor":["M","?","?","$","M","R","E","R","T","?","M","$","M","?","R","B",null,"M","?","?","?","M","R","M","?","T","M","M","M","M","PTL","PTL","M","R_BF","B"],"character_chosen":"THE_SILENT","items_purchased":["Finesse","Poisoned Strike"],"campfire_rested":2,"item_purchase_floors":[4,12],"current_hp_per_floor":[70,70,53,53,53,53,53,53,53,34,34,34,29,29,50,39,70,39,39,39,39,20,41,31,31,31,19,16,12,8,8,8,6,6,0,0],"gold":234,"neow_bonus":"THREE_ENEMY_KILL","is_daily":false,"chose_seed":false,"campfire_upgraded":1,"win_rate":0.0,"timestamp":1613873312,"path_taken":["M","?","?","$","M","R","E","R","T","?","?","?","M","?","R","BOSS","M","?","?","?","M","R","M","?","T","M","M","M","M","PTL","PTL","M","R_BF","BOSS"],"items_purchased_type":["Card","Card"],"build_version":"2020-12-22","purchased_purges":0,"victory":false,"max_hp_per_floor":[70,70,70,70,70,70,70,70,70,70,70,70,70,70,70,70,70,70,70,70,70,70,70,70,70,70,70,70,70,70,70,70,70,70,70,70],"card_choices":[{"not_picked":["Calculated Gamble","Riddle With Holes"],"picked":"Noxious Fumes","floor":1},{"not_picked":["Cloak And Dagger","Underhanded Strike"],"picked":"Fluid Movement","floor":5},{"not_picked":["Choke","Flying Knee"],"picked":"Poisoned Stab","floor":7},{"not_picked":["ReplayTheSpireMod:Exploit Weakness","Fluid Movement"],"picked":"Well Laid Plans","floor":10},{"not_picked":["Bane","Blade Dance"],"picked":"Noxious Fumes","floor":11},{"not_picked":["Bane","ReplayTheSpireMod:The Works"],"picked":"Bouncing Flask","floor":13},{"not_picked":["Wraith Form v2","Glass Knife"],"picked":"Corpse Explosion","floor":16},{"not_picked":["Sucker Punch+1","Deflect","Dagger Spray+1"],"picked":"Prepared+1","floor":18},{"not_picked":["Malaise","PiercingWail","Dagger Throw"],"picked":"ReplayTheSpireMod:Scrap Shanks","floor":22},{"not_picked":["Dagger Spray+1","Cloak And Dagger","Bane"],"picked":"Prepared","floor":24},{"not_picked":["Backflip","Quick Slash","Glass Knife"],"picked":"Catalyst","floor":27},{"not_picked":["Acrobatics","Predator+1","Riddle With Holes"],"picked":"Backstab","floor":28},{"not_picked":["Prepared","Dagger Spray+1","Dagger Throw"],"picked":"Cloak And Dagger+1","floor":29},{"not_picked":["Choke+1","Calculated Gamble","Dagger Spray+1"],"picked":"ReplayTheSpireMod:Speed Training","floor":30},{"not_picked":["Sucker Punch","Dash","Terror"],"picked":"Bane","floor":33}],"player_experience":36781,"relics_obtained":[{"floor":7,"key":"TungstenRod"},{"floor":9,"key":"Gremlin Food"},{"floor":10,"key":"conspire:DecoderRing"},{"floor":26,"key":"Mummified Hand"}],"event_choices":[{"damage_healed":0,"gold_gain":0,"player_choice":"Take Damage","damage_taken":17,"relics_obtained":["Golden Idol"],"max_hp_gain":0,"max_hp_loss":0,"event_name":"Golden Idol","floor":3,"gold_loss":0},{"damage_healed":0,"gold_gain":0,"player_choice":"Leave","damage_taken":0,"max_hp_gain":0,"max_hp_loss":0,"event_name":"conspire:Investor","floor":14,"gold_loss":0},{"cards_removed":["Strike_G"],"damage_healed":0,"gold_gain":0,"player_choice":"Gave Gold","damage_taken":0,"max_hp_gain":0,"max_hp_loss":0,"event_name":"Beggar","floor":19,"gold_loss":75},{"damage_healed":0,"gold_gain":0,"player_choice":"Obtained Relic","damage_taken":0,"relics_obtained":["ReplayTheSpireMod:TigerMarble"],"max_hp_gain":0,"max_hp_loss":0,"event_name":"Addict","floor":20,"gold_loss":85},{"damage_healed":0,"gold_gain":0,"player_choice":"Ignored","damage_taken":0,"max_hp_gain":0,"max_hp_loss":0,"event_name":"Vampires","floor":21,"gold_loss":0},{"damage_healed":0,"gold_gain":0,"player_choice":"Ignored","damage_taken":0,"max_hp_gain":0,"max_hp_loss":0,"event_name":"Cursed Tome","floor":25,"gold_loss":0}],"is_beta":false,"boss_relics":[{"not_picked":["Calling Bell","conspire:SeveredTorchhead"],"picked":"Honey Jar"}],"items_purged_floors":[],"is_endless":false,"potions_floor_spawned":[1,10,18,24,27,29,33],"killed_by":"Pondfish","ascension_level":0}}