{"host":"s4ojoik2izpnmj7q","time":1613944594,"event":{"mods":["ATMod(°¢èªMod)","Act Like it!","BaseMod","Minty Spire (QoL Compilation)","MostiFishMod","StSLib"],"gold_per_floor":[117,136,153,167,179,212,212,137,163,198,198,217,228,260,260,334,334,354,354,364,396,321,353,353,187,187,225,329,329,329,416,416,512,512,605,605,605,646,696,751,796,849,874,874,924,965,1053,1157,1157,1482,1732,1732,1732,1732,2007,2132],"floor_reached":57,"language":"ZHS","playtime":1361,"items_purged":["Strike_P","Strike_P","Defend_P","AT_MachinaRedman+1"],"score":3954,"play_id":"adaa44ec-60c0-4969-b01e-a5b824f72a1f","local_time":"20210222055634","is_ascension_mode":true,"campfire_choices":[{"data":"Eruption","floor":11.0,"key":"SMITH"},{"data":"MostiFishMod:PathToVictory","floor":15.0,"key":"SMITH"},{"data":"AT_ChampionStep","floor":24.0,"key":"SMITH"},{"data":"Adaptation","floor":29.0,"key":"SMITH"},{"floor":32.0,"key":"RECALL"},{"data":"AT_MachinaRedman","floor":49.0,"key":"SMITH"},{"data":"FlurryOfBlows","floor":53.0,"key":"SMITH"}],"circlet_count":0,"master_deck":["AscendersBane","Defend_P+1","Eruption+1","Vigilance","FlurryOfBlows+1","Adaptation+1","FearNoEvil+1","AT_ChampionStep+1","Indignation+1","MostiFishMod:PathToVictory+1"],"relics":["PureWater","DaveBox","AT_ATBox","NeowsBlessing","PatriotShield","SynthV:TestCard","InkBottle","AT_SpeedBoots","Boot","FeatherPendant","Red Mask","AT_MibuBalloonWealth","DiscerningMonocle","SynthV:C4","ImprovedEquipment","Bottled Lightning","War Paint","SlaversCollar","ClockworkSouvenir","Darkstone Periapt","Bronze Scales","SentryEyes","Ornamental Fan","Ice Cream","Anchor","Sundial","AT_TheCollector","Melange","Centennial Puzzle","Strawberry","Whetstone"],"acts_visited":["Exordium","TheCity","TheBeyond","TheEnding"],"potions_floor_usage":[56],"damage_taken":[{"damage":0.0,"enemies":"Cultist","floor":1.0,"turns":1.0},{"damage":0.0,"enemies":"2 Louse","floor":2.0,"turns":2.0},{"damage":0.0,"enemies":"Jaw Worm","floor":3.0,"turns":1.0},{"damage":0.0,"enemies":"Lots of Slimes","floor":4.0,"turns":3.0},{"damage":0.0,"enemies":"Looter","floor":5.0,"turns":2.0},{"damage":0.0,"enemies":"Gremlin Nob","floor":6.0,"turns":2.0},{"damage":0.0,"enemies":"3 Sentries","floor":10.0,"turns":2.0},{"damage":0.0,"enemies":"Exordium Thugs","floor":12.0,"turns":1.0},{"damage":0.0,"enemies":"3 Louse","floor":13.0,"turns":2.0},{"damage":0.0,"enemies":"Gremlin Nob","floor":14.0,"turns":2.0},{"damage":4.0,"enemies":"The Guardian","floor":16.0,"turns":4.0},{"damage":0.0,"enemies":"Spheric Guardian","floor":18.0,"turns":1.0},{"damage":0.0,"enemies":"3 Byrds","floor":20.0,"turns":1.0},{"damage":0.0,"enemies":"Masked Bandits","floor":21.0,"turns":2.0},{"damage":0.0,"enemies":"Gremlin Leader","floor":23.0,"turns":1.0},{"damage":0.0,"enemies":"Snake Plant","floor":27.0,"turns":1.0},{"damage":0.0,"enemies":"Slavers","floor":28.0,"turns":2.0},{"damage":0.0,"enemies":"3 Cultists","floor":31.0,"turns":1.0},{"damage":0.0,"enemies":"Collector","floor":33.0,"turns":1.0},{"damage":0.0,"enemies":"3 Shapes","floor":35.0,"turns":1.0},{"damage":0.0,"enemies":"Orb Walker","floor":38.0,"turns":1.0},{"damage":0.0,"enemies":"Mind Bloom Boss Battle","floor":39.0,"turns":1.0},{"damage":0.0,"enemies":"Nemesis","floor":40.0,"turns":1.0},{"damage":0.0,"enemies":"Spire Growth","floor":41.0,"turns":1.0},{"damage":0.0,"enemies":"Giant Head","floor":42.0,"turns":1.0},{"damage":0.0,"enemies":"Nemesis","floor":45.0,"turns":2.0},{"damage":0.0,"enemies":"Maw","floor":46.0,"turns":1.0},{"damage":0.0,"enemies":"Jaw Worm Horde","floor":47.0,"turns":1.0},{"damage":0.0,"enemies":"2 Orb Walkers","floor":48.0,"turns":1.0},{"damage":0.0,"enemies":"Awakened One","floor":50.0,"turns":2.0},{"damage":0.0,"enemies":"Donu and Deca","floor":51.0,"turns":1.0},{"damage":0.0,"enemies":"Shield and Spear","floor":55.0,"turns":1.0},{"damage":25,"enemies":"The Heart","floor":56,"turns":4}],"seed_played":"-6716842030423110459","potions_obtained":[{"floor":2.0,"key":"AttackPotion"},{"floor":4.0,"key":"Swift Potion"},{"floor":10.0,"key":"GamblersBrew"},{"floor":21.0,"key":"Fruit Juice"},{"floor":40.0,"key":"DuplicationPotion"}],"is_trial":false,"path_per_floor":["M","M","M","M","M","E","?","?","T","E","R","M","M","E","R","B",null,"M","?","M","?","$","E","R","$","T","M","E","R","?","M","R","B",null,"M","$","?","M","?","E","M","E","T","?","E","M","M","?","R","B","B",null,"R","$","E","B",null],"character_chosen":"WATCHER","items_purchased":["DiscerningMonocle","SynthV:C4","ImprovedEquipment","DuplicationPotion","ClockworkSouvenir","Darkstone Periapt","Bronze Scales","Melange","Centennial Puzzle","Strawberry"],"campfire_rested":0,"item_purchase_floors":[25,25,25,25,36,36,36,54,54,54],"current_hp_per_floor":[61,61,61,61,61,61,54,54,54,54,54,54,54,54,54,50,64,64,54,54,54,54,54,54,59,59,59,59,59,73,73,73,73,73,73,73,73,73,73,73,73,73,73,73,73,73,73,73,73,73,73,73,73,80,80,55],"gold":2132,"neow_bonus":"THREE_ENEMY_KILL","is_daily":false,"chose_seed":false,"campfire_upgraded":6,"win_rate":0.0,"timestamp":1613944594,"path_taken":["M","M","M","M","?","E","?","?","T","E","R","M","M","E","R","BOSS","M","?","?","?","?","E","R","$","T","M","E","R","?","M","R","BOSS","M","$","?","M","?","E","M","E","T","?","E","?","M","?","R","BOSS","BOSS","R","$","E","BOSS"],"items_purchased_type":["Relic","Relic","Relic","Potion","Relic","Relic","Relic","Relic","Relic","Relic"],"build_version":"2020-12-22","purchased_purges":4,"victory":true,"max_hp_per_floor":[68,68,68,68,68,68,68,68,68,68,68,68,68,68,68,68,68,68,68,68,68,68,68,68,73,73,73,73,73,73,73,73,73,73,73,73,73,73,73,73,73,73,73,73,73,73,73,73,73,73,73,73,73,80,80,80],"card_choices":[{"not_picked":["Prostrate","Sanctity","Worship"],"picked":"SKIP","floor":1.0},{"not_picked":["SashWhip","BowlingBash","Wireheading","CrushJoints","EmptyBody"],"picked":"SKIP","floor":2.0},{"not_picked":["EmptyBody","Vault","ReachHeaven","JustLucky"],"picked":"FlurryOfBlows","floor":3.0},{"not_picked":["BattleHymn","BowlingBash","SashWhip","MostiFishMod:Nomercy"],"picked":"Adaptation","floor":4.0},{"not_picked":["SashWhip","Vengeance","MostiFishMod:LegendTransform","MostiFishMod:FlowState"],"picked":"FearNoEvil","floor":5.0},{"not_picked":["PathToVictory","Swivel","ClearTheMind","Protect","AT_RealFormLess"],"picked":"SKIP","floor":6.0},{"not_picked":["MostiFishMod:Clarity","ReachHeaven","Scrawl","ClearTheMind"],"picked":"AT_ChampionStep","floor":10.0},{"not_picked":["Halt","BowlingBash","Consecrate","JustLucky"],"picked":"Indignation","floor":12.0},{"not_picked":["SashWhip","AT_RealFormLess","ConjureBlade","MostiFishMod:Clarity"],"picked":"MostiFishMod:PathToVictory","floor":13.0},{"not_picked":["ReachHeaven","Worship","MentalFortress","Prostrate","SandsOfTime"],"picked":"SKIP","floor":14.0},{"not_picked":["Crescendo","ClearTheMind","PathToVictory+1","Prostrate","FlyingSleeves"],"picked":"SKIP","floor":18.0},{"not_picked":["ThirdEye","MostiFishMod:LegendTransform","Meditate","MostiFishMod:FlowState","FlurryOfBlows"],"picked":"SKIP","floor":20.0},{"not_picked":["CutThroughFate","AT_ChampionStep","AT_RealFormLess","PathToVictory","Wireheading"],"picked":"SKIP","floor":23.0},{"not_picked":["JustLucky","Omniscience","Evaluate","CutThroughFate","Prostrate+1"],"picked":"SKIP","floor":27.0},{"not_picked":["AT_ChampionStep","MostiFishMod:OutWit","Nirvana","FlyingSleeves","DeceiveReality"],"picked":"SKIP","floor":28.0},{"not_picked":["MostiFishMod:LegendTransform","Sanctity","CrushJoints","Crescendo","PathToVictory+1"],"picked":"SKIP","floor":31.0},{"not_picked":["CutThroughFate","DeceiveReality","WheelKick","Halt","Adaptation"],"picked":"SKIP","floor":35.0},{"not_picked":["JustLucky+1","CutThroughFate","Prostrate","Adaptation","MostiFishMod:FlowState"],"picked":"SKIP","floor":38.0},{"not_picked":["Wish","LikeWater","MostiFishMod:Speedup+1","FollowUp","Protect"],"picked":"SKIP","floor":40.0},{"not_picked":["DeceiveReality","ReachHeaven","Consecrate","FlurryOfBlows","FlyingSleeves+1"],"picked":"SKIP","floor":41.0},{"not_picked":["CrushJoints","MostiFishMod:Moonprays","Weave","Meditate","WaveOfTheHand"],"picked":"SKIP","floor":42.0},{"not_picked":["JustLucky","CutThroughFate+1","SashWhip+1","AT_RealFormLess","EmptyFist"],"picked":"SKIP","floor":45.0},{"not_picked":["BowlingBash","MostiFishMod:LegendTransform","Evaluate","EmptyBody","ThirdEye"],"picked":"SKIP","floor":46.0},{"not_picked":["ThirdEye","Evaluate","Consecrate","Halt+1"],"picked":"AT_MachinaRedman","floor":47.0},{"not_picked":["MostiFishMod:ScryFuture","FlyingSleeves+1","ThirdEye+1","CrushJoints","Crescendo"],"picked":"SKIP","floor":55.0}],"player_experience":633735,"relics_obtained":[{"floor":1.0,"key":"SynthV:TestCard"},{"floor":6.0,"key":"InkBottle"},{"floor":10.0,"key":"AT_SpeedBoots"},{"floor":14.0,"key":"Boot"},{"floor":21.0,"key":"Red Mask"},{"floor":23.0,"key":"AT_MibuBalloonWealth"},{"floor":26.0,"key":"Bottled Lightning"},{"floor":28.0,"key":"War Paint"},{"floor":39.0,"key":"SentryEyes"},{"floor":40.0,"key":"Ornamental Fan"},{"floor":42.0,"key":"Ice Cream"},{"floor":43.0,"key":"Anchor"},{"floor":45.0,"key":"Sundial"},{"floor":48.0,"key":"AT_TheCollector"},{"floor":55.0,"key":"Whetstone"}],"event_choices":[{"cards_removed":["Defend_P"],"damage_healed":0.0,"max_hp_gain":0.0,"max_hp_loss":0.0,"gold_gain":0.0,"event_name":"Golden Wing","player_choice":"Card Removal","floor":7.0,"gold_loss":0.0,"damage_taken":7.0},{"cards_removed":["Defend_P"],"damage_healed":0.0,"max_hp_gain":0.0,"max_hp_loss":0.0,"gold_gain":0.0,"event_name":"The Cleric","player_choice":"Card Removal","floor":8.0,"gold_loss":75.0,"damage_taken":0.0},{"damage_healed":0.0,"max_hp_gain":0.0,"max_hp_loss":0.0,"gold_gain":0.0,"event_name":"Wheel of Change","player_choice":"Damaged","floor":19.0,"gold_loss":0.0,"damage_taken":10.0},{"damage_healed":0.0,"max_hp_gain":0.0,"max_hp_loss":0.0,"gold_gain":0.0,"event_name":"Masked Bandits","player_choice":"Fought Bandits","floor":21.0,"gold_loss":0.0,"damage_taken":0.0},{"damage_healed":15.0,"max_hp_gain":0.0,"max_hp_loss":0.0,"gold_gain":0.0,"event_name":"The Library","player_choice":"Heal","floor":30.0,"gold_loss":0.0,"damage_taken":0.0},{"cards_removed":["Strike_P"],"damage_healed":0.0,"max_hp_gain":0.0,"max_hp_loss":0.0,"gold_gain":0.0,"event_name":"Falling","player_choice":"Removed Attack","floor":37.0,"gold_loss":0.0,"damage_taken":0.0},{"damage_healed":0.0,"max_hp_gain":0.0,"max_hp_loss":0.0,"gold_gain":0.0,"event_name":"MindBloom","player_choice":"Fight","floor":39.0,"gold_loss":0.0,"damage_taken":0.0},{"cards_removed":["Strike_P"],"damage_healed":0.0,"max_hp_gain":0.0,"max_hp_loss":0.0,"gold_gain":0.0,"event_name":"Bonfire Elementals","player_choice":"Offered Basic","floor":44.0,"gold_loss":0.0,"damage_taken":0.0},{"damage_healed":0.0,"max_hp_gain":0.0,"max_hp_loss":0.0,"gold_gain":0.0,"event_name":"Mysterious Sphere","player_choice":"Fight","floor":48.0,"gold_loss":0.0,"damage_taken":0.0}],"is_beta":false,"boss_relics":[{"not_picked":["JellyFishMachine","Snecko Eye"],"picked":"FeatherPendant"},{"not_picked":["Runic Pyramid","FixedStarFall"],"picked":"SlaversCollar"}],"items_purged_floors":[22,25,36,54],"is_endless":false,"potions_floor_spawned":[2,4,10,14,16,21,23,28,31,38,40,45,47,55],"ascension_level":20}}