{"host":"en4narc5947t7k9n","time":1613935992,"event":{"mods":["AchievementEnabler","BaseMod","Colored Map","Minty Spire (QoL Compilation)","SuperFastMode"],"gold_per_floor":[114,35,46,56,75,75,107,124,150,150,200,200,57,7,7,7,7],"floor_reached":16,"language":"KOR","playtime":510,"items_purged":[],"score":100,"play_id":"2e91a98a-5b65-4f5c-b1c6-a1514920f7b7","local_time":"20210222043312","is_ascension_mode":false,"campfire_choices":[{"floor":6,"key":"RECALL"},{"data":"Bouncing Flask","floor":12,"key":"SMITH"},{"data":"Die Die Die","floor":15,"key":"SMITH"}],"circlet_count":0,"master_deck":["Strike_G","Strike_G","Strike_G","Strike_G","Defend_G","Defend_G","Defend_G","Defend_G","Defend_G","Survivor","Neutralize","All Out Attack","Die Die Die+1","Deflect","Poisoned Stab","Setup","Bouncing Flask+1","Reflex"],"relics":["Ring of the Snake","Gremlin Horn","Sling"],"acts_visited":["Exordium"],"potions_floor_usage":[7,16,16],"damage_taken":[{"damage":5,"enemies":"Small Slimes","floor":1,"turns":4},{"damage":1,"enemies":"2 Louse","floor":3,"turns":2},{"damage":0,"enemies":"Jaw Worm","floor":4,"turns":2},{"damage":0,"enemies":"Gremlin Gang","floor":5,"turns":1},{"damage":35,"enemies":"3 Sentries","floor":7,"turns":10},{"damage":5,"enemies":"Red Slaver","floor":8,"turns":4},{"damage":37,"enemies":"The Guardian","floor":16,"turns":8}],"seed_played":"5434749747744000898","potions_obtained":[{"floor":3,"key":"Poison Potion"},{"floor":4,"key":"SkillPotion"},{"floor":8,"key":"Fire Potion"}],"is_trial":false,"path_per_floor":["M","$","M","M","M","R","E","M","T","?","?","R","$","?","R","B"],"character_chosen":"THE_SILENT","items_purchased":["Die Die Die","Sling"],"campfire_rested":0,"item_purchase_floors":[2,13],"current_hp_per_floor":[72,72,71,71,71,71,36,31,31,36,36,36,36,36,36,0,0],"gold":7,"neow_bonus":"TEN_PERCENT_HP_BONUS","is_daily":false,"chose_seed":false,"campfire_upgraded":2,"win_rate":0.0,"timestamp":1613935992,"path_taken":["M","$","M","M","M","R","E","M","T","?","?","R","$","?","R","BOSS"],"items_purchased_type":["Card","Relic"],"build_version":"2020-12-22","purchased_purges":0,"victory":false,"max_hp_per_floor":[77,77,77,77,77,77,77,77,77,82,82,82,82,82,82,82,82],"card_choices":[{"not_picked":["Sucker Punch","Prepared"],"picked":"All Out Attack","floor":1},{"not_picked":["Dagger Throw","Footwork"],"picked":"Deflect","floor":3},{"not_picked":["Underhanded Strike","Sucker Punch"],"picked":"Poisoned Stab","floor":4},{"not_picked":["Outmaneuver","Blade Dance"],"picked":"Setup","floor":5},{"not_picked":["Sucker Punch","Deflect"],"picked":"Bouncing Flask","floor":7},{"not_picked":["Infinite Blades","Sucker Punch"],"picked":"Reflex","floor":8}],"player_experience":140473,"relics_obtained":[{"floor":7,"key":"Gremlin Horn"}],"event_choices":[{"damage_healed":0,"gold_gain":0,"player_choice":"Donut","damage_taken":0,"max_hp_gain":5,"max_hp_loss":0,"event_name":"Big Fish","floor":10,"gold_loss":0},{"damage_healed":0,"gold_gain":50,"player_choice":"Gained Gold","damage_taken":0,"max_hp_gain":0,"max_hp_loss":0,"event_name":"Golden Wing","floor":11,"gold_loss":0},{"cards_removed":["Strike_G"],"damage_healed":0,"gold_gain":0,"player_choice":"Card Removal","damage_taken":0,"max_hp_gain":0,"max_hp_loss":0,"event_name":"The Cleric","floor":14,"gold_loss":50}],"is_beta":false,"boss_relics":[],"items_purged_floors":[],"is_endless":false,"potions_floor_spawned":[3,4,8],"killed_by":"The Guardian","ascension_level":0}}