{"host":"cmyud3of70k6t1eo","time":1613871803,"event":{"mods":["BaseMod","Conspire","Downfall","Infinite Spire","Minty Spire (QoL Compilation)","Morshu Shopkeeper","Morshu Shopkeeper - ENHANCED","Quick Restart","StSLib","The Blue Laboratory","UnlockEverythingMod","Wide Potions"],"gold_per_floor":[99,111,111,128,39,39,86,105,119,19,32,17,35,47,65,165,165,65,78,98,98,112,126,126,148,141,143,160,160,160,187,210,316,316,316,335,335,345,1344,1358,1385,894,912,14,14,14,32,17,17,17,17],"floor_reached":49,"language":"ENG","playtime":3546,"items_purged":["Normality"],"score":555,"play_id":"ab6593bb-7589-48d0-be67-bd0b829b7d18","local_time":"20210220204323","is_ascension_mode":false,"campfire_choices":[{"floor":1,"key":"RECALL"},{"floor":10,"key":"REST"},{"data":"Guardian:BaubleBeam","floor":18,"key":"SMITH"},{"floor":30,"key":"REST"},{"data":"Guardian:SphericShield","floor":35,"key":"SMITH"},{"floor":46,"key":"REST"}],"circlet_count":0,"master_deck":["Guardian:Strike_Guardian","Guardian:Strike_Guardian","Guardian:Defend_Guardian","Guardian:Defend_Guardian","Guardian:Defend_Guardian","Guardian:Defend_Guardian","Guardian:CurlUp","Guardian:TwinSlam","Guardian:ChargeCore","Guardian:CurlUp+1","Guardian:Planning","Guardian:ShieldCharger","Guardian:PiercingHide","Guardian:CrystalBeam","Guardian:RollAttack","Guardian:PiercingHide","Guardian:Planning","Guardian:BaubleBeam+1","CurseOfTheBell","Guardian:TemporalShield","downfall:Bewildered","Guardian:SphericShield","Guardian:TimeCapacitor","Guardian:TemporalShield","Guardian:SphericShield+1","Guardian:TemporalShield","Guardian:RevengeProtocol","Guardian:DonusPower","Guardian:ExploitGems","Normality","Guardian:EvasiveProtocol+1","infinitespire:Starlight","expansioncontent:StudyTheSpire","expansioncontent:YouAreMine","Guardian:BaubleBeam","Guardian:DecasProtection","Guardian:PiercingHide","Guardian:Gem_Purple","Guardian:DonusPower+1"],"relics":["Guardian:ModeShifter","downfall:HeartBlessingRed","Calling Bell","Meat on the Bone","Du-Vu Doll","Centennial Puzzle","downfall:HeartBlessingBlue","sneckomod:BabySnecko","Enchiridion","Kunai","conspire:GiftBox","Empty Cage","Bag of Marbles","Question Card"],"acts_visited":["Exordium","TheCity","TheBeyond"],"potions_floor_usage":[38],"damage_taken":[{"damage":1,"enemies":"Cultist","floor":2,"turns":6},{"damage":6,"enemies":"Jaw Worm","floor":4,"turns":4},{"damage":10,"enemies":"downfall:FleeingMerchant","floor":5,"turns":4},{"damage":8,"enemies":"Small Slimes","floor":8,"turns":3},{"damage":4,"enemies":"2 Fungi Beasts","floor":9,"turns":4},{"damage":1,"enemies":"Blue Slaver","floor":11,"turns":3},{"damage":3,"enemies":"downfall:FleeingMerchant","floor":12,"turns":4},{"damage":5,"enemies":"downfall:LooterAlt","floor":13,"turns":4},{"damage":3,"enemies":"Red Slaver","floor":14,"turns":5},{"damage":0,"enemies":"3 Louse","floor":15,"turns":4},{"damage":23,"enemies":"SI_SHIV_ARCHETYPE","floor":16,"turns":14},{"damage":8,"enemies":"3 Byrds","floor":19,"turns":3},{"damage":13,"enemies":"downfall:LooterAlt2","floor":20,"turns":3},{"damage":12,"enemies":"Snecko","floor":22,"turns":3},{"damage":4,"enemies":"Snake Plant","floor":23,"turns":5},{"damage":30,"enemies":"Centurion and Healer","floor":25,"turns":7},{"damage":13,"enemies":"downfall:FleeingMerchant","floor":26,"turns":4},{"damage":0,"enemies":"conspire:HollyBat","floor":28,"turns":7},{"damage":8,"enemies":"conspire:SneckoGhost","floor":31,"turns":7},{"damage":19,"enemies":"Shelled Parasite and Fungi","floor":32,"turns":5},{"damage":26,"enemies":"IC_MUSHROOM_ARCHETYPE","floor":33,"turns":13},{"damage":4,"enemies":"3 Shapes","floor":36,"turns":3},{"damage":17,"enemies":"3 Darklings","floor":38,"turns":6},{"damage":55,"enemies":"4 Shapes","floor":40,"turns":11},{"damage":29,"enemies":"Sphere and 2 Shapes","floor":43,"turns":8},{"damage":18,"enemies":"downfall:FleeingMerchant","floor":44,"turns":4},{"damage":52,"enemies":"Transient","floor":47,"turns":5},{"damage":20,"enemies":"downfall:FleeingMerchant","floor":48,"turns":4},{"damage":64,"enemies":"Writhing Mass","floor":49,"turns":6}],"seed_played":"7903279568974150523","potions_obtained":[{"floor":8,"key":"blueLaboratory:AbyssPotion"},{"floor":9,"key":"blueLaboratory:PhilterOfMotion"},{"floor":11,"key":"blueLaboratory:Moonshine"},{"floor":14,"key":"Regen Potion"},{"floor":15,"key":"SkillPotion"},{"floor":16,"key":"Block Potion"},{"floor":23,"key":"blueLaboratory:HorrorPotion"},{"floor":43,"key":"Weak Potion"}],"is_trial":false,"path_per_floor":["R","M","?","M","$","?","T","M","M","R","M","$","M","M","M","B",null,"R","M","M","?","M","M","T","M","$","?","M","T","R","E","M","B",null,"R","M","?","M","?","M","T","?","M","$","?","R","M","$","M"],"character_chosen":"GUARDIAN","items_purchased":["Guardian:Gem_White","Question Card","expansioncontent:StudyTheSpire","expansioncontent:YouAreMine","Guardian:BaubleBeam","Guardian:DecasProtection","Guardian:PiercingHide"],"campfire_rested":3,"item_purchase_floors":[5,44,44,44,44,44,44],"current_hp_per_floor":[88,87,87,81,71,71,71,63,59,85,84,81,76,73,73,50,88,98,90,77,77,65,61,61,43,42,26,38,38,67,59,52,38,98,98,94,94,77,77,34,34,34,27,31,31,60,30,32,0,0,0],"gold":17,"neow_bonus":"TEN_PERCENT_HP_BONUS","is_daily":false,"chose_seed":false,"campfire_upgraded":2,"win_rate":0.0,"timestamp":1613871803,"path_taken":["R","M","?","?","$","?","T","M","M","R","?","?","M","M","M","BOSS","R","?","?","?","M","M","T","M","$","?","M","?","R","E","M","BOSS","R","M","?","?","?","M","T","?","M","$","?","R","M","?","M"],"items_purchased_type":["Card","Relic","Card","Card","Card","Card","Card"],"build_version":"2020-12-22","purchased_purges":1,"victory":false,"max_hp_per_floor":[88,88,88,88,88,88,88,88,88,88,88,88,88,88,88,88,88,98,98,98,98,98,98,98,98,98,98,98,98,98,98,98,98,98,98,98,98,98,98,98,98,98,98,98,98,98,98,98,98,98,98],"card_choices":[{"not_picked":["Guardian:WalkerClaw","Guardian:PiercingHide"],"picked":"Guardian:ChargeCore","floor":2},{"not_picked":["Guardian:DonusPower","Guardian:Emergency"],"picked":"Guardian:Planning","floor":4},{"not_picked":["Guardian:VentSteam","Guardian:PiercingHide"],"picked":"Guardian:ShieldCharger","floor":5},{"not_picked":["Guardian:GuardianWhirl","Guardian:BronzeArmor"],"picked":"Guardian:Gem_Cyan","floor":8},{"not_picked":["Guardian:AncientConstruct","Guardian:DecasProtection"],"picked":"Guardian:PiercingHide","floor":9},{"not_picked":["Guardian:Repulse","Guardian:Suspension"],"picked":"Guardian:CrystalBeam","floor":11},{"not_picked":["Guardian:PiercingHide","Guardian:PrimingBeam"],"picked":"Guardian:RollAttack","floor":12},{"not_picked":["Guardian:ArmoredProtocol","Guardian:Planning"],"picked":"Guardian:PiercingHide","floor":13},{"not_picked":["Guardian:TimeCapacitor","Guardian:CrystalBeam"],"picked":"Guardian:Planning","floor":14},{"not_picked":["Guardian:Repulse","Guardian:WalkerClaw"],"picked":"Guardian:Gem_Fragmented","floor":15},{"not_picked":["Guardian:AncientConstruct","Guardian:HyperBeam_Guardian"],"picked":"Guardian:BaubleBeam","floor":16},{"not_picked":["Guardian:RefractedBeam","Guardian:TemporalShield"],"picked":"Guardian:Gem_Crimson","floor":19},{"not_picked":["Guardian:PrimingBeam","Guardian:WalkerClaw"],"picked":"Guardian:TemporalShield","floor":20},{"not_picked":["Guardian:Suspension","Guardian:PiercingHide+1"],"picked":"Guardian:SphericShield","floor":22},{"not_picked":["Guardian:Gem_Green","Guardian:Gem_Yellow"],"picked":"Guardian:TimeCapacitor","floor":23},{"not_picked":["Guardian:ChargeCore","Guardian:Gem_Orange"],"picked":"Guardian:Gem_Fragmented","floor":25},{"not_picked":["Guardian:Clone","Guardian:ShieldCharger"],"picked":"Guardian:Gem_Red","floor":26},{"not_picked":["Guardian:ChargeCore","Guardian:RollAttack"],"picked":"Guardian:TemporalShield","floor":28},{"not_picked":["Guardian:TimeSifter","Guardian:HyperBeam_Guardian"],"picked":"Guardian:SphericShield","floor":31},{"not_picked":["Guardian:Gem_Crimson","Guardian:Incinerate"],"picked":"Guardian:Gem_White","floor":31},{"not_picked":["Guardian:BronzeArmor","Guardian:PolyBeam"],"picked":"Guardian:TemporalShield","floor":32},{"not_picked":["Guardian:BaubleBeam","Guardian:ExploitGems"],"picked":"Guardian:RevengeProtocol","floor":33},{"not_picked":["Guardian:Suspension+1","Guardian:VentSteam"],"picked":"Guardian:DonusPower","floor":36},{"not_picked":["Guardian:BodySlam+1","Guardian:Recover+1"],"picked":"Guardian:Gem_Green","floor":38},{"not_picked":["Guardian:VentSteam","Guardian:Incinerate"],"picked":"Guardian:EvasiveProtocol+1","floor":40},{"not_picked":["infinitespire:Execution","infinitespire:SevenWalls"],"picked":"infinitespire:Starlight","floor":42},{"not_picked":["Guardian:SentryBeam+1","Guardian:EvasiveProtocol+1"],"picked":"Guardian:Gem_Red","floor":43},{"not_picked":["Guardian:Suspension","Guardian:PrismaticBarrier"],"picked":"Guardian:Gem_Purple","floor":44},{"not_picked":["Guardian:DecasProtection+1","Guardian:PrismaticBarrier","Guardian:TemporalShield"],"picked":"Guardian:Gem_Purple","floor":47},{"not_picked":["Guardian:VentSteam","Guardian:RollAttack","Guardian:RefractedBeam+1"],"picked":"Guardian:DonusPower+1","floor":48}],"player_experience":129147,"relics_obtained":[{"floor":17,"key":"Meat on the Bone"},{"floor":17,"key":"Du-Vu Doll"},{"floor":17,"key":"Centennial Puzzle"},{"floor":24,"key":"infinitespire:Midas Blood"},{"floor":27,"key":"Enchiridion"},{"floor":29,"key":"Kunai"},{"floor":31,"key":"conspire:GiftBox"},{"floor":41,"key":"Bag of Marbles"}],"event_choices":[{"damage_healed":0,"gold_gain":0,"player_choice":"Ignored","damage_taken":0,"max_hp_gain":0,"max_hp_loss":0,"event_name":"Mysterious Sphere","floor":45,"gold_loss":0}],"is_beta":false,"boss_relics":[{"not_picked":["Runic Pyramid","conspire:SlowCooker"],"picked":"Calling Bell"},{"not_picked":["conspire:SeveredTorchhead","bronze:MakeshiftBattery"],"picked":"Empty Cage"}],"items_purged_floors":[44],"is_endless":false,"potions_floor_spawned":[8,9,11,14,15,16,20,22,23,28,33,36,43],"killed_by":"Writhing Mass","ascension_level":0}}