{"host":"2jz8jhj8zsd71j5y","time":1613942984,"event":{"mods":["AchievementEnabler","BaseMod","Better Altar","Block Reminder","Card Forge","Colored Map","Colored Powertips","Highlight Path","Keyboard Shortcuts","Minty Spire (QoL Compilation)","Permanent Neow","Relic Stats","Replay The Spire","Spicy Shops","StSLib","TheSwordswoman","Uncapped","WarShipGirlsR/??è≠èóR mod"],"gold_per_floor":[114,125,183,193,158,158,187,187,211,211,211,211,228,53,53,158,158,174,194,194,211,229,229,0,15,42,61,61,79,19,19,19,118,118,118],"floor_reached":34,"language":"ENG","playtime":8312,"items_purged":[],"score":352,"play_id":"97a74c7d-ec28-41f6-9425-b2cb109262e4","local_time":"20210221142944","is_ascension_mode":false,"campfire_choices":[{"data":"blazmod:FleetOfFoot","floor":6,"key":"SMITH"},{"data":"blazmod:FlashRock","floor":8,"key":"SMITH"},{"floor":10,"key":"REST"},{"floor":12,"key":"REST"},{"floor":15,"key":"REST"},{"floor":23,"key":"REST"},{"floor":28,"key":"REST"},{"floor":32,"key":"REST"}],"circlet_count":0,"master_deck":["blazmod:Strike+1","blazmod:Strike","blazmod:Strike","blazmod:Strike+1","blazmod:Defend","blazmod:Defend","blazmod:Defend+1","blazmod:Defend","blazmod:ButterflyEffect+1","blazmod:Kyokasuigetsu+1","blazmod:FleetOfFoot+1","blazmod:BeTheBlade+1","blazmod:Crosscut+1","blazmod:FlashRock+1","blazmod:Lockswords+1","Blind+1","blazmod:MentalFocus+1","blazmod:Trasient+1","blazmod:GlasswingWaltz+1","blazmod:FocusThroughFalls+1","blazmod:TandenKatsu+1","blazmod:Trasient+1","blazmod:FlyFlyAgain+1","blazmod:BoulderFlash+1","Doubt","blazmod:TrueSelf+1","blazmod:TandenKatsu+1","blazmod:BlindBlade+1","blazmod:DevilDivine+1"],"relics":["blazmod:Venustas","Hammer of Thor","Seething Fire","Anvil of the Gods","Nunchaku","Blood Vial","Gremlin Food","Busted Crown","Regal Pillow","ReplayTheSpireMod:Ring of Exchange","HandDrill"],"acts_visited":["Exordium","TheCity","TheBeyond"],"potions_floor_usage":[19,22,22,33,33],"damage_taken":[{"damage":1,"enemies":"Cultist","floor":1,"turns":3},{"damage":2,"enemies":"2 Louse","floor":2,"turns":4},{"damage":6,"enemies":"Jaw Worm","floor":4,"turns":2},{"damage":32,"enemies":"3 Sentries","floor":7,"turns":11},{"damage":0,"enemies":"Blue Slaver","floor":13,"turns":3},{"damage":6,"enemies":"The Guardian","floor":16,"turns":13},{"damage":9,"enemies":"Chosen","floor":18,"turns":6},{"damage":14,"enemies":"Spheric Guardian","floor":19,"turns":5},{"damage":17,"enemies":"Chosen and Byrds","floor":21,"turns":10},{"damage":0,"enemies":"Shelled Parasite and Fungi","floor":22,"turns":4},{"damage":3,"enemies":"Snake Plant","floor":25,"turns":3},{"damage":0,"enemies":"Snecko","floor":27,"turns":4},{"damage":11,"enemies":"Sentry and Sphere","floor":29,"turns":8},{"damage":38,"enemies":"Collector","floor":33,"turns":13}],"seed_played":"-1070254659235842714","potions_obtained":[{"floor":7,"key":"Energy Potion"},{"floor":18,"key":"Fire Potion"},{"floor":19,"key":"Explosive Potion"},{"floor":20,"key":"DuplicationPotion"},{"floor":29,"key":"Toxic Potion"}],"is_trial":false,"path_per_floor":["M","M","?","M","?","R","E","R","T","R","?","R","M","$","R","B",null,"M","M","?","M","M","R","?","M","T","M","R","M","?","?","R","B",null],"character_chosen":"THE_SWORDSWOMAN","items_purchased":["Gremlin Food","blazmod:Trasient"],"campfire_rested":6,"item_purchase_floors":[14,14],"current_hp_per_floor":[39,37,37,31,40,40,8,8,8,20,20,32,34,34,40,34,40,31,19,19,4,6,18,18,17,17,19,40,29,29,29,40,2,40,40],"gold":118,"neow_bonus":"UPGRADE_CARD","is_daily":false,"chose_seed":false,"campfire_upgraded":2,"win_rate":0.0,"timestamp":1613942984,"path_taken":["M","M","?","M","?","R","E","R","T","R","?","R","M","$","R","BOSS","M","?","?","?","M","R","?","M","T","M","R","M","?","?","R","BOSS"],"items_purchased_type":["Relic","Card"],"build_version":"2020-12-22","purchased_purges":0,"victory":false,"max_hp_per_floor":[40,40,40,40,40,40,40,40,40,40,40,40,40,40,40,40,40,40,40,40,40,40,40,40,40,40,40,40,40,40,40,40,40,40,40],"relic_stats":{"Blood Vial":12,"Nunchaku":[14],"Regal Pillow":9,"Busted Crown":18,"counters":[14,89],"HandDrill":[0],"obtain_stats":[{"Blood Vial":9,"Gremlin Food":14,"ReplayTheSpireMod:Ring of Exchange":31,"blazmod:Venustas":0,"Nunchaku":7,"Regal Pillow":26,"Busted Crown":17,"Anvil of the Gods":0,"Hammer of Thor":0,"HandDrill":34,"Seething Fire":0},{"Blood Vial":4,"Gremlin Food":5,"ReplayTheSpireMod:Ring of Exchange":13,"blazmod:Venustas":0,"Nunchaku":4,"Regal Pillow":11,"Busted Crown":6,"Anvil of the Gods":0,"Hammer of Thor":0,"HandDrill":14,"Seething Fire":0},{"Blood Vial":20,"Gremlin Food":23,"ReplayTheSpireMod:Ring of Exchange":76,"blazmod:Venustas":0,"Nunchaku":20,"Regal Pillow":64,"Busted Crown":36,"Anvil of the Gods":0,"Hammer of Thor":0,"HandDrill":89,"Seething Fire":0}]},"card_choices":[{"not_picked":["blazmod:FlashRock","blazmod:Crosscut"],"picked":"blazmod:FleetOfFoot","floor":1},{"not_picked":["blazmod:StanceChange","blazmod:PureOfSoul"],"picked":"blazmod:BeTheBlade","floor":2},{"not_picked":["blazmod:Valiance","blazmod:SidewaySolace"],"picked":"blazmod:Crosscut","floor":4},{"not_picked":["blazmod:BoulderFlash","blazmod:LoveAndHonor"],"picked":"blazmod:FlashRock","floor":7},{"not_picked":["blazmod:Valiance","blazmod:SidewaySolace"],"picked":"blazmod:MentalFocus","floor":13},{"not_picked":["blazmod:ForgeWays","blazmod:Setsuna"],"picked":"blazmod:GlasswingWaltz","floor":16},{"not_picked":[],"picked":"blazmod:FocusThroughFalls+1","floor":18},{"not_picked":[],"picked":"blazmod:TandenKatsu","floor":19},{"not_picked":["blazmod:FortifiedVigor"],"picked":"SKIP","floor":21},{"not_picked":[],"picked":"blazmod:Trasient+1","floor":22},{"not_picked":[],"picked":"blazmod:FlyFlyAgain","floor":25},{"not_picked":["blazmod:FlashRock"],"picked":"SKIP","floor":27},{"not_picked":[],"picked":"blazmod:BoulderFlash+1","floor":29},{"not_picked":[],"picked":"blazmod:TrueSelf","floor":33}],"player_experience":45916,"relics_obtained":[{"floor":7,"key":"Nunchaku"},{"floor":9,"key":"Blood Vial"},{"floor":26,"key":"Regal Pillow"},{"floor":31,"key":"ReplayTheSpireMod:Ring of Exchange"}],"event_choices":[{"damage_healed":0,"gold_gain":58,"player_choice":"Gained Gold","damage_taken":0,"max_hp_gain":0,"max_hp_loss":0,"event_name":"Golden Wing","floor":3,"gold_loss":0},{"damage_healed":10,"gold_gain":0,"player_choice":"Healed","damage_taken":0,"max_hp_gain":0,"max_hp_loss":0,"event_name":"The Cleric","floor":5,"gold_loss":35},{"damage_healed":0,"gold_gain":0,"player_choice":"2 cards matched","damage_taken":0,"max_hp_gain":0,"max_hp_loss":0,"event_name":"Match and Keep!","floor":11,"gold_loss":0,"cards_obtained":["blazmod:Lockswords","Blind"]},{"damage_healed":0,"gold_gain":0,"player_choice":"Got Potions","damage_taken":0,"max_hp_gain":0,"max_hp_loss":0,"event_name":"Lab","floor":20,"gold_loss":0},{"damage_healed":0,"gold_gain":0,"player_choice":"Paid Fearfully","damage_taken":0,"max_hp_gain":0,"max_hp_loss":0,"event_name":"Masked Bandits","floor":24,"gold_loss":229}],"is_beta":false,"boss_relics":[{"not_picked":["Astrolabe","Coffee Dripper"],"picked":"Busted Crown"},{"not_picked":["Sling","Snecko Eye"],"picked":"HandDrill"}],"items_purged_floors":[],"is_endless":false,"potions_floor_spawned":[7,18,19,29],"ascension_level":0}}