{"host":"6y3bp5uz6sq8g9wt","time":1613942585,"event":{"mods":["BaseMod","Colored Map","Downfall","Highlight Path","Minty Spire (QoL Compilation)","StSLib"],"gold_per_floor":[99,99,99,199,199,226,226,136,154,185,200,222,107,118,135,230,230,30,44,63,63,76,76,154,171,186,23,37,71,71,85,100,202,202,202,216,225,238,238,268,268,268,268,281,281,293,293,319,338,338,338,338],"floor_reached":50,"language":"ENG","playtime":6329,"items_purged":["Slimebound:Strike_Slimebound","Slimebound:Defend_Slimebound"],"score":847,"play_id":"3340bc17-c6ec-45bd-97d0-5ca993175066","local_time":"20210221162305","is_ascension_mode":true,"campfire_choices":[{"floor":1.0,"key":"RECALL"},{"data":"Slimebound:RejuvenatingLick","floor":18,"key":"SMITH"},{"data":"Slimebound:Gluttony","floor":30,"key":"SMITH"},{"data":"Slimebound:LeadByExample","floor":35,"key":"SMITH"},{"data":"expansioncontent:Chronoboost","floor":47,"key":"SMITH"}],"circlet_count":0,"master_deck":["Slimebound:Tackle","Slimebound:Defend_Slimebound","Slimebound:Defend_Slimebound","Slimebound:Defend_Slimebound","Slimebound:Split","Slimebound:CorrosiveSpit","Slimebound:Schlurp","Slimebound:SplitMire","Slimebound:Dissolve","Slimebound:RejuvenatingLick+1","Slimebound:MassFeed+1","Slimebound:ItLooksTasty+1","Slimebound:SlimeSpikes+1","Slimebound:LivingWall+1","Slimebound:GrowthPunch+1","Slimebound:SlimeSpikes+1","Slimebound:TagTeam+1","CurseOfTheBell","Slimebound:LeechingTouch+1","Slimebound:Equalize+1","Bite+1","Bite+1","Bite+1","Bite+1","Slimebound:Gluttony+1","Slimebound:FormOfPuddle+1","Slimebound:Teamwork+1","Slimebound:LeadByExample+1","Slimebound:MassRepurpose+1","expansioncontent:QuickStudy+1","Pain","expansioncontent:Chronoboost+1","Injury","Doubt","Slimebound:SlimeBarrage+1"],"relics":["Slimebound:AbsorbEndCombat","downfall:HeartsMalice","Molten Egg 2","Slimebound:SlimedTailRelic","Toxic Egg 2","Odd Mushroom","Calling Bell","Slimebound:AggressiveSlimeRelic","Gremlin Horn","Dead Branch","downfall:HeartBlessingBlue","downfall:HeartBlessingRed","Slimebound:MaxSlimesRelic","Medical Kit","Guardian:PocketSentry","Cursed Key","Blood Vial","Bag of Preparation","Bottled Lightning","Turnip","Bronze Scales"],"acts_visited":["Exordium","TheCity","TheBeyond"],"potions_floor_usage":[33,44,50,50,50],"damage_taken":[{"damage":0.0,"enemies":"Cultist","floor":2.0,"turns":1.0},{"damage":0.0,"enemies":"Small Slimes","floor":5.0,"turns":1.0},{"damage":0.0,"enemies":"Gremlin Nob","floor":6.0,"turns":1.0},{"damage":5.0,"enemies":"downfall:FleeingMerchant","floor":8.0,"turns":4.0},{"damage":2.0,"enemies":"Jaw Worm","floor":9.0,"turns":3.0},{"damage":23.0,"enemies":"3 Sentries","floor":10.0,"turns":8.0},{"damage":26.0,"enemies":"Exordium Wildlife","floor":11.0,"turns":4.0},{"damage":10.0,"enemies":"The Mushroom Lair","floor":12.0,"turns":4.0},{"damage":0.0,"enemies":"downfall:FleeingMerchant","floor":13.0,"turns":4.0},{"damage":6.0,"enemies":"3 Louse","floor":14.0,"turns":3.0},{"damage":0.0,"enemies":"Blue Slaver","floor":15.0,"turns":3.0},{"damage":10.0,"enemies":"WA_ARCHETYPE_RETAIN","floor":16.0,"turns":7.0},{"damage":0,"enemies":"Chosen","floor":19,"turns":3},{"damage":18,"enemies":"3 Byrds","floor":20,"turns":4},{"damage":8,"enemies":"Snecko","floor":22,"turns":4},{"damage":11,"enemies":"Centurion and Healer","floor":25,"turns":5},{"damage":9,"enemies":"Cultist and Chosen","floor":26,"turns":4},{"damage":3,"enemies":"downfall:FleeingMerchant","floor":27,"turns":4},{"damage":0,"enemies":"Snecko","floor":28,"turns":3},{"damage":10,"enemies":"Book of Stabbing","floor":29,"turns":5},{"damage":0,"enemies":"Centurion and Healer","floor":31,"turns":6},{"damage":0,"enemies":"Chosen and Byrds","floor":32,"turns":3},{"damage":41,"enemies":"DF_ARCHETYPE_CLAW","floor":33,"turns":9},{"damage":0,"enemies":"3 Shapes","floor":36,"turns":2},{"damage":0,"enemies":"downfall:FleeingMerchant","floor":37,"turns":3},{"damage":8,"enemies":"Orb Walker","floor":38,"turns":2},{"damage":3,"enemies":"Giant Head","floor":40,"turns":6},{"damage":0,"enemies":"Sphere and 2 Shapes","floor":44,"turns":3},{"damage":9,"enemies":"4 Shapes","floor":46,"turns":3},{"damage":25,"enemies":"Spire Growth","floor":49,"turns":3},{"damage":121,"enemies":"SI_POISON_ARCHETYPE","floor":50,"turns":5}],"seed_played":"-1691300950105442687","potions_obtained":[{"floor":6.0,"key":"Slimebound:SlimyTonguePotion"},{"floor":9.0,"key":"Strength Potion"},{"floor":11.0,"key":"LiquidMemories"},{"floor":14.0,"key":"Guardian:BlockOnCardUsePotion"},{"floor":15.0,"key":"Strength Potion"},{"floor":16.0,"key":"Fire Potion"},{"floor":19,"key":"Guardian:BlockOnCardUsePotion"},{"floor":29,"key":"GamblersBrew"},{"floor":36,"key":"LiquidBronze"},{"floor":40,"key":"Fruit Juice"},{"floor":49,"key":"DuplicationPotion"}],"is_trial":false,"path_per_floor":["R","M","T","?","M","E","T","$","M","E","M","?","$","M","M","B",null,"R","M","M","?","M","?","T","M","M","$","M","E","R","M","M","B",null,"R","M","$","M","$","E","T","?","?","M","?","M","R","T","M","B"],"character_chosen":"SLIMEBOUND","items_purchased":["Medical Kit","Blood Vial","expansioncontent:QuickStudy"],"campfire_rested":0,"item_purchase_floors":[27,37,37],"current_hp_per_floor":[65,65,65,65,65,65,65,64,64,52,34,44,50,54,58,56,89,99,103,86,72,70,60,60,72,74,76,76,76,76,76,80,55,80,80,80,80,77,77,80,80,80,80,85,85,83,83,83,62,0,0,0],"gold":338,"neow_bonus":"THREE_ENEMY_KILL","is_daily":false,"chose_seed":false,"campfire_upgraded":4,"win_rate":0.0,"timestamp":1613942585,"path_taken":["R","M","?","?","M","E","T","?","M","E","?","?","$","M","M","BOSS","R","M","M","?","M","?","T","?","M","$","M","E","R","M","M","BOSS","R","M","$","M","$","E","T","?","?","M","?","M","R","?","M","BOSS"],"items_purchased_type":["Relic","Relic","Card"],"build_version":"2020-12-22","purchased_purges":2,"victory":false,"max_hp_per_floor":[65,65,65,65,65,65,65,65,65,69,73,85,85,89,89,89,89,99,103,103,72,72,72,72,72,76,76,76,76,76,76,80,80,80,80,80,80,80,80,80,80,80,80,85,85,85,85,85,85,85,85,85],"card_choices":[{"not_picked":["Slimebound:HauntingLick","Slimebound:DivideAndConquer"],"picked":"Slimebound:Schlurp","floor":2.0},{"not_picked":["Slimebound:RollThrough+1","Slimebound:SplitBruiser"],"picked":"Slimebound:SplitMire","floor":5.0},{"not_picked":["Slimebound:FlameTackle+1","Slimebound:SplitAcid"],"picked":"Slimebound:Dissolve","floor":6.0},{"not_picked":["Slimebound:SlimeTap","Slimebound:FinishingTackle+1"],"picked":"Slimebound:RejuvenatingLick","floor":8.0},{"not_picked":["Slimebound:BestDefense","Slimebound:LeadByExample"],"picked":"Slimebound:MassFeed+1","floor":9.0},{"not_picked":["Slimebound:PressTheAttack+1","Slimebound:SplitSpecialist+1"],"picked":"Slimebound:ItLooksTasty+1","floor":10.0},{"not_picked":["Slimebound:BestDefense","Slimebound:ComboTackle+1"],"picked":"Slimebound:SlimeSpikes+1","floor":11.0},{"not_picked":["Slimebound:LeechEnergy+1","Slimebound:GoopSpray+1"],"picked":"Slimebound:LivingWall+1","floor":12.0},{"not_picked":["Slimebound:FinishingTackle+1","Slimebound:LeadByExample"],"picked":"Slimebound:GrowthPunch+1","floor":13.0},{"not_picked":["Slimebound:Chomp+1","Slimebound:BestDefense"],"picked":"Slimebound:SlimeSpikes+1","floor":14.0},{"not_picked":["Slimebound:BestDefense","Slimebound:GoopSpray+1","Slimebound:PressTheAttack+1"],"picked":"SKIP","floor":15.0},{"not_picked":["Slimebound:Teamwork+1","Slimebound:Recycling"],"picked":"Slimebound:TagTeam+1","floor":16.0},{"not_picked":["Slimebound:SamplingLick+1","Slimebound:FinishingTackle+1"],"picked":"Slimebound:LeechingTouch+1","floor":19},{"not_picked":["Slimebound:RollThrough+1","Slimebound:SplitBruiser+1"],"picked":"Slimebound:Equalize+1","floor":20},{"not_picked":["Slimebound:SplitBruiser+1","Slimebound:DuplicatedForm","Slimebound:SlimeSpikes+1"],"picked":"SKIP","floor":22},{"not_picked":["Slimebound:SplitSpecialist+1","Slimebound:Dissolve+1"],"picked":"Slimebound:Gluttony","floor":25},{"not_picked":["Slimebound:Schlurp+1","Slimebound:SplitLeeching+1"],"picked":"Slimebound:FormOfPuddle+1","floor":26},{"not_picked":["Slimebound:SplitLeeching+1","Slimebound:LivingWall+1"],"picked":"Slimebound:Teamwork+1","floor":27},{"not_picked":["Slimebound:RainOfGoop+1","Slimebound:HauntingLick+1"],"picked":"Slimebound:LeadByExample","floor":28},{"not_picked":["Slimebound:SamplingLick+1","Slimebound:Recollect+1","Slimebound:SplitLeeching+1"],"picked":"SKIP","floor":29},{"not_picked":["Slimebound:GoopTackle+1","Slimebound:ItLooksTasty+1","Slimebound:RollThrough+1"],"picked":"SKIP","floor":31},{"not_picked":["Slimebound:Schlurp+1","Slimebound:LeechingTouch+1","Slimebound:RollThrough+1"],"picked":"SKIP","floor":32},{"not_picked":["Slimebound:TagTeam+1","Slimebound:OneTwoCombo+1"],"picked":"Slimebound:MassRepurpose+1","floor":33},{"not_picked":["Slimebound:AcidTongue","Slimebound:SlimeSpikes+1","Slimebound:Chomp+1"],"picked":"SKIP","floor":36},{"not_picked":["Slimebound:LeechEnergy+1","Slimebound:Schlurp+1","Slimebound:SpikyOuterGoop+1"],"picked":"SKIP","floor":37},{"not_picked":["Slimebound:ProtectTheBoss","Slimebound:Replication+1","Slimebound:FinishingTackle+1"],"picked":"SKIP","floor":38},{"not_picked":["Slimebound:HauntingLick+1","Slimebound:Grow","Slimebound:PressTheAttack+1"],"picked":"SKIP","floor":40},{"not_picked":["expansioncontent:AwakenDeath","expansioncontent:YouAreMine"],"picked":"expansioncontent:Chronoboost","floor":43},{"not_picked":["Slimebound:Schlurp+1","Slimebound:Grow","Slimebound:AcidTongue"],"picked":"SKIP","floor":44},{"not_picked":["Slimebound:Gluttony+1","Slimebound:LeechingTouch+1","Slimebound:ComboTackle+1"],"picked":"SKIP","floor":46},{"not_picked":["Slimebound:Gluttony+1","Slimebound:LeechingTouch+1","Slimebound:ComboTackle+1"],"picked":"SKIP","floor":46},{"not_picked":["Slimebound:FinishingTackle+1","Slimebound:GoopSpray+1"],"picked":"Slimebound:SlimeBarrage+1","floor":49}],"player_experience":824684,"relics_obtained":[{"floor":3.0,"key":"Molten Egg 2"},{"floor":6.0,"key":"Slimebound:SlimedTailRelic"},{"floor":10.0,"key":"Toxic Egg 2"},{"floor":12.0,"key":"Odd Mushroom"},{"floor":17,"key":"Slimebound:AggressiveSlimeRelic"},{"floor":17,"key":"Gremlin Horn"},{"floor":17,"key":"Dead Branch"},{"floor":24,"key":"Slimebound:MaxSlimesRelic"},{"floor":29,"key":"Guardian:PocketSentry"},{"floor":40,"key":"Bag of Preparation"},{"floor":41,"key":"Bottled Lightning"},{"floor":45,"key":"Turnip"},{"floor":48,"key":"Bronze Scales"}],"event_choices":[{"damage_healed":0.0,"max_hp_gain":0.0,"max_hp_loss":0.0,"gold_gain":0.0,"event_name":"Mushrooms","player_choice":"Fought Mushrooms","floor":12.0,"gold_loss":0.0,"damage_taken":0.0},{"damage_healed":0,"gold_gain":0,"player_choice":"Became a vampire","damage_taken":0,"max_hp_gain":0,"max_hp_loss":31,"event_name":"Vampires","floor":21,"gold_loss":0,"cards_obtained":["Bite","Bite","Bite","Bite","Bite"]},{"cards_removed":["Bite"],"damage_healed":0,"gold_gain":0,"player_choice":"Removed Attack","damage_taken":0,"max_hp_gain":0,"max_hp_loss":0,"event_name":"Falling","floor":42,"gold_loss":0}],"is_beta":false,"boss_relics":[{"not_picked":["bronze:MakeshiftBattery","Empty Cage"],"picked":"Calling Bell"},{"not_picked":["Philosopher\u0027s Stone","Coffee Dripper"],"picked":"Cursed Key"}],"items_purged_floors":[8,13],"is_endless":false,"potions_floor_spawned":[6,9,11,12,14,15,16,19,26,28,29,31,36,40,49],"killed_by":"SI_POISON_ARCHETYPE","ascension_level":2}}