{"host":"dkr0dog13pegamnp","time":1613893429,"event":{"mods":["AchievementEnabler","BaseMod","Minty Spire (QoL Compilation)","Rare Cards Sparkle","StSLib","SuperFastMode","everything is the same but u backflip on backflip"],"gold_per_floor":[112,112,132,151,151,151,165,165,165,184,215,215,165,120,120,120,120],"floor_reached":16,"language":"KOR","playtime":447,"items_purged":[],"score":171,"play_id":"0e390eca-1544-439f-a28e-0a446a4b6a29","local_time":"20210221164349","is_ascension_mode":true,"campfire_choices":[{"data":"Footwork","floor":6,"key":"SMITH"},{"data":"Dagger Spray","floor":12,"key":"SMITH"},{"data":"Burst","floor":15,"key":"SMITH"}],"circlet_count":0,"master_deck":["AscendersBane","Strike_G","Strike_G","Strike_G","Defend_G","Defend_G","Defend_G","Defend_G","Defend_G","Survivor","Neutralize","Wraith Form v2","Burst+1","Footwork+1","Tactician","Dagger Spray+1"],"relics":["Ring of the Snake","Mango","Mummified Hand"],"acts_visited":["Exordium"],"potions_floor_usage":[8,11],"damage_taken":[{"damage":18,"enemies":"Small Slimes","floor":1,"turns":6},{"damage":0,"enemies":"2 Louse","floor":3,"turns":4},{"damage":4,"enemies":"Cultist","floor":4,"turns":6},{"damage":2,"enemies":"Large Slime","floor":7,"turns":12},{"damage":0,"enemies":"Gremlin Nob","floor":8,"turns":1},{"damage":4,"enemies":"3 Louse","floor":10,"turns":8},{"damage":27,"enemies":"3 Sentries","floor":11,"turns":13},{"damage":3,"enemies":"Looter","floor":14,"turns":5},{"damage":0,"enemies":"Hexaghost","floor":16,"turns":1}],"seed_played":"-4121099570476910353","potions_obtained":[{"floor":1,"key":"Swift Potion"},{"floor":5,"key":"SmokeBomb"},{"floor":11,"key":"Energy Potion"}],"is_trial":false,"path_per_floor":["M","?","M","M","?","R","M","E","T","M","E","R","?","M","R","B"],"character_chosen":"THE_SILENT","items_purchased":[],"campfire_rested":0,"item_purchase_floors":[],"current_hp_per_floor":[45,45,45,41,41,41,39,39,53,49,22,22,22,19,19,19,19],"gold":120,"neow_bonus":"ONE_RANDOM_RARE_CARD","is_daily":false,"chose_seed":false,"campfire_upgraded":3,"win_rate":0.0,"timestamp":1613893429,"path_taken":["M","?","M","M","?","R","?","E","T","M","E","R","?","M","R","BOSS"],"items_purchased_type":[],"build_version":"2020-12-22","purchased_purges":0,"victory":false,"max_hp_per_floor":[70,70,70,70,70,70,70,70,84,84,84,84,84,84,84,84,84],"card_choices":[{"not_picked":["Predator","Acrobatics","Flying Knee"],"picked":"SKIP","floor":1},{"not_picked":["Slice","Deadly Poison"],"picked":"Footwork","floor":3},{"not_picked":["Well Laid Plans","Outmaneuver","Cloak And Dagger"],"picked":"SKIP","floor":4},{"not_picked":["Blur","Dagger Spray"],"picked":"Tactician","floor":7},{"not_picked":["Backflip","PiercingWail"],"picked":"Dagger Spray","floor":10},{"not_picked":["Burst","Dodge and Roll","Predator"],"picked":"SKIP","floor":11},{"not_picked":["Slice","Blade Dance","Cloak And Dagger"],"picked":"SKIP","floor":14}],"player_experience":78196,"relics_obtained":[{"floor":9,"key":"Mango"},{"floor":11,"key":"Mummified Hand"}],"event_choices":[{"damage_healed":0,"gold_gain":0,"cards_transformed":["Strike_G"],"player_choice":"Change","damage_taken":0,"max_hp_gain":0,"max_hp_loss":0,"event_name":"Living Wall","floor":2,"gold_loss":0,"cards_obtained":["Burst"]},{"damage_healed":0,"gold_gain":0,"player_choice":"Got Potions","damage_taken":0,"max_hp_gain":0,"max_hp_loss":0,"event_name":"Lab","floor":5,"gold_loss":0},{"cards_removed":["Strike_G"],"damage_healed":0,"gold_gain":0,"player_choice":"Card Removal","damage_taken":0,"max_hp_gain":0,"max_hp_loss":0,"event_name":"The Cleric","floor":13,"gold_loss":50}],"is_beta":false,"boss_relics":[],"items_purged_floors":[],"is_endless":false,"potions_floor_spawned":[1,8,11],"killed_by":"Hexaghost","ascension_level":11}}