{"host":"lxu17chzujqn8whl","time":1613947087,"event":{"mods":["BaseMod","Minty Spire (QoL Compilation)","Relic Stats","StSLib"],"gold_per_floor":[118,118,135,135,135,135,135],"floor_reached":6,"language":"ENG","playtime":84,"items_purged":[],"score":34,"play_id":"ad48a762-10e3-410c-a638-fe23023a7783","local_time":"20210221143807","is_ascension_mode":false,"campfire_choices":[],"circlet_count":0,"master_deck":["Strike_B","Strike_B","Strike_B","Defend_B","Defend_B","Defend_B","Defend_B","Zap","Dualcast","Cold Snap","Turbo","Injury"],"relics":["Cracked Core","Golden Idol"],"acts_visited":["Exordium"],"potions_floor_usage":[6,6],"damage_taken":[{"damage":0,"enemies":"Small Slimes","floor":1,"turns":3},{"damage":0,"enemies":"Cultist","floor":3,"turns":3},{"damage":8,"enemies":"3 Sentries","floor":6,"turns":3}],"seed_played":"-3167630609863478223","potions_obtained":[{"floor":1,"key":"EntropicBrew"},{"floor":2,"key":"Block Potion"},{"floor":2,"key":"Explosive Potion"},{"floor":3,"key":"FairyPotion"}],"is_trial":false,"path_per_floor":["M","?","M","?","?","E"],"character_chosen":"DEFECT","items_purchased":[],"campfire_rested":0,"item_purchase_floors":[],"current_hp_per_floor":[82,82,82,75,75,67,67],"gold":135,"neow_bonus":"TEN_PERCENT_HP_BONUS","is_daily":false,"chose_seed":false,"campfire_upgraded":0,"win_rate":0.0,"timestamp":1613947087,"path_taken":["M","?","?","?","?","E"],"items_purchased_type":[],"build_version":"2020-12-22","purchased_purges":0,"victory":false,"max_hp_per_floor":[82,82,82,82,82,82,82],"relic_stats":{"counters":[3,9],"Golden Idol":0,"obtain_stats":[{"Golden Idol":5,"Cracked Core":0},{"Golden Idol":2,"Cracked Core":0},{"Golden Idol":6,"Cracked Core":0}]},"card_choices":[{"not_picked":["BootSequence","Go for the Eyes"],"picked":"Cold Snap","floor":1},{"not_picked":["Steam","Undo"],"picked":"Turbo","floor":3}],"player_experience":724876,"relics_obtained":[],"event_choices":[{"damage_healed":0,"gold_gain":0,"player_choice":"Got Potions","damage_taken":0,"max_hp_gain":0,"max_hp_loss":0,"event_name":"Lab","floor":2,"gold_loss":0},{"cards_removed":["Strike_B"],"damage_healed":0,"gold_gain":0,"player_choice":"Card Removal","damage_taken":7,"max_hp_gain":0,"max_hp_loss":0,"event_name":"Golden Wing","floor":4,"gold_loss":0},{"damage_healed":0,"gold_gain":0,"player_choice":"Take Wound","damage_taken":0,"relics_obtained":["Golden Idol"],"max_hp_gain":0,"max_hp_loss":0,"event_name":"Golden Idol","floor":5,"gold_loss":0,"cards_obtained":["Injury"]}],"is_beta":false,"boss_relics":[],"items_purged_floors":[],"is_endless":false,"potions_floor_spawned":[1,3],"killed_by":"3 Sentries","ascension_level":0}}