{"host":"1avr1135to2copjv","time":1613885889,"event":{"mods":["BaseMod","Colored Map","Colored Powertips","Filter the Spire","Minty Spire (QoL Compilation)","Relic Stats","StSLib","The Servant 0.9.4"],"gold_per_floor":[109,125,136,154,154,154,166,199,225,253,328,328,358,378,378,483,483,494,494,521,535,535,535,565,565,590,607,632,632,650,685,685,785,785,795,795,843,843,862,891,891,926,974,974,993,993,479,511,511,511,511,511,31,61,61],"floor_reached":56,"language":"ENG","playtime":2473,"items_purged":[],"score":1670,"play_id":"c75e3f90-e7bc-49bc-9c5e-d951f451782f","local_time":"20210221083809","is_ascension_mode":true,"campfire_choices":[{"data":"Adrenaline","floor":6,"key":"SMITH"},{"data":"Footwork","floor":12,"key":"SMITH"},{"data":"Crippling Poison","floor":15,"key":"SMITH"},{"data":"Wraith Form v2","floor":23,"key":"SMITH"},{"data":"Eviscerate","floor":25,"key":"SMITH"},{"data":"Bouncing Flask","floor":29,"key":"SMITH"},{"data":"After Image","floor":32,"key":"SMITH"},{"floor":41,"key":"REST"},{"floor":44,"key":"RECALL"},{"floor":49,"key":"REST"},{"floor":52,"key":"REST"}],"circlet_count":0,"master_deck":["Survivor","Neutralize","Caltrops","Deflect+1","Eviscerate+1","Crippling Poison+1","Flechettes","Backstab","After Image+1","Adrenaline+1","Poisoned Stab+1","Accuracy","Cloak And Dagger","PiercingWail","Dash+1","Die Die Die","Footwork+1","Dagger Throw","PiercingWail","Dodge and Roll","Wraith Form v2+1","Bouncing Flask+1","Prepared+1","Catalyst+1","Catalyst+1","Bouncing Flask+1","Envenom","Dodge and Roll+1","Deadly Poison+1","Catalyst+1","Tactician+1","Riddle With Holes","Corpse Explosion+1","Master of Strategy","Terror"],"relics":["Pandora\u0027s Box","Boot","Bag of Preparation","Centennial Puzzle","Odd Mushroom","Black Star","Red Mask","Akabeko","Whetstone","Tiny Chest","Bronze Scales","Ancient Tea Set","Ninja Scroll","Fusion Hammer","Turnip","Regal Pillow","MealTicket","Nunchaku","Shuriken","Blood Vial","Mercury Hourglass","Bag of Marbles","Lizard Tail","Bottled Flame","Anchor","Snake Skull","OrangePellets","HornCleat","War Paint"],"acts_visited":["Exordium","TheCity","TheBeyond","TheEnding"],"potions_floor_usage":[10,13,20,28,37,37,39,40,40,50],"damage_taken":[{"damage":5,"enemies":"Small Slimes","floor":1,"turns":2},{"damage":3,"enemies":"Jaw Worm","floor":2,"turns":2},{"damage":0,"enemies":"2 Louse","floor":3,"turns":2},{"damage":1,"enemies":"2 Fungi Beasts","floor":4,"turns":3},{"damage":0,"enemies":"Exordium Thugs","floor":7,"turns":4},{"damage":8,"enemies":"3 Sentries","floor":8,"turns":7},{"damage":0,"enemies":"Lagavulin","floor":10,"turns":6},{"damage":15,"enemies":"The Mushroom Lair","floor":13,"turns":4},{"damage":3,"enemies":"Large Slime","floor":14,"turns":4},{"damage":12,"enemies":"The Guardian","floor":16,"turns":10},{"damage":2,"enemies":"Shell Parasite","floor":18,"turns":5},{"damage":0,"enemies":"Masked Bandits","floor":20,"turns":2},{"damage":0,"enemies":"Spheric Guardian","floor":21,"turns":3},{"damage":0,"enemies":"Gremlin Leader","floor":24,"turns":7},{"damage":0,"enemies":"Centurion and Healer","floor":27,"turns":3},{"damage":11,"enemies":"Book of Stabbing","floor":28,"turns":5},{"damage":10,"enemies":"Shelled Parasite and Fungi","floor":30,"turns":2},{"damage":0,"enemies":"Gremlin Leader","floor":31,"turns":5},{"damage":12,"enemies":"Collector","floor":33,"turns":5},{"damage":6,"enemies":"3 Shapes","floor":35,"turns":3},{"damage":0,"enemies":"2 Orb Walkers","floor":37,"turns":4},{"damage":21,"enemies":"3 Darklings","floor":39,"turns":3},{"damage":26,"enemies":"Nemesis","floor":40,"turns":5},{"damage":12,"enemies":"Reptomancer","floor":42,"turns":4},{"damage":0,"enemies":"Spire Growth","floor":45,"turns":3},{"damage":0,"enemies":"Nemesis","floor":48,"turns":3},{"damage":42,"enemies":"Awakened One","floor":50,"turns":10},{"damage":0,"enemies":"Shield and Spear","floor":54,"turns":3},{"damage":18,"enemies":"The Heart","floor":55,"turns":5}],"seed_played":"-7463134852689623684","potions_obtained":[{"floor":4,"key":"Regen Potion"},{"floor":7,"key":"AttackPotion"},{"floor":8,"key":"AttackPotion"},{"floor":10,"key":"Swift Potion"},{"floor":13,"key":"Fire Potion"},{"floor":21,"key":"EssenceOfSteel"},{"floor":31,"key":"AttackPotion"},{"floor":33,"key":"Regen Potion"},{"floor":39,"key":"EntropicBrew"},{"floor":54,"key":"Explosive Potion"}],"is_trial":false,"path_per_floor":["M","M","M","M","?","R","M","E","T","E","?","R","?","M","R","B",null,"M","?","?","M","?","R","E","R","T","M","E","R","M","E","R","B",null,"M","?","?","?","M","E","R","E","T","R","M","T","$","E","R","B",null,"R","$","E","B",null],"character_chosen":"THE_SILENT","items_purchased":["Bag of Marbles","Corpse Explosion","Master of Strategy","Swift Potion","Anchor","Snake Skull","OrangePellets","Terror"],"campfire_rested":3,"item_purchase_floors":[47,47,47,47,53,53,53,53],"current_hp_per_floor":[65,62,62,61,66,66,66,58,58,58,47,47,46,43,43,31,75,73,73,73,73,73,73,73,73,73,73,62,62,52,52,52,40,75,69,69,69,69,57,31,67,55,55,55,57,57,71,71,71,29,71,71,71,71,53],"gold":61,"neow_bonus":"BOSS_RELIC","is_daily":false,"chose_seed":false,"campfire_upgraded":7,"win_rate":0.0,"timestamp":1613885889,"path_taken":["M","M","M","M","?","R","M","E","T","E","?","R","?","M","R","BOSS","M","?","?","M","?","R","E","R","T","?","E","R","M","E","R","BOSS","M","?","?","?","M","E","R","E","T","R","M","?","$","E","R","BOSS","R","$","E","BOSS"],"items_purchased_type":["Relic","Card","Card","Potion","Relic","Relic","Relic","Card"],"build_version":"2020-12-22","purchased_purges":0,"victory":true,"max_hp_per_floor":[70,70,70,70,75,75,75,75,75,75,75,75,75,75,75,75,75,75,75,75,75,75,75,75,75,75,75,75,75,75,75,75,75,75,75,71,71,71,71,71,71,71,71,71,71,71,71,71,71,71,71,71,71,71,71],"relic_stats":{"Regal Pillow":15,"counters":[29,124],"Snake Skull":[16],"Bag of Preparation":[46],"Whetstone":["Dash","Poisoned Stab"],"War Paint":["Deflect","Corpse Explosion"],"Boot":[109],"Mercury Hourglass":[70],"Blood Vial":2,"OrangePellets":[0],"Centennial Puzzle":[39],"Nunchaku":[4],"Lizard Tail":0,"Shuriken":[7],"Bronze Scales":[154],"Pandora\u0027s Box":["Caltrops","Deflect","Eviscerate","Crippling Poison","Flechettes","Backstab","After Image","Adrenaline","Poisoned Stab","Accuracy"],"Tiny Chest":1,"MealTicket":14,"Turnip":[2],"Black Star":7,"obtain_stats":[{"Regal Pillow":40,"Snake Skull":53,"Bag of Preparation":9,"Whetstone":24,"Boot":8,"Ancient Tea Set":31,"Blood Vial":43,"Centennial Puzzle":10,"Nunchaku":42,"Lizard Tail":48,"HornCleat":54,"Ninja Scroll":31,"Tiny Chest":28,"MealTicket":40,"Fusion Hammer":34,"Red Mask":20,"Ring of the Snake":0,"Odd Mushroom":13,"War Paint":54,"Akabeko":24,"Mercury Hourglass":46,"OrangePellets":53,"Bottled Flame":48,"Anchor":53,"Shuriken":42,"Bronze Scales":28,"Pandora\u0027s Box":0,"Turnip":37,"Black Star":17,"Bag of Marbles":47},{"Regal Pillow":23,"Snake Skull":27,"Bag of Preparation":6,"Whetstone":14,"Boot":6,"Ancient Tea Set":18,"Blood Vial":24,"Centennial Puzzle":7,"Nunchaku":24,"Lizard Tail":26,"HornCleat":28,"Ninja Scroll":18,"Tiny Chest":16,"MealTicket":23,"Fusion Hammer":19,"Red Mask":12,"Ring of the Snake":0,"Odd Mushroom":8,"War Paint":28,"Akabeko":14,"Mercury Hourglass":25,"OrangePellets":27,"Bottled Flame":26,"Anchor":27,"Shuriken":24,"Bronze Scales":16,"Pandora\u0027s Box":0,"Turnip":21,"Black Star":10,"Bag of Marbles":25},{"Regal Pillow":96,"Snake Skull":116,"Bag of Preparation":20,"Whetstone":61,"Boot":20,"Ancient Tea Set":76,"Blood Vial":100,"Centennial Puzzle":26,"Nunchaku":100,"Lizard Tail":106,"HornCleat":119,"Ninja Scroll":76,"Tiny Chest":69,"MealTicket":96,"Fusion Hammer":81,"Red Mask":51,"Ring of the Snake":0,"Odd Mushroom":30,"War Paint":119,"Akabeko":61,"Mercury Hourglass":103,"OrangePellets":116,"Bottled Flame":106,"Anchor":116,"Shuriken":100,"Bronze Scales":69,"Pandora\u0027s Box":0,"Turnip":88,"Black Star":44,"Bag of Marbles":103}]},"card_choices":[{"not_picked":["Sucker Punch","Dagger Spray"],"picked":"Cloak And Dagger","floor":1},{"not_picked":["Outmaneuver","Underhanded Strike","Poisoned Stab"],"picked":"SKIP","floor":2},{"not_picked":["Acrobatics","Slice"],"picked":"PiercingWail","floor":3},{"not_picked":["Distraction","Prepared"],"picked":"Dash","floor":4},{"not_picked":["Skewer","Quick Slash"],"picked":"Die Die Die","floor":7},{"not_picked":["Deflect","Dodge and Roll"],"picked":"Footwork","floor":8},{"not_picked":["Slice","Skewer"],"picked":"Dagger Throw","floor":10},{"not_picked":["Concentrate","Outmaneuver"],"picked":"PiercingWail","floor":13},{"not_picked":["Slice","Outmaneuver"],"picked":"Dodge and Roll","floor":14},{"not_picked":["Grand Finale","Glass Knife"],"picked":"Wraith Form v2","floor":16},{"not_picked":["Dodge and Roll","Acrobatics+1"],"picked":"Bouncing Flask+1","floor":18},{"not_picked":["Underhanded Strike","Distraction"],"picked":"Prepared+1","floor":20},{"not_picked":["Sucker Punch+1","Outmaneuver"],"picked":"Catalyst+1","floor":21},{"not_picked":["Dash","Poisoned Stab","Cloak And Dagger"],"picked":"SKIP","floor":24},{"not_picked":["Reflex","Accuracy","Backstab"],"picked":"SKIP","floor":27},{"not_picked":["Outmaneuver","Tactician"],"picked":"Bouncing Flask","floor":28},{"not_picked":["PiercingWail","Die Die Die","Tactician"],"picked":"SKIP","floor":30},{"not_picked":["Underhanded Strike","Dagger Throw","Reflex"],"picked":"SKIP","floor":31},{"not_picked":["A Thousand Cuts","Glass Knife"],"picked":"Envenom","floor":33},{"not_picked":["Infinite Blades+1","Deadly Poison+1"],"picked":"Dodge and Roll+1","floor":35},{"not_picked":["Slice+1","Infinite Blades"],"picked":"Deadly Poison+1","floor":37},{"not_picked":["Dodge and Roll","Crippling Poison+1"],"picked":"Catalyst+1","floor":39},{"not_picked":["Endless Agony+1","Dagger Spray","Cloak And Dagger"],"picked":"SKIP","floor":40},{"not_picked":["Skewer+1","Prepared+1"],"picked":"Tactician+1","floor":42},{"not_picked":["Masterful Stab","Dagger Throw"],"picked":"Riddle With Holes","floor":45},{"not_picked":["Dodge and Roll","Backstab+1","Corpse Explosion"],"picked":"SKIP","floor":48},{"not_picked":["Blade Dance+1","Deadly Poison+1","Caltrops"],"picked":"SKIP","floor":54}],"player_experience":1073386,"relics_obtained":[{"floor":8,"key":"Boot"},{"floor":9,"key":"Bag of Preparation"},{"floor":10,"key":"Centennial Puzzle"},{"floor":13,"key":"Odd Mushroom"},{"floor":20,"key":"Red Mask"},{"floor":24,"key":"Akabeko"},{"floor":24,"key":"Whetstone"},{"floor":28,"key":"Tiny Chest"},{"floor":28,"key":"Bronze Scales"},{"floor":31,"key":"Ancient Tea Set"},{"floor":31,"key":"Ninja Scroll"},{"floor":37,"key":"Turnip"},{"floor":40,"key":"Regal Pillow"},{"floor":40,"key":"MealTicket"},{"floor":42,"key":"Nunchaku"},{"floor":42,"key":"Shuriken"},{"floor":43,"key":"Blood Vial"},{"floor":46,"key":"Mercury Hourglass"},{"floor":48,"key":"Lizard Tail"},{"floor":48,"key":"Bottled Flame"},{"floor":54,"key":"HornCleat"},{"floor":54,"key":"War Paint"}],"event_choices":[{"damage_healed":0,"gold_gain":0,"player_choice":"Donut","damage_taken":0,"max_hp_gain":5,"max_hp_loss":0,"event_name":"Big Fish","floor":5,"gold_loss":0},{"damage_healed":0,"gold_gain":75,"player_choice":"Gather Gold","damage_taken":11,"max_hp_gain":0,"max_hp_loss":0,"event_name":"World of Goop","floor":11,"gold_loss":0},{"damage_healed":0,"gold_gain":0,"player_choice":"Fought Mushrooms","damage_taken":0,"max_hp_gain":0,"max_hp_loss":0,"event_name":"Mushrooms","floor":13,"gold_loss":0},{"damage_healed":0,"gold_gain":0,"player_choice":"Simplicity","damage_taken":0,"max_hp_gain":0,"max_hp_loss":0,"event_name":"Back to Basics","floor":19,"gold_loss":0,"cards_upgraded":[]},{"damage_healed":0,"gold_gain":0,"player_choice":"Fought Bandits","damage_taken":0,"max_hp_gain":0,"max_hp_loss":0,"event_name":"Masked Bandits","floor":20,"gold_loss":0},{"damage_healed":0,"gold_gain":0,"player_choice":"Copied","damage_taken":0,"max_hp_gain":0,"max_hp_loss":0,"event_name":"Duplicator","floor":22,"gold_loss":0,"cards_obtained":["Catalyst"]},{"damage_healed":0,"gold_gain":0,"player_choice":"Max HP","damage_taken":0,"max_hp_gain":0,"max_hp_loss":4,"event_name":"Winding Halls","floor":36,"gold_loss":0},{"damage_healed":0,"gold_gain":0,"player_choice":"Fight","damage_taken":0,"max_hp_gain":0,"max_hp_loss":0,"event_name":"Mysterious Sphere","floor":37,"gold_loss":0},{"damage_healed":0,"gold_gain":0,"player_choice":"Ignored","damage_taken":0,"max_hp_gain":0,"max_hp_loss":0,"event_name":"SecretPortal","floor":38,"gold_loss":0}],"is_beta":false,"boss_relics":[{"not_picked":["WristBlade","Runic Dome"],"picked":"Black Star"},{"not_picked":["Snecko Eye","Tiny House"],"picked":"Fusion Hammer"}],"items_purged_floors":[],"is_endless":false,"potions_floor_spawned":[4,7,8,10,13,18,21,31,33,35,39,48,54],"ascension_level":3}}