{"host":"ju66gn9zov5ov15o","time":1613895351,"event":{"mods":["100% Spire Juice","2.2 Compatiblity","Act Like it!","Aspiration","BaseMod","Conspire","Downfall","GifTheSpireLib","Hubris","Lobotomy","LobotomyExtend","Marisa????????","Minty Spire (QoL Compilation)","Pale of the Ancients","Rare Cards Sparkle","Relic Stats","Ruina","Shapeshifter Mod","StSLib","The Alterego","The Animator"],"gold_per_floor":[364,364,380,400,400,410,410,443,467,642,669,669,708,732,732,861,861,879,879,287,287,300,300,639,658,739,2,2,38,38,53,53,182,182,196,196,196,196],"floor_reached":37,"language":"ENG","playtime":2537,"items_purged":["Doubt"],"score":465,"play_id":"c6815aa7-839d-4d61-b202-249acf91819d","local_time":"20210221091551","is_ascension_mode":false,"campfire_choices":[],"circlet_count":0,"master_deck":["SpecialBullet","SpecialBullet","SpecialBullet","SpecialBullet","SpecialBullet","SpecialBullet","SpecialBullet","SecurityCode","TrainingCode","ControlCode","Scorched","WristCuter","DreamingCurrent","WristCuter","Gaze","TT2Protocol","Pleasure","CrumblingArmor","NothingThere","GoldRush","ruina:CobaltScar","ruina:CrimsonScar","BigBadWolf","ruina:SwordSharpened","SoundOfStar","SummonCall","NakedNest","CherryBlossom","InformationCode","CENSORED"],"relics":["CogitoBucket","LetterFromLob","NlothsMask","aspiration:FetidBarrel","aspiration:ChemicalBlood","Golden Idol","Strawberry","FleshIdol","bronze:MakeshiftBattery","hubris:Towel","Strange Spoon","Old Coin","BackwardClock","conspire:Dentures","Meat on the Bone","hubris:HerbalPaste","hubris:GlazedTorus","aspiration:FutureDiary"],"acts_visited":["Exordium","ruina:Briah","TheBeyond"],"potions_floor_usage":[13,13,13,13,13,16,16,16,16,16,16,16,18,18,18,22,22,24,24,24,24,24,25,25,25,29,29,29,31,33,33,33,33,33,33,33,33,35,37,37,37,37,37,37,37,37,37,37,37,37,37,37],"damage_taken":[{"damage":11,"enemies":"Jaw Worm","floor":1,"turns":2},{"damage":0,"enemies":"Cultist","floor":3,"turns":2},{"damage":0,"enemies":"Small Slimes","floor":4,"turns":2},{"damage":25,"enemies":"Exordium Wildlife","floor":6,"turns":3},{"damage":18,"enemies":"Gremlin Nob","floor":8,"turns":3},{"damage":1,"enemies":"Lagavulin","floor":13,"turns":3},{"damage":25,"enemies":"2 Fungi Beasts","floor":14,"turns":2},{"damage":112,"enemies":"The Guardian","floor":16,"turns":11},{"damage":90,"enemies":"ruina:BadWolf","floor":18,"turns":5},{"damage":78,"enemies":"ruina:Nosferatu","floor":22,"turns":4},{"damage":57,"enemies":"ruina:Mountain","floor":24,"turns":7},{"damage":72,"enemies":"ruina:KnightOfDespair","floor":25,"turns":4},{"damage":85,"enemies":"ruina:ServantOfWrath","floor":29,"turns":5},{"damage":49,"enemies":"ruina:KingOfGreed","floor":31,"turns":4},{"damage":128,"enemies":"ruina:JesterOfNihil","floor":33,"turns":8},{"damage":88,"enemies":"Orb Walker","floor":35,"turns":4},{"damage":354,"enemies":"3 Darklings","floor":37,"turns":18}],"seed_played":"7021722228394501896","potions_obtained":[{"floor":1,"key":"EssenceOfSteel"},{"floor":3,"key":"Fire Potion"},{"floor":8,"key":"EntropicBrew"},{"floor":16,"key":"PowerPotion"},{"floor":16,"key":"EntropicBrew"},{"floor":16,"key":"EntropicBrew"},{"floor":18,"key":"Block Potion"},{"floor":22,"key":"DistilledChaos"},{"floor":22,"key":"PowerPotion"},{"floor":31,"key":"ColorlessPotion"},{"floor":31,"key":"EntropicBrew"},{"floor":33,"key":"CultistPotion"},{"floor":33,"key":"champ:CounterPotion"},{"floor":33,"key":"Block Potion"},{"floor":33,"key":"Weak Potion"},{"floor":35,"key":"Regen Potion"},{"floor":35,"key":"SkillPotion"},{"floor":37,"key":"DuplicationPotion"},{"floor":37,"key":"DistilledChaos"},{"floor":37,"key":"ColorlessPotion"},{"floor":37,"key":"Dexterity Potion"},{"floor":37,"key":"SteroidPotion"},{"floor":37,"key":"FearPotion"}],"is_trial":false,"path_per_floor":["M","?","M","M","$","M","R","E","T","?","T","?","E","M","R","B",null,"M","?","$","?","M","R","E","M","T","$","R","E","M","M","R","B",null,"M","?","M"],"character_chosen":"Angela","items_purchased":["Strange Spoon","ruina:CobaltScar","ruina:CrimsonScar","Meat on the Bone","ruina:SwordSharpened","hubris:HerbalPaste","SoundOfStar"],"campfire_rested":0,"item_purchase_floors":[20,20,20,27,27,27,27],"current_hp_per_floor":[46,46,54,70,70,59,59,69,69,69,69,69,77,72,72,50,77,42,42,42,58,35,35,93,61,61,61,61,60,60,85,85,93,93,47,56,7,7],"gold":196,"neow_bonus":"TWO_FIFTY_GOLD","is_daily":false,"chose_seed":false,"campfire_upgraded":0,"win_rate":0.0,"timestamp":1613895351,"path_taken":["M","?","M","?","$","M","R","E","T","?","?","?","E","M","R","BOSS","M","?","$","?","M","R","E","M","T","$","R","E","?","M","R","BOSS","M","?","M"],"items_purchased_type":["Relic","Card","Card","Relic","Card","Relic","Card"],"build_version":"2020-12-22","purchased_purges":1,"victory":false,"max_hp_per_floor":[70,70,70,70,70,70,70,70,70,70,70,70,77,77,77,77,77,77,77,77,93,93,93,93,93,93,93,93,93,93,93,93,93,93,93,93,93,93],"relic_stats":{"Strange Spoon":[11],"counters":[20,90],"Golden Idol":97,"obtain_stats":[{"conspire:Dentures":26,"BackwardClock":25,"aspiration:FetidBarrel":8,"Golden Idol":12,"FleshIdol":14,"hubris:Towel":19,"Old Coin":24,"Strange Spoon":20,"CogitoBucket":0,"hubris:HerbalPaste":27,"Strawberry":13,"LetterFromLob":1,"aspiration:FutureDiary":34,"bronze:MakeshiftBattery":17,"NlothsMask":2,"aspiration:ChemicalBlood":11,"Meat on the Bone":27,"hubris:GlazedTorus":29},{"conspire:Dentures":14,"BackwardClock":14,"aspiration:FetidBarrel":5,"Golden Idol":5,"FleshIdol":8,"hubris:Towel":10,"Old Coin":12,"Strange Spoon":10,"CogitoBucket":0,"hubris:HerbalPaste":14,"Strawberry":6,"LetterFromLob":1,"aspiration:FutureDiary":17,"bronze:MakeshiftBattery":9,"NlothsMask":1,"aspiration:ChemicalBlood":5,"Meat on the Bone":14,"hubris:GlazedTorus":15},{"conspire:Dentures":50,"BackwardClock":50,"aspiration:FetidBarrel":12,"Golden Idol":12,"FleshIdol":18,"hubris:Towel":34,"Old Coin":45,"Strange Spoon":34,"CogitoBucket":0,"hubris:HerbalPaste":50,"Strawberry":15,"LetterFromLob":2,"aspiration:FutureDiary":67,"bronze:MakeshiftBattery":29,"NlothsMask":2,"aspiration:ChemicalBlood":12,"Meat on the Bone":50,"hubris:GlazedTorus":55}],"Meat on the Bone":12},"card_choices":[{"not_picked":["FairyFestival","OldLady"],"picked":"Scorched","floor":1},{"not_picked":["Tough"],"picked":"WristCuter","floor":1},{"not_picked":["OldLady","MHz"],"picked":"DreamingCurrent","floor":3},{"not_picked":["InTheNameOfLoveAndHate","FourthMatchFlame"],"picked":"SKIP","floor":3},{"not_picked":["Penitence"],"picked":"WristCuter","floor":4},{"not_picked":["Loneliness"],"picked":"Gaze","floor":6},{"not_picked":["RedEyes"],"picked":"Pleasure","floor":8},{"not_picked":["GrinderMk4","TodaysExpression"],"picked":"SKIP","floor":13},{"not_picked":["VoidDream","Porccubus"],"picked":"CrumblingArmor","floor":14},{"not_picked":["Regret_ego","Horn"],"picked":"SKIP","floor":14},{"not_picked":["CherryBlossoms","VoidDream"],"picked":"NothingThere","floor":16},{"not_picked":["CENSORED_ego"],"picked":"GoldRush","floor":16},{"not_picked":["Amita","Harmony"],"picked":"SKIP","floor":18},{"not_picked":["Noise","Tough"],"picked":"SKIP","floor":22},{"not_picked":["Laetitia","LongBird"],"picked":"BigBadWolf","floor":24},{"not_picked":["Galaxy","BlueScar"],"picked":"SKIP","floor":24},{"not_picked":["BlueScar","FeatherOfHonor"],"picked":"SKIP","floor":25},{"not_picked":["WristCuter+1","Wingbeat"],"picked":"SKIP","floor":29},{"not_picked":["SpiderBud","WallGazer"],"picked":"NakedNest","floor":31},{"not_picked":["Heaven"],"picked":"CherryBlossom","floor":31},{"not_picked":["LaLuna","LongBird"],"picked":"CENSORED","floor":35},{"not_picked":["SomewhereSpear+1","Lantern"],"picked":"SKIP","floor":35}],"player_experience":526497,"relics_obtained":[{"floor":1,"key":"LetterFromLob"},{"floor":8,"key":"aspiration:FetidBarrel"},{"floor":11,"key":"aspiration:ChemicalBlood"},{"floor":13,"key":"Strawberry"},{"floor":24,"key":"Old Coin"},{"floor":26,"key":"conspire:Dentures"},{"floor":29,"key":"hubris:GlazedTorus"}],"event_choices":[{"damage_healed":0,"gold_gain":0,"player_choice":"Trade","damage_taken":0,"relics_obtained":["NlothsMask"],"max_hp_gain":0,"max_hp_loss":0,"event_name":"FaceTrader","floor":2,"gold_loss":0},{"damage_healed":0,"gold_gain":175,"player_choice":"AGREE","damage_taken":0,"max_hp_gain":0,"max_hp_loss":0,"event_name":"Liars Game","floor":10,"gold_loss":0,"cards_obtained":["Doubt"]},{"damage_healed":0,"gold_gain":0,"player_choice":"Take Wound","damage_taken":0,"relics_obtained":["Golden Idol"],"max_hp_gain":0,"max_hp_loss":0,"event_name":"Golden Idol","floor":12,"gold_loss":0,"cards_obtained":["Injury"]}],"is_beta":false,"boss_relics":[{"not_picked":["hubris:CrackedHourglass","aspiration:WatcherSkillbook"],"picked":"bronze:MakeshiftBattery"},{"not_picked":["conspire:SeveredTorchhead","Fusion Hammer"],"picked":"aspiration:FutureDiary"}],"items_purged_floors":[20],"is_endless":false,"potions_floor_spawned":[1,3,8,22,31],"killed_by":"3 Darklings","ascension_level":0}}