{"host":"bigao3g8q00k09zy","time":1613931302,"event":{"mods":["BaseMod","Downfall","Hermit","Marisa????????","Minty Spire (QoL Compilation)","StSLib","The Cursed"],"gold_per_floor":[113,113,113,127,140,165,190,190,245,268,50,73,101,118,118,226,226,239,193,217,253,253,258,258],"floor_reached":23,"language":"ENG","playtime":2007,"items_purged":[],"score":203,"play_id":"d37f0759-d249-47bf-9bd1-a662d9fd06ec","local_time":"20210221131502","is_ascension_mode":false,"campfire_choices":[{"floor":8,"key":"REST"},{"data":"hermit:Dive","floor":15,"key":"SMITH"}],"circlet_count":0,"master_deck":["hermit:Strike_Hermit","hermit:Strike_Hermit","hermit:Strike_Hermit","hermit:Strike_Hermit","hermit:Defend_Hermit","hermit:Defend_Hermit","hermit:Defend_Hermit","hermit:Defend_Hermit","hermit:Snapshot","hermit:Covet","hermit:Manifest","hermit:Spite","hermit:Scavenge","hermit:FlashPowder","hermit:Shortfuse","hermit:Midnight","hermit:Dive+1","hermit:Purgatory","hermit:Vantage","hermit:Vantage"],"relics":["hermit:Momento","HornCleat","TheAbacus","Strawberry","Busted Crown","Red Mask"],"acts_visited":["Exordium","TheCity"],"potions_floor_usage":[16,16,21,23],"damage_taken":[{"damage":0,"enemies":"2 Louse","floor":1,"turns":2},{"damage":0,"enemies":"Small Slimes","floor":4,"turns":3},{"damage":0,"enemies":"Cultist","floor":5,"turns":3},{"damage":23,"enemies":"Gremlin Nob","floor":6,"turns":6},{"damage":3,"enemies":"Lots of Slimes","floor":7,"turns":7},{"damage":0,"enemies":"2 Fungi Beasts","floor":10,"turns":4},{"damage":0,"enemies":"Looter","floor":12,"turns":3},{"damage":19,"enemies":"3 Sentries","floor":13,"turns":5},{"damage":0,"enemies":"Large Slime","floor":14,"turns":4},{"damage":23,"enemies":"Slime Boss","floor":16,"turns":11},{"damage":6,"enemies":"Spheric Guardian","floor":18,"turns":4},{"damage":11,"enemies":"Shell Parasite","floor":20,"turns":5},{"damage":68,"enemies":"Masked Bandits","floor":21,"turns":6},{"damage":33,"enemies":"Gremlin Leader","floor":23,"turns":6}],"seed_played":"9120666350598328140","potions_obtained":[{"floor":7,"key":"LiquidMemories"},{"floor":13,"key":"Dexterity Potion"},{"floor":14,"key":"SteroidPotion"},{"floor":21,"key":"SkillPotion"}],"is_trial":false,"path_per_floor":["M","$","?","M","M","E","M","R","T","M","$","M","E","M","R","B",null,"M","$","M","?","?","E"],"character_chosen":"HERMIT","items_purchased":["hermit:Shortfuse","TheAbacus","hermit:Vantage"],"campfire_rested":1,"item_purchase_floors":[11,11,19],"current_hp_per_floor":[82,82,82,82,82,59,56,80,80,80,80,80,68,68,68,45,89,83,83,72,4,33,0,0],"gold":258,"neow_bonus":"TEN_PERCENT_HP_BONUS","is_daily":false,"chose_seed":false,"campfire_upgraded":1,"win_rate":0.0,"timestamp":1613931302,"path_taken":["M","$","?","M","M","E","M","R","T","M","$","M","E","M","R","BOSS","M","$","M","?","?","E"],"items_purchased_type":["Card","Relic","Card"],"build_version":"2020-12-22","purchased_purges":0,"victory":false,"max_hp_per_floor":[82,82,82,82,82,82,82,82,82,82,82,82,89,89,89,89,89,89,89,89,89,89,89,89],"card_choices":[{"not_picked":["hermit:ItchyTrigger","hermit:Headshot"],"picked":"hermit:Manifest","floor":1},{"not_picked":["hermit:ItchyTrigger","hermit:TrackingShot"],"picked":"hermit:Spite","floor":4},{"not_picked":["hermit:FatalDesire","hermit:Feint"],"picked":"hermit:Scavenge","floor":5},{"not_picked":["hermit:Quickdraw","hermit:LowProfile","hermit:Roulette"],"picked":"SKIP","floor":6},{"not_picked":["hermit:TakeCover","hermit:HoleUp","hermit:Roulette"],"picked":"SKIP","floor":7},{"not_picked":["hermit:BodyArmor","hermit:Malice"],"picked":"hermit:FlashPowder","floor":10},{"not_picked":["hermit:HoleUp","hermit:Roulette"],"picked":"hermit:Midnight","floor":12},{"not_picked":["hermit:Quickdraw","hermit:FromBeyond","hermit:Grudge"],"picked":"SKIP","floor":13},{"not_picked":["hermit:BodyArmor","hermit:TrackingShot"],"picked":"hermit:Dive","floor":14},{"not_picked":["hermit:EternalForm","hermit:Adapt"],"picked":"hermit:Purgatory","floor":16},{"not_picked":["hermit:Gestalt"],"picked":"SKIP","floor":18},{"not_picked":[],"picked":"hermit:Vantage","floor":20}],"player_experience":275186,"relics_obtained":[{"floor":6,"key":"HornCleat"},{"floor":13,"key":"Strawberry"},{"floor":21,"key":"Red Mask"}],"event_choices":[{"damage_healed":0,"gold_gain":0,"player_choice":"Leave","damage_taken":0,"max_hp_gain":0,"max_hp_loss":0,"event_name":"The Cleric","floor":3,"gold_loss":0},{"damage_healed":0,"gold_gain":0,"player_choice":"Fought Bandits","damage_taken":0,"max_hp_gain":0,"max_hp_loss":0,"event_name":"Masked Bandits","floor":21,"gold_loss":0},{"damage_healed":29,"gold_gain":0,"player_choice":"Heal","damage_taken":0,"max_hp_gain":0,"max_hp_loss":0,"event_name":"The Library","floor":22,"gold_loss":0}],"is_beta":false,"boss_relics":[{"not_picked":["SlaversCollar","Empty Cage"],"picked":"Busted Crown"}],"items_purged_floors":[],"is_endless":false,"potions_floor_spawned":[7,13,14,21],"killed_by":"Gremlin Leader","ascension_level":0}}