{"host":"uafoej811sw8via1","time":1613878764,"event":{"mods":["BaseMod","Minty Spire (QoL Compilation)","Relic Stats","StSLib"],"gold_per_floor":[117,7,17,29,29,29,48,73,100,119,154,166,188,225,237,326,338,360,386,414,426,353,365,365],"floor_reached":23,"language":"ENG","playtime":1350,"items_purged":[],"score":406,"play_id":"0f720f36-384e-4e9d-916a-a1182125142f","local_time":"20210220223924","is_ascension_mode":true,"campfire_choices":[{"data":"Cleave","floor":6.0,"key":"SMITH"},{"data":"Uppercut","floor":12.0,"key":"SMITH"},{"data":"Fire Breathing","floor":15.0,"key":"SMITH"}],"circlet_count":0,"master_deck":["AscendersBane","Bash","Fire Breathing+1","Cleave+1","Headbutt","Clothesline","Pommel Strike","Uppercut+1","Shrug It Off","Immolate","Pommel Strike","Spot Weakness","Flex","Blood for Blood","Fire Breathing","Offering","Pummel","Impervious","Uppercut","True Grit+1","Battle Trance"],"relics":["Burning Blood","Strawberry","Pen Nib","Art of War","MawBank","Smiling Mask","Pandora\u0027s Box","Happy Flower"],"acts_visited":["Exordium","TheCity"],"potions_floor_usage":[23,23],"damage_taken":[{"damage":4.0,"enemies":"Small Slimes","floor":1.0,"turns":4.0},{"damage":9.0,"enemies":"Jaw Worm","floor":3.0,"turns":3.0},{"damage":1.0,"enemies":"Cultist","floor":4.0,"turns":3.0},{"damage":7.0,"enemies":"Exordium Wildlife","floor":7.0,"turns":3.0},{"damage":25.0,"enemies":"3 Sentries","floor":8.0,"turns":5.0},{"damage":19.0,"enemies":"3 Louse","floor":10.0,"turns":3.0},{"damage":8.0,"enemies":"Gremlin Nob","floor":11.0,"turns":3.0},{"damage":11.0,"enemies":"2 Fungi Beasts","floor":13.0,"turns":3.0},{"damage":23,"enemies":"Slime Boss","floor":16,"turns":8},{"damage":10,"enemies":"Chosen","floor":18,"turns":5},{"damage":33,"enemies":"Shell Parasite","floor":19,"turns":3},{"damage":12,"enemies":"Chosen and Byrds","floor":20,"turns":3},{"damage":40,"enemies":"Slavers","floor":23,"turns":3}],"seed_played":"141622137328829465","potions_obtained":[{"floor":1.0,"key":"Swift Potion"},{"floor":3.0,"key":"Energy Potion"},{"floor":13.0,"key":"EssenceOfSteel"},{"floor":16,"key":"Energy Potion"}],"is_trial":false,"path_per_floor":["M","$","M","M","?","R","M","E","T","M","E","R","M","T","R","B",null,"M","M","M","?","?","E"],"character_chosen":"IRONCLAD","items_purchased":["Cleave","SteroidPotion"],"campfire_rested":0,"item_purchase_floors":[2,2],"current_hp_per_floor":[77,77,74,79,84,84,83,64,64,51,49,49,44,44,44,27,72,68,41,35,35,35,0,0],"gold":365,"neow_bonus":"RANDOM_COMMON_RELIC","is_daily":false,"chose_seed":false,"campfire_upgraded":3,"win_rate":0.0,"timestamp":1613878764,"path_taken":["M","$","M","M","?","R","M","E","T","M","E","R","M","?","R","BOSS","M","M","M","?","?","E"],"items_purchased_type":["Card","Potion"],"build_version":"2020-12-22","purchased_purges":0,"victory":false,"max_hp_per_floor":[82,82,82,82,87,87,87,87,87,87,87,87,87,87,87,87,87,87,87,87,87,87,87,87],"relic_stats":{"Happy Flower":[1],"counters":[13,49],"Pandora\u0027s Box":["Pommel Strike","Spot Weakness","Flex","Blood for Blood","Fire Breathing","Offering","Pummel","Impervious","Uppercut"],"Pen Nib":[5],"Art of War":[1],"MawBank":144,"Smiling Mask":0,"obtain_stats":[{"Happy Flower":22,"Strawberry":0,"Pandora\u0027s Box":17,"Pen Nib":8,"Art of War":9,"MawBank":11,"Smiling Mask":14,"Burning Blood":0},{"Happy Flower":12,"Strawberry":0,"Pandora\u0027s Box":9,"Pen Nib":5,"Art of War":5,"MawBank":7,"Smiling Mask":8,"Burning Blood":0},{"Happy Flower":46,"Strawberry":0,"Pandora\u0027s Box":35,"Pen Nib":18,"Art of War":18,"MawBank":24,"Smiling Mask":27,"Burning Blood":0}],"Burning Blood":72},"card_choices":[{"not_picked":["True Grit","Combust"],"picked":"Fire Breathing","floor":1.0},{"not_picked":["Disarm","Fire Breathing"],"picked":"Headbutt","floor":3.0},{"not_picked":["Shrug It Off","Seeing Red"],"picked":"Clothesline","floor":4.0},{"not_picked":["Shockwave","Entrench","Clothesline"],"picked":"SKIP","floor":7.0},{"not_picked":["Warcry","Cleave","Iron Wave"],"picked":"SKIP","floor":8.0},{"not_picked":["Pummel","Sentinel"],"picked":"Pommel Strike","floor":10.0},{"not_picked":["Thunderclap","Searing Blow"],"picked":"Uppercut","floor":11.0},{"not_picked":["Whirlwind","Pummel"],"picked":"Shrug It Off","floor":13.0},{"not_picked":["Demon Form","Limit Break"],"picked":"Immolate","floor":16},{"not_picked":["Shrug It Off","Infernal Blade"],"picked":"True Grit+1","floor":18},{"not_picked":["Hemokinesis","Pommel Strike"],"picked":"Battle Trance","floor":20}],"player_experience":1081288,"relics_obtained":[{"floor":8.0,"key":"Pen Nib"},{"floor":9.0,"key":"Art of War"},{"floor":11.0,"key":"MawBank"},{"floor":14.0,"key":"Smiling Mask"}],"event_choices":[{"damage_healed":0.0,"max_hp_gain":5.0,"max_hp_loss":0.0,"gold_gain":0.0,"event_name":"Big Fish","player_choice":"Donut","floor":5.0,"gold_loss":0.0,"damage_taken":0.0},{"damage_healed":0,"gold_gain":0,"player_choice":"Ignored","damage_taken":0,"max_hp_gain":0,"max_hp_loss":0,"event_name":"Vampires","floor":21,"gold_loss":0},{"damage_healed":0,"gold_gain":0,"player_choice":"Obtained Relic","damage_taken":0,"relics_obtained":["Happy Flower"],"max_hp_gain":0,"max_hp_loss":0,"event_name":"Addict","floor":22,"gold_loss":85}],"is_beta":false,"boss_relics":[{"not_picked":["Runic Dome","Fusion Hammer"],"picked":"Pandora\u0027s Box"}],"items_purged_floors":[],"is_endless":false,"potions_floor_spawned":[1,3,7,13,16,20],"killed_by":"Slavers","ascension_level":20}}