{"host":"mpysornf1vqkhgbh","time":1613908130,"event":{"mods":["AchievementEnabler","Act Like it!","BaseMod","Better Sensory Stone","Better Silent Start","Colored Map","Friendly Minions","Gensokyo","Googly Eyes","Highlight Path","Magitek Elite","Minty Spire (QoL Compilation)","Quick Restart","Robot Space Explorer","Ruina","Spire Arcade","StSLib","The Cursed","The Disciple","The Druid","The Gatherer","The Hierophant","The Jungle","The Marked","The Saiyan","The Senshi","The Witch","TheBandit","TheVacant","thorton"],"gold_per_floor":[114,289,303,15,15,45,45,45,70,84,106,140,40,51,51,151,151,161,176,176,176,176,207,7,27,27,27,43,68,90,119,121,226,230,247,264,119,147,199,202,538,548,558,617,629,653,11,29,29,29],"floor_reached":51,"language":"ENG","playtime":4335,"items_purged":["Doubt","RobotSpaceExplorer:Strike","RobotSpaceExplorer:Strike"],"score":870,"play_id":"ffd2e5d1-f8d6-432f-bf28-48e31946a944","local_time":"20210221054850","is_ascension_mode":false,"campfire_choices":[{"data":"RobotSpaceExplorer:DroneSwarm","floor":8,"key":"SMITH"},{"data":"RobotSpaceExplorer:Probe","floor":15,"key":"SMITH"},{"data":"RobotSpaceExplorer:Multitool","floor":27,"key":"SMITH"},{"data":"RobotSpaceExplorer:Discharger","floor":32,"key":"SMITH"},{"data":"RobotSpaceExplorer:Strike","floor":40,"key":"PURGE"},{"data":"RobotSpaceExplorer:SelfCleaning","floor":42,"key":"SMITH"},{"data":"RobotSpaceExplorer:Defend","floor":45,"key":"SMITH"},{"data":"RobotSpaceExplorer:Defend","floor":49,"key":"SMITH"}],"circlet_count":0,"master_deck":["RobotSpaceExplorer:Defend+1","RobotSpaceExplorer:Defend","RobotSpaceExplorer:Defend","RobotSpaceExplorer:Defend+1","RobotSpaceExplorer:Scan","RobotSpaceExplorer:MiniLasers","RobotSpaceExplorer:SurgingShield","RobotSpaceExplorer:Electropulse","RobotSpaceExplorer:PowerCollector","Master of Strategy","RobotSpaceExplorer:DroneSwarm+1","RobotSpaceExplorer:Probe+1","RobotSpaceExplorer:SelfCleaning+1","RobotSpaceExplorer:FranticSearch","RobotSpaceExplorer:ScrapMissile","RobotSpaceExplorer:Multitool+1","RobotSpaceExplorer:SurgingShield+1","RobotSpaceExplorer:IronShell+1","RobotSpaceExplorer:MiniDrones","RobotSpaceExplorer:Jetpack","RobotSpaceExplorer:PowerGlove","RobotSpaceExplorer:ImprovisedAttack","RobotSpaceExplorer:StarLightning","RobotSpaceExplorer:Discharger+1","RobotSpaceExplorer:ScrapShield+1","RobotSpaceExplorer:PlasmaMissile+1"],"relics":["RobotSpaceExplorer:RoboCore","thethorton:BrokenCalculator","Ancient Tea Set","RobotSpaceExplorer:ToughPlating","Bag of Marbles","Anchor","Coffee Dripper","Darkstone Periapt","Turnip","Guard_Bracelet","Mythril_Glove","thethorton:BankDeed","Busted Crown","Blood Vial","Medical Kit","Toy Ornithopter","Peace Pipe","Old Coin","RobotSpaceExplorer:PlasmaHourglass","Mummified Hand","ClockworkSouvenir","HornCleat"],"acts_visited":["Exordium","TheCity","TheBeyond"],"potions_floor_usage":[],"damage_taken":[{"damage":5,"enemies":"Jaw Worm","floor":1,"turns":5},{"damage":2,"enemies":"Small Slimes","floor":3,"turns":5},{"damage":14,"enemies":"3 Sentries","floor":6,"turns":6},{"damage":0,"enemies":"2 Louse","floor":10,"turns":2},{"damage":4,"enemies":"Blue Slaver","floor":11,"turns":2},{"damage":16,"enemies":"Gremlin Nob","floor":12,"turns":4},{"damage":0,"enemies":"Gremlin Gang","floor":14,"turns":3},{"damage":0,"enemies":"Slime Boss","floor":16,"turns":6},{"damage":0,"enemies":"Chosen","floor":18,"turns":3},{"damage":0,"enemies":"Spheric Guardian","floor":19,"turns":4},{"damage":11,"enemies":"Gremlin Leader","floor":23,"turns":7},{"damage":0,"enemies":"Snake Plant","floor":25,"turns":3},{"damage":0,"enemies":"3 Cultists","floor":28,"turns":3},{"damage":4,"enemies":"Slavers","floor":29,"turns":5},{"damage":10,"enemies":"Sentry and Sphere","floor":30,"turns":4},{"damage":0,"enemies":"Book of Stabbing","floor":31,"turns":3},{"damage":11,"enemies":"Automaton","floor":33,"turns":10},{"damage":7,"enemies":"Orb Walker","floor":35,"turns":4},{"damage":0,"enemies":"3 Shapes","floor":36,"turns":3},{"damage":0,"enemies":"Mind Bloom Boss Battle","floor":39,"turns":6},{"damage":0,"enemies":"Nemesis","floor":41,"turns":5},{"damage":0,"enemies":"Maw","floor":44,"turns":5},{"damage":0,"enemies":"Jaw Worm Horde","floor":46,"turns":3},{"damage":0,"enemies":"Sphere and 2 Shapes","floor":48,"turns":3},{"damage":0,"enemies":"Donu and Deca","floor":50,"turns":6}],"seed_played":"3267998221752107164","potions_obtained":[{"floor":3,"key":"Weak Potion"},{"floor":10,"key":"Explosive Potion"},{"floor":11,"key":"Strength Potion"},{"floor":41,"key":"Block Potion"}],"is_trial":false,"path_per_floor":["M","?","M","$","?","E","T","R","T","M","M","E","$","M","R","B",null,"M","M","?","T","?","E","$","M","T","R","M","E","M","E","R","B",null,"M","M","$","T","?","R","E","R","T","M","R","M","$","M","R","B",null],"character_chosen":"RobotSpaceExplorer","items_purchased":["thethorton:BrokenCalculator","RobotSpaceExplorer:PowerCollector","RobotSpaceExplorer:PowerGlove","Medical Kit","Mummified Hand","ClockworkSouvenir","HornCleat"],"campfire_rested":0,"item_purchase_floors":[4,4,24,37,47,47,47],"current_hp_per_floor":[77,77,75,75,75,61,61,61,61,61,57,41,41,41,41,41,82,82,82,82,82,82,71,71,71,71,71,71,67,57,57,57,46,82,75,77,77,77,79,79,81,81,81,82,82,82,82,82,82,82],"gold":29,"neow_bonus":"TEN_PERCENT_HP_BONUS","is_daily":false,"chose_seed":false,"campfire_upgraded":7,"win_rate":0.0,"timestamp":1613908130,"path_taken":["M","?","M","$","?","E","?","R","T","M","M","E","$","M","R","BOSS","M","?","?","?","?","E","$","?","T","R","M","E","M","E","R","BOSS","M","M","$","?","?","R","E","R","T","M","R","M","?","?","R","BOSS"],"items_purchased_type":["Relic","Card","Card","Relic","Relic","Relic","Relic"],"build_version":"2020-12-22","purchased_purges":3,"victory":true,"max_hp_per_floor":[82,82,82,82,82,82,82,82,82,82,82,82,82,82,82,82,82,82,82,82,82,82,82,82,82,82,82,82,82,82,82,82,82,82,82,82,82,82,82,82,82,82,82,82,82,82,82,82,82,82],"card_choices":[{"not_picked":["RobotSpaceExplorer:ExhaustFan","RobotSpaceExplorer:ShockKick"],"picked":"RobotSpaceExplorer:SurgingShield","floor":1},{"not_picked":["RobotSpaceExplorer:Electroshield","RobotSpaceExplorer:LaserBurst"],"picked":"RobotSpaceExplorer:Electropulse","floor":3},{"not_picked":["Transmutation","Dark Shackles"],"picked":"Master of Strategy","floor":5},{"not_picked":["RobotSpaceExplorer:DoubleBlock","RobotSpaceExplorer:SurgingShield"],"picked":"RobotSpaceExplorer:DroneSwarm","floor":6},{"not_picked":["RobotSpaceExplorer:MakeshiftVolley","RobotSpaceExplorer:SwiftStep"],"picked":"RobotSpaceExplorer:Probe","floor":10},{"not_picked":["RobotSpaceExplorer:StarDust","RobotSpaceExplorer:ExhaustFan"],"picked":"RobotSpaceExplorer:SelfCleaning","floor":11},{"not_picked":["RobotSpaceExplorer:BlastShield","RobotSpaceExplorer:SlimeMissile"],"picked":"RobotSpaceExplorer:FranticSearch","floor":12},{"not_picked":["RobotSpaceExplorer:Counterblock","RobotSpaceExplorer:SwiftStep"],"picked":"RobotSpaceExplorer:ScrapMissile","floor":14},{"not_picked":["RobotSpaceExplorer:ShockMissile","RobotSpaceExplorer:Blaster"],"picked":"RobotSpaceExplorer:Multitool","floor":16},{"not_picked":["RobotSpaceExplorer:ImprovisedAttack","RobotSpaceExplorer:FreezeRay"],"picked":"RobotSpaceExplorer:SurgingShield+1","floor":18},{"not_picked":["RobotSpaceExplorer:SwiftStep+1","RobotSpaceExplorer:ShovelStrike+1"],"picked":"RobotSpaceExplorer:IronShell+1","floor":19},{"not_picked":["RobotSpaceExplorer:MakeshiftVolley+1","RobotSpaceExplorer:Smokescreen"],"picked":"RobotSpaceExplorer:Jetpack","floor":23},{"not_picked":["RobotSpaceExplorer:RigExplosive","RobotSpaceExplorer:Probe+1"],"picked":"RobotSpaceExplorer:ImprovisedAttack","floor":25},{"not_picked":["RobotSpaceExplorer:ShockKick+1","RobotSpaceExplorer:FrostMissile","RobotSpaceExplorer:ImprovisedAttack"],"picked":"SKIP","floor":28},{"not_picked":["RobotSpaceExplorer:Explosion","RobotSpaceExplorer:Probe+1"],"picked":"RobotSpaceExplorer:StarLightning","floor":29},{"not_picked":["RobotSpaceExplorer:FrostMissile","RobotSpaceExplorer:ScrapMissile"],"picked":"RobotSpaceExplorer:Discharger","floor":30},{"not_picked":["RobotSpaceExplorer:ShockKick","RobotSpaceExplorer:SwiftStep","RobotSpaceExplorer:SurgingStrike"],"picked":"SKIP","floor":31},{"not_picked":["RobotSpaceExplorer:Asteroid","RobotSpaceExplorer:Wormhole"],"picked":"RobotSpaceExplorer:Exploration","floor":33},{"not_picked":["RobotSpaceExplorer:FreezeRay+1"],"picked":"SKIP","floor":35},{"not_picked":["RobotSpaceExplorer:GlueShot+1"],"picked":"SKIP","floor":36},{"not_picked":["RobotSpaceExplorer:MakeshiftVolley"],"picked":"SKIP","floor":41},{"not_picked":[],"picked":"RobotSpaceExplorer:ScrapShield+1","floor":44},{"not_picked":[],"picked":"RobotSpaceExplorer:PlasmaMissile+1","floor":46},{"not_picked":["RobotSpaceExplorer:FreezingShield+1"],"picked":"SKIP","floor":48}],"player_experience":1062448,"relics_obtained":[{"floor":6,"key":"Ancient Tea Set"},{"floor":7,"key":"RobotSpaceExplorer:ToughPlating"},{"floor":9,"key":"Bag of Marbles"},{"floor":12,"key":"Anchor"},{"floor":21,"key":"Darkstone Periapt"},{"floor":23,"key":"Turnip"},{"floor":26,"key":"Guard_Bracelet"},{"floor":29,"key":"Mythril_Glove"},{"floor":31,"key":"thethorton:BankDeed"},{"floor":35,"key":"Blood Vial"},{"floor":38,"key":"Toy Ornithopter"},{"floor":39,"key":"Peace Pipe"},{"floor":41,"key":"Old Coin"},{"floor":43,"key":"RobotSpaceExplorer:PlasmaHourglass"}],"event_choices":[{"damage_healed":0,"gold_gain":175,"player_choice":"AGREE","damage_taken":0,"max_hp_gain":0,"max_hp_loss":0,"event_name":"Liars Game","floor":2,"gold_loss":0,"cards_obtained":["Doubt"]},{"damage_healed":0,"gold_gain":1,"player_choice":"1","damage_taken":0,"max_hp_gain":0,"max_hp_loss":0,"event_name":"betterStone:BetterStone","floor":5,"gold_loss":0},{"damage_healed":0,"gold_gain":0,"player_choice":"Ignored","damage_taken":0,"max_hp_gain":0,"max_hp_loss":0,"event_name":"Ghosts","floor":20,"gold_loss":0},{"damage_healed":0,"gold_gain":0,"cards_transformed":["RobotSpaceExplorer:Strike"],"player_choice":"Transformed","damage_taken":0,"max_hp_gain":0,"max_hp_loss":0,"event_name":"Transmorgrifier","floor":22,"gold_loss":0,"cards_obtained":["RobotSpaceExplorer:MiniDrones"]},{"damage_healed":0,"gold_gain":0,"player_choice":"Fight","damage_taken":0,"max_hp_gain":0,"max_hp_loss":0,"event_name":"MindBloom","floor":39,"gold_loss":0}],"is_beta":false,"boss_relics":[{"not_picked":["Snecko Eye","thethorton:CrushedCigarette"],"picked":"Coffee Dripper"},{"not_picked":["Fusion Hammer","Runic Pyramid"],"picked":"Busted Crown"}],"items_purged_floors":[4,13,24],"is_endless":false,"potions_floor_spawned":[3,10,11,12,14,19,29,31,39,41,44],"ascension_level":0}}