{"host":"4qkvkh7pd9qr2mca","time":1613948133,"event":{"mods":["AchievementEnabler","BaseMod","Colored Map","Colored Powertips","Highlight Path","Minty Spire (QoL Compilation)","Permanent Neow","Quick Restart","Relic Stats","StSLib","SuperFastMode"],"gold_per_floor":[115,115,72,72,72,72,115,115,115,150,171,215,230,273,273,364,364,377,377,377,396,407,442,442,473,497,527,527,560,589,617,629,713,725,755,31,31,56,76,76,108,108,108,108,33,68,87,100,100,100,100],"floor_reached":52,"language":"ENG","playtime":2381,"items_purged":["Shame"],"score":2178,"play_id":"c68d81b3-9192-4109-a6a5-e317d4cba24e","local_time":"20210221235533","is_ascension_mode":true,"campfire_choices":[{"data":"Bash","floor":6.0,"key":"SMITH"},{"data":"Combust","floor":8.0,"key":"SMITH"},{"data":"Carnage","floor":15,"key":"SMITH"},{"data":"1","floor":24,"key":"LIFT"},{"data":"Barricade","floor":28,"key":"SMITH"},{"data":"2","floor":32,"key":"LIFT"},{"data":"3","floor":40,"key":"LIFT"},{"data":"True Grit","floor":42,"key":"SMITH"},{"data":"Limit Break","floor":44,"key":"SMITH"},{"data":"Offering","floor":49,"key":"SMITH"}],"circlet_count":0,"master_deck":["AscendersBane","Strike_R","Strike_R+1","Strike_R","Strike_R+1","Defend_R","Defend_R","Defend_R","Defend_R","Bash+1","Combust+1","Power Through","Offering+1","Thunderclap","Carnage+1","Power Through","True Grit+1","Flame Barrier","Barricade+1","Shrug It Off","Pommel Strike","Body Slam","Evolve+1","Metallicize+1","Headbutt","Offering","Thunderclap","Limit Break+1","Body Slam","Brutality+1","Shrug It Off+1","Power Through","Battle Trance+1"],"relics":["Burning Blood","TungstenRod","Bloody Idol","Whetstone","Champion Belt","Girya","Sundial","Meat on the Bone","Coffee Dripper","Self Forming Clay","Mercury Hourglass","Bottled Tornado","Orichalcum","Frozen Egg 2","MawBank","Cursed Key","Mummified Hand","Pen Nib","Gambling Chip","Strawberry","Singing Bowl","Dream Catcher"],"acts_visited":["Exordium","TheCity","TheBeyond"],"potions_floor_usage":[12,23,25],"damage_taken":[{"damage":0.0,"enemies":"Cultist","floor":1.0,"turns":4.0},{"damage":30.0,"enemies":"Gremlin Nob","floor":7.0,"turns":4.0},{"damage":5.0,"enemies":"Lagavulin","floor":10.0,"turns":5.0},{"damage":5.0,"enemies":"2 Louse","floor":11.0,"turns":2.0},{"damage":5,"enemies":"Gremlin Nob","floor":12,"turns":3},{"damage":6,"enemies":"Small Slimes","floor":13,"turns":3},{"damage":12,"enemies":"Lagavulin","floor":14,"turns":6},{"damage":18,"enemies":"The Guardian","floor":16,"turns":11},{"damage":5,"enemies":"3 Byrds","floor":18,"turns":2},{"damage":5,"enemies":"2 Thieves","floor":21,"turns":5},{"damage":0,"enemies":"Snecko","floor":22,"turns":7},{"damage":35,"enemies":"Book of Stabbing","floor":23,"turns":7},{"damage":7,"enemies":"Gremlin Leader","floor":25,"turns":6},{"damage":27,"enemies":"Book of Stabbing","floor":27,"turns":7},{"damage":29,"enemies":"Slavers","floor":29,"turns":4},{"damage":13,"enemies":"Snake Plant","floor":30,"turns":4},{"damage":11,"enemies":"Centurion and Healer","floor":31,"turns":7},{"damage":25,"enemies":"Collector","floor":33,"turns":11},{"damage":18,"enemies":"3 Darklings","floor":35,"turns":5},{"damage":0,"enemies":"Mind Bloom Boss Battle","floor":38,"turns":4},{"damage":6,"enemies":"Orb Walker","floor":39,"turns":3},{"damage":10,"enemies":"Giant Head","floor":41,"turns":5},{"damage":6,"enemies":"Reptomancer","floor":46,"turns":5},{"damage":5,"enemies":"Maw","floor":47,"turns":4},{"damage":5,"enemies":"4 Shapes","floor":48,"turns":3},{"damage":47,"enemies":"Awakened One","floor":50,"turns":10},{"damage":13,"enemies":"Time Eater","floor":51,"turns":7}],"seed_played":"1152070931984116829","potions_obtained":[{"floor":1.0,"key":"FairyPotion"},{"floor":10.0,"key":"BlessingOfTheForge"},{"floor":13,"key":"Swift Potion"},{"floor":23,"key":"Energy Potion"},{"floor":25,"key":"FairyPotion"}],"is_trial":false,"path_per_floor":["M","?","$","?","?","R","E","R","T","E","M","E","M","E","R","B",null,"M","?","T","M","M","E","R","E","T","E","R","E","M","M","R","B",null,"M","$","?","?","M","R","E","R","T","R","$","E","M","M","R","B","B",null],"character_chosen":"IRONCLAD","items_purchased":["Power Through","Mummified Hand","Limit Break","Body Slam","Brutality+1","Pen Nib"],"campfire_rested":0,"item_purchase_floors":[3,36,36,36,36,36],"current_hp_per_floor":[68,62,62,67,66,66,42,42,42,43,44,45,45,39,39,39,59,60,60,60,66,66,54,54,58,63,47,47,41,56,61,66,52,64,59,64,64,66,66,66,73,73,73,73,73,75,77,79,79,50,55],"gold":100,"neow_bonus":"ONE_RARE_RELIC","is_daily":false,"chose_seed":false,"campfire_upgraded":7,"win_rate":0.0,"timestamp":1613948133,"path_taken":["M","?","$","?","?","R","E","R","T","E","M","E","M","E","R","BOSS","M","?","?","M","M","E","R","E","T","E","R","E","M","M","R","BOSS","M","$","?","?","M","R","E","R","T","R","?","E","M","M","R","BOSS","BOSS"],"items_purchased_type":["Card","Relic","Card","Card","Card","Relic"],"build_version":"2020-12-22","purchased_purges":1,"victory":true,"max_hp_per_floor":[68,68,68,73,66,66,66,66,66,66,66,66,66,66,66,66,66,66,66,66,66,66,66,66,66,66,66,66,66,66,66,66,66,66,66,66,66,66,66,66,73,73,73,73,73,75,77,79,79,79,79],"relic_stats":{"Singing Bowl":6,"counters":[27,144],"Self Forming Clay":[138],"Pen Nib":[8],"Whetstone":["Strike_R","Strike_R"],"Orichalcum":[24],"MawBank":84,"Cursed Key":1,"Burning Blood":144,"Mercury Hourglass":[384],"Dream Catcher":0,"Sundial":[16],"Mummified Hand":[37],"Bloody Idol":81,"Gambling Chip":[6],"Champion Belt":[79],"obtain_stats":[{"Girya":10,"Singing Bowl":43,"Golden Idol":5,"Self Forming Clay":20,"Pen Nib":36,"Whetstone":7,"Bottled Tornado":25,"Orichalcum":26,"Frozen Egg 2":27,"MawBank":29,"Cursed Key":34,"Burning Blood":0,"Mercury Hourglass":23,"Dream Catcher":46,"Sundial":12,"Mummified Hand":36,"Bloody Idol":19,"Gambling Chip":38,"Strawberry":41,"Coffee Dripper":17,"Champion Belt":9,"TungstenRod":0,"Meat on the Bone":14},{"Girya":3,"Singing Bowl":22,"Golden Idol":1,"Self Forming Clay":9,"Pen Nib":19,"Whetstone":2,"Bottled Tornado":13,"Orichalcum":13,"Frozen Egg 2":14,"MawBank":15,"Cursed Key":18,"Burning Blood":0,"Mercury Hourglass":12,"Dream Catcher":23,"Sundial":5,"Mummified Hand":19,"Bloody Idol":9,"Gambling Chip":20,"Strawberry":22,"Coffee Dripper":8,"Champion Belt":2,"TungstenRod":0,"Meat on the Bone":7},{"Girya":13,"Singing Bowl":115,"Golden Idol":4,"Self Forming Clay":40,"Pen Nib":103,"Whetstone":8,"Bottled Tornado":65,"Orichalcum":65,"Frozen Egg 2":72,"MawBank":76,"Cursed Key":98,"Burning Blood":0,"Mercury Hourglass":59,"Dream Catcher":120,"Sundial":18,"Mummified Hand":103,"Bloody Idol":40,"Gambling Chip":107,"Strawberry":115,"Coffee Dripper":38,"Champion Belt":8,"TungstenRod":0,"Meat on the Bone":27}],"TungstenRod":184,"Meat on the Bone":72},"card_choices":[{"not_picked":["Perfected Strike","Clothesline"],"picked":"Combust","floor":1.0},{"not_picked":["Thunderclap","Shockwave"],"picked":"Offering","floor":7.0},{"not_picked":["Shrug It Off","Warcry"],"picked":"Thunderclap","floor":10.0},{"not_picked":["Wild Strike","Ghostly Armor"],"picked":"Carnage","floor":11.0},{"not_picked":["Cleave","Shrug It Off"],"picked":"Power Through","floor":12},{"not_picked":["Searing Blow","Heavy Blade"],"picked":"True Grit","floor":13},{"not_picked":["Flex","Warcry"],"picked":"Flame Barrier","floor":14},{"not_picked":["Berserk","Offering"],"picked":"Barricade","floor":16},{"not_picked":["Sword Boomerang","Armaments"],"picked":"Shrug It Off","floor":18},{"not_picked":["Wild Strike","Perfected Strike","Pummel+1"],"picked":"SKIP","floor":21},{"not_picked":["Pummel+1","Blood for Blood"],"picked":"Pommel Strike","floor":22},{"not_picked":["Clash","Power Through"],"picked":"Body Slam","floor":23},{"not_picked":["Clothesline","Anger+1","Wild Strike+1"],"picked":"SKIP","floor":25},{"not_picked":["Flame Barrier","Fiend Fire"],"picked":"Evolve+1","floor":27},{"not_picked":["Pommel Strike","Shrug It Off+1"],"picked":"Metallicize+1","floor":29},{"not_picked":["Searing Blow","Shrug It Off"],"picked":"Headbutt","floor":30},{"not_picked":["Cleave","Heavy Blade","Havoc+1"],"picked":"SKIP","floor":31},{"not_picked":["Corruption+1","Barricade+1"],"picked":"Offering","floor":33},{"not_picked":["Warcry","Havoc"],"picked":"Thunderclap","floor":35},{"not_picked":["Havoc+1","Wild Strike+1"],"picked":"Shrug It Off+1","floor":38},{"not_picked":["Rampage","Pommel Strike"],"picked":"Power Through","floor":39},{"not_picked":["Uppercut+1","Ghostly Armor+1"],"picked":"Battle Trance+1","floor":41},{"not_picked":["Clothesline","Seeing Red","Ghostly Armor"],"picked":"Singing Bowl","floor":46},{"not_picked":["Anger+1","Cleave","Iron Wave"],"picked":"Singing Bowl","floor":47},{"not_picked":["Pommel Strike","Rampage","Havoc"],"picked":"Singing Bowl","floor":48}],"player_experience":659507,"relics_obtained":[{"floor":7.0,"key":"Whetstone"},{"floor":9.0,"key":"Champion Belt"},{"floor":10.0,"key":"Girya"},{"floor":12,"key":"Sundial"},{"floor":14,"key":"Meat on the Bone"},{"floor":20,"key":"Self Forming Clay"},{"floor":23,"key":"Mercury Hourglass"},{"floor":25,"key":"Bottled Tornado"},{"floor":26,"key":"Orichalcum"},{"floor":27,"key":"Frozen Egg 2"},{"floor":29,"key":"MawBank"},{"floor":38,"key":"Gambling Chip"},{"floor":41,"key":"Strawberry"},{"floor":43,"key":"Singing Bowl"},{"floor":46,"key":"Dream Catcher"}],"event_choices":[{"cards_removed":["Strike_R"],"damage_healed":0.0,"max_hp_gain":0.0,"max_hp_loss":0.0,"gold_gain":0.0,"event_name":"Golden Wing","player_choice":"Card Removal","floor":2.0,"gold_loss":0.0,"damage_taken":7.0},{"damage_healed":0.0,"max_hp_gain":5.0,"max_hp_loss":0.0,"gold_gain":0.0,"event_name":"Big Fish","player_choice":"Donut","floor":4.0,"gold_loss":0.0,"damage_taken":0.0},{"damage_healed":0.0,"max_hp_gain":0.0,"max_hp_loss":7.0,"gold_gain":0.0,"event_name":"Golden Idol","player_choice":"Lose Max HP","floor":5.0,"gold_loss":0.0,"damage_taken":0.0,"relics_obtained":["Golden Idol"]},{"damage_healed":0,"gold_gain":0,"player_choice":"Gave Idol","damage_taken":0,"relics_obtained":["Bloody Idol"],"max_hp_gain":0,"max_hp_loss":0,"event_name":"Forgotten Altar","floor":19,"relics_lost":["Golden Idol"],"gold_loss":0},{"damage_healed":0,"gold_gain":0,"player_choice":"Memory 1","damage_taken":0,"max_hp_gain":0,"max_hp_loss":0,"event_name":"SensoryStone","floor":37,"gold_loss":0},{"damage_healed":0,"gold_gain":0,"player_choice":"Fight","damage_taken":0,"max_hp_gain":0,"max_hp_loss":0,"event_name":"MindBloom","floor":38,"gold_loss":0}],"is_beta":false,"boss_relics":[{"not_picked":["Fusion Hammer","Velvet Choker"],"picked":"Coffee Dripper"},{"not_picked":["Astrolabe","Runic Cube"],"picked":"Cursed Key"}],"items_purged_floors":[45],"is_endless":false,"potions_floor_spawned":[1,10,13,23,25,33,39,41,47],"ascension_level":20}}