{"host":"rb2p2z6v6vieend5","time":1613947711,"event":{"mods":["BaseMod","Block Reminder","Colored Map","DeckTracker","Highlight Path","Minty Spire (QoL Compilation)","Random Character Button","Relic Stats"],"gold_per_floor":[13,13,13,27,42,73,92,128,154,198,221,51,51,72,72,223,223,239,239,260,281,50,50,113,113,113,153,169,169,200,241,241,362,362,405,426,759,759,759],"floor_reached":38,"language":"ENG","playtime":2674,"items_purged":["Strike_P"],"score":715,"play_id":"ac0f649e-c2d3-4e58-8f79-7c9246f86107","local_time":"20210221234831","is_ascension_mode":true,"campfire_choices":[{"floor":13,"key":"REST"},{"data":"Ragnarok","floor":15,"key":"SMITH"},{"floor":23,"key":"REST"},{"floor":29,"key":"REST"},{"floor":32,"key":"REST"}],"circlet_count":0,"master_deck":["Strike_P+1","Strike_P+1","Strike_P","Defend_P+1","Defend_P","Eruption","Vigilance+1","Ragnarok+1","CutThroughFate+1","EmptyFist+1","Conclude","BattleHymn+1","Protect","Consecrate","FollowUp+1","Evaluate","HandOfGreed+1","LessonLearned+1","Wallop","MasterReality+1","InnerPeace","DeusExMachina","ClearTheMind+1","ThirdEye+1","Establishment","Protect+1","Protect+1"],"relics":["PureWater","Ancient Tea Set","Damaru","Bronze Scales","Dream Catcher","Runic Pyramid","Bag of Marbles","Whetstone","Bottled Flame","Incense Burner","Red Mask","Toxic Egg 2","SlaversCollar"],"acts_visited":["Exordium","TheCity","TheBeyond"],"potions_floor_usage":[8,11,16,27,33,33,38],"damage_taken":[{"damage":0,"enemies":"Jaw Worm","floor":1,"turns":2},{"damage":8,"enemies":"Small Slimes","floor":4,"turns":4},{"damage":8,"enemies":"2 Louse","floor":5,"turns":2},{"damage":29,"enemies":"3 Sentries","floor":6,"turns":5},{"damage":10,"enemies":"Red Slaver","floor":7,"turns":3},{"damage":0,"enemies":"Gremlin Nob","floor":8,"turns":2},{"damage":0,"enemies":"Lagavulin","floor":10,"turns":4},{"damage":1,"enemies":"Exordium Thugs","floor":11,"turns":3},{"damage":0,"enemies":"2 Fungi Beasts","floor":14,"turns":2},{"damage":19,"enemies":"Slime Boss","floor":16,"turns":7},{"damage":17,"enemies":"Shell Parasite","floor":18,"turns":4},{"damage":6,"enemies":"Chosen","floor":20,"turns":2},{"damage":15,"enemies":"Snecko","floor":21,"turns":4},{"damage":5,"enemies":"Gremlin Leader","floor":24,"turns":4},{"damage":0,"enemies":"Masked Bandits","floor":27,"turns":2},{"damage":23,"enemies":"Shelled Parasite and Fungi","floor":28,"turns":5},{"damage":0,"enemies":"Slavers","floor":30,"turns":1},{"damage":0,"enemies":"Cultist and Chosen","floor":31,"turns":3},{"damage":38,"enemies":"Automaton","floor":33,"turns":6},{"damage":5,"enemies":"Orb Walker","floor":35,"turns":3},{"damage":37,"enemies":"3 Darklings","floor":36,"turns":5}],"seed_played":"7766138099478489417","potions_obtained":[{"floor":1,"key":"SteroidPotion"},{"floor":4,"key":"SkillPotion"},{"floor":5,"key":"DistilledChaos"},{"floor":14,"key":"SneckoOil"},{"floor":20,"key":"SteroidPotion"},{"floor":27,"key":"SpeedPotion"},{"floor":30,"key":"SteroidPotion"},{"floor":33,"key":"DuplicationPotion"},{"floor":35,"key":"SneckoOil"}],"is_trial":false,"path_per_floor":["M","?","?","M","M","E","M","E","T","E","M","$","R","M","R","B",null,"M","?","M","M","$","R","E","T","T","?","M","R","E","M","R","B",null,"M","M","?","M"],"character_chosen":"WATCHER","items_purchased":["HandOfGreed","Bag of Marbles"],"campfire_rested":4,"item_purchase_floors":[12,22],"current_hp_per_floor":[65,65,65,57,49,20,10,10,10,10,9,9,29,29,29,10,53,36,36,30,15,15,35,30,30,30,30,7,27,27,27,47,9,53,48,11,11,0,0],"gold":759,"neow_bonus":"TRANSFORM_TWO_CARDS","is_daily":false,"chose_seed":false,"campfire_upgraded":1,"win_rate":0.0,"timestamp":1613947711,"path_taken":["M","?","?","M","M","E","M","E","T","E","M","$","R","?","R","BOSS","M","?","?","M","?","R","E","?","T","?","M","R","E","M","R","BOSS","M","M","?","M"],"items_purchased_type":["Card","Relic"],"build_version":"2020-12-22","purchased_purges":1,"victory":false,"max_hp_per_floor":[72,67,67,67,67,67,67,67,67,67,67,67,67,67,67,67,67,67,67,67,67,67,67,67,67,67,67,67,67,67,67,67,67,67,67,67,67,67,67],"relic_stats":{"Dream Catcher":4,"counters":[22,83],"Bronze Scales":[141],"Whetstone":["LessonLearned","EmptyFist"],"obtain_stats":[{"Golden Idol":2,"Damaru":8,"Incense Burner":26,"Whetstone":24,"Ancient Tea Set":6,"SlaversCollar":34,"Dream Catcher":10,"Bottled Flame":25,"Bronze Scales":9,"Bag of Marbles":22,"Red Mask":27,"PureWater":0,"Toxic Egg 2":30,"Runic Pyramid":17},{"Golden Idol":1,"Damaru":6,"Incense Burner":14,"Whetstone":14,"Ancient Tea Set":4,"SlaversCollar":19,"Dream Catcher":7,"Bottled Flame":14,"Bronze Scales":6,"Bag of Marbles":13,"Red Mask":15,"PureWater":0,"Toxic Egg 2":17,"Runic Pyramid":10},{"Golden Idol":2,"Damaru":18,"Incense Burner":48,"Whetstone":48,"Ancient Tea Set":13,"SlaversCollar":65,"Dream Catcher":22,"Bottled Flame":48,"Bronze Scales":18,"Bag of Marbles":44,"Red Mask":50,"PureWater":0,"Toxic Egg 2":56,"Runic Pyramid":34}]},"card_choices":[{"not_picked":["Vengeance","Meditate","CrushJoints"],"picked":"SKIP","floor":1},{"not_picked":["Evaluate","SandsOfTime"],"picked":"EmptyFist","floor":4},{"not_picked":["JustLucky","FlurryOfBlows"],"picked":"Conclude","floor":5},{"not_picked":["Evaluate","EmptyMind"],"picked":"BattleHymn","floor":6},{"not_picked":["Scrawl","Prostrate"],"picked":"Protect","floor":7},{"not_picked":["Evaluate","ThirdEye"],"picked":"Consecrate","floor":8},{"not_picked":["WheelKick","FlyingSleeves"],"picked":"FollowUp","floor":10},{"not_picked":["JustLucky","Study"],"picked":"Evaluate","floor":11},{"not_picked":["FearNoEvil","FlurryOfBlows"],"picked":"LessonLearned","floor":13},{"not_picked":["JustLucky","Vengeance"],"picked":"Wallop","floor":14},{"not_picked":["Omniscience","Scrawl"],"picked":"MasterReality","floor":16},{"not_picked":["Pray","FearNoEvil+1","Meditate"],"picked":"SKIP","floor":18},{"not_picked":["Weave+1","Fasting2"],"picked":"ClearTheMind+1","floor":20},{"not_picked":["Evaluate","CutThroughFate","EmptyBody"],"picked":"SKIP","floor":21},{"not_picked":["FlurryOfBlows","Study","Prostrate"],"picked":"SKIP","floor":24},{"not_picked":["FollowUp","SashWhip","Omniscience"],"picked":"SKIP","floor":28},{"not_picked":["Tantrum","SignatureMove","PathToVictory+1"],"picked":"SKIP","floor":30},{"not_picked":["ClearTheMind+1","CutThroughFate","Indignation+1"],"picked":"SKIP","floor":31},{"not_picked":["FlyingSleeves","Prostrate+1"],"picked":"ThirdEye+1","floor":32},{"not_picked":["DeusExMachina+1","DevaForm"],"picked":"Establishment","floor":33},{"not_picked":["Halt+1","WheelKick"],"picked":"Protect+1","floor":35},{"not_picked":["Sanctity+1","EmptyBody+1"],"picked":"Protect+1","floor":36}],"player_experience":802830,"relics_obtained":[{"floor":6,"key":"Ancient Tea Set"},{"floor":8,"key":"Damaru"},{"floor":9,"key":"Bronze Scales"},{"floor":10,"key":"Dream Catcher"},{"floor":24,"key":"Whetstone"},{"floor":25,"key":"Bottled Flame"},{"floor":26,"key":"Incense Burner"},{"floor":27,"key":"Red Mask"},{"floor":30,"key":"Toxic Egg 2"}],"event_choices":[{"damage_healed":0,"gold_gain":0,"player_choice":"Lose Max HP","damage_taken":0,"relics_obtained":["Golden Idol"],"max_hp_gain":0,"max_hp_loss":5,"event_name":"Golden Idol","floor":2,"gold_loss":0},{"damage_healed":0,"gold_gain":0,"player_choice":"Ignored","damage_taken":0,"max_hp_gain":0,"max_hp_loss":0,"event_name":"Liars Game","floor":3,"gold_loss":0},{"damage_healed":0,"gold_gain":0,"player_choice":"2 cards matched","damage_taken":0,"max_hp_gain":0,"max_hp_loss":0,"event_name":"Match and Keep!","floor":19,"gold_loss":0,"cards_obtained":["InnerPeace","DeusExMachina"]},{"damage_healed":0,"gold_gain":0,"player_choice":"Fought Bandits","damage_taken":0,"max_hp_gain":0,"max_hp_loss":0,"event_name":"Masked Bandits","floor":27,"gold_loss":0},{"damage_healed":0,"gold_gain":333,"player_choice":"Gave Idol","damage_taken":0,"max_hp_gain":0,"max_hp_loss":0,"event_name":"The Moai Head","floor":37,"relics_lost":["Golden Idol"],"gold_loss":0}],"is_beta":false,"boss_relics":[{"not_picked":["Runic Dome","Cursed Key"],"picked":"Runic Pyramid"},{"not_picked":["Tiny House","Velvet Choker"],"picked":"SlaversCollar"}],"items_purged_floors":[22],"is_endless":false,"potions_floor_spawned":[1,4,5,14,20,27,30,33,35],"killed_by":"4 Shapes","ascension_level":7}}