{"host":"n7mxhpjy89lltbhc","time":1613892298,"event":{"mods":["2.2 Compatiblity","Act Like it!","BaseMod","Better Match","Better Sensory Stone","Better Synergies","BetterRewards","Colored Map","Colored Powertips","Downfall","Exacting","Gensokyo","Infinite Spire","Jedi Mod","Lobotomy","LobotomyExtend","Marisa????????","Minty Spire (QoL Compilation)","Permanent Neow","Poem Panic","Rare Cards Sparkle","Relic Stats","Replay The Spire","Shop Mod","Small Relic Pack","Spicy Shops","Spire Arcade","StSLib","The Blue Laboratory","The Servant 0.9.4","Waifu the Spire","Wandering Minibosses","Wide Potions","Yakumo Yukari mod"],"gold_per_floor":[14,14,14,47,47,47,72,92,116,116,141,141,170,190,190,285,285,285,285,295,312,237,271,186,186,239,239,239,239,359,388,402,418,418,541,541,587,587,587,636,1042,1135,1135,1241,1267,1372,1503,655,655,709,709,709,709],"floor_reached":52,"language":"ENG","playtime":3480,"items_purged":["Hallucinations","Funeral"],"score":1049,"play_id":"c69d4910-d415-48f2-a6f0-16cca45a565b","local_time":"25640221142458","is_ascension_mode":true,"campfire_choices":[],"circlet_count":0,"master_deck":["SpecialBullet","SpecialBullet","SpecialBullet","DisciplinaryCode","CentralCode","InformationCode","FourthMatchFlame","WelfareCode","SpiderBud","SomewhereSpear","Twilight","Diffraction","Pot Of Greed","Pot Of Greed","BigBadWolf","CherryBlossom","ParadiseLost","Gensokyo:AllTheWorldsEvil","CENSORED_ego","ReplayTheSpireMod:??????????????????????","hexamod:Float","Pot Of Greed","BlueStar","TrainingCode","SpecialBullet"],"relics":["CogitoBucket","RabbitCall","jedi:matchstick","LetterFromLob","Potion Belt","Lantern","Thread and Needle","HellTrain","jedi:firstaidkit","Akabeko","Singing Bowl","Grinning Jar","hexamod:Sixitude","Replay:Ringing Soul","jedi:cryingmask","SkinProphecy","infinitespire:EvilPickle","ReplayTheSpireMod:SealedPack","AtMidnight","BehaviorAdjustment","infinitespire:Magic Flask","Strawberry","MawBank","SolemnVow_r","FossilizedHelix","Replay:Arrowhead","Medical Kit","infinitespire:Lucky Rock","Lee\u0027s Waffle"],"acts_visited":["Exordium","TheCity","TheBeyond"],"potions_floor_usage":[7,14,16,31,35,41,52],"damage_taken":[{"damage":0,"enemies":"2 Louse","floor":1,"turns":3},{"damage":0,"enemies":"Small Slimes","floor":4,"turns":3},{"damage":27,"enemies":"3 Sentries","floor":7,"turns":6},{"damage":0,"enemies":"Cultist","floor":8,"turns":2},{"damage":0,"enemies":"2 Fungi Beasts","floor":11,"turns":1},{"damage":0,"enemies":"Gremlin Nob","floor":13,"turns":2},{"damage":0,"enemies":"Blue Slaver","floor":14,"turns":1},{"damage":58,"enemies":"Fading Forest","floor":16,"turns":9},{"damage":1,"enemies":"Chosen","floor":18,"turns":5},{"damage":0,"enemies":"Spheric Guardian","floor":20,"turns":1},{"damage":6,"enemies":"Shelled Parasite and Fungi","floor":21,"turns":4},{"damage":0,"enemies":"Slavers","floor":23,"turns":1},{"damage":0,"enemies":"Colosseum Slavers","floor":30,"turns":1},{"damage":4,"enemies":"Colosseum Nobs","floor":30,"turns":3},{"damage":13,"enemies":"Book of Stabbing","floor":31,"turns":5},{"damage":2,"enemies":"3 Cultists","floor":32,"turns":2},{"damage":0,"enemies":"Sentry and Sphere","floor":33,"turns":3},{"damage":50,"enemies":"Pondfish","floor":35,"turns":12},{"damage":4,"enemies":"3 Shapes","floor":37,"turns":2},{"damage":5,"enemies":"Orb Walker","floor":40,"turns":2},{"damage":65,"enemies":"4 Shapes","floor":41,"turns":10},{"damage":19,"enemies":"R_Hoarder","floor":42,"turns":4},{"damage":12,"enemies":"Giant Head","floor":44,"turns":4},{"damage":0,"enemies":"Maw","floor":46,"turns":2},{"damage":34,"enemies":"Nightmare","floor":47,"turns":4},{"damage":0,"enemies":"Spire Growth","floor":50,"turns":2},{"damage":168,"enemies":"infinitespire:MassOfShapes","floor":52,"turns":2}],"seed_played":"2863059245913766058","potions_obtained":[{"floor":4,"key":"SkillPotion"},{"floor":13,"key":"Elixir"},{"floor":14,"key":"Guardian:BlockOnCardUsePotion"},{"floor":18,"key":"Swift Potion"},{"floor":20,"key":"hexamod:SoulburnPotion"},{"floor":21,"key":"blueLaboratory:Moonshine"},{"floor":33,"key":"Languid Potion"},{"floor":40,"key":"FearPotion"},{"floor":41,"key":"DuplicationPotion"},{"floor":41,"key":"jedi:StrikingPotion"},{"floor":42,"key":"SkillPotion"},{"floor":47,"key":"blueLaboratory:TrueEctoplasm"}],"is_trial":false,"path_per_floor":["M","?","?","M","?","R","E","M","T","R","M","R","E","M","R","B",null,"M","?","M","M","$","E","?","R","T","R","PTL","PTL","?","E","M","M","R","B",null,"M","?","?","M","M","E","R","E","T","M","NM","$","R","M","R","B"],"character_chosen":"Angela","items_purchased":["Replay:Arrowhead","Medical Kit","infinitespire:Lucky Rock","Lee\u0027s Waffle"],"campfire_rested":0,"item_purchase_floors":[48,48,48,48],"current_hp_per_floor":[70,75,75,75,75,75,57,63,63,63,63,63,69,73,73,33,79,78,78,79,79,79,83,83,83,83,83,83,83,81,88,88,93,93,105,111,113,113,113,118,125,120,120,125,125,130,109,172,172,173,173,0,0],"gold":709,"neow_bonus":"ONE_RARE_RELIC","is_daily":false,"chose_seed":false,"campfire_upgraded":0,"win_rate":0.0,"timestamp":1613892298,"path_taken":["M","?","?","M","?","R","E","M","T","R","M","R","E","M","R","BOSS","M","?","M","M","$","E","?","R","T","R","PTL","PTL","?","E","M","M","R","BOSS","M","?","?","M","M","E","R","E","T","M","NM","$","R","M","R","BOSS"],"items_purchased_type":["Relic","Relic","Relic","Relic"],"build_version":"2020-12-22","purchased_purges":2,"victory":false,"max_hp_per_floor":[70,75,75,75,75,75,75,75,75,75,75,75,75,79,79,79,79,79,79,79,79,79,83,83,83,83,83,83,83,85,94,96,101,101,106,111,115,115,115,119,125,129,129,147,147,158,165,172,172,179,179,183,183],"relic_stats":{"Lee\u0027s Waffle":63,"Singing Bowl":24,"counters":[31,100],"MawBank":36,"Medical Kit":[0],"obtain_stats":[{"RabbitCall":0,"Lantern":9,"Singing Bowl":24,"SolemnVow_r":46,"SkinProphecy":32,"Replay:Ringing Soul":30,"CogitoBucket":0,"jedi:firstaidkit":19,"Strawberry":44,"jedi:matchstick":0,"jedi:cryingmask":31,"Potion Belt":7,"Lee\u0027s Waffle":48,"hexamod:Sixitude":30,"Thread and Needle":13,"ReplayTheSpireMod:SealedPack":36,"infinitespire:Magic Flask":42,"infinitespire:Lucky Rock":48,"MawBank":45,"Medical Kit":48,"Akabeko":23,"Replay:Arrowhead":48,"infinitespire:EvilPickle":35,"AtMidnight":41,"BehaviorAdjustment":41,"LetterFromLob":1,"HellTrain":14,"Grinning Jar":26,"FossilizedHelix":47},{"RabbitCall":0,"Lantern":4,"Singing Bowl":13,"SolemnVow_r":27,"SkinProphecy":18,"Replay:Ringing Soul":15,"CogitoBucket":0,"jedi:firstaidkit":10,"Strawberry":26,"jedi:matchstick":0,"jedi:cryingmask":16,"Potion Belt":3,"Lee\u0027s Waffle":28,"hexamod:Sixitude":15,"Thread and Needle":6,"ReplayTheSpireMod:SealedPack":20,"infinitespire:Magic Flask":25,"infinitespire:Lucky Rock":28,"MawBank":26,"Medical Kit":28,"Akabeko":13,"Replay:Arrowhead":28,"infinitespire:EvilPickle":20,"AtMidnight":24,"BehaviorAdjustment":24,"LetterFromLob":1,"HellTrain":8,"Grinning Jar":13,"FossilizedHelix":28},{"RabbitCall":0,"Lantern":14,"Singing Bowl":39,"SolemnVow_r":91,"SkinProphecy":51,"Replay:Ringing Soul":43,"CogitoBucket":0,"jedi:firstaidkit":33,"Strawberry":89,"jedi:matchstick":0,"jedi:cryingmask":48,"Potion Belt":12,"Lee\u0027s Waffle":95,"hexamod:Sixitude":43,"Thread and Needle":17,"ReplayTheSpireMod:SealedPack":66,"infinitespire:Magic Flask":85,"infinitespire:Lucky Rock":95,"MawBank":89,"Medical Kit":95,"Akabeko":39,"Replay:Arrowhead":95,"infinitespire:EvilPickle":66,"AtMidnight":81,"BehaviorAdjustment":81,"LetterFromLob":3,"HellTrain":19,"Grinning Jar":39,"FossilizedHelix":95}]},"card_choices":[{"not_picked":["BlackSwan_ego","Lantern"],"picked":"SKIP","floor":1},{"not_picked":["CUTE","TodaysExpression"],"picked":"SKIP","floor":4},{"not_picked":["VoidDream","Murderer"],"picked":"QueenOfHatred","floor":7},{"not_picked":["Penitence","Justitia"],"picked":"SKIP","floor":7},{"not_picked":["Moonlight"],"picked":"FeatherOfHonor","floor":8},{"not_picked":["CUTE"],"picked":"FourthMatchFlame","floor":11},{"not_picked":["Harmony","Tough"],"picked":"SKIP","floor":13},{"not_picked":["FairyFestival","MHz"],"picked":"SpiderBud","floor":14},{"not_picked":["Horn"],"picked":"SomewhereSpear","floor":14},{"not_picked":["Adoration"],"picked":"Twilight","floor":16},{"not_picked":["RapturousDream","Horn"],"picked":"SKIP","floor":18},{"not_picked":["Galaxy"],"picked":"Diffraction","floor":20},{"not_picked":["FourthMatchFlame","Galaxy"],"picked":"SKIP","floor":21},{"not_picked":["SilentOrchestra","Murderer"],"picked":"Mercenary","floor":23},{"not_picked":["Christmas+1","Justitia"],"picked":"SKIP","floor":23},{"not_picked":["Loneliness+1","CUTE+1"],"picked":"Singing Bowl","floor":30},{"not_picked":["Diffraction+1","Noise"],"picked":"Singing Bowl","floor":31},{"not_picked":["BlackSwan","WallGazer"],"picked":"BigBadWolf","floor":31},{"not_picked":["Moonlight+1","WristCuter"],"picked":"Singing Bowl","floor":32},{"not_picked":["SomewhereSpear+1"],"picked":"CherryBlossom","floor":33},{"not_picked":["Justitia"],"picked":"ParadiseLost","floor":35},{"not_picked":["TheSmile"],"picked":"CENSORED_ego","floor":36},{"not_picked":["Bandage Up","ReplayTheSpireMod:Private Reserves"],"picked":"Singing Bowl","floor":36},{"not_picked":["infinitespire:FinalStrike"],"picked":"ReplayTheSpireMod:??????????????????????","floor":36},{"not_picked":["UpSweep"],"picked":"hexamod:Float","floor":36},{"not_picked":["SolemnVow","Horn+1"],"picked":"Singing Bowl","floor":37},{"not_picked":["TodaysExpression","Wingbeat"],"picked":"Singing Bowl","floor":40},{"not_picked":["InTheNameOfLoveAndHate+1","CUTE"],"picked":"Singing Bowl","floor":41},{"not_picked":["CrimsonScar","Beak+1"],"picked":"Singing Bowl","floor":42},{"not_picked":["WhitesApple","PunishingBird"],"picked":"Funeral","floor":44},{"not_picked":["Soda+1","SwordSharpenedByTears"],"picked":"Singing Bowl","floor":44},{"not_picked":["WhitesApple","QueenBee"],"picked":"BlueStar","floor":46},{"not_picked":["Hornet","Laetitia_ego+1"],"picked":"Singing Bowl","floor":46},{"not_picked":["FourthMatchFlame+1","BloodyDesire"],"picked":"Singing Bowl","floor":47},{"not_picked":["SomewhereSpear","Pinks"],"picked":"Singing Bowl","floor":50}],"player_experience":1067962,"relics_obtained":[{"floor":1,"key":"LetterFromLob"},{"floor":7,"key":"Potion Belt"},{"floor":9,"key":"Lantern"},{"floor":13,"key":"Thread and Needle"},{"floor":23,"key":"Akabeko"},{"floor":26,"key":"Grinning Jar"},{"floor":30,"key":"hexamod:Sixitude"},{"floor":30,"key":"Replay:Ringing Soul"},{"floor":31,"key":"jedi:cryingmask"},{"floor":41,"key":"AtMidnight"},{"floor":42,"key":"infinitespire:Magic Flask"},{"floor":44,"key":"Strawberry"},{"floor":45,"key":"MawBank"},{"floor":47,"key":"FossilizedHelix"}],"event_choices":[{"damage_healed":0,"gold_gain":0,"player_choice":"Donut","damage_taken":0,"max_hp_gain":5,"max_hp_loss":0,"event_name":"Big Fish","floor":2,"gold_loss":0},{"damage_healed":0,"gold_gain":1,"player_choice":"1","damage_taken":0,"max_hp_gain":0,"max_hp_loss":0,"event_name":"betterStone:BetterStone","floor":3,"gold_loss":0},{"damage_healed":0,"gold_gain":0,"player_choice":"Ignored","damage_taken":0,"max_hp_gain":0,"max_hp_loss":0,"event_name":"Upgrade Shrine","floor":5,"gold_loss":0},{"damage_healed":0,"gold_gain":0,"player_choice":"Obtained Relic","damage_taken":0,"relics_obtained":["Singing Bowl"],"max_hp_gain":0,"max_hp_loss":0,"event_name":"Addict","floor":24,"gold_loss":85},{"damage_healed":0,"gold_gain":0,"player_choice":"Fight","damage_taken":0,"max_hp_gain":0,"max_hp_loss":0,"event_name":"Colosseum","floor":30,"gold_loss":0},{"damage_healed":0,"gold_gain":0,"player_choice":"Fought Nobs","damage_taken":0,"max_hp_gain":0,"max_hp_loss":0,"event_name":"Colosseum","floor":30,"gold_loss":0},{"cards_removed":["FeatherOfHonor"],"damage_healed":0,"gold_gain":0,"player_choice":"Removed Attack","damage_taken":0,"max_hp_gain":0,"max_hp_loss":0,"event_name":"Falling","floor":38,"gold_loss":0},{"damage_healed":0,"gold_gain":0,"player_choice":"Ignored","damage_taken":0,"max_hp_gain":0,"max_hp_loss":0,"event_name":"SecretPortal","floor":39,"gold_loss":0}],"is_beta":false,"boss_relics":[{"not_picked":["Snecko Eye","Ring of Chaos","Replay:Drink Me"]},{"not_picked":["Honey Jar","Tiny House"],"picked":"ReplayTheSpireMod:SealedPack"}],"items_purged_floors":[22,48],"is_endless":false,"potions_floor_spawned":[4,13,14,18,20,21,33,40,42,50],"killed_by":"infinitespire:MassOfShapes","ascension_level":2}}