{"host":"w97dq1whmpm6b2tc","time":1613918435,"event":{"mods":["BaseMod","Challenge The Spire","Downfall","Minty Spire (QoL Compilation)","StSLib"],"gold_per_floor":[99,99,99,99,99,128,128,28,57,57,91,107,118,2,16,117,117,17,27,27,177,188,222,222,232,257,270,282,167,167,202,218,320,320,320,333,28,28,13,13,13,13,31,41,41,72,72,124,134,134],"floor_reached":51,"language":"ENG","playtime":5258,"items_purged":["Guardian:Defend_Guardian","Guardian:Defend_Guardian"],"score":919,"play_id":"8dfda909-7cd7-4c21-b243-f5b266519bc3","local_time":"20210221164035","is_ascension_mode":true,"campfire_choices":[{"floor":1.0,"key":"RECALL"},{"data":"Guardian:Emergency","floor":8.0,"key":"SMITH"},{"data":"Guardian:StasisField","floor":10.0,"key":"SMITH"},{"data":"Guardian:StasisStrike","floor":18,"key":"SMITH"},{"data":"1","floor":35,"key":"LIFT"},{"data":"2","floor":40,"key":"LIFT"},{"data":"3","floor":45,"key":"LIFT"}],"circlet_count":0,"master_deck":["Guardian:CurlUp","Guardian:TwinSlam","Guardian:Recover","Guardian:Emergency+1","Guardian:Recover","Guardian:StasisField+1","Guardian:FuturePlans","Guardian:ConstructionForm","Guardian:Incinerate","Guardian:ShieldCharger","Guardian:StasisStrike+1","Guardian:ShieldCharger","Guardian:FloatingOrbs","Guardian:TimeSifter","Guardian:StasisEngine","Guardian:ConstructionForm","Guardian:CompilePackage","Guardian:ShieldCharger","Guardian:FloatingOrbs","Guardian:TimeCapacitor"],"relics":["Guardian:ModeShifter","downfall:HeartsMalice","Strawberry","downfall:HeartBlessingRed","Bag of Preparation","Ginger","Sozu","downfall:HeartBlessingGreen","Whetstone","Girya","Bottled Lightning","Singing Bowl","Pandora\u0027s Box","champ:DeflectingBracers","Mummified Hand","Ice Cream"],"acts_visited":["Exordium","TheCity","TheBeyond"],"potions_floor_usage":[11,16,50],"damage_taken":[{"damage":0.0,"enemies":"Cultist","floor":2.0,"turns":1.0},{"damage":0.0,"enemies":"2 Louse","floor":3.0,"turns":1.0},{"damage":0.0,"enemies":"Jaw Worm","floor":4.0,"turns":1.0},{"damage":13.0,"enemies":"3 Sentries","floor":6.0,"turns":14.0},{"damage":12.0,"enemies":"Gremlin Nob","floor":9.0,"turns":5.0},{"damage":22,"enemies":"Lagavulin","floor":11,"turns":14},{"damage":8,"enemies":"Gremlin Gang","floor":12,"turns":6},{"damage":0,"enemies":"3 Louse","floor":13,"turns":4},{"damage":0,"enemies":"downfall:FleeingMerchant","floor":14,"turns":4},{"damage":0,"enemies":"Blue Slaver","floor":15,"turns":5},{"damage":7,"enemies":"IC_STATUS_ARCHETYPE","floor":16,"turns":14},{"damage":0,"enemies":"Spheric Guardian","floor":19,"turns":4},{"damage":0,"enemies":"Chosen","floor":22,"turns":5},{"damage":0,"enemies":"Book of Stabbing","floor":23,"turns":6},{"damage":0,"enemies":"Centurion and Healer","floor":25,"turns":6},{"damage":17,"enemies":"Slavers","floor":26,"turns":7},{"damage":6,"enemies":"3 Cultists","floor":27,"turns":5},{"damage":3,"enemies":"Snake Plant","floor":28,"turns":5},{"damage":0,"enemies":"downfall:FleeingMerchant","floor":29,"turns":4},{"damage":21,"enemies":"Gremlin Leader","floor":31,"turns":7},{"damage":2,"enemies":"Centurion and Healer","floor":32,"turns":6},{"damage":0,"enemies":"WA_ARCHETYPE_CALM","floor":33,"turns":8},{"damage":9,"enemies":"Orb Walker","floor":36,"turns":5},{"damage":0,"enemies":"downfall:FleeingMerchant","floor":37,"turns":4},{"damage":0,"enemies":"downfall:FleeingMerchant","floor":39,"turns":4},{"damage":0,"enemies":"3 Darklings","floor":43,"turns":4},{"damage":0,"enemies":"Sphere and 2 Shapes","floor":44,"turns":3},{"damage":0,"enemies":"Nemesis","floor":46,"turns":5},{"damage":4,"enemies":"2 Orb Walkers","floor":48,"turns":5},{"damage":0,"enemies":"Spire Growth","floor":49,"turns":4},{"damage":0,"enemies":"DF_ARCHETYPE_ORBS","floor":50,"turns":6}],"seed_played":"4936514211307088928","potions_obtained":[{"floor":6.0,"key":"DuplicationPotion"},{"floor":9.0,"key":"Weak Potion"},{"floor":13,"key":"Dexterity Potion"},{"floor":15,"key":"ColorlessPotion"}],"is_trial":false,"path_per_floor":["R","M","M","M","?","E","T","R","E","R","E","M","M","$","M","B",null,"R","M","?","?","M","E","T","M","E","M","M","$","?","E","M","B",null,"R","M","$","?","$","R","T","?","M","M","R","E","?","?","M","B",null],"character_chosen":"GUARDIAN","items_purchased":["Guardian:Incinerate","champ:DeflectingBracers"],"campfire_rested":0,"item_purchase_floors":[14,37],"current_hp_per_floor":[80,80,80,80,80,74,74,74,62,62,40,32,32,32,32,25,87,87,87,87,87,87,87,87,87,70,64,61,61,61,42,42,44,93,93,88,90,90,92,92,92,92,94,94,94,96,96,94,96,96],"gold":134,"neow_bonus":"THREE_ENEMY_KILL","is_daily":false,"chose_seed":false,"campfire_upgraded":3,"win_rate":0.0,"timestamp":1613918435,"path_taken":["R","M","?","M","?","E","T","R","E","R","E","M","M","$","M","BOSS","R","M","?","?","M","E","T","M","E","M","?","$","?","E","M","BOSS","R","M","$","?","$","R","T","?","?","M","R","E","?","?","M","BOSS"],"items_purchased_type":["Card","Relic"],"build_version":"2020-12-22","purchased_purges":2,"victory":true,"max_hp_per_floor":[80,80,80,80,80,87,87,87,87,87,87,87,87,87,87,87,87,87,87,87,87,87,87,87,87,87,87,87,87,87,89,91,93,93,93,97,99,99,101,101,101,101,103,103,103,105,105,107,109,109],"card_choices":[{"not_picked":["Guardian:Incinerate","Guardian:Gem_Cyan"],"picked":"Guardian:Recover","floor":2.0},{"not_picked":["Guardian:Incinerate","Guardian:RollAttack"],"picked":"Guardian:Emergency","floor":3.0},{"not_picked":["Guardian:CrystalBeam","Guardian:VentSteam"],"picked":"Guardian:Recover","floor":4.0},{"not_picked":["Guardian:Gem_Cyan","Guardian:Gem_Fragmented","Guardian:WalkerClaw"],"picked":"SKIP","floor":6.0},{"not_picked":["Guardian:WalkerClaw","Guardian:RollAttack"],"picked":"Guardian:StasisField","floor":9.0},{"not_picked":["Guardian:TemporalStrike","Guardian:Incinerate"],"picked":"Guardian:FuturePlans","floor":11},{"not_picked":["Guardian:Reroute","Guardian:ArmoredProtocol"],"picked":"Guardian:Gem_White","floor":12},{"not_picked":["Guardian:Reroute","Guardian:Gem_Lightblue","Guardian:TemporalStrike"],"picked":"SKIP","floor":13},{"not_picked":["Guardian:Recover","Guardian:Clone"],"picked":"Guardian:ConstructionForm","floor":14},{"not_picked":["Guardian:RollAttack","Guardian:PrismaticBeam"],"picked":"Guardian:ShieldCharger","floor":15},{"not_picked":["Guardian:StasisField","Guardian:GemFinder"],"picked":"Guardian:StasisStrike","floor":16},{"not_picked":["Guardian:PiercingHide","Guardian:Reroute"],"picked":"Guardian:ShieldCharger","floor":19},{"not_picked":["Guardian:ShieldCharger+1","Guardian:Gem_Green","Guardian:WalkerClaw"],"picked":"SKIP","floor":22},{"not_picked":["Guardian:Incinerate","Guardian:Harden"],"picked":"Guardian:FloatingOrbs","floor":23},{"not_picked":["Guardian:ShieldSpikes","Guardian:PrimingBeam","Guardian:VentSteam"],"picked":"SKIP","floor":25},{"not_picked":["Guardian:EvasiveProtocol+1","Guardian:Gem_Lightblue","Guardian:Reroute"],"picked":"SKIP","floor":26},{"not_picked":["Guardian:SpikerProtocol","Guardian:VentSteam","Guardian:PrimingBeam"],"picked":"SKIP","floor":27},{"not_picked":["Guardian:VentSteam","Guardian:Gem_Cyan"],"picked":"Guardian:TimeSifter","floor":28},{"not_picked":["Guardian:CrystalBeam","Guardian:Gem_Red"],"picked":"Guardian:StasisEngine","floor":29},{"not_picked":["Guardian:ChargeUp","Guardian:Gem_Crimson","Guardian:FuturePlans"],"picked":"Singing Bowl","floor":31},{"not_picked":["Guardian:Gem_Crimson","Guardian:ShieldCharger+1","Guardian:ChargeUp"],"picked":"Singing Bowl","floor":32},{"not_picked":["Guardian:StasisEngine","Guardian:AncientConstruct","Guardian:StasisStrike"],"picked":"Singing Bowl","floor":33},{"not_picked":["Guardian:Gem_Green","Guardian:Gem_Lightblue","Guardian:Gem_Red"],"picked":"Singing Bowl","floor":36},{"not_picked":["Guardian:BronzeArmor+1","Guardian:Reroute+1","Guardian:Clone"],"picked":"Singing Bowl","floor":36},{"not_picked":["Guardian:BronzeOrb","Guardian:Reroute","Guardian:BaubleBeam"],"picked":"Singing Bowl","floor":37},{"not_picked":["Guardian:WalkerClaw+1","Guardian:Gem_Green","Guardian:Incinerate"],"picked":"Singing Bowl","floor":39},{"not_picked":["Guardian:Gem_Cyan","Guardian:WalkerClaw","Guardian:Gem_Red"],"picked":"Singing Bowl","floor":43},{"not_picked":["Guardian:WalkerClaw+1","Guardian:Gem_Purple"],"picked":"Guardian:TimeCapacitor","floor":44},{"not_picked":["Guardian:HyperBeam_Guardian","Guardian:TemporalShield","Guardian:Gem_Crimson"],"picked":"Singing Bowl","floor":46},{"not_picked":["Guardian:Gem_Fragmented","Guardian:DecasProtection","Guardian:Gem_Lightblue"],"picked":"Singing Bowl","floor":48},{"not_picked":["Guardian:Recover","Guardian:EvasiveProtocol+1","Guardian:Preprogram"],"picked":"Singing Bowl","floor":49}],"player_experience":3793977,"relics_obtained":[{"floor":6.0,"key":"Strawberry"},{"floor":7.0,"key":"Guardian:DefensiveModeMoreBlock"},{"floor":9.0,"key":"Bag of Preparation"},{"floor":11,"key":"Ginger"},{"floor":23,"key":"Whetstone"},{"floor":24,"key":"Girya"},{"floor":26,"key":"Bottled Lightning"},{"floor":31,"key":"Singing Bowl"},{"floor":46,"key":"Mummified Hand"},{"floor":48,"key":"Ice Cream"}],"event_choices":[{"cards_removed":["Guardian:GemFinder"],"damage_healed":0,"gold_gain":0,"player_choice":"Removed Power","damage_taken":0,"max_hp_gain":0,"max_hp_loss":0,"event_name":"Falling","floor":38,"gold_loss":0},{"damage_healed":0,"gold_gain":0,"player_choice":"Fight","damage_taken":0,"max_hp_gain":0,"max_hp_loss":0,"event_name":"Mysterious Sphere","floor":48,"gold_loss":0}],"is_beta":false,"boss_relics":[{"not_picked":["Astrolabe","sneckomod:SneckoTalon"],"picked":"Sozu"},{"not_picked":["SlaversCollar","Runic Dome"],"picked":"Pandora\u0027s Box"}],"items_purged_floors":[14,29],"is_endless":false,"potions_floor_spawned":[6,9,13,15,25,26,27,31,32,43,46,48,49],"ascension_level":1}}