{"host":"ijtyqc57s6c9mbij","time":1613942818,"event":{"mods":["BaseMod","Colored Map","Downfall","Minty Spire (QoL Compilation)","StSLib"],"gold_per_floor":[99,109,109,109,123,123,123,123,137,153,165,191,191,217,230,325,325,225,239,89,89,101,201,201,101,127,146,171,171,185,219,233,334,334,334,350,360,360,409,409,409,426,436,466,514,514,414,430,440,440,440,468,19,19,19,19,19,19],"floor_reached":56,"language":"ENG","playtime":5058,"items_purged":["downfall:Bewildered"],"score":911,"play_id":"ce5628c6-3017-4b4a-89f8-1e5ab44713d7","local_time":"20210221132658","is_ascension_mode":true,"campfire_choices":[{"data":"champ:Taunt","floor":1,"key":"SMITH"},{"data":"champ:Lariat","floor":8,"key":"SMITH"},{"floor":13,"key":"RECALL"},{"data":"champ:EnragedBash","floor":18,"key":"SMITH"},{"data":"J.A.X.","floor":25,"key":"SMITH"},{"data":"champ:UltimateStance","floor":35,"key":"SMITH"},{"data":"champ:PerfectedStrike","floor":40,"key":"SMITH"},{"floor":47,"key":"REST"},{"data":"champ:UltimateStance","floor":54,"key":"SMITH"}],"circlet_count":0,"master_deck":["champ:Strike","champ:Strike","champ:Strike","champ:Strike","champ:Execute","champ:Taunt+1","champ:Lariat+1","champ:EnragedBash+1","champ:BerserkerStyle","champ:ShieldSigil","champ:PerfectedStrike","champ:SwordSigil","champ:CrownThrow","champ:Endure","champ:HoldFirm","Ghostly","champ:StanceDance+1","J.A.X.+1","downfall:Icky","champ:UltimateStance+1","champ:Lariat","champ:Shatter","champ:PerfectedStrike+1","champ:CheapShot+1","champ:PerfectedStrike+1","champ:HoldFirm","champ:DefensiveShout+1","champ:EnchantCrown+1","champ:EnchantShield+1","champ:ShieldSigil+1","champ:EnGarde","expansioncontent:AwakenDeath","expansioncontent:AwakenDeath","expansioncontent:AwakenDeath","champ:ArenaPreparation+1","champ:Devastate","champ:BerserkersShout+1","champ:UltimateStance+1","champ:CrookedStrike"],"relics":["expansioncontent:StudyCardRelic","Happy Flower","Ancient Tea Set","Akabeko","Philosopher\u0027s Stone","downfall:HeartBlessingRed","Centennial Puzzle","MutagenicStrength","downfall:HeartBlessingBlue","Bronze Scales","Nunchaku","sneckomod:BabySnecko","The Courier","Astrolabe","Whetstone","Pocketwatch","Calipers","Darkstone Periapt","downfall:HeartBlessingGreen","Slimebound:StickyStick","Mummified Hand","Blood Vial"],"acts_visited":["Exordium","TheCity","TheBeyond","TheEnding"],"potions_floor_usage":[49,50,50,50,55,56],"damage_taken":[{"damage":10,"enemies":"2 Louse","floor":2,"turns":4},{"damage":33,"enemies":"Small Slimes","floor":5,"turns":4},{"damage":45,"enemies":"Cultist","floor":9,"turns":3},{"damage":49,"enemies":"Exordium Wildlife","floor":10,"turns":4},{"damage":92,"enemies":"Lots of Slimes","floor":11,"turns":5},{"damage":62,"enemies":"Gremlin Nob","floor":12,"turns":4},{"damage":105,"enemies":"Lagavulin","floor":14,"turns":5},{"damage":21,"enemies":"2 Fungi Beasts","floor":15,"turns":2},{"damage":70,"enemies":"IC_STATUS_ARCHETYPE","floor":16,"turns":7},{"damage":71,"enemies":"3 Byrds","floor":19,"turns":3},{"damage":0,"enemies":"Spheric Guardian","floor":22,"turns":3},{"damage":87,"enemies":"downfall:Augmenter","floor":23,"turns":5},{"damage":20,"enemies":"Book of Stabbing","floor":26,"turns":2},{"damage":4,"enemies":"Snecko","floor":27,"turns":3},{"damage":79,"enemies":"Slavers","floor":28,"turns":5},{"damage":21,"enemies":"Snake Plant","floor":30,"turns":2},{"damage":5,"enemies":"Book of Stabbing","floor":31,"turns":2},{"damage":42,"enemies":"Cultist and Chosen","floor":32,"turns":3},{"damage":148,"enemies":"DF_ARCHETYPE_CLAW","floor":33,"turns":6},{"damage":41,"enemies":"3 Darklings","floor":36,"turns":3},{"damage":21,"enemies":"3 Shapes","floor":37,"turns":4},{"damage":86,"enemies":"Jaw Worm Horde","floor":42,"turns":4},{"damage":16,"enemies":"Sphere and 2 Shapes","floor":43,"turns":2},{"damage":40,"enemies":"Nemesis","floor":44,"turns":6},{"damage":38,"enemies":"2 Orb Walkers","floor":45,"turns":3},{"damage":23,"enemies":"Maw","floor":48,"turns":6},{"damage":94,"enemies":"Spire Growth","floor":49,"turns":3},{"damage":259,"enemies":"SI_POISON_ARCHETYPE","floor":50,"turns":8},{"damage":135,"enemies":"downfall:CharBossMerchant","floor":52,"turns":7},{"damage":270,"enemies":"downfall:NeowBoss","floor":55,"turns":14},{"damage":206,"enemies":"downfall:NeowBossFinal","floor":56,"turns":8}],"seed_played":"-1254983067639334281","potions_obtained":[{"floor":6,"key":"Fire Potion"},{"floor":6,"key":"SteroidPotion"},{"floor":6,"key":"Dexterity Potion"},{"floor":9,"key":"Dexterity Potion"},{"floor":28,"key":"Dexterity Potion"},{"floor":48,"key":"EntropicBrew"},{"floor":52,"key":"LiquidBronze"}],"is_trial":false,"path_per_floor":["R","M","?","?","M","?","T","R","M","M","M","E","R","E","M","B",null,"R","M","?","?","M","?","T","R","E","M","E","?","M","E","M","B",null,"R","M","M","?","?","R","T","M","M","E","?","T","R","M","M","B",null,"E","$","R","B","B"],"character_chosen":"THE_CHAMP","items_purchased":["Mummified Hand","Blood Vial","champ:CrookedStrike","hexamod:SoulburnPotion"],"campfire_rested":1,"item_purchase_floors":[53,53,53,53],"current_hp_per_floor":[90,90,95,95,92,92,92,92,92,95,81,92,92,57,57,42,95,95,88,88,88,88,77,77,87,103,104,105,105,99,94,92,73,105,105,105,105,95,95,95,95,104,88,58,55,55,86,101,97,72,105,82,82,82,88,0,0,0],"gold":19,"neow_bonus":"BOSS_RELIC","is_daily":false,"chose_seed":false,"campfire_upgraded":7,"win_rate":0.0,"timestamp":1613942818,"path_taken":["R","M","?","?","?","?","T","R","M","?","M","E","R","E","M","BOSS","R","M","?","?","M","?","T","R","E","?","E","?","M","E","M","BOSS","R","M","M","?","?","R","T","M","M","E","?","?","R","M","M","BOSS","E","$","R","BOSS","BOSS"],"items_purchased_type":["Relic","Relic","Card","Potion"],"build_version":"2020-12-22","purchased_purges":1,"victory":false,"max_hp_per_floor":[90,90,95,95,95,95,95,95,95,95,95,95,95,95,95,95,95,95,95,95,95,95,95,95,105,105,105,105,105,105,105,105,105,105,105,105,105,105,105,105,105,105,105,105,105,105,105,105,105,105,105,105,105,105,105,105,105,105],"card_choices":[{"not_picked":["champ:BringItOn","champ:RageSigil"],"picked":"champ:Lariat","floor":2},{"not_picked":["champ:Lariat","champ:TornadoPunch"],"picked":"champ:BerserkerStyle","floor":5},{"not_picked":["champ:EnragedBash","champ:GutPunch"],"picked":"champ:ShieldSigil","floor":9},{"not_picked":["champ:Haymaker","champ:FanOfKnives"],"picked":"champ:PerfectedStrike","floor":10},{"not_picked":["champ:Circumvent","champ:ShieldSigil"],"picked":"champ:SwordSigil","floor":11},{"not_picked":["champ:GutPunch","champ:RapidStrikes","champ:DeathBlow"],"picked":"SKIP","floor":12},{"not_picked":["champ:GladiatorStyle","champ:FalseCounter"],"picked":"champ:CrownThrow","floor":14},{"not_picked":["champ:EnragedBash","champ:GutPunch"],"picked":"champ:Endure","floor":15},{"not_picked":["champ:EnchantSword","champ:Devastate"],"picked":"champ:HoldFirm","floor":16},{"not_picked":["champ:FaceSlap","champ:TornadoPunch+1","champ:BladeFlurry+1"],"picked":"SKIP","floor":19},{"not_picked":["champ:RecklessLeap+1","champ:PerfectedStrike"],"picked":"champ:StanceDance+1","floor":22},{"not_picked":[],"picked":"J.A.X.","floor":23},{"not_picked":["champ:StanceDance","champ:FlashCut"],"picked":"champ:UltimateStance","floor":26},{"not_picked":["champ:FlashCut+1","champ:FancyFootwork"],"picked":"champ:Lariat","floor":27},{"not_picked":["champ:Backstep","champ:BladeFlurry"],"picked":"champ:Shatter","floor":28},{"not_picked":["champ:BerserkerStyle","champ:FocusedDefense"],"picked":"champ:PerfectedStrike","floor":30},{"not_picked":["champ:Backstep","champ:AdrenalArmor+1"],"picked":"champ:CheapShot","floor":31},{"not_picked":["champ:Circumvent","champ:FlashCut+1"],"picked":"champ:PerfectedStrike","floor":32},{"not_picked":["champ:Devastate","champ:SteelEdge"],"picked":"champ:HoldFirm","floor":33},{"not_picked":["champ:BerserkersShout","champ:FlashCut"],"picked":"champ:ShieldSigil+1","floor":36},{"not_picked":["champ:ShieldSigil+1","champ:EnragedBash+1"],"picked":"champ:EnGarde","floor":37},{"not_picked":["expansioncontent:YouAreMine","expansioncontent:HyperBeam"],"picked":"expansioncontent:AwakenDeath","floor":38},{"not_picked":["expansioncontent:HyperBeam","expansioncontent:Chronoboost"],"picked":"expansioncontent:AwakenDeath","floor":38},{"not_picked":["expansioncontent:HyperBeam","expansioncontent:YouAreMine"],"picked":"expansioncontent:AwakenDeath","floor":38},{"not_picked":["champ:BringItOn+1","champ:Shatter"],"picked":"champ:ArenaPreparation+1","floor":42},{"not_picked":["champ:FaceSlap+1","champ:FancyFootwork","champ:GladiatorStyle+1"],"picked":"SKIP","floor":43},{"not_picked":["champ:BladeFlurry","champ:FanOfKnives"],"picked":"champ:Devastate","floor":44},{"not_picked":["champ:PreciseThrust","champ:CrownThrow+1"],"picked":"champ:BerserkersShout+1","floor":48},{"not_picked":["champ:BerserkersShout+1","champ:FancyFootwork","champ:RecklessLeap+1"],"picked":"SKIP","floor":49},{"not_picked":["champ:Endure","champ:AdrenalArmor"],"picked":"champ:UltimateStance","floor":52}],"player_experience":1016443,"relics_obtained":[{"floor":7,"key":"Happy Flower"},{"floor":12,"key":"Ancient Tea Set"},{"floor":14,"key":"Akabeko"},{"floor":23,"key":"MutagenicStrength"},{"floor":26,"key":"Bronze Scales"},{"floor":28,"key":"Nunchaku"},{"floor":31,"key":"The Courier"},{"floor":39,"key":"Whetstone"},{"floor":44,"key":"Pocketwatch"},{"floor":45,"key":"Calipers"},{"floor":46,"key":"Darkstone Periapt"},{"floor":52,"key":"Slimebound:StickyStick"}],"event_choices":[{"damage_healed":0,"gold_gain":0,"player_choice":"Donut","damage_taken":0,"max_hp_gain":5,"max_hp_loss":0,"event_name":"Big Fish","floor":3,"gold_loss":0},{"damage_healed":0,"gold_gain":0,"player_choice":"Got Potions","damage_taken":0,"max_hp_gain":0,"max_hp_loss":0,"event_name":"Lab","floor":6,"gold_loss":0},{"damage_healed":0,"gold_gain":0,"player_choice":"Stole Relic","damage_taken":0,"relics_obtained":["Centennial Puzzle"],"max_hp_gain":0,"max_hp_loss":0,"event_name":"Addict","floor":21,"gold_loss":0,"cards_obtained":["Pride"]},{"damage_healed":0,"gold_gain":0,"player_choice":"Fight","damage_taken":0,"max_hp_gain":0,"max_hp_loss":0,"event_name":"Mysterious Sphere","floor":45,"gold_loss":0}],"is_beta":false,"boss_relics":[{"not_picked":["Coffee Dripper","Tiny House"],"picked":"Philosopher\u0027s Stone"},{"not_picked":["Pandora\u0027s Box","champ:PowerArmor"],"picked":"Astrolabe"}],"items_purged_floors":[53],"is_endless":false,"potions_floor_spawned":[9,10,11,12,22,28,31,32,36,42,45,48,52],"killed_by":"downfall:NeowBossFinal","ascension_level":3}}