{"host":"birdoosa9v9yfc1w","time":1613894820,"event":{"mods":["2.2 Compatiblity","BaseMod","Bestiary","Bossed Relics","Colored Map","Colored Powertips","Dark Map","Halation","Highlight Path","Hyrulean Relics","Minty Spire (QoL Compilation)","Relic Filter","SacredBarkPlus","StSLib","Thrall Mod"],"gold_per_floor":[111,111,130,149,324,359,359,389,443,476,23,23,56,56,56,155,155,173,192,208,307,318,344,359,375,375,404,404,434,459,459,459,563,563,573,591,14,14,14,14,14,14,14,61,76,89,89,139,139,139,139,139,90,122,122],"floor_reached":56,"language":"ENG","playtime":3809,"items_purged":["Doubt"],"score":1367,"play_id":"b87bb320-b7c0-48a7-9136-90063323d3f8","local_time":"20210221030700","is_ascension_mode":true,"campfire_choices":[{"floor":7.0,"key":"REST"},{"floor":12.0,"key":"REST"},{"data":"Vitalitytotem","floor":15.0,"key":"SMITH"},{"data":"Vitalitytotem","floor":32,"key":"SMITH"},{"data":"Hallazeal","floor":40,"key":"SMITH"},{"data":"Earthshock","floor":42,"key":"SMITH"},{"floor":47,"key":"RECALL"},{"data":"Panache","floor":49,"key":"SMITH"},{"data":"Hex","floor":52,"key":"SMITH"}],"circlet_count":0,"master_deck":["Strike_Thrall","Strike_Thrall","Strike_Thrall+1","Strike_Thrall","Strike_Thrall","Defend_Thrall","Defend_Thrall","Defend_Thrall+1","Defend_Thrall+1","Defend_Thrall+1","Lightningbolt","Vitalitytotem+1","Beakeredlightning","Airelemental+1","Drakkaridefender","Thingfrombelow","Vitalitytotem+1","Spiritofthefrog+1","Alakir","Menacingnimbus","Dustdevil","Hallazeal+1","Rumblingelemental+1","Avalanche+1","Avalanche+1","Thralldeathseer","Witchsapprentice+1","Manatidetotem+1","Drakkaridefender+1","Panache+1","Earthshock+1","Manatidetotem+1","Madness","Madness","Hex+1","Thingfrombelow+1","Frostshock","Avalanche+1"],"relics":["halation:SimulatedSpire","Ginger","TheAbacus","TungstenRod","Orichalcum","Sundial","Lavashock","Orrery","Mummified Hand","Totemicslam","Bronze Scales","Bottled Tornado","Bag of Marbles","halation:EternalFortune","Akabeko","Red Mask","halation:HeavySnake","Pantograph","halation:PinkSoulGem","Omamori","Gambling Chip","Thread and Needle","Shuriken"],"acts_visited":["Exordium","TheCity","TheBeyond","TheEnding"],"potions_floor_usage":[23,33,55,55,55],"damage_taken":[{"damage":12.0,"enemies":"Jaw Worm","floor":1.0,"turns":3.0},{"damage":11.0,"enemies":"Cultist","floor":3.0,"turns":4.0},{"damage":13.0,"enemies":"2 Louse","floor":4.0,"turns":5.0},{"damage":14.0,"enemies":"3 Sentries","floor":6.0,"turns":5.0},{"damage":10.0,"enemies":"Gremlin Nob","floor":8.0,"turns":3.0},{"damage":6.0,"enemies":"3 Sentries","floor":10.0,"turns":5.0},{"damage":21.0,"enemies":"Lagavulin","floor":13.0,"turns":9.0},{"damage":18,"enemies":"Hexaghost","floor":16,"turns":11},{"damage":17,"enemies":"2 Thieves","floor":18,"turns":4},{"damage":2,"enemies":"3 Byrds","floor":19,"turns":5},{"damage":22,"enemies":"Centurion and Healer","floor":20,"turns":5},{"damage":21,"enemies":"3 Cultists","floor":22,"turns":5},{"damage":2,"enemies":"Gremlin Leader","floor":23,"turns":7},{"damage":30,"enemies":"Snake Plant","floor":24,"turns":3},{"damage":12,"enemies":"Centurion and Healer","floor":25,"turns":5},{"damage":47,"enemies":"Book of Stabbing","floor":27,"turns":6},{"damage":37,"enemies":"Gremlin Leader","floor":29,"turns":6},{"damage":31,"enemies":"Masked Bandits","floor":30,"turns":4},{"damage":63,"enemies":"Collector","floor":33,"turns":9},{"damage":2,"enemies":"Orb Walker","floor":35,"turns":3},{"damage":45,"enemies":"3 Darklings","floor":36,"turns":5},{"damage":33,"enemies":"2 Orb Walkers","floor":44,"turns":4},{"damage":7,"enemies":"Jaw Worm Horde","floor":45,"turns":4},{"damage":0,"enemies":"Maw","floor":46,"turns":6},{"damage":3,"enemies":"Mind Bloom Boss Battle","floor":48,"turns":5},{"damage":112,"enemies":"Awakened One","floor":50,"turns":11},{"damage":77,"enemies":"Shield and Spear","floor":54,"turns":7},{"damage":40,"enemies":"The Heart","floor":55,"turns":9}],"seed_played":"6063844648417292249","potions_obtained":[{"floor":4.0,"key":"Strength Potion"},{"floor":6.0,"key":"PowerPotion"},{"floor":14.0,"key":"Strength Potion"},{"floor":14.0,"key":"Swift Potion"},{"floor":24,"key":"Strength Potion"},{"floor":33,"key":"BlessingOfTheForge"},{"floor":35,"key":"FearPotion"},{"floor":46,"key":"CultistPotion"}],"is_trial":false,"path_per_floor":["M","?","M","M","?","E","R","E","T","E","$","R","E","?","R","B",null,"M","M","M","?","M","E","M","M","T","E","?","E","?","?","R","B",null,"M","M","$","?","?","R","T","R","T","?","M","M","R","?","R","B",null,"R","$","E","B",null],"character_chosen":"THRALL","items_purchased":["Lavashock","Orrery","Pantograph","Panache","Earthshock","Manatidetotem","Frostshock"],"campfire_rested":2,"item_purchase_floors":[11,11,37,37,37,37,53],"current_hp_per_floor":[58,58,50,40,40,26,47,37,37,31,31,52,44,44,44,70,70,53,62,70,70,63,70,56,70,70,69,72,73,71,59,59,78,78,78,78,78,69,69,69,69,69,69,68,78,78,78,78,78,67,78,78,78,78,60],"gold":122,"neow_bonus":"SIMULATED_SPIRE","is_daily":false,"chose_seed":false,"campfire_upgraded":6,"win_rate":0.0,"timestamp":1613894820,"path_taken":["M","?","M","?","?","E","R","E","T","E","$","R","E","?","R","BOSS","M","M","?","?","M","E","M","M","T","E","?","E","?","?","R","BOSS","M","M","$","?","?","R","?","R","T","?","?","M","R","?","R","BOSS","R","$","E","BOSS"],"items_purchased_type":["Relic","Relic","Relic","Card","Card","Card","Card"],"build_version":"2020-12-22","purchased_purges":1,"victory":true,"max_hp_per_floor":[70,70,70,70,70,70,70,70,70,70,70,70,70,70,70,70,70,70,70,70,70,70,70,70,70,70,70,73,73,73,78,78,78,78,78,78,78,78,78,78,78,78,78,78,78,78,78,78,78,78,78,78,78,78,78],"card_choices":[{"not_picked":["Jinyu","Frostshock"],"picked":"Vitalitytotem","floor":1.0},{"not_picked":["Healingrain","Tidalsurge"],"picked":"Beakeredlightning","floor":3.0},{"not_picked":["Fireguard","Beakeredlightning"],"picked":"Airelemental","floor":4.0},{"not_picked":["Healingrain","Murksparkeel"],"picked":"Drakkaridefender","floor":6.0},{"not_picked":["Rumblingelemental","Zap","Jadecheiftain"],"picked":"SKIP","floor":8.0},{"not_picked":["Beakeredlightning","Eternalsentinel"],"picked":"Thingfrombelow","floor":10.0},{"not_picked":["Fireguard","Frostshock"],"picked":"Vitalitytotem","floor":11.0},{"not_picked":["Likkim","Elementaryreaction"],"picked":"Spiritofthefrog","floor":11.0},{"not_picked":["Devolve","Frostshock"],"picked":"Alakir","floor":11.0},{"not_picked":["Dustdevil","Reincarnate"],"picked":"Menacingnimbus","floor":11.0},{"not_picked":["Wartbringer","Healingwave"],"picked":"Dustdevil","floor":13.0},{"not_picked":["Thestormbringer","Shudderwock"],"picked":"Hallazeal","floor":16},{"not_picked":["Lightningbolt","Totemicsmash"],"picked":"Rumblingelemental","floor":18},{"not_picked":["Elementaryreaction","Fireelemental","Thecoin"],"picked":"SKIP","floor":19},{"not_picked":["Elementaryreaction","Fireelemental","Thecoin"],"picked":"SKIP","floor":19},{"not_picked":["Healingrain","Thingfrombelow+1"],"picked":"Avalanche","floor":20},{"not_picked":["Blazing","Spiritofthefrog"],"picked":"Avalanche","floor":22},{"not_picked":["Farsight","Dunemaul"],"picked":"Thralldeathseer","floor":23},{"not_picked":["Vitalitytotem","Totemicsmash+1","Blazing+1"],"picked":"SKIP","floor":23},{"not_picked":["Vitalitytotem","Reincarnate","Jadecheiftain"],"picked":"SKIP","floor":24},{"not_picked":["Dustdevil","Jadecheiftain"],"picked":"Witchsapprentice","floor":25},{"not_picked":["Jadecheiftain","Jinyu","Likkim+1"],"picked":"SKIP","floor":25},{"not_picked":["Zap","Unstable","Totemicsmash+1"],"picked":"SKIP","floor":27},{"not_picked":["Totemicsmash","Zap"],"picked":"Manatidetotem","floor":29},{"not_picked":["Jadelightning+1","Jadecheiftain+1"],"picked":"Drakkaridefender+1","floor":35},{"not_picked":["Jadelightning","Jinyu+1","Menacingnimbus"],"picked":"SKIP","floor":36},{"not_picked":["Snowfurygiant","Menacingnimbus","Fireelemental+1"],"picked":"SKIP","floor":45},{"not_picked":["Farsight+1","Snowfurygiant","Blazing"],"picked":"SKIP","floor":45},{"not_picked":["Earthelemental+1","Tidalsurge+1"],"picked":"Hex","floor":46},{"not_picked":["Jadelightning+1","Tidalsurge+1","Ancestralknow+1"],"picked":"SKIP","floor":46},{"not_picked":["Beakeredlightning+1","Cryostasis+1"],"picked":"Thingfrombelow+1","floor":48},{"not_picked":["Elementaldestruction","Manatidetotem+1"],"picked":"Avalanche+1","floor":54},{"not_picked":["Elementaryreaction","Ancestralknow+1","Jadelightning"],"picked":"SKIP","floor":54}],"player_experience":629989,"relics_obtained":[{"floor":6.0,"key":"TheAbacus"},{"floor":8.0,"key":"TungstenRod"},{"floor":9.0,"key":"Orichalcum"},{"floor":10.0,"key":"Sundial"},{"floor":13.0,"key":"Mummified Hand"},{"floor":23,"key":"Bronze Scales"},{"floor":26,"key":"Bottled Tornado"},{"floor":27,"key":"Bag of Marbles"},{"floor":29,"key":"Akabeko"},{"floor":30,"key":"Red Mask"},{"floor":43,"key":"Omamori"},{"floor":44,"key":"Gambling Chip"},{"floor":48,"key":"Thread and Needle"},{"floor":54,"key":"Shuriken"}],"event_choices":[{"cards_removed":["Thecoin"],"damage_healed":0.0,"max_hp_gain":0.0,"max_hp_loss":0.0,"gold_gain":0.0,"event_name":"WeMeetAgain","player_choice":"Gave Card","floor":2.0,"gold_loss":0.0,"damage_taken":0.0,"relics_obtained":["Ginger"]},{"damage_healed":0.0,"max_hp_gain":0.0,"max_hp_loss":0.0,"gold_gain":175.0,"event_name":"Liars Game","player_choice":"AGREE","floor":5.0,"gold_loss":0.0,"damage_taken":0.0,"cards_obtained":["Doubt"]},{"damage_healed":0.0,"max_hp_gain":0.0,"max_hp_loss":0.0,"gold_gain":0.0,"event_name":"Lab","player_choice":"Got Potions","floor":14.0,"gold_loss":0.0,"damage_taken":0.0},{"damage_healed":0,"gold_gain":99,"player_choice":"Stole From Cult","damage_taken":0,"max_hp_gain":0,"max_hp_loss":0,"event_name":"Nest","floor":21,"gold_loss":0},{"damage_healed":0,"gold_gain":0,"player_choice":"Fought Bandits","damage_taken":0,"max_hp_gain":0,"max_hp_loss":0,"event_name":"Masked Bandits","floor":30,"gold_loss":0},{"damage_healed":0,"gold_gain":0,"player_choice":"Shed Blood","damage_taken":18,"max_hp_gain":5,"max_hp_loss":0,"event_name":"Forgotten Altar","floor":31,"gold_loss":0},{"damage_healed":0,"gold_gain":0,"player_choice":"Embrace Madness","damage_taken":10,"max_hp_gain":0,"max_hp_loss":0,"event_name":"Winding Halls","floor":38,"gold_loss":0,"cards_obtained":["Madness","Madness"]},{"damage_healed":0,"gold_gain":0,"player_choice":"Fight","damage_taken":0,"max_hp_gain":0,"max_hp_loss":0,"event_name":"Mysterious Sphere","floor":44,"gold_loss":0},{"damage_healed":0,"gold_gain":0,"player_choice":"Fight","damage_taken":0,"max_hp_gain":0,"max_hp_loss":0,"event_name":"MindBloom","floor":48,"gold_loss":0}],"is_beta":false,"boss_relics":[{"not_picked":["halation:Risk","SacredBark"],"picked":"Totemicslam"},{"not_picked":["Calling Bell","Cursed Key"],"picked":"halation:HeavySnake"}],"items_purged_floors":[37],"is_endless":false,"potions_floor_spawned":[4,6,22,24,25,27,33,35,46],"ascension_level":3}}