{"host":"3c8x8j1h2jyrixpf","time":1613870927,"event":{"mods":["BaseMod","Colored Powertips","Highlight Path","Minty Spire (QoL Compilation)","StSLib"],"gold_per_floor":[117,132,144,144,27,27,67,92,92,92,112,112,112,157,157,261,261,281,63,63,72,72,72,11,55,55,79,119,153,193,218,218,325,325,357,188,217,242,320,354,354,242,265,307,330,343,343,386,386,386,386,386,45,89,89],"floor_reached":56,"language":"ENG","playtime":3136,"items_purged":["Strike_P","Writhe"],"score":2202,"play_id":"52fa8dfb-8a8a-4a41-b331-ed3502f1107d","local_time":"20210220192847","is_ascension_mode":true,"campfire_choices":[{"data":"Eruption","floor":6,"key":"SMITH"},{"data":"ForeignInfluence","floor":10,"key":"SMITH"},{"data":"CrushJoints","floor":13,"key":"SMITH"},{"data":"Perseverance","floor":15,"key":"SMITH"},{"data":"Wallop","floor":23,"key":"SMITH"},{"floor":32,"key":"REST"},{"floor":41,"key":"REST"},{"floor":47,"key":"RECALL"},{"floor":49,"key":"REST"},{"data":"TalkToTheHand","floor":52,"key":"SMITH"}],"circlet_count":0,"master_deck":["AscendersBane","Strike_P+1","Strike_P+1","Strike_P+1","Defend_P+1","Defend_P+1","Defend_P+1","Eruption+1","Vigilance+1","CrushJoints+1","Wallop+1","EmptyBody+1","ForeignInfluence+1","Halt+1","Perseverance+1","Blasphemy+1","LessonLearned+1","Adaptation+1","BowlingBash+1","Adaptation+1","Tantrum+1","ThirdEye+1","Devotion+1","CutThroughFate+1","Vault+1","ThirdEye+1","Fasting2+1","TalkToTheHand+1","Conclude","SandsOfTime+1","DevaForm+1","Prostrate+1","SpiritShield"],"relics":["Runic Pyramid","Golden Idol","MealTicket","FossilizedHelix","Frozen Egg 2","CeramicFish","Velvet Choker","Medical Kit","Nunchaku","Whetstone","StrikeDummy","PreservedInsect","Anchor","VioletLotus","Bottled Tornado","Mercury Hourglass","Potion Belt","Centennial Puzzle","OrangePellets","Bag of Preparation","Oddly Smooth Stone"],"acts_visited":["Exordium","TheCity","TheBeyond","TheEnding"],"potions_floor_usage":[11,14,18,25,25,28,40,50,55],"damage_taken":[{"damage":5,"enemies":"Small Slimes","floor":1,"turns":4},{"damage":0,"enemies":"2 Louse","floor":2,"turns":2},{"damage":2,"enemies":"Cultist","floor":3,"turns":3},{"damage":20,"enemies":"Gremlin Nob","floor":7,"turns":4},{"damage":0,"enemies":"3 Louse","floor":8,"turns":3},{"damage":0,"enemies":"Blue Slaver","floor":11,"turns":1},{"damage":2,"enemies":"3 Sentries","floor":14,"turns":4},{"damage":0,"enemies":"The Guardian","floor":16,"turns":10},{"damage":5,"enemies":"3 Byrds","floor":18,"turns":7},{"damage":28,"enemies":"Gremlin Leader","floor":25,"turns":5},{"damage":0,"enemies":"Chosen","floor":27,"turns":3},{"damage":7,"enemies":"Slavers","floor":28,"turns":6},{"damage":2,"enemies":"3 Cultists","floor":29,"turns":5},{"damage":0,"enemies":"Gremlin Leader","floor":30,"turns":5},{"damage":0,"enemies":"Snake Plant","floor":31,"turns":4},{"damage":0,"enemies":"Champ","floor":33,"turns":8},{"damage":0,"enemies":"Orb Walker","floor":35,"turns":4},{"damage":0,"enemies":"3 Darklings","floor":37,"turns":6},{"damage":0,"enemies":"Spire Growth","floor":38,"turns":3},{"damage":29,"enemies":"Nemesis","floor":40,"turns":5},{"damage":0,"enemies":"Giant Head","floor":44,"turns":6},{"damage":0,"enemies":"Writhing Mass","floor":45,"turns":6},{"damage":0,"enemies":"4 Shapes","floor":46,"turns":5},{"damage":33,"enemies":"Reptomancer","floor":48,"turns":4},{"damage":40,"enemies":"Time Eater","floor":50,"turns":7},{"damage":12,"enemies":"Shield and Spear","floor":54,"turns":4},{"damage":9,"enemies":"The Heart","floor":55,"turns":11}],"seed_played":"-1700732785002257289","potions_obtained":[{"floor":2,"key":"Fruit Juice"},{"floor":7,"key":"SkillPotion"},{"floor":11,"key":"DistilledChaos"},{"floor":14,"key":"Block Potion"},{"floor":18,"key":"Swift Potion"},{"floor":27,"key":"DistilledChaos"},{"floor":28,"key":"ColorlessPotion"},{"floor":29,"key":"EntropicBrew"},{"floor":30,"key":"LiquidMemories"},{"floor":44,"key":"FairyPotion"},{"floor":45,"key":"FearPotion"},{"floor":54,"key":"StancePotion"}],"is_trial":false,"path_per_floor":["M","M","M","?","?","R","E","M","T","R","M","?","R","E","R","B",null,"M","$","?","?","?","R","$","E","T","M","E","M","E","M","R","B",null,"M","$","M","M","T","E","R","$","T","E","M","M","R","E","R","B",null,"R","$","E","B",null],"character_chosen":"WATCHER","items_purchased":["Medical Kit","Adaptation+1","Fasting2+1","Weak Potion","SandsOfTime","OrangePellets","Bag of Preparation","Dexterity Potion"],"campfire_rested":3,"item_purchase_floors":[19,24,36,42,42,53,53,53],"current_hp_per_floor":[60,60,58,58,58,58,38,38,38,38,43,43,43,41,41,41,64,59,72,72,72,72,72,72,44,44,44,37,35,35,35,56,56,68,68,72,72,72,72,43,64,72,72,72,72,72,72,39,60,20,59,59,72,60,51],"gold":89,"neow_bonus":"BOSS_RELIC","is_daily":false,"chose_seed":false,"campfire_upgraded":6,"win_rate":0.0,"timestamp":1613870927,"path_taken":["M","M","M","?","?","R","E","M","T","R","?","?","R","E","R","BOSS","M","$","?","?","?","R","?","E","T","M","E","M","E","M","R","BOSS","M","$","M","M","?","E","R","$","T","E","M","M","R","E","R","BOSS","R","$","E","BOSS"],"items_purchased_type":["Relic","Card","Card","Potion","Card","Relic","Relic","Potion"],"build_version":"2020-12-22","purchased_purges":2,"victory":true,"max_hp_per_floor":[72,72,72,67,67,67,67,67,67,67,72,72,72,72,72,72,72,72,72,72,72,72,72,72,72,72,72,72,72,72,72,72,72,72,72,72,72,72,72,72,72,72,72,72,72,72,72,72,72,72,72,72,72,72,72],"card_choices":[{"not_picked":["Halt","ClearTheMind"],"picked":"CrushJoints","floor":1},{"not_picked":["Devotion","Halt"],"picked":"Wallop","floor":2},{"not_picked":["Vengeance","PathToVictory"],"picked":"EmptyBody","floor":3},{"not_picked":["Protect","CrushJoints"],"picked":"ForeignInfluence","floor":7},{"not_picked":["EmptyBody","FlyingSleeves"],"picked":"Halt","floor":8},{"not_picked":["Halt","FollowUp","Crescendo"],"picked":"SKIP","floor":11},{"not_picked":["Evaluate","CarveReality"],"picked":"Blasphemy","floor":14},{"not_picked":["DeusExMachina","Devotion+1"],"picked":"LessonLearned","floor":16},{"not_picked":["SashWhip","FlurryOfBlows+1","Protect"],"picked":"SKIP","floor":18},{"not_picked":["Evaluate","MasterReality+1"],"picked":"BowlingBash","floor":25},{"not_picked":["Perseverance","ForeignInfluence+1"],"picked":"Adaptation+1","floor":27},{"not_picked":["SandsOfTime+1","WheelKick"],"picked":"Tantrum","floor":28},{"not_picked":["Protect","ClearTheMind"],"picked":"ThirdEye","floor":29},{"not_picked":["Evaluate+1","Worship"],"picked":"Devotion+1","floor":30},{"not_picked":["Swivel","CarveReality"],"picked":"CutThroughFate","floor":31},{"not_picked":["Blasphemy","Alpha"],"picked":"Vault","floor":33},{"not_picked":["Prostrate","FollowUp"],"picked":"ThirdEye+1","floor":35},{"not_picked":["EmptyBody","ClearTheMind+1"],"picked":"TalkToTheHand","floor":37},{"not_picked":["CrushJoints+1","DeusExMachina"],"picked":"Conclude","floor":38},{"not_picked":["CutThroughFate","CrushJoints","Crescendo+1"],"picked":"SKIP","floor":40},{"not_picked":["SashWhip","Worship"],"picked":"DevaForm+1","floor":44},{"not_picked":["ThirdEye","CrushJoints","PathToVictory"],"picked":"SKIP","floor":45},{"not_picked":["SashWhip","Protect","FlurryOfBlows"],"picked":"SKIP","floor":46},{"not_picked":["Pray","CutThroughFate"],"picked":"Prostrate+1","floor":48},{"not_picked":["Vengeance","Nirvana+1"],"picked":"SpiritShield","floor":54}],"player_experience":285940,"relics_obtained":[{"floor":7,"key":"FossilizedHelix"},{"floor":9,"key":"Frozen Egg 2"},{"floor":14,"key":"CeramicFish"},{"floor":25,"key":"Whetstone"},{"floor":26,"key":"StrikeDummy"},{"floor":28,"key":"PreservedInsect"},{"floor":30,"key":"Anchor"},{"floor":39,"key":"Bottled Tornado"},{"floor":40,"key":"Mercury Hourglass"},{"floor":44,"key":"Potion Belt"},{"floor":48,"key":"Centennial Puzzle"},{"floor":54,"key":"Oddly Smooth Stone"}],"event_choices":[{"damage_healed":0,"gold_gain":0,"player_choice":"Lose Max HP","damage_taken":0,"relics_obtained":["Golden Idol"],"max_hp_gain":0,"max_hp_loss":5,"event_name":"Golden Idol","floor":4,"gold_loss":0},{"damage_healed":0,"gold_gain":0,"player_choice":"Paid Gold","damage_taken":0,"relics_obtained":["MealTicket"],"max_hp_gain":0,"max_hp_loss":0,"event_name":"WeMeetAgain","floor":5,"gold_loss":117},{"damage_healed":0,"gold_gain":0,"cards_transformed":["Defend_P"],"player_choice":"Change","damage_taken":0,"max_hp_gain":0,"max_hp_loss":0,"event_name":"Living Wall","floor":12,"gold_loss":0,"cards_obtained":["Perseverance"]},{"damage_healed":0,"gold_gain":0,"player_choice":"Ignored","damage_taken":0,"max_hp_gain":0,"max_hp_loss":0,"event_name":"Ghosts","floor":20,"gold_loss":0},{"damage_healed":0,"gold_gain":0,"player_choice":"Opened","damage_taken":0,"relics_obtained":["Nunchaku"],"max_hp_gain":0,"max_hp_loss":0,"event_name":"The Mausoleum","floor":21,"gold_loss":0,"cards_obtained":["Writhe"]},{"damage_healed":0,"gold_gain":0,"player_choice":"Simplicity","damage_taken":0,"max_hp_gain":0,"max_hp_loss":0,"event_name":"Back to Basics","floor":22,"gold_loss":0,"cards_upgraded":["Strike_P","Strike_P","Strike_P","Defend_P","Defend_P","Defend_P"]}],"is_beta":false,"boss_relics":[{"not_picked":["Ectoplasm","Tiny House"],"picked":"Velvet Choker"},{"not_picked":["Calling Bell","SacredBark"],"picked":"VioletLotus"}],"items_purged_floors":[19,36],"is_endless":false,"potions_floor_spawned":[2,7,11,14,18,27,28,29,30,44,45,46,48,54],"ascension_level":13}}