{"host":"9rl1losg6xb67ev0","time":1613871702,"event":{"mods":["BaseMod","Hero for Fun","Magitek Elite","Marisa????????","Minty Spire (QoL Compilation)","StSLib","SuperFastMode","Td1madao Mod","The Bug Knight","The Exalted","The Necromancer","???Mod??????Boss"],"gold_per_floor":[118,118,118,133,149,149,182,182,259,300,320,344,377,390,390,521,521,540,555,218,218,118,118,118],"floor_reached":23,"language":"ENG","playtime":1020,"items_purged":["Bromod:Defend_Bro","Bromod:Defend_Bro"],"score":286,"play_id":"eed8a9d5-5b36-4f7a-9443-7e3cc035c53a","local_time":"20210220204142","is_ascension_mode":false,"campfire_choices":[{"floor":6,"key":"RECALL"},{"data":"Bromod:ArchwingLauncher","floor":8,"key":"SMITH"},{"floor":15,"key":"REST"}],"circlet_count":0,"master_deck":["Bromod:Strike_Bro","Bromod:Strike_Bro","Bromod:Defend_Bro","Bromod:Defend_Bro","Bromod:SlashDash","Bromod:SlashDash","Bromod:SlashDash","Bromod:SlashDash","Bromod:FashionFrame","Bromod:BulletJump","Bromod:ArchwingLauncher+1","Bromod:DriftingContact","Bromod:OrganShatter","Bromod:RadialBlind","Bromod:JaggedEdge","Bromod:SlashDash","Bromod:Reflection","Bromod:FashionFrame","Bromod:FinishingTouch+1","Bromod:SlashDash+1","Enlightenment","Bromod:QuickDraw"],"relics":["Bromod:Ordis","Bromod:AscarisDevice","NeowsBlessing","Golden Idol","Nunchaku","Bromod:ArcaneAwakening","Orichalcum","Art of War","Gem_Box","PrismaticShard","Bromod:BleedingDragonKey"],"acts_visited":["Exordium","TheCity"],"potions_floor_usage":[13,13,16,18,23],"damage_taken":[{"damage":0,"enemies":"2 Louse","floor":1,"turns":1},{"damage":0,"enemies":"Cultist","floor":4,"turns":1},{"damage":0,"enemies":"Small Slimes","floor":5,"turns":1},{"damage":21,"enemies":"Gremlin Nob","floor":7,"turns":5},{"damage":21,"enemies":"3 Sentries","floor":10,"turns":9},{"damage":3,"enemies":"Exordium Wildlife","floor":11,"turns":4},{"damage":0,"enemies":"Lots of Slimes","floor":12,"turns":5},{"damage":15,"enemies":"Gremlin Nob","floor":13,"turns":5},{"damage":2,"enemies":"Large Slime","floor":14,"turns":7},{"damage":0,"enemies":"Hexaghost","floor":16,"turns":9},{"damage":0,"enemies":"3 Byrds","floor":18,"turns":6},{"damage":1,"enemies":"Snecko","floor":19,"turns":7},{"damage":22,"enemies":"Slavers","floor":23,"turns":3}],"seed_played":"8775018681514707776","potions_obtained":[{"floor":5,"key":"Dexterity Potion"},{"floor":7,"key":"Bromod:Endo"},{"floor":11,"key":"CultistPotion"},{"floor":16,"key":"ColorlessPotion"},{"floor":19,"key":"Block Potion"}],"is_trial":false,"path_per_floor":["M","?","?","M","M","R","E","R","T","E","M","M","E","M","R","B",null,"M","M","$","?","$","E"],"character_chosen":"THE_EXALTED","items_purchased":["Enlightenment","PrismaticShard","Bromod:QuickDraw"],"campfire_rested":1,"item_purchase_floors":[20,20,20],"current_hp_per_floor":[75,69,69,69,69,69,48,48,48,27,24,24,9,7,27,27,69,69,68,68,18,18,0,0],"gold":118,"neow_bonus":"THREE_ENEMY_KILL","is_daily":false,"chose_seed":false,"campfire_upgraded":1,"win_rate":0.0,"timestamp":1613871702,"path_taken":["M","?","?","M","M","R","E","R","T","E","M","M","E","M","R","BOSS","M","M","?","?","?","E"],"items_purchased_type":["Card","Relic","Card"],"build_version":"2020-12-22","purchased_purges":2,"victory":false,"max_hp_per_floor":[75,69,69,69,69,69,69,69,69,69,69,69,69,69,69,69,69,69,69,69,18,18,18,18],"card_choices":[{"not_picked":["Bromod:SlipMagazine","Bromod:Maglev"],"picked":"Bromod:SlashDash","floor":1},{"not_picked":["Bromod:KillingBlow","Bromod:Reflection"],"picked":"Bromod:BulletJump","floor":4},{"not_picked":["Bromod:SlashDash","Bromod:ShatteringImpact"],"picked":"Bromod:ArchwingLauncher","floor":5},{"not_picked":["Bromod:Vitality","Bromod:ShatteringImpact"],"picked":"Bromod:DriftingContact","floor":7},{"not_picked":["Bromod:SteelFiber","Bromod:ContagiousSpread"],"picked":"Bromod:OrganShatter","floor":10},{"not_picked":["Bromod:SteelFiber","Bromod:PointStrike"],"picked":"Bromod:RadialBlind","floor":11},{"not_picked":["Bromod:QuickDraw","Bromod:NorthWind"],"picked":"Bromod:JaggedEdge","floor":12},{"not_picked":["Bromod:ReflexCoil","Bromod:Maglev"],"picked":"Bromod:SlashDash","floor":13},{"not_picked":["Bromod:NoReturn","Bromod:EnergySiphon"],"picked":"Bromod:Reflection","floor":14},{"not_picked":["Bromod:Rage","Bromod:Frostbite"],"picked":"Bromod:FashionFrame","floor":16},{"not_picked":["Bromod:PointBlank","Bromod:BodyCount"],"picked":"Bromod:FinishingTouch+1","floor":18},{"not_picked":["Bromod:Maglev","Bromod:SlipMagazine+1"],"picked":"Bromod:SlashDash+1","floor":19}],"player_experience":241928,"relics_obtained":[{"floor":7,"key":"Nunchaku"},{"floor":9,"key":"Bromod:ArcaneAwakening"},{"floor":10,"key":"Orichalcum"},{"floor":13,"key":"Art of War"}],"event_choices":[{"damage_healed":0,"gold_gain":0,"player_choice":"Lose Max HP","damage_taken":0,"relics_obtained":["Golden Idol"],"max_hp_gain":0,"max_hp_loss":6,"event_name":"Golden Idol","floor":2,"gold_loss":0},{"damage_healed":0,"gold_gain":0,"cards_transformed":["Bromod:Strike_Bro"],"player_choice":"Transformed","damage_taken":0,"max_hp_gain":0,"max_hp_loss":0,"event_name":"Transmorgrifier","floor":3,"gold_loss":0,"cards_obtained":["Bromod:FashionFrame"]}],"is_beta":false,"boss_relics":[{"not_picked":["Tiny House","Pandora\u0027s Box"],"picked":"Gem_Box"}],"items_purged_floors":[20,22],"is_endless":false,"potions_floor_spawned":[5,7,11,16,19],"killed_by":"Slavers","ascension_level":0}}