{"host":"Tylorde","time":1613893581,"event":{"mods":["BaseMod","Minty Spire (QoL Compilation)","Weighted Paths"],"gold_per_floor":[20,39,39,54,70,70,84,114,114,169,179,179,211,15,15,88,88,99,99,117,117,117,117,143,143,169,169,204,204,235,3,3,3,3],"floor_reached":33,"language":"ENG","playtime":3354,"items_purged":[],"score":513,"play_id":"d404c64c-0370-4c24-996c-9b180cf929be","local_time":"20210220234621","is_ascension_mode":true,"campfire_choices":[{"data":"Sweeping Beam","floor":6.0,"key":"SMITH"},{"floor":12.0,"key":"REST"},{"data":"Electrodynamics","floor":15.0,"key":"SMITH"},{"data":"Zap","floor":23.0,"key":"SMITH"},{"data":"Chill","floor":25,"key":"SMITH"},{"data":"Chaos","floor":29,"key":"SMITH"},{"data":"Go for the Eyes","floor":32,"key":"SMITH"}],"circlet_count":0,"master_deck":["AscendersBane","Strike_B","Strike_B","Strike_B","Defend_B","Defend_B","Defend_B","Defend_B","Zap+1","Dualcast","Leap","BootSequence","Compile Driver","Sweeping Beam+1","Go for the Eyes+1","Electrodynamics+1","Rip and Tear","Mayhem+1","Buffer+1","CurseOfTheBell","Chill+1","Decay","Cold Snap+1","Undo","All For One+1","Chaos+1","Capacitor+1","Mayhem+1","Ball Lightning+1"],"relics":["Cracked Core","Gambling Chip","Blood Vial","Sundial","Darkstone Periapt","Frozen Egg 2","Calling Bell","Tiny Chest","Molten Egg 2","Du-Vu Doll","Singing Bowl","Lantern","Kunai","Toy Ornithopter","Shovel","DollysMirror"],"acts_visited":["Exordium","TheCity"],"potions_floor_usage":[24,28,33],"damage_taken":[{"damage":0.0,"enemies":"2 Louse","floor":1.0,"turns":4.0},{"damage":0.0,"enemies":"Jaw Worm","floor":2.0,"turns":4.0},{"damage":7.0,"enemies":"Small Slimes","floor":4.0,"turns":3.0},{"damage":4.0,"enemies":"Red Slaver","floor":5.0,"turns":3.0},{"damage":0.0,"enemies":"2 Fungi Beasts","floor":7.0,"turns":3.0},{"damage":20.0,"enemies":"Lagavulin","floor":8.0,"turns":8.0},{"damage":29.0,"enemies":"Gremlin Nob","floor":10.0,"turns":5.0},{"damage":0.0,"enemies":"Exordium Thugs","floor":11.0,"turns":4.0},{"damage":2.0,"enemies":"Gremlin Nob","floor":13.0,"turns":3.0},{"damage":13.0,"enemies":"Slime Boss","floor":16.0,"turns":7.0},{"damage":0.0,"enemies":"Chosen","floor":18.0,"turns":4.0},{"damage":13.0,"enemies":"Shell Parasite","floor":20.0,"turns":6.0},{"damage":5,"enemies":"Slavers","floor":24,"turns":7},{"damage":5,"enemies":"Gremlin Leader","floor":28,"turns":7},{"damage":30,"enemies":"Slavers","floor":30,"turns":5},{"damage":51,"enemies":"Champ","floor":33,"turns":8}],"seed_played":"-1478725558348113613","potions_obtained":[{"floor":1.0,"key":"LiquidMemories"},{"floor":2.0,"key":"EssenceOfSteel"},{"floor":8.0,"key":"Weak Potion"},{"floor":13.0,"key":"Ancient Potion"},{"floor":18.0,"key":"SmokeBomb"},{"floor":24,"key":"SkillPotion"}],"is_trial":false,"path_per_floor":["M","M","?","M","M","R","M","E","T","?","M","R","E","$","R","B",null,"M","?","M","?","?","R","E","R","T","T","E","R","E","$","R","B"],"character_chosen":"DEFECT","items_purchased":["Mayhem+1","DollysMirror","ColorlessPotion","Ball Lightning+1"],"campfire_rested":1,"item_purchase_floors":[14,31,31,31],"current_hp_per_floor":[68,68,68,61,57,57,57,37,37,10,12,34,34,34,34,23,68,70,76,65,65,65,65,62,62,62,62,59,59,31,31,31,0,0],"gold":3,"neow_bonus":"ONE_RARE_RELIC","is_daily":false,"chose_seed":false,"campfire_upgraded":6,"win_rate":0.0,"timestamp":1613893581,"path_taken":["M","M","?","M","M","R","M","E","T","?","M","R","E","$","R","BOSS","M","?","M","?","?","R","E","R","T","?","E","R","E","$","R","BOSS"],"items_purchased_type":["Card","Relic","Potion","Card"],"build_version":"2020-12-18","purchased_purges":0,"victory":false,"max_hp_per_floor":[75,75,75,75,75,75,75,75,75,75,75,75,75,75,75,75,81,81,87,87,87,87,87,87,87,87,87,87,87,87,87,87,87,87],"card_choices":[{"not_picked":["Force Field","Beam Cell"],"picked":"Leap","floor":1.0},{"not_picked":["Undo","Stack"],"picked":"BootSequence","floor":2.0},{"not_picked":["Steam","Redo"],"picked":"Compile Driver","floor":4.0},{"not_picked":["Streamline","Thunder Strike"],"picked":"Sweeping Beam","floor":5.0},{"not_picked":["Conserve Battery","Reinforced Body"],"picked":"Go for the Eyes","floor":7.0},{"not_picked":["Tempest","Lockon"],"picked":"Electrodynamics","floor":8.0},{"not_picked":["Redo","White Noise","Turbo"],"picked":"SKIP","floor":11.0},{"not_picked":["Steam","Aggregate"],"picked":"Rip and Tear","floor":13.0},{"not_picked":["Creative AI+1","Thunder Strike"],"picked":"Buffer+1","floor":16.0},{"not_picked":["Compile Driver+1","Go for the Eyes+1"],"picked":"Chill","floor":18.0},{"not_picked":["Compile Driver+1","Hologram"],"picked":"Cold Snap+1","floor":20.0},{"not_picked":["Leap","Turbo"],"picked":"All For One+1","floor":24},{"not_picked":["Stack","Steam"],"picked":"Chaos","floor":28},{"not_picked":["Electrodynamics+1","Ball Lightning+1"],"picked":"Capacitor+1","floor":30}],"player_experience":889576,"relics_obtained":[{"floor":8.0,"key":"Blood Vial"},{"floor":9.0,"key":"Sundial"},{"floor":10.0,"key":"Darkstone Periapt"},{"floor":13.0,"key":"Frozen Egg 2"},{"floor":17.0,"key":"Tiny Chest"},{"floor":17.0,"key":"Molten Egg 2"},{"floor":17.0,"key":"Du-Vu Doll"},{"floor":24,"key":"Singing Bowl"},{"floor":26,"key":"Lantern"},{"floor":27,"key":"Kunai"},{"floor":28,"key":"Toy Ornithopter"},{"floor":30,"key":"Shovel"}],"event_choices":[{"damage_healed":0.0,"max_hp_gain":0.0,"max_hp_loss":0.0,"gold_gain":0.0,"event_name":"Liars Game","player_choice":"Ignored","floor":3.0,"gold_loss":0.0,"damage_taken":0.0},{"damage_healed":0.0,"max_hp_gain":0.0,"max_hp_loss":0.0,"gold_gain":0.0,"event_name":"Dead Adventurer","player_choice":"Searched \u00271\u0027 times","floor":10.0,"gold_loss":0.0,"damage_taken":0.0},{"damage_healed":0.0,"max_hp_gain":0.0,"max_hp_loss":0.0,"gold_gain":0.0,"event_name":"Forgotten Altar","player_choice":"Smashed Altar","floor":19.0,"gold_loss":0.0,"damage_taken":0.0,"cards_obtained":["Decay"]},{"damage_healed":0.0,"max_hp_gain":0.0,"max_hp_loss":0.0,"gold_gain":0.0,"event_name":"Ghosts","player_choice":"Ignored","floor":21.0,"gold_loss":0.0,"damage_taken":0.0},{"damage_healed":0.0,"max_hp_gain":0.0,"max_hp_loss":0.0,"gold_gain":0.0,"cards_transformed":["Strike_B"],"event_name":"Transmorgrifier","player_choice":"Transformed","floor":22.0,"gold_loss":0.0,"damage_taken":0.0,"cards_obtained":["Undo"]}],"is_beta":true,"boss_relics":[{"not_picked":["Coffee Dripper","Sozu"],"picked":"Calling Bell"}],"items_purged_floors":[],"is_endless":false,"potions_floor_spawned":[1,2,5,8,13,18,24],"killed_by":"Champ","ascension_level":13}}