{"host":"6a9c3xws62y7efyw","time":1613889091,"event":{"mods":["BaseMod","Colored Map","Minty Spire (QoL Compilation)","Relic Stats","StSLib"],"gold_per_floor":[118,118,118,129,129,154,154,179,230,230,58,113,123,148,148,226,226,239,253,17,33,49,49,80,92,92,92,119,137,187,199,199,278,278,296,308,308,320,320,320,339,10,36,36,61,61,81,113,113,113,113,113,113,3,38,38,38],"floor_reached":56,"language":"ENG","playtime":2243,"items_purged":["Strike_G"],"score":2080,"play_id":"312cfeb6-7cf5-4907-908f-5a9bd5572c08","local_time":"20210220223131","is_ascension_mode":true,"campfire_choices":[{"data":"Crippling Poison","floor":7,"key":"SMITH"},{"data":"Crippling Poison","floor":10,"key":"SMITH"},{"data":"Envenom","floor":15,"key":"SMITH"},{"data":"Wraith Form v2","floor":23,"key":"SMITH"},{"data":"Deadly Poison","floor":27,"key":"SMITH"},{"data":"Catalyst","floor":32,"key":"SMITH"},{"floor":40,"key":"RECALL"},{"floor":49,"key":"REST"},{"floor":53,"key":"REST"}],"circlet_count":0,"master_deck":["AscendersBane","Strike_G","Strike_G","Strike_G+1","Strike_G","Defend_G","Defend_G","Defend_G+1","Defend_G","Survivor","Neutralize","Crippling Poison+1","Deadly Poison+1","Envenom+1","Crippling Poison+1","Bane","Die Die Die","PiercingWail","Wraith Form v2+1","Flying Knee+1","Dagger Spray+1","Backstab","Quick Slash","Backflip","Catalyst+1","Dodge and Roll","Corpse Explosion","Eviscerate+1","Predator+1","Mayhem","Acrobatics+1","Footwork","Burst","Malaise"],"relics":["Ring of the Snake","NeowsBlessing","Blood Vial","Bottled Lightning","Bag of Marbles","TwistedFunnel","Paper Crane","Anchor","Velvet Choker","Oddly Smooth Stone","Letter Opener","Ninja Scroll","Snecko Eye","Frozen Eye","PreservedInsect","Regal Pillow","Bronze Scales","Potion Belt","Tough Bandages"],"acts_visited":["Exordium","TheCity","TheBeyond","TheEnding"],"potions_floor_usage":[8,14,28,45,56,56,56,56],"damage_taken":[{"damage":0,"enemies":"Jaw Worm","floor":1,"turns":1},{"damage":0,"enemies":"2 Louse","floor":4,"turns":1},{"damage":0,"enemies":"Gremlin Nob","floor":6,"turns":1},{"damage":9,"enemies":"Lagavulin","floor":8,"turns":6},{"damage":3,"enemies":"3 Sentries","floor":12,"turns":4},{"damage":0,"enemies":"Cultist","floor":13,"turns":2},{"damage":0,"enemies":"Gremlin Nob","floor":14,"turns":3},{"damage":21,"enemies":"Hexaghost","floor":16,"turns":10},{"damage":6,"enemies":"Spheric Guardian","floor":18,"turns":4},{"damage":0,"enemies":"2 Thieves","floor":19,"turns":3},{"damage":0,"enemies":"Chosen and Byrds","floor":21,"turns":3},{"damage":18,"enemies":"Shelled Parasite and Fungi","floor":22,"turns":4},{"damage":2,"enemies":"Slavers","floor":24,"turns":4},{"damage":2,"enemies":"Snake Plant","floor":25,"turns":2},{"damage":8,"enemies":"Book of Stabbing","floor":28,"turns":5},{"damage":3,"enemies":"Cultist and Chosen","floor":29,"turns":3},{"damage":3,"enemies":"Centurion and Healer","floor":31,"turns":2},{"damage":23,"enemies":"Automaton","floor":33,"turns":10},{"damage":0,"enemies":"Orb Walker","floor":35,"turns":2},{"damage":0,"enemies":"3 Shapes","floor":36,"turns":2},{"damage":0,"enemies":"Jaw Worm Horde","floor":38,"turns":2},{"damage":4,"enemies":"Spire Growth","floor":41,"turns":3},{"damage":0,"enemies":"Giant Head","floor":45,"turns":5},{"damage":6,"enemies":"Sphere and 2 Shapes","floor":47,"turns":3},{"damage":2,"enemies":"Nemesis","floor":48,"turns":3},{"damage":15,"enemies":"Donu and Deca","floor":50,"turns":7},{"damage":58,"enemies":"Time Eater","floor":51,"turns":5},{"damage":17,"enemies":"Shield and Spear","floor":55,"turns":5},{"damage":61,"enemies":"The Heart","floor":56,"turns":8}],"seed_played":"8127495481851641057","potions_obtained":[{"floor":3,"key":"EssenceOfSteel"},{"floor":3,"key":"FearPotion"},{"floor":8,"key":"CunningPotion"},{"floor":18,"key":"DuplicationPotion"},{"floor":25,"key":"FairyPotion"},{"floor":33,"key":"Block Potion"},{"floor":45,"key":"Swift Potion"},{"floor":55,"key":"Ancient Potion"}],"is_trial":false,"path_per_floor":["M","?","?","M","?","E","R","E","T","R","$","?","M","E","R","B",null,"M","M","$","M","M","R","E","M","T","R","E","M","?","M","R","B",null,"M","M","?","M","?","R","M","$","T","$","E","?","M","E","R","B","B",null,"R","$","E","B"],"character_chosen":"THE_SILENT","items_purchased":["TwistedFunnel","Oddly Smooth Stone","Frozen Eye","PreservedInsect","Energy Potion","AttackPotion"],"campfire_rested":2,"item_purchase_floors":[11,20,42,42,54,54],"current_hp_per_floor":[59,39,39,39,44,44,44,37,37,37,37,36,38,40,40,21,59,55,57,57,59,43,43,43,43,43,43,37,36,36,35,35,14,57,59,61,51,53,53,53,51,51,51,51,53,53,49,49,71,56,21,59,71,71,54,0,0],"gold":38,"neow_bonus":"THREE_ENEMY_KILL","is_daily":false,"chose_seed":false,"campfire_upgraded":6,"win_rate":0.0,"timestamp":1613889091,"path_taken":["M","?","?","?","?","E","R","E","T","R","$","?","M","E","R","BOSS","M","M","$","M","M","R","E","M","T","R","E","M","?","M","R","BOSS","M","M","?","M","?","R","M","$","T","$","E","?","M","E","R","BOSS","BOSS","R","$","E","BOSS"],"items_purchased_type":["Relic","Relic","Relic","Relic","Potion","Potion"],"build_version":"2020-12-22","purchased_purges":1,"victory":false,"max_hp_per_floor":[66,66,66,66,71,71,71,71,71,71,71,71,71,71,71,71,71,71,71,71,71,71,71,71,71,71,71,71,71,71,71,71,71,71,71,71,71,71,71,71,71,71,71,71,71,71,71,71,71,71,71,71,71,71,71,71,71],"relic_stats":{"Blood Vial":48,"Regal Pillow":1,"Tough Bandages":[6],"counters":[29,113],"Bronze Scales":[169],"Snecko Eye":[80,80,100,73],"PreservedInsect":257,"Letter Opener":[71],"obtain_stats":[{"TwistedFunnel":11,"Potion Belt":48,"Regal Pillow":43,"NeowsBlessing":0,"Velvet Choker":17,"Oddly Smooth Stone":20,"PreservedInsect":42,"Letter Opener":24,"Paper Crane":12,"Blood Vial":6,"Frozen Eye":42,"Anchor":14,"Tough Bandages":55,"Ninja Scroll":28,"Bronze Scales":45,"Snecko Eye":34,"Bag of Marbles":9,"Bottled Lightning":8,"Ring of the Snake":0},{"TwistedFunnel":4,"Potion Belt":25,"Regal Pillow":22,"NeowsBlessing":0,"Velvet Choker":8,"Oddly Smooth Stone":10,"PreservedInsect":22,"Letter Opener":13,"Paper Crane":4,"Blood Vial":3,"Frozen Eye":22,"Anchor":7,"Tough Bandages":28,"Ninja Scroll":15,"Bronze Scales":23,"Snecko Eye":18,"Bag of Marbles":4,"Bottled Lightning":4,"Ring of the Snake":0},{"TwistedFunnel":9,"Potion Belt":88,"Regal Pillow":77,"NeowsBlessing":0,"Velvet Choker":28,"Oddly Smooth Stone":35,"PreservedInsect":77,"Letter Opener":46,"Paper Crane":9,"Blood Vial":3,"Frozen Eye":77,"Anchor":18,"Tough Bandages":105,"Ninja Scroll":53,"Bronze Scales":82,"Snecko Eye":68,"Bag of Marbles":9,"Bottled Lightning":9,"Ring of the Snake":0}],"Ring of the Snake":[36]},"card_choices":[{"not_picked":["Outmaneuver","Dagger Spray"],"picked":"Crippling Poison","floor":1},{"not_picked":["Acrobatics","Deflect"],"picked":"Deadly Poison","floor":4},{"not_picked":["Dagger Throw","Cloak And Dagger"],"picked":"Envenom","floor":6},{"not_picked":["Backflip","Bane"],"picked":"Crippling Poison","floor":8},{"not_picked":["Finisher","Deflect"],"picked":"Bane","floor":12},{"not_picked":["Dash","All Out Attack"],"picked":"Die Die Die","floor":13},{"not_picked":["Quick Slash","Tactician"],"picked":"PiercingWail","floor":14},{"not_picked":["Envenom","Doppelganger"],"picked":"Wraith Form v2","floor":16},{"not_picked":["Quick Slash","Escape Plan+1"],"picked":"Flying Knee+1","floor":18},{"not_picked":["Well Laid Plans","Setup"],"picked":"Dagger Spray+1","floor":19},{"not_picked":["A Thousand Cuts","Cloak And Dagger"],"picked":"Backstab","floor":21},{"not_picked":["Choke","Blade Dance+1","Deadly Poison"],"picked":"SKIP","floor":22},{"not_picked":["Reflex","Prepared"],"picked":"Quick Slash","floor":24},{"not_picked":["Flechettes","Acrobatics"],"picked":"Backflip","floor":25},{"not_picked":["Backflip","PiercingWail"],"picked":"Catalyst","floor":28},{"not_picked":["Blade Dance","Dagger Throw"],"picked":"Dodge and Roll","floor":29},{"not_picked":["Distraction","Underhanded Strike","Cloak And Dagger"],"picked":"SKIP","floor":31},{"not_picked":["Doppelganger","Phantasmal Killer"],"picked":"Corpse Explosion","floor":33},{"not_picked":["Underhanded Strike","PiercingWail"],"picked":"Eviscerate+1","floor":35},{"not_picked":["Backstab+1","Deadly Poison"],"picked":"Predator+1","floor":36},{"not_picked":["Discovery","Deep Breath"],"picked":"Mayhem","floor":37},{"not_picked":["Crippling Poison","Quick Slash"],"picked":"Acrobatics+1","floor":38},{"not_picked":["Cloak And Dagger","Flying Knee"],"picked":"Footwork","floor":41},{"not_picked":["Backstab+1","Expertise","Quick Slash"],"picked":"SKIP","floor":45},{"not_picked":["Terror","Concentrate+1","Endless Agony+1"],"picked":"SKIP","floor":47},{"not_picked":["Crippling Poison","Noxious Fumes"],"picked":"Burst","floor":48},{"not_picked":["Riddle With Holes+1","Bane"],"picked":"Malaise","floor":55}],"player_experience":1568947,"relics_obtained":[{"floor":6,"key":"Blood Vial"},{"floor":8,"key":"Bottled Lightning"},{"floor":9,"key":"Bag of Marbles"},{"floor":14,"key":"Anchor"},{"floor":24,"key":"Letter Opener"},{"floor":28,"key":"Ninja Scroll"},{"floor":43,"key":"Regal Pillow"},{"floor":45,"key":"Bronze Scales"},{"floor":48,"key":"Potion Belt"},{"floor":55,"key":"Tough Bandages"}],"event_choices":[{"damage_healed":0,"gold_gain":0,"player_choice":"Entered Light","damage_taken":20,"max_hp_gain":0,"max_hp_loss":0,"event_name":"Shining Light","floor":2,"gold_loss":0,"cards_upgraded":["Strike_G","Defend_G"]},{"damage_healed":0,"gold_gain":0,"player_choice":"Got Potions","damage_taken":0,"max_hp_gain":0,"max_hp_loss":0,"event_name":"Lab","floor":3,"gold_loss":0},{"damage_healed":0,"gold_gain":0,"player_choice":"Donut","damage_taken":0,"max_hp_gain":5,"max_hp_loss":0,"event_name":"Big Fish","floor":5,"gold_loss":0},{"damage_healed":0,"gold_gain":0,"player_choice":"Searched \u00272\u0027 times","damage_taken":0,"relics_obtained":["Paper Crane"],"max_hp_gain":0,"max_hp_loss":0,"event_name":"Dead Adventurer","floor":12,"gold_loss":0},{"damage_healed":0,"gold_gain":50,"player_choice":"Stole From Cult","damage_taken":0,"max_hp_gain":0,"max_hp_loss":0,"event_name":"Nest","floor":30,"gold_loss":0},{"damage_healed":0,"gold_gain":0,"player_choice":"Memory 3","damage_taken":10,"max_hp_gain":0,"max_hp_loss":0,"event_name":"SensoryStone","floor":37,"gold_loss":0},{"cards_removed":["Defend_G"],"damage_healed":0,"gold_gain":0,"player_choice":"Removed Skill","damage_taken":0,"max_hp_gain":0,"max_hp_loss":0,"event_name":"Falling","floor":39,"gold_loss":0},{"damage_healed":0,"gold_gain":0,"player_choice":"0 cards matched","damage_taken":0,"max_hp_gain":0,"max_hp_loss":0,"event_name":"Match and Keep!","floor":46,"gold_loss":0,"cards_obtained":[]}],"is_beta":false,"boss_relics":[{"not_picked":["SlaversCollar","Pandora\u0027s Box"],"picked":"Velvet Choker"},{"not_picked":["Calling Bell","Tiny House"],"picked":"Snecko Eye"}],"items_purged_floors":[20],"is_endless":false,"potions_floor_spawned":[8,12,18,24,25,33,35,38,41,45,55],"killed_by":"The Heart","ascension_level":20}}