{"host":"t0bo9kmlst92gdfh","time":1613870028,"event":{"mods":["BaseMod","Block Reminder","Colored Powertips","DeckTracker","Jorbs\u0027s Wanderer Trilogy","Minty Spire (QoL Compilation)","Relic Stats","StSLib"],"gold_per_floor":[118,118,138,151,151,178,194,33,33,43,78,89,101,1,1,103,103,121,137,148,165,182,182,182],"floor_reached":23,"language":"ENG","playtime":1929,"items_purged":["Strike_G","Strike_G"],"score":234,"play_id":"fe543abf-2b9e-48b3-82d7-e0192a535ba3","local_time":"20210220171348","is_ascension_mode":false,"campfire_choices":[{"data":"Discovery","floor":15,"key":"SMITH"}],"circlet_count":0,"master_deck":["Strike_G","Strike_G","Strike_G","Defend_G","Defend_G","Defend_G","Defend_G","Defend_G","Survivor","Neutralize","Discovery+1","Blade Dance","Endless Agony","Slice","Distraction","Slice","Swift Strike","Deadly Poison","Distraction","Deadly Poison","Flying Knee+1","Slice+1","Deadly Poison","Deadly Poison"],"relics":["Ring of the Snake","Kunai","Gremlin Horn","Matryoshka","Runic Pyramid"],"acts_visited":["Exordium","TheCity"],"potions_floor_usage":[6,7,11,16,16,18,18,20,21,22,23],"damage_taken":[{"damage":3,"enemies":"Jaw Worm","floor":1,"turns":5},{"damage":6,"enemies":"Cultist","floor":3,"turns":3},{"damage":2,"enemies":"Small Slimes","floor":4,"turns":3},{"damage":4,"enemies":"3 Sentries","floor":6,"turns":3},{"damage":15,"enemies":"Exordium Thugs","floor":7,"turns":6},{"damage":0,"enemies":"2 Fungi Beasts","floor":10,"turns":2},{"damage":7,"enemies":"Lagavulin","floor":11,"turns":6},{"damage":2,"enemies":"Blue Slaver","floor":12,"turns":3},{"damage":0,"enemies":"3 Louse","floor":13,"turns":2},{"damage":22,"enemies":"Hexaghost","floor":16,"turns":9},{"damage":28,"enemies":"2 Thieves","floor":18,"turns":3},{"damage":6,"enemies":"Chosen","floor":19,"turns":3},{"damage":21,"enemies":"Snake Plant","floor":20,"turns":4},{"damage":12,"enemies":"Snecko","floor":21,"turns":5},{"damage":0,"enemies":"Centurion and Healer","floor":22,"turns":6},{"damage":9,"enemies":"Gremlin Leader","floor":23,"turns":2}],"seed_played":"2332474747246424455","potions_obtained":[{"floor":1,"key":"PowerPotion"},{"floor":2,"key":"DuplicationPotion"},{"floor":2,"key":"EntropicBrew"},{"floor":6,"key":"Regen Potion"},{"floor":7,"key":"BlessingOfTheForge"},{"floor":11,"key":"ColorlessPotion"},{"floor":12,"key":"GhostInAJar"},{"floor":19,"key":"SneckoOil"},{"floor":21,"key":"Block Potion"},{"floor":22,"key":"EssenceOfSteel"}],"is_trial":false,"path_per_floor":["M","?","M","M","?","E","M","$","T","M","E","M","M","$","R","B",null,"M","M","M","M","M","E"],"character_chosen":"THE_SILENT","items_purchased":["Swift Strike"],"campfire_rested":0,"item_purchase_floors":[8],"current_hp_per_floor":[67,67,61,59,59,55,52,52,52,52,45,43,43,43,43,21,70,42,36,15,3,3,0,0],"gold":182,"neow_bonus":"RANDOM_COLORLESS","is_daily":false,"chose_seed":false,"campfire_upgraded":1,"win_rate":0.0,"timestamp":1613870028,"path_taken":["M","?","?","M","?","E","M","$","T","M","E","M","M","?","R","BOSS","M","M","M","M","M","E"],"items_purchased_type":["Card"],"build_version":"2020-12-22","purchased_purges":2,"victory":false,"max_hp_per_floor":[70,70,70,70,70,70,70,70,70,70,70,70,70,70,70,70,70,70,70,70,70,70,70,70],"relic_stats":{"Gremlin Horn":[5,5],"counters":[16,65],"Kunai":[29],"obtain_stats":[{"Matryoshka":11,"Gremlin Horn":9,"Kunai":6,"Ring of the Snake":0,"Runic Pyramid":17},{"Matryoshka":7,"Gremlin Horn":5,"Kunai":4,"Ring of the Snake":0,"Runic Pyramid":10},{"Matryoshka":28,"Gremlin Horn":20,"Kunai":14,"Ring of the Snake":0,"Runic Pyramid":42}],"Ring of the Snake":[33]},"card_choices":[{"not_picked":["Madness","PanicButton"],"picked":"Discovery","floor":0},{"not_picked":["Distraction","Underhanded Strike"],"picked":"Blade Dance","floor":1},{"not_picked":["Predator","Dash"],"picked":"Endless Agony","floor":3},{"not_picked":["Quick Slash","Catalyst"],"picked":"Slice","floor":4},{"not_picked":["Heel Hook","Poisoned Stab"],"picked":"Distraction","floor":6},{"not_picked":["Blur","Dagger Spray"],"picked":"Slice","floor":7},{"not_picked":["Tactician","Flying Knee"],"picked":"Deadly Poison","floor":10},{"not_picked":["Masterful Stab","Expertise"],"picked":"Distraction","floor":11},{"not_picked":["Dash","Footwork","Expertise"],"picked":"SKIP","floor":12},{"not_picked":["All Out Attack","Deflect"],"picked":"Deadly Poison","floor":13},{"not_picked":["Skewer","Sucker Punch"],"picked":"Flying Knee+1","floor":18},{"not_picked":["Bane","Dodge and Roll"],"picked":"Slice+1","floor":19},{"not_picked":["Terror","Poisoned Stab"],"picked":"Deadly Poison","floor":20},{"not_picked":["Blade Dance","Bane","Skewer"],"picked":"SKIP","floor":21},{"not_picked":["Crippling Poison","Backflip"],"picked":"Deadly Poison","floor":22}],"player_experience":49959,"relics_obtained":[{"floor":6,"key":"Kunai"},{"floor":9,"key":"Gremlin Horn"},{"floor":11,"key":"Matryoshka"}],"event_choices":[{"damage_healed":0,"gold_gain":0,"player_choice":"Got Potions","damage_taken":0,"max_hp_gain":0,"max_hp_loss":0,"event_name":"Lab","floor":2,"gold_loss":0},{"damage_healed":0,"gold_gain":0,"player_choice":"Ignored","damage_taken":0,"max_hp_gain":0,"max_hp_loss":0,"event_name":"Liars Game","floor":5,"gold_loss":0}],"is_beta":false,"boss_relics":[{"not_picked":["Ring of the Serpent","Runic Dome"],"picked":"Runic Pyramid"}],"items_purged_floors":[8,14],"is_endless":false,"potions_floor_spawned":[1,6,7,11,12,19,21,22],"killed_by":"Gremlin Leader","ascension_level":0}}