{"host":"b5616rc011fmdz76","time":1613936087,"event":{"mods":["AchievementEnabler","BaseMod","Duelist Mod","GifTheSpireLib","Hermit","Infinite Spire","Minty Spire (QoL Compilation)","Replay The Spire","SOS???????","StSLib","The Animator","The Cursed","The Necromancer","The Servant 0.9.4","???Mod??????Boss"],"gold_per_floor":[117,131,23,42,42,72,72,84,111,129,141,171,181,192,192,287,287,303,315,327,327,327,327],"floor_reached":22,"language":"PTB","playtime":1489,"items_purged":[],"score":202,"play_id":"c7fe24a6-43b8-4a91-b6ff-3416c8e19f72","local_time":"20210221163447","is_ascension_mode":false,"campfire_choices":[{"data":"Death_March_Dance","floor":7.0,"key":"SMITH"},{"floor":15,"key":"REST"}],"circlet_count":0,"master_deck":["Strike_W","Strike_W","Strike_W","Strike_W","Defend_W","Defend_W","Defend_W","Defend_W","Negative_Energy_Arrows","Bone_Wall","Negative_Energy_Mist","Spectral_Walk","Summon_Lich","Siphon_Strength","Toxic_Smoke_Screen","Death_March_Dance+1","Summon_Lich","Grasp_Heart","Finger_Of_Death","Stop_Heart","Vampiric_Strike","Summon_Undead_Army","Requiem","Bone_Prison","Negative_Energy_Shield+1","Death_March_Dance"],"relics":["Vampire_Amulet","NeowsBlessing","Omamori","Happy Flower","Black Star"],"acts_visited":["Exordium","TheCity"],"potions_floor_usage":[12,16,16,16],"damage_taken":[{"damage":0.0,"enemies":"Cultist","floor":1.0,"turns":1.0},{"damage":0.0,"enemies":"Jaw Worm","floor":2.0,"turns":1.0},{"damage":0.0,"enemies":"Small Slimes","floor":4.0,"turns":1.0},{"damage":26.0,"enemies":"Lagavulin","floor":6.0,"turns":8.0},{"damage":7.0,"enemies":"2 Fungi Beasts","floor":8.0,"turns":3.0},{"damage":5.0,"enemies":"3 Louse","floor":10.0,"turns":5.0},{"damage":16,"enemies":"Exordium Thugs","floor":11,"turns":5},{"damage":17,"enemies":"3 Sentries","floor":12,"turns":6},{"damage":0,"enemies":"Exordium Wildlife","floor":13,"turns":3},{"damage":0,"enemies":"Red Slaver","floor":14,"turns":4},{"damage":27,"enemies":"The Guardian","floor":16,"turns":9},{"damage":5,"enemies":"Chosen","floor":18,"turns":5},{"damage":46,"enemies":"Spheric Guardian","floor":19,"turns":6},{"damage":25,"enemies":"Centurion and Healer","floor":20,"turns":8},{"damage":9,"enemies":"Snake Plant","floor":22,"turns":2}],"seed_played":"-3028275223015236400","potions_obtained":[{"floor":2.0,"key":"Elixir"},{"floor":6.0,"key":"ColorlessPotion"},{"floor":8.0,"key":"Milkshake"},{"floor":10.0,"key":"SpeedPotion"},{"floor":13,"key":"Block Potion"},{"floor":16,"key":"Elixir"},{"floor":20,"key":"Weak Potion"}],"is_trial":false,"path_per_floor":["M","M","$","M","?","E","R","M","T","M","M","E","M","M","R","B",null,"M","M","M","AVR","M"],"character_chosen":"NECROMANCER","items_purchased":["Summon_Lich","Siphon_Strength"],"campfire_rested":1,"item_purchase_floors":[3,3],"current_hp_per_floor":[75,75,75,75,75,51,51,48,48,49,37,26,30,32,54,31,75,72,28,9,9,0,0],"gold":327,"neow_bonus":"THREE_ENEMY_KILL","is_daily":false,"chose_seed":false,"campfire_upgraded":1,"win_rate":0.0,"timestamp":1613936087,"path_taken":["M","?","$","M","?","E","R","M","T","M","M","E","M","M","R","BOSS","M","M","M","AVR","M"],"items_purchased_type":["Card","Card"],"build_version":"2020-12-22","purchased_purges":0,"victory":false,"max_hp_per_floor":[75,75,75,75,75,75,75,75,75,75,75,75,75,75,75,75,75,75,75,75,75,75,75],"card_choices":[{"not_picked":["Consume_Illness","Death_Coil"],"picked":"Negative_Energy_Mist","floor":1.0},{"not_picked":["Bone_Armor","Violent_Necrosis"],"picked":"Spectral_Walk","floor":2.0},{"not_picked":["Blood_for_Blood","Chill_Blood"],"picked":"Toxic_Smoke_Screen","floor":4.0},{"not_picked":["Vampiric_Strike","Necrotic_Claws"],"picked":"Death_March_Dance","floor":6.0},{"not_picked":["Vampiric_Strike","Thousand_Bone_Knives"],"picked":"Summon_Lich","floor":8.0},{"not_picked":["Bone_Shift","Blood_Curse"],"picked":"Grasp_Heart","floor":10.0},{"not_picked":["Negative_Energy_Mist","Consume_Illness"],"picked":"Finger_Of_Death","floor":11},{"not_picked":["Summon_Undead_Army","Chill_Blood"],"picked":"Stop_Heart","floor":12},{"not_picked":["Spectral_Walk","Deaths_Shadow"],"picked":"Vampiric_Strike","floor":13},{"not_picked":["Chill_Blood","Bones_to_Steel"],"picked":"Summon_Undead_Army","floor":14},{"not_picked":["Skeleton_Dragon","Reap_The_Weak"],"picked":"Requiem","floor":16},{"not_picked":["Blood_Is_Power+1","Death_Coil+1"],"picked":"Bone_Prison","floor":18},{"not_picked":["Finger_Of_Death","Vampiric_Strike+1"],"picked":"Negative_Energy_Shield+1","floor":19},{"not_picked":["Plague_Bolt","Consume_Illness"],"picked":"Death_March_Dance","floor":20}],"player_experience":160002,"relics_obtained":[{"floor":6.0,"key":"Omamori"},{"floor":12,"key":"Happy Flower"}],"event_choices":[{"damage_healed":0.0,"max_hp_gain":0.0,"max_hp_loss":0.0,"gold_gain":0.0,"event_name":"Liars Game","player_choice":"Ignored","floor":5.0,"gold_loss":0.0,"damage_taken":0.0}],"is_beta":false,"boss_relics":[{"not_picked":["ReplayTheSpireMod:DimensionalGlitch","Fusion Hammer"],"picked":"Black Star"}],"items_purged_floors":[],"is_endless":false,"potions_floor_spawned":[2,6,8,10,13,16,20],"killed_by":"Snake Plant","ascension_level":0}}