{"host":"x730sfaw5rd1mxd8","time":1613943966,"event":{"mods":["BaseMod","BetterRewards","Colored Powertips","Downfall","Highlight Path","Minty Spire (QoL Compilation)","Relic Sorter","Relic Stats","Replay The Spire","StSLib"],"gold_per_floor":[99,119,119,131,144,53,53,83,83,83,83,117,117,136,156,253,253,253,253],"floor_reached":17,"language":"ENG","playtime":1427,"items_purged":[],"score":165,"play_id":"fa905796-640b-4b65-b43d-ae15245c2882","local_time":"20210221164606","is_ascension_mode":false,"campfire_choices":[{"data":"champ:Execute","floor":1.0,"key":"SMITH"},{"data":"champ:SwordThrow","floor":13,"key":"SMITH"}],"circlet_count":0,"master_deck":["champ:Execute+1","champ:Taunt+1","champ:RecklessLeap","champ:StanceDance","champ:SwordThrow+1","champ:BringItOn","champ:Lariat","champ:Execute+1","champ:PreciseThrust","champ:CrookedStrike","champ:Endure","champ:StrikeOfGenius","champ:Endure","champ:ShieldSlam","champ:MurderStrike","champ:Endure","champ:IgnorePain","champ:GladiatorStyle","champ:Devastate","champ:FocusedDefense"],"relics":["champ:ChampionCrown","Dead Branch","Kunai","Simple Rune","Pandora\u0027s Box"],"acts_visited":["Exordium","TheCity"],"potions_floor_usage":[12,16],"damage_taken":[{"damage":13.0,"enemies":"Jaw Worm","floor":2.0,"turns":3.0},{"damage":27.0,"enemies":"Cultist","floor":4.0,"turns":4.0},{"damage":11.0,"enemies":"Small Slimes","floor":5.0,"turns":4.0},{"damage":55.0,"enemies":"downfall:FleeingMerchant","floor":6.0,"turns":4.0},{"damage":47.0,"enemies":"3 Sentries","floor":8.0,"turns":7.0},{"damage":31,"enemies":"Lagavulin","floor":12,"turns":5},{"damage":2,"enemies":"3 Louse","floor":14,"turns":3},{"damage":23,"enemies":"2 Fungi Beasts","floor":15,"turns":3},{"damage":58,"enemies":"SI_SHIV_ARCHETYPE","floor":16,"turns":10}],"seed_played":"5123483559250356808","potions_obtained":[{"floor":2.0,"key":"Adrenaline Potion"},{"floor":8.0,"key":"Energy Potion"},{"floor":12,"key":"BlessingOfTheForge"},{"floor":16,"key":"SpeedPotion"}],"is_trial":false,"path_per_floor":["R","M","?","M","M","$","T","E","?","?","?","E","R","M","M","B",null],"character_chosen":"THE_CHAMP","items_purchased":["champ:Lariat"],"campfire_rested":0,"item_purchase_floors":[6],"current_hp_per_floor":[99,96,96,94,93,88,88,66,66,71,71,55,55,53,45,12,104,104,104],"gold":253,"neow_bonus":"TEN_PERCENT_HP_BONUS","is_daily":false,"chose_seed":false,"campfire_upgraded":2,"win_rate":0.0,"timestamp":1613943966,"path_taken":["R","M","?","M","?","?","T","E","?","?","?","E","R","M","M","BOSS"],"items_purchased_type":["Card"],"build_version":"2020-12-22","purchased_purges":0,"victory":false,"max_hp_per_floor":[99,99,99,99,99,99,99,99,99,104,104,104,104,104,104,104,104,104,104],"relic_stats":{"counters":[9,43],"Dead Branch":[6],"Pandora\u0027s Box":["champ:Endure","champ:ShieldSlam","champ:MurderStrike","champ:Endure","champ:IgnorePain","champ:GladiatorStyle","champ:Devastate","champ:FocusedDefense"],"Kunai":[2],"obtain_stats":[{"Dead Branch":7,"champ:ChampionCrown":0,"Simple Rune":12,"Pandora\u0027s Box":17,"Kunai":8},{"Dead Branch":4,"champ:ChampionCrown":0,"Simple Rune":6,"Pandora\u0027s Box":9,"Kunai":5},{"Dead Branch":15,"champ:ChampionCrown":0,"Simple Rune":27,"Pandora\u0027s Box":43,"Kunai":22}]},"card_choices":[{"not_picked":["champ:PerfectedStrike","champ:TornadoPunch"],"picked":"champ:RecklessLeap","floor":2.0},{"not_picked":["champ:Backstep","champ:ShieldSlam"],"picked":"champ:StanceDance","floor":4.0},{"not_picked":["champ:FanOfKnives","champ:DefensiveShout"],"picked":"champ:SwordThrow","floor":5.0},{"not_picked":["champ:Backstep","champ:BladeFlurry"],"picked":"champ:BringItOn","floor":6.0},{"not_picked":["champ:GladiatorStyle","champ:RecklessLeap","champ:Backstep"],"picked":"SKIP","floor":8.0},{"not_picked":["champ:GutPunch","champ:DefensiveShout"],"picked":"champ:PreciseThrust","floor":12},{"not_picked":["champ:BringItOn","champ:IronFortress"],"picked":"champ:CrookedStrike","floor":14},{"not_picked":["champ:EndlessRage","champ:Haymaker"],"picked":"champ:Endure","floor":15},{"not_picked":["champ:Improvising","champ:VampiricStrike"],"picked":"champ:StrikeOfGenius","floor":16}],"player_experience":4265490,"relics_obtained":[{"floor":7.0,"key":"Dead Branch"},{"floor":8.0,"key":"Kunai"},{"floor":12,"key":"Simple Rune"}],"event_choices":[{"damage_healed":0.0,"max_hp_gain":0.0,"max_hp_loss":0.0,"gold_gain":0.0,"event_name":"Accursed Blacksmith","player_choice":"Forge","floor":3.0,"gold_loss":0.0,"damage_taken":0.0,"cards_upgraded":["champ:Taunt"]},{"damage_healed":0.0,"max_hp_gain":5.0,"max_hp_loss":0.0,"gold_gain":0.0,"event_name":"Big Fish","player_choice":"Donut","floor":10.0,"gold_loss":0.0,"damage_taken":0.0}],"is_beta":false,"boss_relics":[{"not_picked":["Runic Pyramid","Philosopher\u0027s Stone"],"picked":"Pandora\u0027s Box"}],"items_purged_floors":[],"is_endless":false,"potions_floor_spawned":[2,8,12,16],"ascension_level":0}}