{"host":"pqs17sqrgflf4eqa","time":1613883092,"event":{"mods":["AchievementEnabler","BaseMod","Bestiary","Better Altar","Better Match","Better Skull","Block Reminder","Bossed Relics","Colored Map","Colored Powertips","Curses Come First","Dark Map","DeckTracker","Defective Defect","Displayed Cursed Tome","Emptier Cage","Googly Eyes","Highlight Path","Minty Spire (QoL Compilation)","Quick Restart","Slay-I","StSLib","SuperFastMode","Synergy Search","Thieving Mod","Transform Curses","everything is the same but u backflip on backflip","slay the spire mod where everything is the same but ironclad has a cowboy hat"],"gold_per_floor":[118,132,132,147,3,34,34,69,96,96,127,127,153,164,164,269,269,286,201,300,14,31,63,83,83,109,140,140,140,173,225,225,225,225],"floor_reached":33,"language":"ENG","playtime":633,"items_purged":[],"score":512,"play_id":"0679bfea-5c01-4a55-a935-987d921799d4","local_time":"20210220235132","is_ascension_mode":true,"campfire_choices":[{"data":"Eruption","floor":10.0,"key":"SMITH"},{"data":"ClearTheMind","floor":12.0,"key":"SMITH"},{"data":"Vigilance","floor":15.0,"key":"SMITH"},{"data":"Vault","floor":25.0,"key":"SMITH"},{"data":"Worship","floor":28.0,"key":"SMITH"},{"data":"Conclude","floor":32.0,"key":"SMITH"}],"circlet_count":0,"master_deck":["Strike_P","Strike_P","Strike_P+1","Strike_P+1","Defend_P","Defend_P","Defend_P","Defend_P","Eruption+1","Vigilance+1","SashWhip","FollowUp+1","ClearTheMind+1","CrushJoints+1","CutThroughFate","FearNoEvil","Conclude+1","Vault+1","ThirdEye+1","Prostrate","Worship+1","BowlingBash","FlurryOfBlows+1","Writhe","DeceiveReality"],"relics":["PureWater","NeowsBlessing","Sling","Oddly Smooth Stone","Pen Nib","Whetstone","Yang","Nunchaku","Coffee Dripper","Lantern","StoneCalendar","Juzu Bracelet","Ancient Tea Set","MealTicket","White Beast Statue","Peace Pipe","Anchor"],"acts_visited":["Exordium","TheCity"],"potions_floor_usage":[33],"damage_taken":[{"damage":0.0,"enemies":"Small Slimes","floor":1.0,"turns":2.0},{"damage":0.0,"enemies":"Cultist","floor":2.0,"turns":1.0},{"damage":0.0,"enemies":"Jaw Worm","floor":4.0,"turns":1.0},{"damage":7.0,"enemies":"Lagavulin","floor":6.0,"turns":3.0},{"damage":11.0,"enemies":"3 Sentries","floor":8.0,"turns":5.0},{"damage":0.0,"enemies":"Gremlin Nob","floor":11.0,"turns":2.0},{"damage":0.0,"enemies":"3 Louse","floor":14.0,"turns":2.0},{"damage":18.0,"enemies":"Hexaghost","floor":16.0,"turns":8.0},{"damage":0.0,"enemies":"Shell Parasite","floor":18.0,"turns":3.0},{"damage":0.0,"enemies":"Spheric Guardian","floor":22.0,"turns":4.0},{"damage":0.0,"enemies":"Gremlin Leader","floor":23.0,"turns":4.0},{"damage":33.0,"enemies":"3 Cultists","floor":24.0,"turns":5.0},{"damage":16.0,"enemies":"Slavers","floor":27.0,"turns":5.0},{"damage":0.0,"enemies":"Gremlin Leader","floor":30.0,"turns":2.0},{"damage":9,"enemies":"Automaton","floor":33,"turns":5}],"seed_played":"-1259150033290428276","potions_obtained":[{"floor":2.0,"key":"Block Potion"},{"floor":3.0,"key":"AttackPotion"},{"floor":3.0,"key":"DuplicationPotion"},{"floor":8.0,"key":"FearPotion"},{"floor":11.0,"key":"Strength Potion"},{"floor":27.0,"key":"AttackPotion"},{"floor":30.0,"key":"Block Potion"}],"is_trial":false,"path_per_floor":["M","M","?","M","$","E","?","E","T","R","E","R","T","M","R","B",null,"M","?","?","$","M","E","M","R","T","E","R","?","E","T","R","B"],"character_chosen":"WATCHER","items_purchased":["Sling","StoneCalendar"],"campfire_rested":0,"item_purchase_floors":[5,21],"current_hp_per_floor":[65,65,65,65,65,58,44,33,33,33,33,33,33,33,33,15,58,58,58,58,58,58,58,25,25,25,9,9,9,9,9,9,0,0],"gold":225,"neow_bonus":"THREE_ENEMY_KILL","is_daily":false,"chose_seed":false,"campfire_upgraded":6,"win_rate":0.0,"timestamp":1613883092,"path_taken":["M","M","?","?","?","E","?","E","T","R","E","R","?","M","R","BOSS","M","?","?","$","M","E","M","R","T","E","R","?","E","?","R","BOSS"],"items_purchased_type":["Relic","Relic"],"build_version":"2020-12-22","purchased_purges":0,"victory":false,"max_hp_per_floor":[72,72,72,72,72,72,72,72,72,72,72,72,72,72,72,72,72,72,72,72,72,72,72,72,72,72,72,72,72,72,72,72,72,72],"card_choices":[{"not_picked":["Sanctity","Meditate"],"picked":"SashWhip","floor":1.0},{"not_picked":["BattleHymn","FearNoEvil"],"picked":"FollowUp","floor":2.0},{"not_picked":["EmptyBody","FollowUp"],"picked":"ClearTheMind","floor":4.0},{"not_picked":["FlurryOfBlows","FlyingSleeves","Establishment"],"picked":"SKIP","floor":6.0},{"not_picked":["EmptyFist","Study"],"picked":"CutThroughFate","floor":8.0},{"not_picked":["InnerPeace","Evaluate"],"picked":"FearNoEvil","floor":11.0},{"not_picked":["PathToVictory","FlurryOfBlows"],"picked":"Conclude","floor":14.0},{"not_picked":["DeusExMachina","LessonLearned"],"picked":"Vault","floor":16.0},{"not_picked":["FollowUp","Meditate"],"picked":"ThirdEye+1","floor":18.0},{"not_picked":["CutThroughFate","FlyingSleeves"],"picked":"Prostrate","floor":22.0},{"not_picked":["Alpha","ClearTheMind"],"picked":"Worship","floor":23.0},{"not_picked":["Crescendo","FollowUp+1"],"picked":"BowlingBash","floor":24.0},{"not_picked":["EmptyFist","TalkToTheHand"],"picked":"FlurryOfBlows+1","floor":27.0},{"not_picked":["Adaptation+1","PathToVictory"],"picked":"DeceiveReality","floor":30.0}],"player_experience":239583,"relics_obtained":[{"floor":6.0,"key":"Oddly Smooth Stone"},{"floor":8.0,"key":"Pen Nib"},{"floor":9.0,"key":"Whetstone"},{"floor":11.0,"key":"Yang"},{"floor":13.0,"key":"Nunchaku"},{"floor":23.0,"key":"Juzu Bracelet"},{"floor":26.0,"key":"Ancient Tea Set"},{"floor":27.0,"key":"MealTicket"},{"floor":30.0,"key":"Peace Pipe"},{"floor":31.0,"key":"Anchor"}],"event_choices":[{"damage_healed":0.0,"max_hp_gain":0.0,"max_hp_loss":0.0,"gold_gain":0.0,"event_name":"Lab","player_choice":"Got Potions","floor":3.0,"gold_loss":0.0,"damage_taken":0.0},{"damage_healed":0.0,"max_hp_gain":0.0,"max_hp_loss":0.0,"gold_gain":0.0,"event_name":"Shining Light","player_choice":"Entered Light","floor":7.0,"gold_loss":0.0,"damage_taken":14.0,"cards_upgraded":["CrushJoints","Strike_P"]},{"damage_healed":0.0,"max_hp_gain":0.0,"max_hp_loss":0.0,"gold_gain":0.0,"event_name":"Addict","player_choice":"Obtained Relic","floor":19.0,"gold_loss":85.0,"damage_taken":0.0,"relics_obtained":["Lantern"]},{"damage_healed":0.0,"max_hp_gain":0.0,"max_hp_loss":0.0,"gold_gain":99.0,"event_name":"Nest","player_choice":"Stole From Cult","floor":20.0,"gold_loss":0.0,"damage_taken":0.0},{"damage_healed":0.0,"max_hp_gain":0.0,"max_hp_loss":0.0,"gold_gain":0.0,"event_name":"The Mausoleum","player_choice":"Opened","floor":29.0,"gold_loss":0.0,"damage_taken":0.0,"relics_obtained":["White Beast Statue"],"cards_obtained":["Writhe"]}],"is_beta":false,"boss_relics":[{"not_picked":["SacredBark","Velvet Choker"],"picked":"Coffee Dripper"}],"items_purged_floors":[],"is_endless":false,"potions_floor_spawned":[2,8,11,23,27,30],"killed_by":"Automaton","ascension_level":6}}