{"host":"l15sdf2mmi0nobpi","time":1613907167,"event":{"mods":["BaseMod","Highlight Path","Minty Spire (QoL Compilation)","MostiFishMod","Quick Restart","StSLib","¡¾¹¦ÄÜMod¡¿Neow½±Àø"],"gold_per_floor":[113,113,113,128,53,53,97,109,144,191,227,258,6,6,6,100,100,115,115,115,133,149,193,193,231,285,329,345,389,389,407,407,500,500,519,394,425,450,465,465,500,525,525,569,569,569,605,626,626,626,626],"floor_reached":50,"language":"ZHS","playtime":1401,"items_purged":["Strike_R","Strike_R","Strike_R"],"score":1861,"play_id":"b8e10e8f-b6b1-4da7-b6f9-ef038bc4d99f","local_time":"20210221193247","is_ascension_mode":true,"campfire_choices":[{"data":"Rampage","floor":6.0,"key":"SMITH"},{"data":"Feed","floor":8.0,"key":"SMITH"},{"data":"Sword Boomerang","floor":15.0,"key":"SMITH"},{"data":"Seeing Red","floor":24.0,"key":"SMITH"},{"data":"Burning Pact","floor":30.0,"key":"SMITH"},{"data":"Feel No Pain","floor":32.0,"key":"SMITH"},{"floor":40.0,"key":"RECALL"},{"data":"Exhume","floor":46.0,"key":"SMITH"},{"data":"Feel No Pain","floor":49.0,"key":"SMITH"}],"circlet_count":0,"master_deck":["AscendersBane","Strike_R","Defend_R","Defend_R","Defend_R","Defend_R","Bash","Rampage+1","Warcry","Feel No Pain+1","Feed+1","Sword Boomerang+1","Exhume+1","Feed+1","Shrug It Off","Seeing Red+1","Burning Pact+1","Seeing Red+1","Second Wind","Feel No Pain+1"],"relics":["Burning Blood","DaveBox","PatriotShield","SynthV:TestCard","Golden Idol","MawBank","Lantern","Pear","SynthV","Runic Pyramid","PreservedInsect","Paper Frog","Happy Flower","Nunchaku","White Beast Statue","Cursed Key","HollowDreamFlower","SynthV:C4","HornCleat","DaCapo"],"acts_visited":["Exordium","TheCity","TheBeyond"],"potions_floor_usage":[],"damage_taken":[{"damage":0.0,"enemies":"2 Louse","floor":1.0,"turns":2.0},{"damage":0.0,"enemies":"Jaw Worm","floor":4.0,"turns":1.0},{"damage":0.0,"enemies":"Gremlin Nob","floor":7.0,"turns":2.0},{"damage":0.0,"enemies":"Lagavulin","floor":10.0,"turns":5.0},{"damage":0.0,"enemies":"Small Slimes","floor":11.0,"turns":1.0},{"damage":2.0,"enemies":"Exordium Wildlife","floor":12.0,"turns":2.0},{"damage":0.0,"enemies":"Slime Boss","floor":16.0,"turns":4.0},{"damage":7.0,"enemies":"Chosen","floor":18.0,"turns":4.0},{"damage":0.0,"enemies":"2 Thieves","floor":21.0,"turns":2.0},{"damage":0.0,"enemies":"3 Cultists","floor":22.0,"turns":3.0},{"damage":0.0,"enemies":"Gremlin Leader","floor":23.0,"turns":3.0},{"damage":0.0,"enemies":"Book of Stabbing","floor":25.0,"turns":2.0},{"damage":15.0,"enemies":"Slavers","floor":27.0,"turns":3.0},{"damage":0.0,"enemies":"Centurion and Healer","floor":28.0,"turns":2.0},{"damage":0.0,"enemies":"Book of Stabbing","floor":29.0,"turns":2.0},{"damage":0.0,"enemies":"Chosen and Byrds","floor":31.0,"turns":3.0},{"damage":0.0,"enemies":"Automaton","floor":33.0,"turns":5.0},{"damage":9.0,"enemies":"3 Shapes","floor":35.0,"turns":3.0},{"damage":0.0,"enemies":"Mind Bloom Boss Battle","floor":37.0,"turns":2.0},{"damage":0.0,"enemies":"3 Darklings","floor":38.0,"turns":2.0},{"damage":0.0,"enemies":"Jaw Worm Horde","floor":39.0,"turns":3.0},{"damage":6.0,"enemies":"Giant Head","floor":41.0,"turns":3.0},{"damage":4.0,"enemies":"Writhing Mass","floor":42.0,"turns":2.0},{"damage":24.0,"enemies":"Nemesis","floor":44.0,"turns":3.0},{"damage":0.0,"enemies":"Giant Head","floor":47.0,"turns":2.0},{"damage":0.0,"enemies":"Transient","floor":48.0,"turns":5.0},{"damage":0,"enemies":"Awakened One","floor":50,"turns":1}],"seed_played":"5197465880374962572","potions_obtained":[{"floor":4.0,"key":"EntropicBrew"},{"floor":11.0,"key":"Weak Potion"},{"floor":16.0,"key":"Dexterity Potion"},{"floor":31.0,"key":"Regen Potion"}],"is_trial":false,"path_per_floor":["M","?","?","M","$","R","E","R","T","E","M","M","$","T","R","B",null,"M","?","?","M","M","E","R","E","T","E","M","E","R","M","R","B",null,"M","$","?","M","M","R","E","M","T","E","?","R","E","M","R","B"],"character_chosen":"IRONCLAD","items_purchased":["SynthV"],"campfire_rested":0,"item_purchase_floors":[13],"current_hp_per_floor":[74,48,41,47,47,47,53,53,53,69,75,83,83,83,83,93,93,96,96,96,105,113,117,117,121,121,124,138,145,145,153,153,157,157,166,166,173,177,189,189,193,193,193,179,179,179,191,195,195,195,195],"gold":626,"neow_bonus":"THREE_CARDS","is_daily":false,"chose_seed":false,"campfire_upgraded":8,"win_rate":0.0,"timestamp":1613907167,"path_taken":["M","?","?","M","$","R","E","R","T","E","M","M","$","?","R","BOSS","M","?","?","M","M","E","R","E","T","E","M","E","R","M","R","BOSS","M","$","?","M","M","R","E","M","T","E","?","R","E","M","R","BOSS"],"items_purchased_type":["Relic"],"build_version":"2020-12-22","purchased_purges":3,"victory":false,"max_hp_per_floor":[75,75,75,75,75,75,75,75,75,85,85,89,89,89,89,93,93,97,97,97,105,113,117,117,121,121,133,141,145,145,153,153,157,157,169,169,173,177,189,189,193,193,193,197,187,187,191,195,195,195,195],"card_choices":[{"not_picked":["Twin Strike","Carnage"],"picked":"Rampage","floor":0.0},{"not_picked":["Clothesline","Hemokinesis"],"picked":"Warcry","floor":1.0},{"not_picked":["Carnage","Blood for Blood","Clash","Twin Strike"],"picked":"Feel No Pain","floor":4.0},{"not_picked":["Searing Blow","Havoc","Warcry","Anger"],"picked":"Feed","floor":7.0},{"not_picked":["Evolve","Searing Blow","Perfected Strike","Cleave"],"picked":"Sword Boomerang","floor":10.0},{"not_picked":["Perfected Strike","Rupture","Wild Strike","Headbutt","Warcry"],"picked":"SKIP","floor":11.0},{"not_picked":["Dropkick","Clash","Anger","Disarm","Clothesline"],"picked":"SKIP","floor":12.0},{"not_picked":["Feed","MostiFishMod:UltimateDefense","Corruption","MostiFishMod:RacingGame"],"picked":"Exhume","floor":16.0},{"not_picked":["Wild Strike","Thunderclap","Perfected Strike","Clothesline","Searing Blow"],"picked":"SKIP","floor":18.0},{"not_picked":["Clothesline","Warcry","Sword Boomerang","Anger"],"picked":"Shrug It Off","floor":21.0},{"not_picked":["Twin Strike","Flame Barrier","Wild Strike","Havoc","Cleave"],"picked":"SKIP","floor":22.0},{"not_picked":["Infernal Blade","Rupture","Body Slam+1","Headbutt"],"picked":"Seeing Red","floor":23.0},{"not_picked":["Feel No Pain","Inflame","Perfected Strike","Dropkick"],"picked":"Burning Pact","floor":25.0},{"not_picked":["Anger","Thunderclap","Sword Boomerang","Armaments"],"picked":"Seeing Red+1","floor":27.0},{"not_picked":["Exhume","Anger","True Grit","Thunderclap","Heavy Blade"],"picked":"SKIP","floor":28.0},{"not_picked":["Anger+1","Feel No Pain","Double Tap","Whirlwind","Power Through"],"picked":"SKIP","floor":29.0},{"not_picked":["Havoc","Dropkick","Burning Pact","Rage","Whirlwind"],"picked":"SKIP","floor":31.0},{"not_picked":["Twin Strike","Shockwave","Clothesline","Anger","Clash"],"picked":"SKIP","floor":35.0},{"not_picked":["Carnage","MostiFishMod:OrdinaryWorld","Shrug It Off","MostiFishMod:#F4004","Wild Strike"],"picked":"SKIP","floor":38.0},{"not_picked":["Seeing Red","Anger","Carnage+1","Havoc","Infernal Blade+1"],"picked":"SKIP","floor":39.0},{"not_picked":["Armaments","Perfected Strike","Cleave+1","Pommel Strike"],"picked":"Second Wind","floor":41.0},{"not_picked":["Sword Boomerang","Intimidate","Power Through","MostiFishMod:Mania","Anger+1"],"picked":"SKIP","floor":42.0},{"not_picked":["True Grit","Flex","Warcry","Blood for Blood","MostiFishMod:FireWorks"],"picked":"SKIP","floor":44.0},{"not_picked":["Flex","Anger","Armaments+1","Combust"],"picked":"Feel No Pain","floor":47.0},{"not_picked":["Headbutt","Ghostly Armor","Havoc","Intimidate+1","Sword Boomerang+1"],"picked":"SKIP","floor":48.0}],"player_experience":578756,"relics_obtained":[{"floor":1.0,"key":"SynthV:TestCard"},{"floor":7.0,"key":"MawBank"},{"floor":9.0,"key":"Lantern"},{"floor":10.0,"key":"Pear"},{"floor":23.0,"key":"PreservedInsect"},{"floor":25.0,"key":"Paper Frog"},{"floor":26.0,"key":"Happy Flower"},{"floor":27.0,"key":"Nunchaku"},{"floor":29.0,"key":"White Beast Statue"},{"floor":37.0,"key":"HollowDreamFlower"},{"floor":41.0,"key":"SynthV:C4"},{"floor":44.0,"key":"HornCleat"},{"floor":47.0,"key":"DaCapo"}],"event_choices":[{"damage_healed":0.0,"max_hp_gain":0.0,"max_hp_loss":0.0,"gold_gain":0.0,"event_name":"Golden Idol","player_choice":"Take Damage","floor":2.0,"gold_loss":0.0,"damage_taken":26.0,"relics_obtained":["Golden Idol"]},{"cards_removed":["Strike_R"],"damage_healed":0.0,"max_hp_gain":0.0,"max_hp_loss":0.0,"gold_gain":0.0,"event_name":"Golden Wing","player_choice":"Card Removal","floor":3.0,"gold_loss":0.0,"damage_taken":7.0},{"damage_healed":0.0,"max_hp_gain":0.0,"max_hp_loss":0.0,"gold_gain":0.0,"event_name":"Vampires","player_choice":"Ignored","floor":19.0,"gold_loss":0.0,"damage_taken":0.0},{"damage_healed":0.0,"max_hp_gain":0.0,"max_hp_loss":0.0,"gold_gain":0.0,"event_name":"Duplicator","player_choice":"Copied","floor":20.0,"gold_loss":0.0,"damage_taken":0.0,"cards_obtained":["Feed"]},{"damage_healed":0.0,"max_hp_gain":0.0,"max_hp_loss":0.0,"gold_gain":0.0,"event_name":"MindBloom","player_choice":"Fight","floor":37.0,"gold_loss":0.0,"damage_taken":0.0},{"damage_healed":0.0,"max_hp_gain":0.0,"max_hp_loss":10.0,"gold_gain":0.0,"event_name":"Winding Halls","player_choice":"Max HP","floor":45.0,"gold_loss":0.0,"damage_taken":0.0}],"is_beta":false,"boss_relics":[{"not_picked":["Velvet Choker","Tiny House"],"picked":"Runic Pyramid"},{"not_picked":["Transparent","Pandora\u0027s Box"],"picked":"Cursed Key"}],"items_purged_floors":[5,13,36],"is_endless":false,"potions_floor_spawned":[4,11,16,18,22,31,33,35,37,38,39,41,42,44,47,48],"killed_by":"Awakened One","ascension_level":20}}