{"host":"u7lm8z2rvb4dg2oo","time":1613890201,"event":{"mods":["AchievementEnabler","BaseMod","Bestiary","Block Reminder","Colored Map","Colored Powertips","Curses Come First","DeckTracker","Googly Eyes","Highlight Path","Minty Spire (QoL Compilation)","Quick Restart","StSLib"],"gold_per_floor":[111,111,134,23,23,23,58,58,131,172,197,197,217,258,258,354,354,369,419,435,453,50,50,50,50],"floor_reached":24,"language":"ENG","playtime":832,"items_purged":["Strike_G"],"score":488,"play_id":"4236d141-d6fd-40c6-9334-48e743f73dab","local_time":"20210221015001","is_ascension_mode":true,"campfire_choices":[{"data":"Accuracy","floor":6,"key":"SMITH"},{"floor":8,"key":"REST"},{"floor":15,"key":"REST"},{"floor":23,"key":"REST"}],"circlet_count":0,"master_deck":["AscendersBane","Strike_G","Strike_G","Strike_G","Strike_G","Defend_G","Defend_G","Defend_G","Defend_G","Defend_G","Survivor","Neutralize","Accuracy+1","Blade Dance","Noxious Fumes","Dash","Accuracy","Storm of Steel","Die Die Die","Caltrops","Infinite Blades"],"relics":["Ring of the Snake","NeowsBlessing","Golden Idol","Turnip","Vajra","InkBottle","Pen Nib","CaptainsWheel","Peace Pipe","Black Star","Bird Faced Urn"],"acts_visited":["Exordium","TheCity"],"potions_floor_usage":[11,14,18,21],"damage_taken":[{"damage":0,"enemies":"Jaw Worm","floor":1,"turns":1},{"damage":0,"enemies":"Cultist","floor":3,"turns":1},{"damage":0,"enemies":"3 Sentries","floor":7,"turns":2},{"damage":17,"enemies":"Lagavulin","floor":10,"turns":6},{"damage":3,"enemies":"2 Louse","floor":11,"turns":2},{"damage":0,"enemies":"Large Slime","floor":13,"turns":3},{"damage":0,"enemies":"Gremlin Nob","floor":14,"turns":2},{"damage":30,"enemies":"Hexaghost","floor":16,"turns":7},{"damage":0,"enemies":"Chosen","floor":18,"turns":3},{"damage":17,"enemies":"3 Byrds","floor":20,"turns":4},{"damage":27,"enemies":"Centurion and Healer","floor":21,"turns":5},{"damage":32,"enemies":"Slavers","floor":24,"turns":2}],"seed_played":"3063308398481277847","potions_obtained":[{"floor":10,"key":"CunningPotion"},{"floor":13,"key":"AttackPotion"},{"floor":16,"key":"SteroidPotion"},{"floor":20,"key":"Poison Potion"}],"is_trial":false,"path_per_floor":["M","?","M","$","?","R","E","R","T","E","M","T","M","E","R","B",null,"M","?","M","M","$","R","E"],"character_chosen":"THE_SILENT","items_purchased":["Accuracy","Bird Faced Urn","Infinite Blades"],"campfire_rested":3,"item_purchase_floors":[4,22,22],"current_hp_per_floor":[59,36,36,36,31,31,31,50,50,33,30,30,30,30,49,19,54,54,54,37,10,10,29,0,0],"gold":50,"neow_bonus":"THREE_ENEMY_KILL","is_daily":false,"chose_seed":false,"campfire_upgraded":1,"win_rate":0.0,"timestamp":1613890201,"path_taken":["M","?","M","$","?","R","E","R","T","E","M","?","M","E","R","BOSS","M","?","M","M","$","R","E"],"items_purchased_type":["Card","Relic","Card"],"build_version":"2020-12-22","purchased_purges":1,"victory":false,"max_hp_per_floor":[66,66,66,66,66,66,66,66,66,66,66,66,66,66,66,66,66,66,66,66,66,66,66,66,66],"card_choices":[{"not_picked":["Dagger Spray","Acrobatics","Masterful Stab"],"picked":"SKIP","floor":1},{"not_picked":["Dagger Spray","Sucker Punch","Flechettes"],"picked":"SKIP","floor":3},{"not_picked":["Sucker Punch","Underhanded Strike"],"picked":"Blade Dance","floor":7},{"not_picked":["Predator","Tactician"],"picked":"Noxious Fumes","floor":10},{"not_picked":["Escape Plan","Deflect"],"picked":"Dash","floor":11},{"not_picked":["Infinite Blades","Heel Hook"],"picked":"Accuracy","floor":13},{"not_picked":["Outmaneuver","Sucker Punch"],"picked":"Storm of Steel","floor":14},{"not_picked":["Tools of the Trade","Glass Knife"],"picked":"Die Die Die","floor":16},{"not_picked":["Well Laid Plans","Flying Knee"],"picked":"Caltrops","floor":18},{"not_picked":["Flying Knee","Sucker Punch","Skewer"],"picked":"SKIP","floor":20},{"not_picked":["Dodge and Roll+1","Reflex","Noxious Fumes"],"picked":"SKIP","floor":21}],"player_experience":769425,"relics_obtained":[{"floor":7,"key":"Vajra"},{"floor":9,"key":"InkBottle"},{"floor":10,"key":"Pen Nib"},{"floor":12,"key":"CaptainsWheel"},{"floor":14,"key":"Peace Pipe"}],"event_choices":[{"damage_healed":0,"gold_gain":0,"player_choice":"Take Damage","damage_taken":23,"relics_obtained":["Golden Idol"],"max_hp_gain":0,"max_hp_loss":0,"event_name":"Golden Idol","floor":2,"gold_loss":0},{"damage_healed":0,"gold_gain":0,"player_choice":"Success","damage_taken":5,"relics_obtained":["Turnip"],"max_hp_gain":0,"max_hp_loss":0,"event_name":"Scrap Ooze","floor":5,"gold_loss":0},{"damage_healed":0,"gold_gain":50,"player_choice":"Pray","damage_taken":0,"max_hp_gain":0,"max_hp_loss":0,"event_name":"Golden Shrine","floor":19,"gold_loss":0}],"is_beta":false,"boss_relics":[{"not_picked":["Fusion Hammer","Cursed Key"],"picked":"Black Star"}],"items_purged_floors":[4],"is_endless":false,"potions_floor_spawned":[10,13,16,20],"killed_by":"Slavers","ascension_level":17}}