{"host":"uafoej811sw8via1","time":1613887843,"event":{"mods":["BaseMod","Minty Spire (QoL Compilation)","Relic Stats","StSLib"],"gold_per_floor":[115,115,132,149,162,193,193,226,226,226,252,252,177,177,177,254,254,264,279,279,293,26,26,26,57,57,82,132,157,157,177,177,254,254,265,276,290,211,211,242,242,271,297,326,340,353,365,377,377,377,377,377,377,0,33,33,33],"floor_reached":56,"language":"ENG","playtime":4156,"items_purged":["Strike_R","Strike_R"],"score":2330,"play_id":"afe5b626-d824-4f50-8697-a4e2f6ef7be9","local_time":"20210221011043","is_ascension_mode":true,"campfire_choices":[{"data":"Wild Strike","floor":7.0,"key":"SMITH"},{"data":"Whirlwind","floor":10.0,"key":"SMITH"},{"data":"Spot Weakness","floor":12.0,"key":"SMITH"},{"data":"Bash","floor":15.0,"key":"SMITH"},{"data":"Inflame","floor":23,"key":"SMITH"},{"data":"Dark Embrace","floor":30,"key":"SMITH"},{"data":"Havoc","floor":32,"key":"SMITH"},{"data":"Demon Form","floor":41,"key":"SMITH"},{"floor":49,"key":"RECALL"},{"data":"True Grit","floor":53,"key":"SMITH"}],"circlet_count":0,"master_deck":["AscendersBane","Strike_R","Strike_R","Strike_R","Defend_R","Defend_R","Defend_R","Defend_R","Bash+1","Fiend Fire+1","Dark Embrace+1","Clothesline","Offering","Spot Weakness+1","Wild Strike+1","Whirlwind+1","Reaper","Cleave+1","Shrug It Off","Inflame+1","Battle Trance+1","Feed","Thunderclap","Pommel Strike+1","Havoc+1","Demon Form+1","True Grit+1","Power Through+1","Dark Embrace+1","Pommel Strike+1","Impervious","Secret Weapon","Clumsy","Havoc+1","Sever Soul+1","Evolve+1","Heavy Blade+1","Metallicize","Disarm+1","Shrug It Off+1","Exhume+1"],"relics":["Burning Blood","Juzu Bracelet","Bag of Preparation","Ancient Tea Set","Mercury Hourglass","Coffee Dripper","Membership Card","Centennial Puzzle","FossilizedHelix","Mummified Hand","HornCleat","StrikeDummy","Cursed Key","Orrery","Art of War","Toxic Egg 2","The Courier","OrangePellets","Pen Nib","Kunai","Blue Candle"],"acts_visited":["Exordium","TheCity","TheBeyond","TheEnding"],"potions_floor_usage":[27,29,36,37,48,51,51],"damage_taken":[{"damage":7.0,"enemies":"Jaw Worm","floor":1.0,"turns":3.0},{"damage":0.0,"enemies":"Cultist","floor":3.0,"turns":2.0},{"damage":6.0,"enemies":"2 Louse","floor":4.0,"turns":3.0},{"damage":12.0,"enemies":"2 Fungi Beasts","floor":5.0,"turns":3.0},{"damage":6.0,"enemies":"Lagavulin","floor":6.0,"turns":4.0},{"damage":6.0,"enemies":"Gremlin Nob","floor":8.0,"turns":2.0},{"damage":16.0,"enemies":"Lagavulin","floor":11.0,"turns":3.0},{"damage":44,"enemies":"Hexaghost","floor":16,"turns":6},{"damage":6,"enemies":"Shell Parasite","floor":18,"turns":1},{"damage":12,"enemies":"2 Thieves","floor":19,"turns":2},{"damage":14,"enemies":"Snecko","floor":21,"turns":3},{"damage":20,"enemies":"Gremlin Leader","floor":25,"turns":5},{"damage":27,"enemies":"Book of Stabbing","floor":27,"turns":4},{"damage":0,"enemies":"Slavers","floor":29,"turns":1},{"damage":0,"enemies":"Shelled Parasite and Fungi","floor":31,"turns":1},{"damage":34,"enemies":"Collector","floor":33,"turns":7},{"damage":11,"enemies":"3 Shapes","floor":35,"turns":4},{"damage":0,"enemies":"Orb Walker","floor":36,"turns":1},{"damage":0,"enemies":"Spire Growth","floor":37,"turns":2},{"damage":0,"enemies":"Reptomancer","floor":40,"turns":2},{"damage":6,"enemies":"Giant Head","floor":42,"turns":4},{"damage":20,"enemies":"Reptomancer","floor":44,"turns":4},{"damage":0,"enemies":"3 Darklings","floor":45,"turns":2},{"damage":2,"enemies":"Writhing Mass","floor":46,"turns":5},{"damage":0,"enemies":"Sphere and 2 Shapes","floor":47,"turns":2},{"damage":0,"enemies":"Transient","floor":48,"turns":6},{"damage":25,"enemies":"Donu and Deca","floor":50,"turns":5},{"damage":72,"enemies":"Time Eater","floor":51,"turns":8},{"damage":46,"enemies":"Shield and Spear","floor":55,"turns":4},{"damage":116,"enemies":"The Heart","floor":56,"turns":6}],"seed_played":"2754842606931891819","potions_obtained":[{"floor":3.0,"key":"Block Potion"},{"floor":4.0,"key":"FearPotion"},{"floor":11.0,"key":"Block Potion"},{"floor":16,"key":"DistilledChaos"},{"floor":25,"key":"DuplicationPotion"},{"floor":31,"key":"SneckoOil"},{"floor":33,"key":"SteroidPotion"},{"floor":37,"key":"Weak Potion"},{"floor":45,"key":"Regen Potion"},{"floor":47,"key":"Swift Potion"},{"floor":48,"key":"GamblersBrew"}],"is_trial":false,"path_per_floor":["M","?","M","M","M","E","R","E","T","R","E","R","$","?","R","B",null,"M","M","?","M","$","R","?","E","T","E","?","E","R","M","R","B",null,"M","M","M","$","?","E","R","E","T","E","M","M","M","M","R","B","B",null,"R","$","E","B"],"character_chosen":"IRONCLAD","items_purchased":["Membership Card","Battle Trance","Centennial Puzzle","Orrery","OrangePellets","Metallicize","Disarm+1","Shrug It Off+1","Pen Nib","Kunai"],"campfire_rested":0,"item_purchase_floors":[22,22,22,38,54,54,54,54,54,54],"current_hp_per_floor":[67,67,68,68,62,62,62,62,62,62,52,52,52,52,52,14,55,55,49,49,53,53,53,53,68,68,47,47,53,53,66,66,41,66,77,80,83,83,73,79,79,83,83,82,89,89,92,92,92,73,38,79,79,79,80,0,0],"gold":33,"neow_bonus":"THREE_RARE_CARDS","is_daily":false,"chose_seed":false,"campfire_upgraded":9,"win_rate":0.0,"timestamp":1613887843,"path_taken":["M","?","M","?","M","E","R","E","T","R","E","R","$","?","R","BOSS","M","M","?","M","$","R","?","E","T","E","?","E","R","M","R","BOSS","M","M","M","$","?","E","R","E","T","E","M","M","M","M","R","BOSS","BOSS","R","$","E","BOSS"],"items_purchased_type":["Relic","Card","Relic","Relic","Relic","Card","Card","Card","Relic","Relic"],"build_version":"2020-12-22","purchased_purges":2,"victory":false,"max_hp_per_floor":[68,68,68,68,68,68,68,68,68,68,68,68,68,68,68,68,68,68,68,68,68,68,68,68,68,68,68,68,68,68,71,71,74,74,77,80,83,83,83,83,83,83,83,86,89,89,92,92,92,92,92,92,92,92,95,95,95],"relic_stats":{"counters":[30,105],"Blue Candle":[0],"Pen Nib":[2],"Juzu Bracelet":1,"Bag of Preparation":[48],"Cursed Key":1,"Burning Blood":124,"Mercury Hourglass":[332],"OrangePellets":[4],"Centennial Puzzle":[33],"Mummified Hand":[71],"Art of War":[5],"Kunai":[4],"obtain_stats":[{"Blue Candle":55,"The Courier":44,"Pen Nib":54,"Juzu Bracelet":6,"Bag of Preparation":8,"Ancient Tea Set":9,"Cursed Key":34,"Burning Blood":0,"Mercury Hourglass":11,"OrangePellets":54,"Centennial Puzzle":22,"HornCleat":27,"Mummified Hand":26,"Orrery":38,"Coffee Dripper":17,"Art of War":40,"Membership Card":22,"Kunai":54,"Toxic Egg 2":42,"StrikeDummy":29,"FossilizedHelix":25},{"Blue Candle":29,"The Courier":22,"Pen Nib":28,"Juzu Bracelet":5,"Bag of Preparation":6,"Ancient Tea Set":6,"Cursed Key":16,"Burning Blood":0,"Mercury Hourglass":7,"OrangePellets":28,"Centennial Puzzle":11,"HornCleat":13,"Mummified Hand":12,"Orrery":19,"Coffee Dripper":8,"Art of War":20,"Membership Card":11,"Kunai":28,"Toxic Egg 2":21,"StrikeDummy":14,"FossilizedHelix":12},{"Blue Candle":99,"The Courier":67,"Pen Nib":95,"Juzu Bracelet":15,"Bag of Preparation":17,"Ancient Tea Set":17,"Cursed Key":50,"Burning Blood":0,"Mercury Hourglass":20,"OrangePellets":95,"Centennial Puzzle":32,"HornCleat":41,"Mummified Hand":37,"Orrery":57,"Coffee Dripper":26,"Art of War":59,"Membership Card":32,"Kunai":95,"Toxic Egg 2":63,"StrikeDummy":42,"FossilizedHelix":37}]},"card_choices":[{"not_picked":["Juggernaut","Offering"],"picked":"Fiend Fire","floor":0.0},{"not_picked":["Flex","Dual Wield"],"picked":"Dark Embrace","floor":1.0},{"not_picked":["Infernal Blade","Body Slam"],"picked":"Clothesline","floor":3.0},{"not_picked":["Perfected Strike","Shrug It Off"],"picked":"Offering","floor":4.0},{"not_picked":["Entrench","Rupture"],"picked":"Spot Weakness","floor":5.0},{"not_picked":["Clash","Thunderclap"],"picked":"Wild Strike","floor":6.0},{"not_picked":["Perfected Strike","Limit Break"],"picked":"Whirlwind","floor":8.0},{"not_picked":["Dual Wield","Juggernaut","Cleave"],"picked":"SKIP","floor":11.0},{"not_picked":["Bludgeon","Offering"],"picked":"Reaper","floor":16},{"not_picked":["Clothesline","Flex"],"picked":"Cleave+1","floor":18},{"not_picked":["Body Slam","Iron Wave"],"picked":"Shrug It Off","floor":19},{"not_picked":["Sword Boomerang","Shrug It Off"],"picked":"Inflame","floor":21},{"not_picked":["Anger","Sword Boomerang"],"picked":"Feed","floor":25},{"not_picked":["Spot Weakness","Sever Soul"],"picked":"Thunderclap","floor":27},{"not_picked":["Flex","Corruption"],"picked":"Pommel Strike+1","floor":29},{"not_picked":["Headbutt","Pommel Strike"],"picked":"Havoc","floor":31},{"not_picked":["Reaper","Immolate"],"picked":"Demon Form","floor":33},{"not_picked":["Clash","Inflame"],"picked":"True Grit","floor":35},{"not_picked":["Sentinel","Metallicize","Clash+1"],"picked":"SKIP","floor":36},{"not_picked":["Headbutt+1","Heavy Blade"],"picked":"Power Through+1","floor":37},{"not_picked":["Blood for Blood+1","Shrug It Off"],"picked":"Dark Embrace+1","floor":38},{"not_picked":["Perfected Strike","Sword Boomerang"],"picked":"Pommel Strike+1","floor":38},{"not_picked":["Wild Strike","Flex"],"picked":"Impervious","floor":38},{"not_picked":["Trip","Impatience"],"picked":"Secret Weapon","floor":39},{"not_picked":["Anger","Whirlwind","Flame Barrier"],"picked":"SKIP","floor":40},{"not_picked":["Reckless Charge","Iron Wave","Spot Weakness+1"],"picked":"SKIP","floor":42},{"not_picked":["Havoc+1","Twin Strike+1","Power Through+1"],"picked":"SKIP","floor":44},{"not_picked":["Clash","Uppercut"],"picked":"Havoc+1","floor":45},{"not_picked":["Body Slam","Rampage"],"picked":"Sever Soul+1","floor":46},{"not_picked":["Uppercut","Headbutt"],"picked":"Evolve+1","floor":47},{"not_picked":["Inflame","Pommel Strike"],"picked":"Heavy Blade+1","floor":48},{"not_picked":["Iron Wave","Armaments+1"],"picked":"Exhume+1","floor":55}],"player_experience":1082638,"relics_obtained":[{"floor":6.0,"key":"Juzu Bracelet"},{"floor":8.0,"key":"Bag of Preparation"},{"floor":9.0,"key":"Ancient Tea Set"},{"floor":11.0,"key":"Mercury Hourglass"},{"floor":25,"key":"FossilizedHelix"},{"floor":26,"key":"Mummified Hand"},{"floor":27,"key":"HornCleat"},{"floor":29,"key":"StrikeDummy"},{"floor":40,"key":"Art of War"},{"floor":42,"key":"Toxic Egg 2"},{"floor":44,"key":"The Courier"},{"floor":55,"key":"Blue Candle"}],"event_choices":[{"damage_healed":0.0,"max_hp_gain":0.0,"max_hp_loss":0.0,"gold_gain":0.0,"event_name":"Upgrade Shrine","player_choice":"Upgraded","floor":2.0,"gold_loss":0.0,"damage_taken":0.0,"cards_upgraded":["Fiend Fire"]},{"damage_healed":0.0,"max_hp_gain":0.0,"max_hp_loss":0.0,"gold_gain":0.0,"event_name":"Liars Game","player_choice":"Ignored","floor":14.0,"gold_loss":0.0,"damage_taken":0.0},{"damage_healed":0,"gold_gain":0,"player_choice":"Ignored","damage_taken":0,"max_hp_gain":0,"max_hp_loss":0,"event_name":"Ghosts","floor":20,"gold_loss":0},{"damage_healed":0,"gold_gain":0,"player_choice":"Upgraded","damage_taken":0,"max_hp_gain":0,"max_hp_loss":0,"event_name":"Upgrade Shrine","floor":24,"gold_loss":0,"cards_upgraded":["Battle Trance"]},{"damage_healed":0,"gold_gain":50,"player_choice":"Stole From Cult","damage_taken":0,"max_hp_gain":0,"max_hp_loss":0,"event_name":"Nest","floor":28,"gold_loss":0},{"damage_healed":0,"gold_gain":0,"player_choice":"Memory 3","damage_taken":10,"max_hp_gain":0,"max_hp_loss":0,"event_name":"SensoryStone","floor":39,"gold_loss":0}],"is_beta":false,"boss_relics":[{"not_picked":["Ectoplasm","SlaversCollar"],"picked":"Coffee Dripper"},{"not_picked":["Busted Crown","Tiny House"],"picked":"Cursed Key"}],"items_purged_floors":[13,54],"is_endless":false,"potions_floor_spawned":[3,4,11,16,21,25,31,33,37,45,47,48],"killed_by":"The Heart","ascension_level":20}}