{"host":"684z1xpuwaoqmmh1","time":1613938399,"event":{"mods":["BaseMod","CatGirl Mod","Downfall","Hermit","Jorbs\u0027s Wanderer Trilogy","Marisa????????","Minty Spire (QoL Compilation)","Robot Space Explorer","Shade Mod","Shapeshifter Mod","StSLib","The Bug Knight","The Clintock","The Dragon Tamer","The Elementalist","The Hayseed","The Hierophant","The Marked","The Mystic","The Poker Player","The Runesmith","The Sage","The Saiyan","The Showman","The Spell Scribe","The Valiant","The Vixen","TheBandit","TheFirefly","TheVacant"],"gold_per_floor":[67,29,29,45,45,45,90,111,136,183,215,265,340,375,375,507,507,537,537,537,155,174,174,218,218,218,266,286,334,334,354,354,489,489,518,851,851,160,221,221,252,104,151,151,172,208,208,235,235,235,235,235,19,62,62],"floor_reached":56,"language":"ENG","playtime":3779,"items_purged":["Strike_Valiant","Strike_Valiant"],"score":1407,"play_id":"1e6ee5e5-a9b1-4f84-988f-f0acb53b387e","local_time":"20210221221319","is_ascension_mode":true,"campfire_choices":[{"data":"FullAwakening","floor":6.0,"key":"SMITH"},{"data":"HolyStorm","floor":15.0,"key":"SMITH"},{"data":"PeacefulStance","floor":23.0,"key":"SMITH"},{"data":"ZealousSmite","floor":25.0,"key":"SMITH"},{"data":"Quickstep","floor":30.0,"key":"SMITH"},{"data":"BlindingLight","floor":32.0,"key":"SMITH"},{"floor":40,"key":"RECALL"},{"data":"Vindication","floor":44,"key":"SMITH"},{"data":"HolyStorm","floor":47,"key":"SMITH"},{"data":"MaddeningRevelation","floor":49,"key":"SMITH"},{"data":"Retaliate","floor":52,"key":"SMITH"}],"circlet_count":0,"master_deck":["Strike_Valiant","Strike_Valiant","Defend_Valiant","Defend_Valiant","Defend_Valiant","Defend_Valiant","BlindingLight+1","MinorHealing","MinorHealing","FullAwakening+1","Retaliate+1","Vindication+1","DivineFavor","MaddeningRevelation+1","HolyStorm+1","CombatDance","PeacefulStance+1","Retaliate","ZealousSmite+1","ArcaneHealing+1","Quickstep+1","FullAwakening","BraceThePain+1","ToweringCharge+1","HolyStorm+1","TurnTables+1","Ensoul","Guardian"],"relics":["Cross Pendant","CeramicFish","hexamod:BolsterEngine","Peace Pipe","Meat on the Bone","Black Star","Enchiridion","Medical Kit","Blood Vial","Ornamental Fan","Guardian:PocketSentry","Ancient Tea Set","Runesmith:AutoHammer","Letter Opener","Omamori","Crumpled Paper","Calling Bell","Toy Ornithopter","Darkstone Periapt","Calipers","Crown Of Thorns","champ:DuelingGlove","hexamod:Sixitude","Prayer Wheel","Winged Necklace","Guardian:BottledAnomaly","Centennial Puzzle","TungstenRod","sagemod:Red_Beast_Statue","Smiling Mask","Weakening Incense","HollowMod:PaleOreRelic","Vajra"],"acts_visited":["Exordium","TheCity","TheBeyond","TheEnding"],"potions_floor_usage":[41,46,55,55],"damage_taken":[{"damage":5.0,"enemies":"Cultist","floor":1.0,"turns":4.0},{"damage":0.0,"enemies":"2 Louse","floor":4.0,"turns":1.0},{"damage":1.0,"enemies":"Lagavulin","floor":7.0,"turns":11.0},{"damage":10.0,"enemies":"Small Slimes","floor":8.0,"turns":6.0},{"damage":39.0,"enemies":"Gremlin Nob","floor":10.0,"turns":6.0},{"damage":4.0,"enemies":"Looter","floor":11.0,"turns":4.0},{"damage":41.0,"enemies":"Lagavulin","floor":14.0,"turns":8.0},{"damage":35.0,"enemies":"Hexaghost","floor":16.0,"turns":8.0},{"damage":18.0,"enemies":"3 Byrds","floor":18.0,"turns":7.0},{"damage":17.0,"enemies":"2 Thieves","floor":22.0,"turns":4.0},{"damage":25.0,"enemies":"Slavers","floor":24.0,"turns":6.0},{"damage":26.0,"enemies":"Gremlin Leader","floor":27.0,"turns":7.0},{"damage":3.0,"enemies":"Snecko","floor":28.0,"turns":5.0},{"damage":16.0,"enemies":"Book of Stabbing","floor":29.0,"turns":4.0},{"damage":18.0,"enemies":"Cultist and Chosen","floor":31.0,"turns":5.0},{"damage":54.0,"enemies":"Collector","floor":33.0,"turns":14.0},{"damage":22.0,"enemies":"3 Darklings","floor":35.0,"turns":5.0},{"damage":43,"enemies":"2 Orb Walkers","floor":39,"turns":7},{"damage":17,"enemies":"Giant Head","floor":41,"turns":9},{"damage":4,"enemies":"3 Shapes","floor":45,"turns":3},{"damage":44,"enemies":"Reptomancer","floor":46,"turns":7},{"damage":11,"enemies":"Nemesis","floor":48,"turns":6},{"damage":34,"enemies":"Donu and Deca","floor":50,"turns":8},{"damage":52,"enemies":"Shield and Spear","floor":54,"turns":7},{"damage":37,"enemies":"The Heart","floor":55,"turns":11}],"seed_played":"7838351460700811632","potions_obtained":[{"floor":1.0,"key":"EntropicBrew"},{"floor":11.0,"key":"bronze:BurnAndBuffPotion"},{"floor":16.0,"key":"EntropicBrew"},{"floor":24.0,"key":"Energy Potion"},{"floor":28.0,"key":"Weak Potion"},{"floor":39,"key":"SkillPotion"},{"floor":45,"key":"bronze:BurnAndBuffPotion"}],"is_trial":false,"path_per_floor":["M","$","?","M","?","R","E","M","T","E","M","?","?","E","R","B",null,"M","?","?","$","M","R","E","R","T","E","M","E","R","M","R","B",null,"M","?","?","$","?","R","E","$","T","R","M","E","R","E","R","B",null,"R","$","E","B",null],"character_chosen":"TheValiant","items_purchased":["Vindication","Medical Kit","Blood Vial","Crown Of Thorns","champ:DuelingGlove","Guardian:BottledAnomaly","Weakening Incense","Ensoul"],"campfire_rested":0,"item_purchase_floors":[2,21,21,38,38,42,53,53],"current_hp_per_floor":[100,100,75,75,68,68,95,100,100,71,79,79,68,49,49,42,100,100,100,84,84,78,78,76,76,76,71,99,91,91,100,100,92,100,89,89,89,89,84,84,93,93,93,93,98,81,81,98,98,100,100,100,100,90,100],"gold":62,"neow_bonus":"ONE_RANDOM_RARE_CARD","is_daily":false,"chose_seed":false,"campfire_upgraded":10,"win_rate":0.0,"timestamp":1613938399,"path_taken":["M","$","?","M","?","R","E","M","T","E","M","?","?","E","R","BOSS","M","?","?","$","M","R","E","R","T","E","M","E","R","M","R","BOSS","M","?","?","$","?","R","E","$","T","R","M","E","R","E","R","BOSS","R","$","E","BOSS"],"items_purchased_type":["Card","Relic","Relic","Relic","Relic","Relic","Relic","Card"],"build_version":"2020-12-22","purchased_purges":2,"victory":true,"max_hp_per_floor":[100,100,100,100,100,100,100,100,100,100,100,100,100,100,100,100,100,100,100,100,100,100,100,100,100,100,100,100,100,100,100,100,100,100,100,100,100,100,100,100,100,100,100,100,100,100,100,100,100,100,100,100,100,100,100],"card_choices":[{"not_picked":["FlashOfAnger","AbandonReason"],"picked":"Retaliate","floor":1.0},{"not_picked":["Quickstep","UnyieldingZeal"],"picked":"DivineFavor","floor":4.0},{"not_picked":["ArcaneHealing","Charge"],"picked":"MaddeningRevelation","floor":7.0},{"not_picked":["Decimate","ZealousPersecution","InsightfulPrayer"],"picked":"SKIP","floor":8.0},{"not_picked":["SeekAnswers","BraceThePain"],"picked":"HolyStorm","floor":10.0},{"not_picked":["UnyieldingZeal","AuraDischarge"],"picked":"CombatDance","floor":11.0},{"not_picked":["Decimate","Bombastic","FlashOfAnger"],"picked":"SKIP","floor":14.0},{"not_picked":["TearPsyche","AtAllCosts"],"picked":"PeacefulStance","floor":16.0},{"not_picked":["Decimate","RecklessSmite+1"],"picked":"Retaliate","floor":18.0},{"not_picked":["Cleanse+1","Decimate+1","RecklessSmite"],"picked":"SKIP","floor":22.0},{"not_picked":["ItsSmitingTime","QuickSiphon"],"picked":"ZealousSmite","floor":24.0},{"not_picked":["Desperation","Radiance"],"picked":"ArcaneHealing+1","floor":27.0},{"not_picked":["Cleanse","Uprising","MightBracer"],"picked":"SKIP","floor":28.0},{"not_picked":["HolyFury","MightBracer"],"picked":"Quickstep","floor":29.0},{"not_picked":["ItsSmitingTime","HolyLight","Meaballize"],"picked":"SKIP","floor":31.0},{"not_picked":["DeadlyPlay","DangerousSmash"],"picked":"FullAwakening","floor":33.0},{"not_picked":["StrainingSmite","EmpoweringForce"],"picked":"BraceThePain+1","floor":35.0},{"not_picked":["WideSmite","CombatDance"],"picked":"ToweringCharge+1","floor":39},{"not_picked":["ZealousPersecution+1","MaddeningRevelation","FuriousSmite"],"picked":"SKIP","floor":41},{"not_picked":["Chainer+1","SeekAnswers"],"picked":"HolyStorm","floor":45},{"not_picked":["MightBracer","Decimate+1","FuriousSmite"],"picked":"SKIP","floor":45},{"not_picked":["Charge+1","TakeAim"],"picked":"TurnTables+1","floor":46},{"not_picked":["Vindication+1","AbandonReason","RecklessSmite+1"],"picked":"SKIP","floor":48},{"not_picked":["GracefulSiphon+1","MightBracer+1"],"picked":"Guardian","floor":54}],"player_experience":3130646,"relics_obtained":[{"floor":7.0,"key":"CeramicFish"},{"floor":9.0,"key":"hexamod:BolsterEngine"},{"floor":10.0,"key":"Peace Pipe"},{"floor":14.0,"key":"Meat on the Bone"},{"floor":20.0,"key":"Enchiridion"},{"floor":24.0,"key":"Ornamental Fan"},{"floor":24.0,"key":"Guardian:PocketSentry"},{"floor":26.0,"key":"Ancient Tea Set"},{"floor":27.0,"key":"Runesmith:AutoHammer"},{"floor":27.0,"key":"Letter Opener"},{"floor":29.0,"key":"Omamori"},{"floor":29.0,"key":"Crumpled Paper"},{"floor":34.0,"key":"Toy Ornithopter"},{"floor":34.0,"key":"Darkstone Periapt"},{"floor":34.0,"key":"Calipers"},{"floor":39,"key":"hexamod:Sixitude"},{"floor":41,"key":"Prayer Wheel"},{"floor":41,"key":"Winged Necklace"},{"floor":46,"key":"Centennial Puzzle"},{"floor":46,"key":"TungstenRod"},{"floor":48,"key":"sagemod:Red_Beast_Statue"},{"floor":48,"key":"Smiling Mask"},{"floor":54,"key":"HollowMod:PaleOreRelic"},{"floor":54,"key":"Vajra"}],"event_choices":[{"damage_healed":0.0,"max_hp_gain":0.0,"max_hp_loss":0.0,"gold_gain":0.0,"event_name":"Golden Idol","player_choice":"Take Damage","floor":3.0,"gold_loss":0.0,"damage_taken":25.0,"relics_obtained":["Golden Idol"]},{"cards_removed":["Strike_Valiant"],"damage_healed":0.0,"max_hp_gain":0.0,"max_hp_loss":0.0,"gold_gain":0.0,"event_name":"Golden Wing","player_choice":"Card Removal","floor":5.0,"gold_loss":0.0,"damage_taken":7.0},{"damage_healed":0.0,"max_hp_gain":0.0,"max_hp_loss":0.0,"gold_gain":75.0,"event_name":"World of Goop","player_choice":"Gather Gold","floor":13.0,"gold_loss":0.0,"damage_taken":11.0},{"damage_healed":0.0,"max_hp_gain":0.0,"max_hp_loss":0.0,"gold_gain":0.0,"event_name":"Cursed Tome","player_choice":"Obtained Book","floor":20.0,"gold_loss":0.0,"damage_taken":16.0},{"damage_healed":0.0,"max_hp_gain":0.0,"max_hp_loss":0.0,"gold_gain":333.0,"event_name":"The Moai Head","player_choice":"Gave Idol","floor":36.0,"relics_lost":["Golden Idol"],"gold_loss":0.0,"damage_taken":0.0},{"damage_healed":0.0,"max_hp_gain":0.0,"max_hp_loss":0.0,"gold_gain":0.0,"event_name":"Tomb of Lord Red Mask","player_choice":"Ignored","floor":37.0,"gold_loss":0.0,"damage_taken":0.0},{"damage_healed":0,"gold_gain":0,"player_choice":"Fight","damage_taken":0,"max_hp_gain":0,"max_hp_loss":0,"event_name":"Mysterious Sphere","floor":39,"gold_loss":0}],"is_beta":false,"boss_relics":[{"not_picked":["Snecko Eye","Astrolabe"],"picked":"Black Star"},{"not_picked":["Pandora\u0027s Box","Tiny House"],"picked":"Calling Bell"}],"items_purged_floors":[21,38],"is_endless":false,"potions_floor_spawned":[1,11,16,22,24,28,39,45],"ascension_level":1}}