{"host":"lnc26sm36s9d8cik","time":1613918067,"event":{"mods":["Act Like it!","Bartender","BaseMod","Duelist Mod","GifTheSpireLib","Magitek Elite","Mimic Mod","Minty Spire (QoL Compilation)","Prisma Mod","Remilia??????","Ruina","Shade Mod","Spicy Shops","StSLib","The Administrix","The Alterego","The Animator","The Cursed","The Exalted","The Gatherer","The Hierophant","The Necromancer","The Poker Player","The Servant 0.9.4"],"gold_per_floor":[110,114,114,114,129,151,151,127,127,118,39,39,4,4,4,106,106,125,152,152,152,166,223,223,223,223,274,373,82,134,34,34,159,159,185,28,28,89,16,16,79,79,79,143,189,189,241,274,274,274,274,274,149,173,165,165],"floor_reached":55,"language":"ENG","playtime":5338,"items_purged":["hierophant:Strike_Hierophant","hierophant:Strike_Hierophant","hierophant:RustyCrate+1"],"score":1039,"play_id":"1c626976-2c30-4883-a95a-674de5d99a3c","local_time":"20210221153427","is_ascension_mode":false,"campfire_choices":[{"floor":12,"key":"REST"},{"data":"hierophant:ChurchCoffers","floor":15,"key":"SMITH"},{"data":"hierophant:Repentance","floor":25,"key":"SMITH"},{"data":"hierophant:Kindle","floor":32,"key":"SMITH"},{"data":"hierophant:Kindle","floor":40,"key":"SMITH"},{"floor":42,"key":"RECALL"},{"data":"hierophant:Bribe","floor":46,"key":"SMITH"},{"data":"hierophant:Bribe","floor":49,"key":"SMITH"},{"data":"hierophant:Encroach","floor":52,"key":"SMITH"}],"circlet_count":0,"master_deck":["hierophant:Strike_Hierophant","hierophant:Punish+1","hierophant:Defend_Hierophant","hierophant:Defend_Hierophant","hierophant:Defend_Hierophant","hierophant:Defend_Hierophant","hierophant:ChurchCoffers+1","hierophant:FieryStrike+1","hierophant:FlamingChariot","hierophant:Encroach+1","hierophant:Kindle+1","hierophant:Racketeering","hierophant:Zeal","hierophant:Determination","hierophant:Repentance+1","hierophant:Bribe+1","hierophant:Doubloon","hierophant:Doubloon","hierophant:DivineIntervention","hierophant:OrnateBuckler","hierophant:Kindle+1","hierophant:PassingBell+1","hierophant:Bribe+1"],"relics":["hierophant:PropheticMaskRelic","Dream Catcher","Bromod:ArcaneNullifier","Thread and Needle","Gem_Box","Red Mask","alterego_mod:SomeoneToFightFor","Tintinnabulum","Ornamental Fan","Frozen Egg 2","Bromod:ArcaneConsequence","Bromod:ArcaneGuardian","Sozu","Bag of Preparation","WingedGreaves","Bromod:ArcaneTempo","Gambling Chip","Angel_Ring","Molten Egg 2","Oddly Smooth Stone"],"acts_visited":["Exordium","TheCity","TheBeyond","TheEnding"],"potions_floor_usage":[16,16,19,47,55],"damage_taken":[{"damage":0,"enemies":"2 Louse","floor":1,"turns":1},{"damage":1,"enemies":"Cultist","floor":2,"turns":3},{"damage":2,"enemies":"Small Slimes","floor":5,"turns":1},{"damage":22,"enemies":"Gremlin Nob","floor":6,"turns":4},{"damage":0,"enemies":"Blue Slaver","floor":7,"turns":2},{"damage":8,"enemies":"Exordium Thugs","floor":8,"turns":2},{"damage":17,"enemies":"Large Slime","floor":10,"turns":4},{"damage":8,"enemies":"The Guardian","floor":16,"turns":11},{"damage":0,"enemies":"Chosen","floor":18,"turns":4},{"damage":5,"enemies":"Masked Bandits","floor":19,"turns":3},{"damage":6,"enemies":"Shell Parasite","floor":22,"turns":3},{"damage":5,"enemies":"Gremlin Leader","floor":23,"turns":7},{"damage":0,"enemies":"Sentry and Sphere","floor":27,"turns":2},{"damage":0,"enemies":"theDuelist:KaibaA2","floor":30,"turns":7},{"damage":11,"enemies":"Collector","floor":33,"turns":7},{"damage":14,"enemies":"Orb Walker","floor":35,"turns":5},{"damage":0,"enemies":"Mind Bloom Boss Battle","floor":38,"turns":6},{"damage":29,"enemies":"Giant Head","floor":41,"turns":8},{"damage":0,"enemies":"Reptomancer","floor":44,"turns":2},{"damage":0,"enemies":"3 Darklings","floor":45,"turns":1},{"damage":27,"enemies":"Nemesis","floor":47,"turns":9},{"damage":18,"enemies":"Writhing Mass","floor":48,"turns":5},{"damage":0,"enemies":"Awakened One","floor":50,"turns":9},{"damage":24,"enemies":"Shield and Spear","floor":54,"turns":7},{"damage":114,"enemies":"The Heart","floor":55,"turns":7}],"seed_played":"-7105206721871101106","potions_obtained":[{"floor":1,"key":"EssenceOfSteel"},{"floor":7,"key":"BlessingOfTheForge"},{"floor":16,"key":"DuplicationPotion"},{"floor":19,"key":"Strength Potion"},{"floor":22,"key":"SmokeBomb"},{"floor":23,"key":"ColorlessPotion"},{"floor":33,"key":"EntropicBrew"}],"is_trial":false,"path_per_floor":["M","M","?","?","M","E","M","M","T","M","$","R","?","?","R","B",null,"M","?","?","?","M","E","T","R","T","M","?","$","E","$","R","B",null,"M","$","?","?","$","R","E","R","T","E","M","R","E","M","R","B",null,"R","$","E","B"],"character_chosen":"HIEROPHANT","items_purchased":["Thread and Needle","Bromod:ArcaneConsequence","hierophant:OrnateBuckler","Bag of Preparation","Bromod:ArcaneTempo"],"campfire_rested":1,"item_purchase_floors":[11,29,29,36,39],"current_hp_per_floor":[82,81,65,65,63,41,41,33,33,16,16,40,60,60,60,52,82,82,82,82,82,82,82,82,82,82,82,82,82,82,82,82,82,82,82,82,82,82,82,82,82,82,82,82,82,82,64,82,82,82,82,82,82,82,0,0],"gold":165,"neow_bonus":"TEN_PERCENT_HP_BONUS","is_daily":false,"chose_seed":false,"campfire_upgraded":7,"win_rate":0.0,"timestamp":1613918067,"path_taken":["M","M","?","?","M","E","?","M","T","M","$","R","?","?","R","BOSS","M","?","?","?","M","E","?","R","T","M","?","?","E","$","R","BOSS","M","?","?","?","?","R","E","R","T","E","?","R","E","M","R","BOSS","R","$","E","BOSS"],"items_purchased_type":["Relic","Relic","Card","Relic","Relic"],"build_version":"2020-12-22","purchased_purges":3,"victory":false,"max_hp_per_floor":[82,82,82,82,82,82,82,82,82,82,82,82,82,82,82,82,82,82,82,82,82,82,82,82,82,82,82,82,82,82,82,82,82,82,82,82,82,82,82,82,82,82,82,82,82,82,82,82,82,82,82,82,82,82,82,82],"card_choices":[{"not_picked":["hierophant:FaithHealing","hierophant:Encroach"],"picked":"hierophant:FieryStrike","floor":1},{"not_picked":["hierophant:CursedGold","hierophant:Upheaval"],"picked":"hierophant:FlamingChariot","floor":2},{"not_picked":["hierophant:Purify","hierophant:Remorse"],"picked":"hierophant:Encroach","floor":5},{"not_picked":["hierophant:Shelter","hierophant:Patience"],"picked":"hierophant:Kindle","floor":6},{"not_picked":["hierophant:Rebuild","hierophant:HolyVerse"],"picked":"hierophant:Racketeering","floor":7},{"not_picked":["hierophant:HolyVerse","hierophant:DisplayOfPower"],"picked":"hierophant:Zeal","floor":8},{"not_picked":["hierophant:AuricShield","hierophant:ThreeLashes","hierophant:Remorse"],"picked":"SKIP","floor":10},{"not_picked":["hierophant:Cornucopia","hierophant:Generosity"],"picked":"hierophant:Determination","floor":16},{"not_picked":["hierophant:DisplayOfPower","hierophant:CoinFling","hierophant:Dazzle"],"picked":"SKIP","floor":18},{"not_picked":["hierophant:SealAway","hierophant:CursedGold+1"],"picked":"hierophant:Repentance","floor":19},{"not_picked":["hierophant:Endure+1","hierophant:Doubloon"],"picked":"hierophant:RustyCrate+1","floor":22},{"not_picked":["hierophant:Smite","hierophant:Blessing"],"picked":"hierophant:DivineIntervention","floor":23},{"not_picked":["hierophant:Sermon+1","hierophant:AuricBeam+1","hierophant:Glossolalia+1"],"picked":"SKIP","floor":27},{"not_picked":["hierophant:MirrorShield","hierophant:PassingBell","hierophant:Purify+1"],"picked":"SKIP","floor":30},{"not_picked":["hierophant:MintersHammer","hierophant:WrathOfGod"],"picked":"hierophant:Kindle","floor":33},{"not_picked":["hierophant:DisplayOfPower","hierophant:Zeal","hierophant:Remorse+1"],"picked":"SKIP","floor":35},{"not_picked":["hierophant:RepressedViolence+1","hierophant:Batter","hierophant:Shelter"],"picked":"SKIP","floor":41},{"not_picked":["hierophant:MirrorShield+1","hierophant:FieryStrike+1","hierophant:ConvertCurrency"],"picked":"SKIP","floor":44},{"not_picked":["hierophant:Zeal","hierophant:PristineSoul+1","hierophant:RepressedViolence"],"picked":"SKIP","floor":45},{"not_picked":["hierophant:Dazzle","hierophant:ThreeLashes+1"],"picked":"hierophant:PassingBell+1","floor":47},{"not_picked":["hierophant:HolyVerse","hierophant:SolarFlare+1"],"picked":"hierophant:Bribe","floor":48},{"not_picked":["hierophant:HolyVerse","hierophant:HammerAndAnvil","hierophant:LocustPlague+1"],"picked":"SKIP","floor":54}],"player_experience":238791,"relics_obtained":[{"floor":6,"key":"Dream Catcher"},{"floor":9,"key":"Bromod:ArcaneNullifier"},{"floor":19,"key":"Red Mask"},{"floor":23,"key":"Tintinnabulum"},{"floor":24,"key":"Ornamental Fan"},{"floor":26,"key":"Frozen Egg 2"},{"floor":30,"key":"Bromod:ArcaneGuardian"},{"floor":38,"key":"WingedGreaves"},{"floor":41,"key":"Gambling Chip"},{"floor":44,"key":"Angel_Ring"},{"floor":47,"key":"Molten Egg 2"},{"floor":54,"key":"Oddly Smooth Stone"}],"event_choices":[{"damage_healed":0,"gold_gain":0,"player_choice":"Entered Light","damage_taken":16,"max_hp_gain":0,"max_hp_loss":0,"event_name":"Shining Light","floor":3,"gold_loss":0,"cards_upgraded":["hierophant:Punish","hierophant:FieryStrike"]},{"damage_healed":0,"gold_gain":0,"player_choice":"Cursed","damage_taken":0,"max_hp_gain":0,"max_hp_loss":0,"event_name":"Wheel of Change","floor":4,"gold_loss":0,"cards_obtained":["Decay"]},{"damage_healed":20,"gold_gain":0,"player_choice":"Healed","damage_taken":0,"max_hp_gain":0,"max_hp_loss":0,"event_name":"The Cleric","floor":13,"gold_loss":35},{"cards_removed":["Decay"],"damage_healed":0,"gold_gain":0,"player_choice":"Removed Curses","damage_taken":0,"max_hp_gain":0,"max_hp_loss":0,"event_name":"Fountain of Cleansing","floor":14,"gold_loss":0},{"damage_healed":0,"gold_gain":0,"player_choice":"Fought Bandits","damage_taken":0,"max_hp_gain":0,"max_hp_loss":0,"event_name":"Masked Bandits","floor":19,"gold_loss":0},{"damage_healed":0,"gold_gain":0,"player_choice":"Read","damage_taken":0,"max_hp_gain":0,"max_hp_loss":0,"event_name":"The Library","floor":20,"gold_loss":0,"cards_obtained":["hierophant:Bribe"]},{"damage_healed":0,"gold_gain":0,"player_choice":"Choice 2","damage_taken":0,"relics_obtained":["alterego_mod:SomeoneToFightFor"],"max_hp_gain":0,"max_hp_loss":0,"event_name":"Secret Garden","floor":21,"gold_loss":0},{"damage_healed":0,"gold_gain":99,"player_choice":"Stole From Cult","damage_taken":0,"max_hp_gain":0,"max_hp_loss":0,"event_name":"Nest","floor":28,"gold_loss":0},{"cards_removed":["hierophant:Strike_Hierophant"],"damage_healed":0,"gold_gain":0,"player_choice":"Removed Attack","damage_taken":0,"max_hp_gain":0,"max_hp_loss":0,"event_name":"Falling","floor":37,"gold_loss":0},{"damage_healed":0,"gold_gain":0,"player_choice":"Fight","damage_taken":0,"max_hp_gain":0,"max_hp_loss":0,"event_name":"MindBloom","floor":38,"gold_loss":0}],"is_beta":false,"boss_relics":[{"not_picked":["Velvet Choker","Bromod:ArcaneBarrier"],"picked":"Gem_Box"},{"not_picked":["SacredBark","Busted Crown"],"picked":"Sozu"}],"items_purged_floors":[29,31,53],"is_endless":false,"potions_floor_spawned":[1,7,16,19,22,23,33,41,44,45],"killed_by":"The Heart","ascension_level":0}}