{"host":"72n3jwtrlpjobydj","time":1613923798,"event":{"mods":["AchievementEnabler","Act Like it!","Arknights","BaseMod","CapriCore","DeckTracker","Hermit","Koishi","Lobotomy","Marisa£¨Ùöéë¡¡Øª×âÞÞ£©","Minty Spire (QoL Compilation)","Permanent Neow","Replay The Spire","StSLib","SuperFastMode","The Cursed","The Gatherer","The Hierophant","The Immortal"],"gold_per_floor":[111,186,38,114,124,124,155,155,180,180,27,41,41,41,41,146,146,159,6,26,39,57,57,74,74,74,104,118,118,118],"floor_reached":29,"language":"KOR","playtime":1314,"items_purged":["ats:Strike V"],"score":243,"play_id":"53db7bdb-0a0f-4300-a79c-5fc6de9cb639","local_time":"20210222010958","is_ascension_mode":false,"campfire_choices":[{"floor":6,"key":"REST"},{"floor":10,"key":"REST"},{"floor":13,"key":"REST"},{"data":"ats:Healing Drone","floor":15,"key":"SMITH"},{"data":"ats:Volcano","floor":23,"key":"SMITH"},{"floor":25,"key":"RECALL"}],"circlet_count":0,"master_deck":["ats:Armor Crushing Shot","ats:Emotion Absorption","ats:Revitalization","ats:Revitalization","ats:Healing Strengthening+1","ats:Healing Drone+1","ats:Volcano+1","ats:Encircling Forest","ats:Apocalypse","ats:Directed Diagnosis","ats:Part Time Job","ats:Roar Of Ursus","ats:Nebulous Foxfire","ats:Very Hot Blade+1","ats:Healing Strengthening","ats:Poison Spread","ats:Revitalization"],"relics":["ats:Sanity","Ice Cream","Sling","Regal Pillow","ats:Originium","ats:Hidden Killer","Pandora\u0027s Box","Boot","CaptainsWheel","Letter Opener"],"acts_visited":["Exordium","TheCity"],"potions_floor_usage":[16,18,21,28],"damage_taken":[{"damage":6,"enemies":"Jaw Worm","floor":1,"turns":5},{"damage":0,"enemies":"Small Slimes","floor":5,"turns":4},{"damage":71,"enemies":"Lagavulin","floor":7,"turns":10},{"damage":65,"enemies":"Cultist","floor":12,"turns":8},{"damage":401,"enemies":"The Guardian","floor":16,"turns":34},{"damage":258,"enemies":"Shell Parasite","floor":18,"turns":28},{"damage":83,"enemies":"Chosen","floor":20,"turns":9},{"damage":138,"enemies":"Sentry and Sphere","floor":21,"turns":10},{"damage":93,"enemies":"Snake Plant","floor":22,"turns":8},{"damage":218,"enemies":"Shelled Parasite and Fungi","floor":24,"turns":13},{"damage":100,"enemies":"Replay:Snechameleon","floor":27,"turns":11},{"damage":88,"enemies":"Sentry and Sphere","floor":28,"turns":9},{"damage":132,"enemies":"Book of Stabbing","floor":29,"turns":7}],"seed_played":"-5098610176320377991","potions_obtained":[{"floor":12,"key":"PowerPotion"},{"floor":16,"key":"Swift Potion"},{"floor":18,"key":"Adrenaline Potion"},{"floor":21,"key":"DistilledChaos"}],"is_trial":false,"path_per_floor":["M","?","$","?","M","R","E","?","T","R","$","M","R","?","R","B",null,"M","$","M","M","M","R","M","R","T","E","M","E"],"character_chosen":"DOCTOR_CLASS","items_purchased":["Sling","ats:Healing Drone","Boot"],"campfire_rested":3,"item_purchase_floors":[3,11,19],"current_hp_per_floor":[59,48,48,48,51,65,23,23,23,57,57,40,65,65,65,59,65,57,57,38,50,65,65,36,36,36,40,65,0,0],"gold":118,"neow_bonus":"ONE_RARE_RELIC","is_daily":false,"chose_seed":false,"campfire_upgraded":2,"win_rate":0.0,"timestamp":1613923798,"path_taken":["M","?","$","?","M","R","E","?","T","R","$","?","R","?","R","BOSS","M","$","M","?","M","R","M","R","T","E","M","E"],"items_purchased_type":["Relic","Card","Relic"],"build_version":"2020-12-22","purchased_purges":1,"victory":false,"max_hp_per_floor":[65,65,65,65,65,65,65,65,65,65,65,65,65,65,65,65,65,65,65,65,65,65,65,65,65,65,65,65,65,65],"card_choices":[{"not_picked":["ats:Blood Oath","ats:Leaping Hammer","ats:Poison Spread"],"picked":"SKIP","floor":1},{"not_picked":["ats:Flame Of Heaven","ats:Sunburst"],"picked":"ats:Revitalization","floor":4},{"not_picked":["ats:Part Time Job","ats:Leaping Hammer"],"picked":"ats:Revitalization","floor":5},{"not_picked":["ats:Sashimi Platter","ats:Calcification"],"picked":"ats:Healing Strengthening","floor":7},{"not_picked":["ats:Demon Strength","ats:Explosion Area Strengthen","ats:Ignite"],"picked":"SKIP","floor":12},{"not_picked":["ats:Steam Pump","ats:Cat Scratch+1"],"picked":"ats:Very Hot Blade+1","floor":18},{"not_picked":["ats:Part Time Job+1","ats:Curse Doll+1","ats:Shell Defense"],"picked":"SKIP","floor":20},{"not_picked":["ats:LN2 Cannon","ats:Blood Oath"],"picked":"ats:Healing Strengthening","floor":21},{"not_picked":["ats:Revitalization","ats:Guardian Obelisk"],"picked":"ats:Poison Spread","floor":22},{"not_picked":["ats:Assault Order","ats:Shell Defense+1","ats:Sashimi Platter"],"picked":"SKIP","floor":24},{"not_picked":["ats:Curse Doll","ats:Cat Scratch+1"],"picked":"ats:Revitalization","floor":27},{"not_picked":["ats:Neurotoxin","ats:Curse Doll","ats:Closed Bolt Burst Fire"],"picked":"SKIP","floor":28}],"player_experience":112308,"relics_obtained":[{"floor":4,"key":"Regal Pillow"},{"floor":7,"key":"ats:Originium"},{"floor":7,"key":"ats:Hidden Killer"},{"floor":26,"key":"CaptainsWheel"},{"floor":27,"key":"ats:Originium"},{"floor":27,"key":"Letter Opener"}],"event_choices":[{"damage_healed":0,"gold_gain":75,"player_choice":"Gather Gold","damage_taken":11,"max_hp_gain":0,"max_hp_loss":0,"event_name":"World of Goop","floor":2,"gold_loss":0},{"damage_healed":0,"gold_gain":0,"player_choice":"Grow","damage_taken":0,"max_hp_gain":0,"max_hp_loss":0,"event_name":"Living Wall","floor":8,"gold_loss":0,"cards_upgraded":["ats:Healing Strengthening"]},{"damage_healed":0,"gold_gain":0,"player_choice":"0 cards matched","damage_taken":0,"max_hp_gain":0,"max_hp_loss":0,"event_name":"Match and Keep!","floor":14,"gold_loss":0,"cards_obtained":[]}],"is_beta":false,"boss_relics":[{"not_picked":["Astrolabe","Runic Pyramid"],"picked":"Pandora\u0027s Box"}],"items_purged_floors":[11],"is_endless":false,"potions_floor_spawned":[12,16,18,21],"killed_by":"Book of Stabbing","ascension_level":0}}