{"host":"Vegetablebread","time":1613866381,"event":{"mods":["BaseMod","Bestiary","Downfall","Minty Spire (QoL Compilation)","Relic Stats","StSLib"],"gold_per_floor":[99,112,126,226,244,277,277,277,297,310,328,346,346,376,393,494,494,394,394,394,143,167,187,268,268,299,299,318,337,24,34,51,155,155,155,168,185,185,319,319,342,360,360,409,359,379,397,19,34,34],"floor_reached":51,"language":"ENG","playtime":6104,"items_purged":["downfall:Haunted","hexamod:FourthSeal"],"score":860,"play_id":"82fc66cb-e777-4beb-8c9b-334b0561fe80","local_time":"20210220161301","is_ascension_mode":false,"campfire_choices":[{"data":"hexamod:Sear","floor":1,"key":"SMITH"},{"floor":13,"key":"REST"},{"data":"hexamod:SwordOfDarkness","floor":18,"key":"SMITH"},{"data":"hexamod:Float","floor":25,"key":"SMITH"},{"data":"hexamod:CouncilsJustice","floor":27,"key":"SMITH"},{"data":"hexamod:VolcanoVisage","floor":35,"key":"SMITH"},{"data":"expansioncontent:Chronoboost","floor":40,"key":"SMITH"},{"data":"hexamod:Firestarter","floor":43,"key":"SMITH"}],"circlet_count":0,"master_deck":["hexamod:Sear+1","hexamod:Float+1","hexamod:Haunt","hexamod:SwordOfDarkness+1","hexamod:HauntingEcho","hexamod:Sear+1","hexamod:Haunt+1","hexamod:Hexaguard+1","hexamod:Hexaguard+1","hexamod:BurningTouch+1","hexamod:Hexaguard+1","hexamod:GhostShield+1","hexamod:SearingWound+1","hexamod:WildfireWeapon+1","hexamod:RecurringNightmare+1","hexamod:WildfireWeapon+1","Ghostly+1","Ghostly+1","Ghostly+1","hexamod:CouncilsJustice+1","hexamod:CouncilsJustice+1","hexamod:CouncilsJustice+1","hexamod:Hexaguard+1","hexamod:TimeOfNeed+1","hexamod:RecurringNightmare+1","hexamod:SearingWound+1","hexamod:TimeOfNeed+1","hexamod:Rewind+1","hexamod:VolcanoVisage+1","hexamod:BurningTouch+1","hexamod:Firestarter+1","expansioncontent:Chronoboost+1","hexamod:TimeOfNeed+1","hexamod:BurningTouch+1","hexamod:FastForward+1","hexamod:SearingWound+1"],"relics":["hexamod:SpiritBrand","InkBottle","Toxic Egg 2","Pen Nib","Astrolabe","downfall:HeartBlessingGreen","hexamod:TheBrokenSeal","Singing Bowl","Orichalcum","Medical Kit","bronze:MakeshiftBattery","Happy Flower","Shovel","hexamod:InflammatoryLetter"],"acts_visited":["Exordium","TheCity","TheBeyond"],"potions_floor_usage":[6,14,15,23],"damage_taken":[{"damage":0,"enemies":"Small Slimes","floor":2,"turns":5},{"damage":0,"enemies":"Cultist","floor":3,"turns":3},{"damage":0,"enemies":"2 Louse","floor":5,"turns":3},{"damage":22,"enemies":"3 Sentries","floor":6,"turns":10},{"damage":9,"enemies":"2 Fungi Beasts","floor":9,"turns":3},{"damage":4,"enemies":"Exordium Thugs","floor":10,"turns":6},{"damage":13,"enemies":"3 Louse","floor":11,"turns":4},{"damage":2,"enemies":"Blue Slaver","floor":12,"turns":4},{"damage":0,"enemies":"Gremlin Nob","floor":14,"turns":3},{"damage":13,"enemies":"Gremlin Gang","floor":15,"turns":4},{"damage":43,"enemies":"DF_ARCHETYPE_STREAMLINE","floor":16,"turns":10},{"damage":0,"enemies":"downfall:FleeingMerchant","floor":21,"turns":4},{"damage":3,"enemies":"Shell Parasite","floor":22,"turns":6},{"damage":5,"enemies":"downfall:LooterAlt2","floor":23,"turns":7},{"damage":4,"enemies":"Book of Stabbing","floor":26,"turns":5},{"damage":0,"enemies":"Shelled Parasite and Fungi","floor":28,"turns":4},{"damage":7,"enemies":"Centurion and Healer","floor":29,"turns":6},{"damage":0,"enemies":"downfall:FleeingMerchant","floor":30,"turns":4},{"damage":0,"enemies":"Sentry and Sphere","floor":31,"turns":4},{"damage":0,"enemies":"Snake Plant","floor":32,"turns":3},{"damage":0,"enemies":"WA_ARCHETYPE_CALM","floor":33,"turns":9},{"damage":7,"enemies":"Orb Walker","floor":36,"turns":3},{"damage":0,"enemies":"3 Darklings","floor":37,"turns":3},{"damage":0,"enemies":"downfall:FleeingMerchant","floor":39,"turns":3},{"damage":0,"enemies":"Writhing Mass","floor":42,"turns":5},{"damage":0,"enemies":"2 Orb Walkers","floor":44,"turns":3},{"damage":0,"enemies":"4 Shapes","floor":46,"turns":5},{"damage":0,"enemies":"Transient","floor":47,"turns":5},{"damage":0,"enemies":"Writhing Mass","floor":49,"turns":5},{"damage":25,"enemies":"SI_POISON_ARCHETYPE","floor":50,"turns":9}],"seed_played":"-7560332525764839941","potions_obtained":[{"floor":2,"key":"Weak Potion"},{"floor":5,"key":"SpeedPotion"},{"floor":6,"key":"Energy Potion"},{"floor":11,"key":"EssenceOfSteel"},{"floor":14,"key":"FairyPotion"},{"floor":14,"key":"Fire Potion"},{"floor":15,"key":"Guardian:BlockOnCardUsePotion"},{"floor":16,"key":"hexamod:EctoCoolerPotion"},{"floor":22,"key":"EntropicBrew"},{"floor":26,"key":"PowerPotion"},{"floor":28,"key":"FairyPotion"}],"is_trial":false,"path_per_floor":["R","M","M","?","M","E","T","?","M","M","M","M","R","E","M","B",null,"R","?","?","$","M","M","T","R","E","R","M","M","$","M","M","B",null,"R","M","M","?","$","R","T","M","R","?","$","M","M","$","M","B",null],"character_chosen":"THE_SPIRIT","items_purchased":["hexamod:TimeOfNeed+1","Medical Kit","hexamod:TimeOfNeed+1","expansioncontent:Chronoboost","hexamod:BurningTouch+1","hexamod:SearingWound+1","hexamod:InflammatoryLetter"],"campfire_rested":1,"item_purchase_floors":[21,30,30,39,45,48,48],"current_hp_per_floor":[77,77,77,77,77,55,55,55,46,42,36,41,64,71,65,29,77,77,38,38,38,38,48,48,48,44,44,46,41,43,43,45,45,56,56,49,49,49,51,51,51,53,53,53,53,55,55,55,57,32],"gold":34,"neow_bonus":"TEN_PERCENT_HP_BONUS","is_daily":false,"chose_seed":false,"campfire_upgraded":7,"win_rate":0.0,"timestamp":1613866381,"path_taken":["R","M","M","?","M","E","T","?","M","M","?","M","R","E","M","BOSS","R","?","?","$","M","M","T","R","E","R","M","M","$","M","M","BOSS","R","M","M","?","$","R","T","M","R","?","?","?","M","$","M","BOSS"],"items_purchased_type":["Card","Relic","Card","Card","Card","Card","Relic"],"build_version":"2020-12-18","purchased_purges":2,"victory":true,"max_hp_per_floor":[77,77,77,77,77,77,77,77,77,77,77,77,77,77,77,77,77,77,38,38,38,38,48,48,48,48,48,50,52,54,54,56,56,56,56,56,56,56,58,58,58,60,60,60,60,62,62,62,64,64],"relic_stats":{"Shovel":0,"Singing Bowl":16,"Happy Flower":[10],"counters":[30,148],"Astrolabe":["hexamod:WildfireWeapon","hexamod:RecurringNightmare","hexamod:WildfireWeapon"],"Pen Nib":[7],"Orichalcum":[72],"Medical Kit":[9],"obtain_stats":[{"Singing Bowl":24,"Happy Flower":41,"Astrolabe":17,"hexamod:TheBrokenSeal":23,"downfall:HeartBlessingGreen":18,"Pen Nib":14,"hexamod:InflammatoryLetter":48,"Orichalcum":26,"Medical Kit":30,"Shovel":44,"Toxic Egg 2":7,"hexamod:SpiritBrand":0,"InkBottle":6,"bronze:MakeshiftBattery":34},{"Singing Bowl":14,"Happy Flower":24,"Astrolabe":11,"hexamod:TheBrokenSeal":14,"downfall:HeartBlessingGreen":11,"Pen Nib":9,"hexamod:InflammatoryLetter":28,"Orichalcum":15,"Medical Kit":18,"Shovel":26,"Toxic Egg 2":4,"hexamod:SpiritBrand":0,"InkBottle":4,"bronze:MakeshiftBattery":21},{"Singing Bowl":72,"Happy Flower":116,"Astrolabe":55,"hexamod:TheBrokenSeal":71,"downfall:HeartBlessingGreen":55,"Pen Nib":41,"hexamod:InflammatoryLetter":134,"Orichalcum":77,"Medical Kit":91,"Shovel":124,"Toxic Egg 2":21,"hexamod:SpiritBrand":0,"InkBottle":21,"bronze:MakeshiftBattery":107}],"InkBottle":[52]},"card_choices":[{"not_picked":["hexamod:Hexaguard","hexamod:Firestarter"],"picked":"hexamod:Haunt","floor":2},{"not_picked":["hexamod:NecessarySacrifice","hexamod:InspiringFlames"],"picked":"hexamod:SwordOfDarkness","floor":3},{"not_picked":["hexamod:NightmareStrike","hexamod:BacktrackSmack"],"picked":"hexamod:FifthSeal","floor":5},{"not_picked":["hexamod:Firestarter","hexamod:UnleashSpirits"],"picked":"hexamod:HauntingEcho","floor":6},{"not_picked":["hexamod:SpectralAdrenaline+1","hexamod:ShieldOfDarkness+1"],"picked":"hexamod:Hexaguard+1","floor":9},{"not_picked":["hexamod:ThirdSeal","hexamod:SecondSeal"],"picked":"hexamod:FirstSeal","floor":10},{"not_picked":["hexamod:SpectersWail","hexamod:PhantomFireball"],"picked":"hexamod:Hexaguard+1","floor":10},{"not_picked":["hexamod:FastForward+1","hexamod:Incineration"],"picked":"hexamod:BurningTouch+1","floor":11},{"not_picked":["hexamod:SecondSeal","hexamod:FirstSeal"],"picked":"hexamod:FourthSeal","floor":12},{"not_picked":["hexamod:HeatCrush","hexamod:PhantomCloak"],"picked":"hexamod:Hexaguard+1","floor":12},{"not_picked":["hexamod:AdvancingGuard+1","hexamod:EtherealExpedition+1"],"picked":"hexamod:GhostShield+1","floor":14},{"not_picked":["hexamod:HeatShield+1","hexamod:GhostLash"],"picked":"hexamod:SecondSeal","floor":15},{"not_picked":["hexamod:UnleashSpirits","hexamod:WildfireWeapon"],"picked":"hexamod:SearingWound+1","floor":16},{"not_picked":["hexamod:SecondSeal","hexamod:FourthSeal"],"picked":"hexamod:SixthSeal","floor":21},{"not_picked":["hexamod:InspiringFlames+1","hexamod:AdvancingGuard+1"],"picked":"hexamod:Hexaguard+1","floor":21},{"not_picked":["hexamod:FirstSeal","hexamod:SixthSeal"],"picked":"hexamod:ThirdSeal","floor":22},{"not_picked":["hexamod:ThermalTransfer","hexamod:EtherealExpedition+1","hexamod:GhostLash"],"picked":"SKIP","floor":22},{"not_picked":["hexamod:EmpoweredFlame","hexamod:BurningTouch+1"],"picked":"hexamod:RecurringNightmare+1","floor":23},{"not_picked":["hexamod:FirstSeal","hexamod:SecondSeal"],"picked":"hexamod:FourthSeal","floor":23},{"not_picked":["hexamod:PhantomFireball","hexamod:BacktrackSmack"],"picked":"hexamod:SearingWound+1","floor":26},{"not_picked":["hexamod:BacktrackSmack","hexamod:NightmareStrike","hexamod:RetreatToShadows+1"],"picked":"Singing Bowl","floor":28},{"not_picked":["hexamod:FastForward+1","hexamod:ChargedBarrage+1","hexamod:NightmareStrike+1"],"picked":"Singing Bowl","floor":29},{"not_picked":["hexamod:GhostOfSpirePresent","hexamod:Firestarter","hexamod:Haunt+1"],"picked":"Singing Bowl","floor":30},{"not_picked":["hexamod:AdvancingGuard+1","hexamod:GhostLash"],"picked":"hexamod:Rewind+1","floor":31},{"not_picked":["hexamod:RadiantFlame+1","hexamod:Again+1","hexamod:ThermalTransfer"],"picked":"Singing Bowl","floor":32},{"not_picked":["hexamod:WildfireWeapon","hexamod:SearingWound+1"],"picked":"hexamod:VolcanoVisage","floor":33},{"not_picked":["hexamod:PhantomFireball","hexamod:AdvancingGuard+1"],"picked":"hexamod:BurningTouch+1","floor":36},{"not_picked":["hexamod:SwordOfDarkness","hexamod:RadiantFlame"],"picked":"hexamod:Firestarter","floor":37},{"not_picked":["hexamod:InspiringFlames+1","hexamod:Hexaguard+1","hexamod:RadiantFlame"],"picked":"Singing Bowl","floor":39},{"not_picked":["hexamod:GhostLash","hexamod:ThirdSeal","hexamod:NecessarySacrifice+1"],"picked":"Singing Bowl","floor":42},{"not_picked":["hexamod:GhostOfSpirePast+1","hexamod:SwordOfDarkness+1"],"picked":"hexamod:TimeOfNeed+1","floor":44},{"not_picked":["hexamod:InspiringFlames+1","hexamod:Again+1","hexamod:HeatCrush+1"],"picked":"Singing Bowl","floor":46},{"not_picked":["hexamod:CatchUp+1","hexamod:InspiringFlames+1"],"picked":"hexamod:FastForward+1","floor":47},{"not_picked":["hexamod:RainOfEmbers+1","hexamod:HeatShield+1","hexamod:CatchUp+1"],"picked":"Singing Bowl","floor":49}],"player_experience":10604652,"relics_obtained":[{"floor":6,"key":"InkBottle"},{"floor":7,"key":"Toxic Egg 2"},{"floor":14,"key":"Pen Nib"},{"floor":24,"key":"Singing Bowl"},{"floor":26,"key":"Orichalcum"},{"floor":41,"key":"Happy Flower"},{"floor":44,"key":"Shovel"}],"event_choices":[{"damage_healed":0,"gold_gain":0,"player_choice":"Forge","damage_taken":0,"max_hp_gain":0,"max_hp_loss":0,"event_name":"Accursed Blacksmith","floor":20,"gold_loss":0,"cards_upgraded":["hexamod:CouncilsJustice"]},{"damage_healed":0,"gold_gain":0,"player_choice":"Fight","damage_taken":0,"max_hp_gain":0,"max_hp_loss":0,"event_name":"Mysterious Sphere","floor":44,"gold_loss":0}],"is_beta":true,"boss_relics":[{"not_picked":["Black Star","Busted Crown"],"picked":"Astrolabe"},{"not_picked":["Snecko Eye","Empty Cage"],"picked":"bronze:MakeshiftBattery"}],"items_purged_floors":[21,39],"is_endless":false,"potions_floor_spawned":[2,5,6,11,14,26,29,31,32,33,44,49],"ascension_level":0}}