{"host":"soyfmymeou4emntr","time":1613935790,"event":{"mods":["BaseMod","Minty Spire (QoL Compilation)","Permanent Neow","Relic Sorter","Relic Stats","StSLib"],"gold_per_floor":[112,123,36,51,51,51,85,101,153,168,168,195,213,233,233,306,356,372,372,388,222,272,272,286,286,286],"floor_reached":25,"language":"ENG","playtime":2199,"items_purged":[],"score":430,"play_id":"3746d366-f6a8-463f-b215-c010708bfbf8","local_time":"20210221122950","is_ascension_mode":true,"campfire_choices":[{"data":"Carnage","floor":6.0,"key":"SMITH"},{"floor":11.0,"key":"REST"},{"data":"Fire Breathing","floor":15.0,"key":"SMITH"},{"floor":23.0,"key":"REST"}],"circlet_count":0,"master_deck":["AscendersBane","Strike_R+1","Strike_R","Strike_R","Strike_R","Strike_R","Defend_R+1","Defend_R","Defend_R","Defend_R","Bash","Corruption","Sentinel","Perfected Strike","Feel No Pain","Carnage+1","Twin Strike+1","Fire Breathing+1","Metallicize","Body Slam","Power Through","Headbutt","Feed","Pommel Strike","Reaper","Armaments+1","Shockwave","Fire Breathing","Whirlwind"],"relics":["Burning Blood","Letter Opener","Regal Pillow","Art of War","Tiny House","Orrery"],"acts_visited":["Exordium","TheCity"],"potions_floor_usage":[24,25],"damage_taken":[{"damage":14.0,"enemies":"Jaw Worm","floor":1.0,"turns":4.0},{"damage":10.0,"enemies":"Small Slimes","floor":2.0,"turns":4.0},{"damage":4.0,"enemies":"Cultist","floor":4.0,"turns":4.0},{"damage":15.0,"enemies":"3 Sentries","floor":7.0,"turns":9.0},{"damage":8.0,"enemies":"3 Louse","floor":8.0,"turns":4.0},{"damage":10.0,"enemies":"Gremlin Gang","floor":10.0,"turns":4.0},{"damage":17.0,"enemies":"Lagavulin","floor":12.0,"turns":8.0},{"damage":10.0,"enemies":"Exordium Wildlife","floor":13.0,"turns":3.0},{"damage":0.0,"enemies":"Large Slime","floor":14.0,"turns":5.0},{"damage":20.0,"enemies":"Slime Boss","floor":16.0,"turns":9.0},{"damage":21.0,"enemies":"Chosen","floor":18.0,"turns":5.0},{"damage":40.0,"enemies":"Shell Parasite","floor":20.0,"turns":7.0},{"damage":49,"enemies":"Shelled Parasite and Fungi","floor":24,"turns":7},{"damage":27,"enemies":"Book of Stabbing","floor":25,"turns":3}],"seed_played":"-1786913171267802275","potions_obtained":[{"floor":1.0,"key":"Energy Potion"},{"floor":10.0,"key":"Fire Potion"},{"floor":14.0,"key":"Weak Potion"},{"floor":17.0,"key":"EssenceOfSteel"},{"floor":24,"key":"Energy Potion"}],"is_trial":false,"path_per_floor":["M","M","$","M","?","R","E","M","T","M","R","E","M","M","R","B",null,"M","?","M","$","?","R","M","E"],"character_chosen":"IRONCLAD","items_purchased":["Feel No Pain","Orrery"],"campfire_rested":2,"item_purchase_floors":[3,21],"current_hp_per_floor":[60,56,56,58,35,35,26,24,24,20,57,46,42,48,48,34,70,55,55,21,21,21,60,23,0,0],"gold":286,"neow_bonus":"ONE_RANDOM_RARE_CARD","is_daily":false,"chose_seed":false,"campfire_upgraded":2,"win_rate":0.0,"timestamp":1613935790,"path_taken":["M","M","$","M","?","R","E","M","T","M","R","E","M","M","R","BOSS","M","?","M","$","?","R","M","E"],"items_purchased_type":["Card","Relic"],"build_version":"2020-12-22","purchased_purges":0,"victory":false,"max_hp_per_floor":[75,75,75,75,75,75,75,75,75,75,75,75,75,75,75,75,80,80,80,80,80,80,80,80,80,80],"relic_stats":{"Regal Pillow":30,"counters":[14,76],"Art of War":[5],"Letter Opener":[5],"obtain_stats":[{"Regal Pillow":9,"Tiny House":17,"Orrery":21,"Art of War":12,"Letter Opener":7,"Burning Blood":0},{"Regal Pillow":5,"Tiny House":10,"Orrery":12,"Art of War":7,"Letter Opener":4,"Burning Blood":0},{"Regal Pillow":25,"Tiny House":54,"Orrery":66,"Art of War":37,"Letter Opener":21,"Burning Blood":0}],"Burning Blood":78},"card_choices":[{"not_picked":["True Grit","Havoc"],"picked":"Sentinel","floor":1.0},{"not_picked":["Rupture","Headbutt"],"picked":"Perfected Strike","floor":2.0},{"not_picked":["Sword Boomerang","Dropkick"],"picked":"Carnage","floor":4.0},{"not_picked":["Thunderclap","Iron Wave"],"picked":"Twin Strike","floor":7.0},{"not_picked":["Thunderclap","Armaments"],"picked":"Fire Breathing","floor":8.0},{"not_picked":["Iron Wave","True Grit"],"picked":"Metallicize","floor":10.0},{"not_picked":["Rage","Rupture"],"picked":"Body Slam","floor":12.0},{"not_picked":["Body Slam","Havoc"],"picked":"Power Through","floor":13.0},{"not_picked":["Demon Form","Flex"],"picked":"Headbutt","floor":14.0},{"not_picked":["Immolate","Corruption"],"picked":"Feed","floor":16.0},{"not_picked":["Shrug It Off","Perfected Strike"],"picked":"Pommel Strike","floor":18.0},{"not_picked":["Clash","Armaments","Heavy Blade"],"picked":"SKIP","floor":20.0},{"not_picked":["Iron Wave","Bloodletting"],"picked":"Reaper","floor":21.0},{"not_picked":["Bloodletting","Dark Embrace"],"picked":"Armaments+1","floor":21.0},{"not_picked":["Sever Soul","Sentinel"],"picked":"Shockwave","floor":21.0},{"not_picked":["Headbutt","Clash"],"picked":"Fire Breathing","floor":21.0},{"not_picked":["Clash","Havoc"],"picked":"Whirlwind","floor":24}],"player_experience":3482576,"relics_obtained":[{"floor":7.0,"key":"Letter Opener"},{"floor":9.0,"key":"Regal Pillow"},{"floor":12.0,"key":"Art of War"}],"event_choices":[{"damage_healed":0.0,"max_hp_gain":0.0,"max_hp_loss":0.0,"gold_gain":0.0,"event_name":"Shining Light","player_choice":"Entered Light","floor":5.0,"gold_loss":0.0,"damage_taken":23.0,"cards_upgraded":["Defend_R","Strike_R"]},{"damage_healed":0.0,"max_hp_gain":0.0,"max_hp_loss":0.0,"gold_gain":0.0,"event_name":"Ghosts","player_choice":"Ignored","floor":19.0,"gold_loss":0.0,"damage_taken":0.0},{"damage_healed":0.0,"max_hp_gain":0.0,"max_hp_loss":0.0,"gold_gain":50.0,"event_name":"Golden Shrine","player_choice":"Pray","floor":22.0,"gold_loss":0.0,"damage_taken":0.0}],"is_beta":false,"boss_relics":[{"not_picked":["Ectoplasm","Runic Dome"],"picked":"Tiny House"}],"items_purged_floors":[],"is_endless":false,"potions_floor_spawned":[1,10,14,24],"killed_by":"Book of Stabbing","ascension_level":20}}