{"host":"sum4dy402bbv9y4o","time":1613925058,"event":{"mods":["Aspiration","BaseMod","Conspire","Highlight Path","Minty Spire (QoL Compilation)","StSLib"],"gold_per_floor":[115,115,126,126,0,34,34,49,72,103,3,3,22,39,39,117,117,131,6,6,16,16,16,48,48,48,48,48,79,98,110,110,188,188,199,224,224,35,53,86,86,102,102,135,150,168,168,168,168,168,168,168],"floor_reached":51,"language":"ENG","playtime":1716,"items_purged":["Defend_P","Defend_P","Strike_P","Defend_P"],"score":1606,"play_id":"0e2a599b-9c52-4bd7-a3c7-4194ca524811","local_time":"20210221193058","is_ascension_mode":true,"campfire_choices":[{"data":"SashWhip","floor":7,"key":"SMITH"},{"data":"Dash","floor":12,"key":"SMITH"},{"data":"SashWhip","floor":15,"key":"SMITH"},{"floor":23,"key":"REST"},{"data":"MentalFortress","floor":25,"key":"SMITH"},{"data":"BowlingBash","floor":27,"key":"SMITH"},{"floor":32,"key":"REST"},{"data":"TalkToTheHand","floor":41,"key":"SMITH"},{"data":"MentalFortress","floor":47,"key":"SMITH"},{"floor":49,"key":"REST"}],"circlet_count":0,"master_deck":["AscendersBane","Strike_P","Eruption+1","Vigilance","Consecrate","Phantasmal Killer","Dash+1","SashWhip+1","Protect","FlurryOfBlows","BowlingBash+1","Halt","SashWhip+1","Adaptation","Brilliance","MentalFortress+1","FlurryOfBlows","Conclude+1","EmptyBody","MentalFortress+1","CurseOfTheBell","Crescendo+1","SandsOfTime","TalkToTheHand+1","WaveOfTheHand+1"],"relics":["PureWater","NeowsBlessing","Dream Catcher","Ancient Tea Set","Boot","conspire:SpecialSausage","aspiration:RitualStick","Anchor","Oddly Smooth Stone","Nunchaku","Calling Bell","Bag of Preparation","Question Card","Calipers","FossilizedHelix","Juzu Bracelet","Sundial","Toy Ornithopter"],"acts_visited":["Exordium","TheCity","TheBeyond"],"potions_floor_usage":[16,24,24,33,35,40,44,51,51],"damage_taken":[{"damage":0,"enemies":"Jaw Worm","floor":1,"turns":1},{"damage":0,"enemies":"Cultist","floor":3,"turns":1},{"damage":0,"enemies":"3 Sentries","floor":6,"turns":1},{"damage":0,"enemies":"2 Louse","floor":8,"turns":2},{"damage":0,"enemies":"Gremlin Nob","floor":10,"turns":3},{"damage":0,"enemies":"Red Slaver","floor":13,"turns":2},{"damage":0,"enemies":"Large Slime","floor":14,"turns":2},{"damage":13,"enemies":"The Guardian","floor":16,"turns":7},{"damage":22,"enemies":"2 Thieves","floor":18,"turns":2},{"damage":1,"enemies":"3 Byrds","floor":21,"turns":4},{"damage":2,"enemies":"conspire:Head Lice","floor":24,"turns":2},{"damage":6,"enemies":"Gremlin Leader","floor":29,"turns":5},{"damage":0,"enemies":"Centurion and Healer","floor":30,"turns":3},{"damage":8,"enemies":"Shelled Parasite and Fungi","floor":31,"turns":3},{"damage":11,"enemies":"Champ","floor":33,"turns":10},{"damage":14,"enemies":"3 Shapes","floor":35,"turns":4},{"damage":3,"enemies":"Mind Bloom Boss Battle","floor":36,"turns":5},{"damage":0,"enemies":"3 Darklings","floor":39,"turns":3},{"damage":0,"enemies":"Nemesis","floor":40,"turns":8},{"damage":0,"enemies":"Sphere and 2 Shapes","floor":42,"turns":2},{"damage":0,"enemies":"Reptomancer","floor":44,"turns":5},{"damage":12,"enemies":"Spire Growth","floor":45,"turns":5},{"damage":0,"enemies":"3 Darklings","floor":46,"turns":2},{"damage":39,"enemies":"Time Eater","floor":50,"turns":10},{"damage":56,"enemies":"Donu and Deca","floor":51,"turns":4}],"seed_played":"981024597030490948","potions_obtained":[{"floor":3,"key":"Explosive Potion"},{"floor":8,"key":"PowerPotion"},{"floor":21,"key":"FearPotion"},{"floor":29,"key":"conspire:TimeTravelPotion"},{"floor":31,"key":"PowerPotion"},{"floor":39,"key":"SkillPotion"},{"floor":40,"key":"AttackPotion"},{"floor":44,"key":"LiquidBronze"},{"floor":46,"key":"PowerPotion"}],"is_trial":false,"path_per_floor":["M","?","M","?","$","E","R","M","T","E","$","R","M","M","R","B",null,"M","$","?","M","?","R","E","R","T","R","?","E","M","M","R","B",null,"M","?","?","$","M","E","R","M","T","E","M","M","R","?","R","B","B"],"character_chosen":"WATCHER","items_purchased":["Protect","TalkToTheHand"],"campfire_rested":3,"item_purchase_floors":[5,38],"current_hp_per_floor":[61,61,61,61,61,61,61,61,61,61,61,61,61,61,61,48,63,41,41,41,40,23,43,41,41,41,41,41,35,35,27,47,36,60,55,52,52,52,52,52,52,52,52,52,40,40,40,36,56,17,0,0],"gold":168,"neow_bonus":"THREE_ENEMY_KILL","is_daily":false,"chose_seed":false,"campfire_upgraded":7,"win_rate":0.0,"timestamp":1613925058,"path_taken":["M","?","?","?","$","E","R","M","T","E","$","R","M","M","R","BOSS","M","$","?","M","?","R","E","R","T","R","?","E","M","?","R","BOSS","M","?","?","$","M","E","R","M","T","E","M","M","R","?","R","BOSS","BOSS"],"items_purchased_type":["Card","Card"],"build_version":"2020-12-22","purchased_purges":4,"victory":false,"max_hp_per_floor":[68,68,68,68,68,68,68,68,68,68,68,68,68,68,68,68,68,68,68,68,68,68,68,68,68,68,68,68,68,68,68,68,68,68,68,68,68,68,68,68,68,68,68,68,68,68,68,68,68,68,68,68],"card_choices":[{"not_picked":["PathToVictory","ForeignInfluence"],"picked":"Consecrate","floor":1},{"not_picked":["Consecrate","Protect"],"picked":"SashWhip","floor":3},{"not_picked":["EmptyFist","Establishment"],"picked":"FlurryOfBlows","floor":6},{"not_picked":["CrushJoints","WheelKick"],"picked":"BowlingBash","floor":8},{"not_picked":["Worship","Establishment"],"picked":"Halt","floor":10},{"not_picked":["Consecrate","FollowUp"],"picked":"SashWhip","floor":13},{"not_picked":["DeceiveReality","Worship"],"picked":"Adaptation","floor":14},{"not_picked":["Vault","Ragnarok"],"picked":"Brilliance","floor":16},{"not_picked":["CrushJoints","FollowUp"],"picked":"MentalFortress","floor":18},{"not_picked":["JustLucky","FollowUp"],"picked":"FlurryOfBlows","floor":21},{"not_picked":["Halt","DevaForm"],"picked":"Conclude+1","floor":23},{"not_picked":["DevaForm","Sanctity","WaveOfTheHand+1"],"picked":"SKIP","floor":24},{"not_picked":["Protect","CrushJoints"],"picked":"EmptyBody","floor":29},{"not_picked":["Crescendo","ThirdEye","Evaluate"],"picked":"SKIP","floor":30},{"not_picked":["CarveReality","ThirdEye"],"picked":"MentalFortress","floor":31},{"not_picked":["FollowUp","BowlingBash","FlurryOfBlows"],"picked":"Crescendo+1","floor":35},{"not_picked":["SashWhip","Prostrate","PathToVictory"],"picked":"SandsOfTime","floor":36},{"not_picked":["Nirvana","Vengeance","Wireheading"],"picked":"WaveOfTheHand+1","floor":39},{"not_picked":["BowlingBash","Evaluate","Wireheading","SignatureMove"],"picked":"SKIP","floor":40},{"not_picked":["BattleHymn","SignatureMove","LikeWater","SashWhip"],"picked":"SKIP","floor":42},{"not_picked":["CutThroughFate","BowlingBash+1","Conclude","EmptyBody"],"picked":"SKIP","floor":44},{"not_picked":["Pray","Meditate","Fasting2","ForeignInfluence"],"picked":"SKIP","floor":45},{"not_picked":["EmptyFist+1","CrushJoints","InnerPeace","SpiritShield"],"picked":"SKIP","floor":46}],"player_experience":3119196,"relics_obtained":[{"floor":6,"key":"Dream Catcher"},{"floor":9,"key":"Ancient Tea Set"},{"floor":10,"key":"Boot"},{"floor":24,"key":"Anchor"},{"floor":26,"key":"Oddly Smooth Stone"},{"floor":29,"key":"Nunchaku"},{"floor":34,"key":"Bag of Preparation"},{"floor":34,"key":"Question Card"},{"floor":34,"key":"Calipers"},{"floor":36,"key":"FossilizedHelix"},{"floor":40,"key":"Juzu Bracelet"},{"floor":43,"key":"Sundial"},{"floor":44,"key":"Toy Ornithopter"}],"event_choices":[{"damage_healed":0,"gold_gain":0,"player_choice":"Forge","damage_taken":0,"max_hp_gain":0,"max_hp_loss":0,"event_name":"Accursed Blacksmith","floor":4,"gold_loss":0,"cards_upgraded":["Eruption"]},{"damage_healed":0,"gold_gain":0,"player_choice":"Ignored","damage_taken":0,"max_hp_gain":0,"max_hp_loss":0,"event_name":"WeMeetAgain","floor":28,"gold_loss":0},{"damage_healed":0,"gold_gain":0,"player_choice":"Fight","damage_taken":0,"max_hp_gain":0,"max_hp_loss":0,"event_name":"MindBloom","floor":36,"gold_loss":0},{"cards_removed":["Endless Agony"],"damage_healed":0,"gold_gain":0,"player_choice":"Removed Attack","damage_taken":0,"max_hp_gain":0,"max_hp_loss":0,"event_name":"Falling","floor":37,"gold_loss":0},{"damage_healed":0,"gold_gain":0,"player_choice":"Leave","damage_taken":0,"max_hp_gain":0,"max_hp_loss":0,"event_name":"conspire:Investor","floor":48,"gold_loss":0}],"is_beta":false,"boss_relics":[{"not_picked":["Ectoplasm","aspiration:SecretTechniqueScroll"],"picked":"conspire:SpecialSausage"},{"not_picked":["Philosopher\u0027s Stone","SlaversCollar"],"picked":"Calling Bell"}],"items_purged_floors":[5,11,19,38],"is_endless":false,"potions_floor_spawned":[3,8,13,21,29,31,39,40,44,46],"killed_by":"Donu and Deca","ascension_level":20}}