{"host":"kmq7aw60w430zvtx","time":1613935773,"event":{"mods":["BaseMod","Downfall","GifTheSpireLib","Hermit","Hubris","Infinite Spire","Minty Spire (QoL Compilation)","Reliquary","Replay The Spire","Spire Arcade","StSLib","The Construct","The Cursed","The Hierophant","The Jungle","The Necromancer","The Runesmith"],"gold_per_floor":[116,136,136,154,154,154,159,174,174,174,186,186,186,189,189,241,241,229,209,209],"floor_reached":19,"language":"ENG","playtime":1065,"items_purged":[],"score":181,"play_id":"118749ab-121b-4555-b596-2b58cb03e392","local_time":"20210221202933","is_ascension_mode":false,"campfire_choices":[{"floor":6,"key":"REST"},{"floor":12,"key":"RECALL"},{"floor":15,"key":"REST"}],"circlet_count":0,"master_deck":["hierophant:Strike_Hierophant","hierophant:Strike_Hierophant","hierophant:Strike_Hierophant","hierophant:Strike_Hierophant","hierophant:Punish","hierophant:Defend_Hierophant","hierophant:Defend_Hierophant","hierophant:Defend_Hierophant","hierophant:Defend_Hierophant","hierophant:ChurchCoffers","hierophant:Glossolalia","hierophant:HolyVerse","hierophant:Sermon","hierophant:Doomsaying","hierophant:Purify","hierophant:PassingBell","hierophant:ArchangelShield","hierophant:FlamingChariot","hierophant:Flagellation","hierophant:Martyrdom","hierophant:Determination","hierophant:Sermon+1"],"relics":["hierophant:PropheticMaskRelic","Juzu Bracelet","Golden Idol","Runesmith:Locket","Runic Pyramid"],"acts_visited":["Exordium","TheCity"],"potions_floor_usage":[16,16],"damage_taken":[{"damage":5,"enemies":"2 Louse","floor":1,"turns":3},{"damage":13,"enemies":"Jaw Worm","floor":2,"turns":6},{"damage":4,"enemies":"Cultist","floor":3,"turns":4},{"damage":22,"enemies":"Blue Slaver","floor":4,"turns":5},{"damage":0,"enemies":"Large Slime","floor":5,"turns":5},{"damage":20,"enemies":"Gremlin Nob","floor":7,"turns":4},{"damage":11,"enemies":"Lots of Slimes","floor":8,"turns":2},{"damage":2,"enemies":"3 Louse","floor":11,"turns":2},{"damage":30,"enemies":"3 Sentries","floor":14,"turns":6},{"damage":28,"enemies":"Hexaghost","floor":16,"turns":10},{"damage":35,"enemies":"Chosen","floor":18,"turns":6},{"damage":38,"enemies":"Shell Parasite","floor":19,"turns":5}],"seed_played":"4489122550363285761","potions_obtained":[{"floor":1,"key":"PowerPotion"},{"floor":4,"key":"Swift Potion"},{"floor":14,"key":"hexamod:SoulburnPotion"},{"floor":16,"key":"Ancient Potion"}],"is_trial":false,"path_per_floor":["M","M","M","M","M","R","E","M","T","?","M","R","?","E","R","B",null,"M","M"],"character_chosen":"HIEROPHANT","items_purchased":[],"campfire_rested":2,"item_purchase_floors":[],"current_hp_per_floor":[70,57,53,31,31,53,33,22,22,47,45,45,45,15,35,7,69,36,0,0],"gold":209,"neow_bonus":"THREE_CARDS","is_daily":false,"chose_seed":false,"campfire_upgraded":0,"win_rate":0.0,"timestamp":1613935773,"path_taken":["M","M","M","M","M","R","E","M","T","?","M","R","?","E","R","BOSS","M","M"],"items_purchased_type":[],"build_version":"2020-12-22","purchased_purges":0,"victory":false,"max_hp_per_floor":[75,75,75,75,75,75,75,75,75,75,75,75,69,69,69,69,69,69,69,69],"card_choices":[{"not_picked":["hierophant:DisplayOfPower","hierophant:AuricBeam"],"picked":"hierophant:Glossolalia","floor":0},{"not_picked":["hierophant:Refuge","hierophant:MorningPrayer"],"picked":"hierophant:HolyVerse","floor":1},{"not_picked":["hierophant:Racketeering","hierophant:FieryStrike"],"picked":"hierophant:Sermon","floor":2},{"not_picked":["hierophant:PassingBell","hierophant:Purify"],"picked":"hierophant:Doomsaying","floor":3},{"not_picked":["hierophant:SealAway","hierophant:Levitation"],"picked":"hierophant:Purify","floor":4},{"not_picked":["hierophant:Embezzle","hierophant:SealAway"],"picked":"hierophant:PassingBell","floor":5},{"not_picked":["hierophant:FlamingChariot","hierophant:Doubloon"],"picked":"hierophant:ArchangelShield","floor":7},{"not_picked":["hierophant:Racketeering","hierophant:Shelter"],"picked":"hierophant:FlamingChariot","floor":8},{"not_picked":["hierophant:RustyCrate","hierophant:CursedGold"],"picked":"hierophant:Flagellation","floor":11},{"not_picked":["hierophant:ConvertCurrency","hierophant:Shelter"],"picked":"hierophant:Martyrdom","floor":14},{"not_picked":["hierophant:Invocation","hierophant:Batter"],"picked":"hierophant:Determination","floor":16},{"not_picked":["hierophant:Bribe","hierophant:SecretStash"],"picked":"hierophant:Sermon+1","floor":18}],"player_experience":403681,"relics_obtained":[{"floor":7,"key":"Juzu Bracelet"},{"floor":14,"key":"Runesmith:Locket"}],"event_choices":[{"damage_healed":25,"gold_gain":0,"player_choice":"Banana","damage_taken":0,"max_hp_gain":0,"max_hp_loss":0,"event_name":"Big Fish","floor":10,"gold_loss":0},{"damage_healed":0,"gold_gain":0,"player_choice":"Lose Max HP","damage_taken":0,"relics_obtained":["Golden Idol"],"max_hp_gain":0,"max_hp_loss":6,"event_name":"Golden Idol","floor":13,"gold_loss":0}],"is_beta":false,"boss_relics":[{"not_picked":["Tiny House","reliquary:KinkedSpring"],"picked":"Runic Pyramid"}],"items_purged_floors":[],"is_endless":false,"potions_floor_spawned":[1,4,14,16],"killed_by":"Shell Parasite","ascension_level":0}}