{"host":"o88u0awh8mkwl1l8","time":1613868778,"event":{"mods":["BaseMod","Colored Map","Highlight Path","Minty Spire (QoL Compilation)","Relic Sorter"],"gold_per_floor":[368,382,213,231,247,272,272,272,272,272,284,316,335,350,350,421,421,438,438,438,457,372,405,405,440,440,450,274,274,285,314,314,387,387,387],"floor_reached":34,"language":"JPN","playtime":2062,"items_purged":["Defend_P","Writhe"],"score":959,"play_id":"334d436f-35ec-4230-a120-9c4680dc2c74","local_time":"20210221095258","is_ascension_mode":true,"campfire_choices":[{"floor":7.0,"key":"REST"},{"data":"BattleHymn","floor":10.0,"key":"SMITH"},{"data":"MentalFortress","floor":15.0,"key":"SMITH"},{"floor":24.0,"key":"REST"},{"data":"LessonLearned","floor":32.0,"key":"SMITH"}],"circlet_count":0,"master_deck":["AscendersBane","Strike_P","Strike_P","Strike_P","Strike_P","Defend_P","Defend_P","Defend_P","Eruption","Vigilance","Perseverance","ClearTheMind","Bandage Up","SandsOfTime","Consecrate","BattleHymn+1","MentalFortress+1","Wallop","FlurryOfBlows","EmptyBody","Establishment","CrushJoints","Collect+1","Indignation","BowlingBash","WindmillStrike","LessonLearned+1","MentalFortress+1","SandsOfTime","Ragnarok"],"relics":["PureWater","Shuriken","Bag of Marbles","Pear","Thread and Needle","Snecko Eye","Ancient Tea Set","Toy Ornithopter","Bottled Flame","Strawberry","Pantograph","Omamori"],"acts_visited":["Exordium","TheCity"],"potions_floor_usage":[],"damage_taken":[{"damage":2.0,"enemies":"Cultist","floor":1.0,"turns":3.0},{"damage":2.0,"enemies":"Jaw Worm","floor":2.0,"turns":3.0},{"damage":1.0,"enemies":"Small Slimes","floor":4.0,"turns":5.0},{"damage":11.0,"enemies":"Exordium Thugs","floor":5.0,"turns":3.0},{"damage":16.0,"enemies":"Gremlin Nob","floor":6.0,"turns":3.0},{"damage":4.0,"enemies":"2 Fungi Beasts","floor":11.0,"turns":4.0},{"damage":2.0,"enemies":"3 Sentries","floor":12.0,"turns":5.0},{"damage":9.0,"enemies":"Blue Slaver","floor":13.0,"turns":5.0},{"damage":1.0,"enemies":"Exordium Wildlife","floor":14.0,"turns":3.0},{"damage":14.0,"enemies":"Hexaghost","floor":16.0,"turns":9.0},{"damage":20.0,"enemies":"Spheric Guardian","floor":18.0,"turns":6.0},{"damage":13.0,"enemies":"2 Thieves","floor":21.0,"turns":4.0},{"damage":11.0,"enemies":"Gremlin Leader","floor":23.0,"turns":4.0},{"damage":10.0,"enemies":"Book of Stabbing","floor":25.0,"turns":4.0},{"damage":8.0,"enemies":"3 Cultists","floor":27.0,"turns":4.0},{"damage":0.0,"enemies":"Slavers","floor":29.0,"turns":1.0},{"damage":16.0,"enemies":"Snake Plant","floor":30.0,"turns":5.0},{"damage":0.0,"enemies":"Book of Stabbing","floor":31.0,"turns":2.0},{"damage":8.0,"enemies":"Automaton","floor":33.0,"turns":6.0}],"seed_played":"6256472704358967749","potions_obtained":[{"floor":2.0,"key":"Strength Potion"},{"floor":5.0,"key":"DuplicationPotion"},{"floor":6.0,"key":"SteroidPotion"},{"floor":14.0,"key":"SmokeBomb"},{"floor":25.0,"key":"Fruit Juice"},{"floor":30.0,"key":"FearPotion"},{"floor":33.0,"key":"Dexterity Potion"}],"is_trial":false,"path_per_floor":["M","M","$","M","M","E","R","?","T","R","M","E","M","M","R","B",null,"M","?","T","M","?","E","R","E","T","M","$","E","M","E","R","B",null],"character_chosen":"WATCHER","items_purchased":["Bandage Up","LessonLearned"],"campfire_rested":2,"item_purchase_floors":[3,28],"current_hp_per_floor":[41,39,39,42,35,19,39,39,49,49,49,51,46,49,49,39,68,52,52,52,43,43,36,59,65,65,57,67,72,60,60,60,77,77,77],"gold":387,"neow_bonus":"TWO_FIFTY_GOLD","is_daily":false,"chose_seed":false,"campfire_upgraded":3,"win_rate":0.0,"timestamp":1613868778,"path_taken":["M","M","$","M","?","E","R","?","T","R","M","E","M","M","R","BOSS","M","?","?","M","?","E","R","E","T","M","$","E","M","E","R","BOSS"],"items_purchased_type":["Card","Card"],"build_version":"2020-12-22","purchased_purges":2,"victory":false,"max_hp_per_floor":[68,68,68,68,68,68,68,68,78,78,78,78,78,78,78,78,78,78,78,78,78,78,78,78,85,85,85,90,90,90,90,90,90,90,90],"card_choices":[{"not_picked":["JustLucky","PathToVictory"],"picked":"Perseverance","floor":1.0},{"not_picked":["Study","Halt"],"picked":"ClearTheMind","floor":2.0},{"not_picked":["EmptyFist","WreathOfFlame"],"picked":"SandsOfTime","floor":4.0},{"not_picked":["SandsOfTime","ReachHeaven"],"picked":"Consecrate","floor":5.0},{"not_picked":["ClearTheMind","DeceiveReality"],"picked":"BattleHymn","floor":6.0},{"not_picked":["BattleHymn","ThirdEye"],"picked":"MentalFortress","floor":11.0},{"not_picked":["CutThroughFate","PathToVictory"],"picked":"Wallop","floor":12.0},{"not_picked":["FollowUp","SashWhip"],"picked":"FlurryOfBlows","floor":13.0},{"not_picked":["ForeignInfluence","FlyingSleeves"],"picked":"EmptyBody","floor":14.0},{"not_picked":["ConjureBlade","MasterReality"],"picked":"Establishment","floor":16.0},{"not_picked":["LikeWater","Evaluate"],"picked":"CrushJoints","floor":18.0},{"not_picked":["PathToVictory","Prostrate"],"picked":"Collect+1","floor":21.0},{"not_picked":["Pray","Vengeance+1"],"picked":"Indignation","floor":23.0},{"not_picked":["Adaptation","EmptyBody"],"picked":"BowlingBash","floor":25.0},{"not_picked":["Worship","WreathOfFlame"],"picked":"WindmillStrike","floor":27.0},{"not_picked":["SashWhip","Swivel"],"picked":"MentalFortress+1","floor":30.0},{"not_picked":["BowlingBash","CutThroughFate"],"picked":"SandsOfTime","floor":31.0},{"not_picked":["Alpha","Judgement"],"picked":"Ragnarok","floor":33.0}],"player_experience":1313808,"relics_obtained":[{"floor":6.0,"key":"Bag of Marbles"},{"floor":9.0,"key":"Pear"},{"floor":12.0,"key":"Thread and Needle"},{"floor":20.0,"key":"Ancient Tea Set"},{"floor":23.0,"key":"Bottled Flame"},{"floor":25.0,"key":"Strawberry"},{"floor":26.0,"key":"Pantograph"},{"floor":31.0,"key":"Omamori"}],"event_choices":[{"damage_healed":0.0,"max_hp_gain":0.0,"max_hp_loss":0.0,"gold_gain":0.0,"event_name":"Liars Game","player_choice":"Ignored","floor":8.0,"gold_loss":0.0,"damage_taken":0.0},{"damage_healed":0.0,"max_hp_gain":0.0,"max_hp_loss":0.0,"gold_gain":0.0,"event_name":"The Mausoleum","player_choice":"Opened","floor":19.0,"gold_loss":0.0,"damage_taken":0.0,"relics_obtained":["Shuriken"],"cards_obtained":["Writhe"]},{"damage_healed":0.0,"max_hp_gain":0.0,"max_hp_loss":0.0,"gold_gain":0.0,"event_name":"Addict","player_choice":"Obtained Relic","floor":22.0,"gold_loss":85.0,"damage_taken":0.0,"relics_obtained":["Toy Ornithopter"]}],"is_beta":false,"boss_relics":[{"not_picked":["Astrolabe","Empty Cage"],"picked":"Snecko Eye"}],"items_purged_floors":[3,28],"is_endless":false,"potions_floor_spawned":[2,5,6,11,14,16,23,25,30,33],"ascension_level":20}}