{"host":"as7albp2mcgkylj3","time":1613941834,"event":{"mods":["2.2 Compatiblity","AchievementEnabler","BaseMod","Colored Map","DeckTracker","Googly Eyes","Highlight Path","Minty Spire (QoL Compilation)","StSLib","SuperFastMode"],"gold_per_floor":[118,136,136,136,147,147,147,147,147,159,159,84,103,132,132,230,230,249,266,266,266,166,0,19,31,31,49,63,63,93,93,93,191,191,202,202,77,77,94,94,94,94,94,110,110,110,120,133,133,133],"floor_reached":51,"language":"ITA","playtime":1172,"items_purged":["Defend_G","Strike_G","Strike_G"],"score":767,"play_id":"df69f32f-7896-45bb-81a8-3a2d0fccc12e","local_time":"20210221221034","is_ascension_mode":false,"campfire_choices":[{"data":"Neutralize","floor":6.0,"key":"SMITH"},{"data":"Cloak And Dagger","floor":8.0,"key":"SMITH"},{"data":"Survivor","floor":11.0,"key":"SMITH"},{"data":"Terror","floor":15.0,"key":"SMITH"},{"floor":32,"key":"REST"},{"data":"Cloak And Dagger","floor":40,"key":"SMITH"},{"data":"A Thousand Cuts","floor":42,"key":"SMITH"},{"data":"Backflip","floor":49,"key":"SMITH"}],"circlet_count":0,"master_deck":["Strike_G","Defend_G","Survivor+1","Neutralize+1","Cloak And Dagger+1","Terror+1","Cloak And Dagger+1","Slice+1","Cloak And Dagger+1","A Thousand Cuts+1","Cloak And Dagger+1","Backflip+1","Parasite"],"relics":["Ring of the Snake","Meat on the Bone","Letter Opener","FossilizedHelix","Calipers","WristBlade","Shuriken","Ninja Scroll","Ornamental Fan","Empty Cage","Boot"],"acts_visited":["Exordium","TheCity","TheBeyond"],"potions_floor_usage":[33,50,50,50],"damage_taken":[{"damage":4.0,"enemies":"Cultist","floor":1.0,"turns":4.0},{"damage":2.0,"enemies":"Jaw Worm","floor":2.0,"turns":3.0},{"damage":0.0,"enemies":"Small Slimes","floor":5.0,"turns":4.0},{"damage":0.0,"enemies":"Blue Slaver","floor":10.0,"turns":4.0},{"damage":0.0,"enemies":"3 Louse","floor":13.0,"turns":4.0},{"damage":6.0,"enemies":"Lagavulin","floor":14.0,"turns":7.0},{"damage":20.0,"enemies":"The Guardian","floor":16.0,"turns":14.0},{"damage":0,"enemies":"3 Byrds","floor":18,"turns":6},{"damage":10,"enemies":"Spheric Guardian","floor":19,"turns":4},{"damage":16,"enemies":"Snecko","floor":24,"turns":6},{"damage":17,"enemies":"Centurion and Healer","floor":25,"turns":5},{"damage":0,"enemies":"Snake Plant","floor":27,"turns":2},{"damage":0,"enemies":"Shelled Parasite and Fungi","floor":28,"turns":4},{"damage":0,"enemies":"Slavers","floor":30,"turns":4},{"damage":0,"enemies":"Automaton","floor":33,"turns":7},{"damage":0,"enemies":"3 Shapes","floor":35,"turns":1},{"damage":0,"enemies":"3 Darklings","floor":39,"turns":4},{"damage":0,"enemies":"Spire Growth","floor":44,"turns":2},{"damage":0,"enemies":"4 Shapes","floor":47,"turns":2},{"damage":0,"enemies":"Writhing Mass","floor":48,"turns":3},{"damage":19,"enemies":"Donu and Deca","floor":50,"turns":6}],"seed_played":"-3048382585073105526","potions_obtained":[{"floor":1.0,"key":"AttackPotion"},{"floor":2.0,"key":"GamblersBrew"},{"floor":10.0,"key":"SmokeBomb"},{"floor":19,"key":"Block Potion"},{"floor":27,"key":"CultistPotion"},{"floor":48,"key":"AttackPotion"}],"is_trial":false,"path_per_floor":["M","M","?","?","M","R","T","R","T","M","R","$","M","E","R","B",null,"M","M","?","?","$","?","M","M","T","M","M","T","E","$","R","B",null,"M","?","$","?","M","R","?","R","T","M","?","$","M","M","R","B",null],"character_chosen":"THE_SILENT","items_purchased":[],"campfire_rested":1,"item_purchase_floors":[],"current_hp_per_floor":[66,64,61,61,61,61,61,61,61,61,61,61,61,55,55,47,70,70,60,60,60,60,60,44,39,39,39,39,39,39,39,60,60,70,70,70,70,70,70,70,70,70,70,70,70,70,70,70,70,51],"gold":133,"neow_bonus":"THREE_CARDS","is_daily":false,"chose_seed":false,"campfire_upgraded":7,"win_rate":0.0,"timestamp":1613941834,"path_taken":["M","?","?","?","M","R","?","R","T","M","R","$","M","E","R","BOSS","M","M","?","?","$","?","M","M","T","M","M","?","E","$","R","BOSS","M","?","$","?","?","R","?","R","T","M","?","$","?","M","R","BOSS"],"items_purchased_type":[],"build_version":"2020-12-22","purchased_purges":3,"victory":true,"max_hp_per_floor":[70,70,70,70,70,70,70,70,70,70,70,70,70,70,70,70,70,70,70,70,70,70,70,70,70,70,70,70,70,70,70,70,70,70,70,70,70,70,70,70,70,70,70,70,70,70,70,70,70,70],"card_choices":[{"not_picked":["Setup","PiercingWail"],"picked":"Cloak And Dagger","floor":1.0},{"not_picked":["Prepared","Dagger Throw","Terror"],"picked":"SKIP","floor":2.0},{"not_picked":["Eviscerate","Deflect","Deadly Poison"],"picked":"SKIP","floor":5.0},{"not_picked":["Endless Agony","Calculated Gamble","All Out Attack"],"picked":"SKIP","floor":10.0},{"not_picked":["Choke","Endless Agony","Dodge and Roll"],"picked":"SKIP","floor":13.0},{"not_picked":["Die Die Die","Setup"],"picked":"Terror","floor":14.0},{"not_picked":["Dodge and Roll","Choke","Tactician"],"picked":"SKIP","floor":18},{"not_picked":["Sucker Punch+1","Bane"],"picked":"Cloak And Dagger","floor":19},{"not_picked":["Acrobatics","PiercingWail+1"],"picked":"Slice+1","floor":24},{"not_picked":["Deadly Poison","Outmaneuver+1","Quick Slash"],"picked":"SKIP","floor":25},{"not_picked":["Quick Slash","PiercingWail+1","Prepared"],"picked":"SKIP","floor":27},{"not_picked":["Heel Hook","Calculated Gamble+1","Underhanded Strike"],"picked":"SKIP","floor":28},{"not_picked":["Bane","Phantasmal Killer"],"picked":"Slice+1","floor":30},{"not_picked":["Outmaneuver","Dagger Spray+1","Dagger Throw"],"picked":"SKIP","floor":35},{"not_picked":["Tactician","Dash+1"],"picked":"A Thousand Cuts","floor":39},{"not_picked":["Setup+1","Outmaneuver+1"],"picked":"Cloak And Dagger+1","floor":44},{"not_picked":["Acrobatics","Noxious Fumes","Bane+1"],"picked":"SKIP","floor":47},{"not_picked":["Catalyst","Acrobatics","Setup"],"picked":"SKIP","floor":48}],"player_experience":488986,"relics_obtained":[{"floor":7.0,"key":"Letter Opener"},{"floor":9.0,"key":"FossilizedHelix"},{"floor":14.0,"key":"Calipers"},{"floor":26,"key":"Shuriken"},{"floor":29,"key":"Ninja Scroll"},{"floor":30,"key":"Ornamental Fan"},{"floor":43,"key":"Boot"}],"event_choices":[{"damage_healed":0.0,"max_hp_gain":0.0,"max_hp_loss":0.0,"gold_gain":0.0,"event_name":"Scrap Ooze","player_choice":"Success","floor":3.0,"gold_loss":0.0,"damage_taken":3.0,"relics_obtained":["Meat on the Bone"]},{"cards_removed":["Defend_G"],"damage_healed":0.0,"max_hp_gain":0.0,"max_hp_loss":0.0,"gold_gain":0.0,"event_name":"Living Wall","player_choice":"Forget","floor":4.0,"gold_loss":0.0,"damage_taken":0.0},{"cards_removed":["Defend_G"],"damage_healed":0,"gold_gain":0,"player_choice":"Elegance","damage_taken":0,"max_hp_gain":0,"max_hp_loss":0,"event_name":"Back to Basics","floor":20,"gold_loss":0},{"damage_healed":0,"gold_gain":0,"player_choice":"Ignored","damage_taken":0,"max_hp_gain":0,"max_hp_loss":0,"event_name":"Cursed Tome","floor":21,"gold_loss":0},{"damage_healed":0,"gold_gain":0,"player_choice":"Paid Fearfully","damage_taken":0,"max_hp_gain":0,"max_hp_loss":0,"event_name":"Masked Bandits","floor":23,"gold_loss":166},{"cards_removed":["Slice"],"damage_healed":0,"gold_gain":0,"player_choice":"Removed Attack","damage_taken":0,"max_hp_gain":0,"max_hp_loss":0,"event_name":"Falling","floor":36,"gold_loss":0},{"damage_healed":0,"gold_gain":0,"player_choice":"Copied","damage_taken":0,"max_hp_gain":0,"max_hp_loss":0,"event_name":"Duplicator","floor":38,"gold_loss":0,"cards_obtained":["Cloak And Dagger"]},{"damage_healed":0,"gold_gain":0,"player_choice":"Ignored","damage_taken":0,"max_hp_gain":0,"max_hp_loss":0,"event_name":"Mysterious Sphere","floor":41,"gold_loss":0},{"damage_healed":0,"gold_gain":0,"cards_transformed":["Defend_G"],"player_choice":"Transformed","damage_taken":0,"max_hp_gain":0,"max_hp_loss":0,"event_name":"Transmorgrifier","floor":45,"gold_loss":0,"cards_obtained":["Backflip"]}],"is_beta":false,"boss_relics":[{"not_picked":["Sozu","SlaversCollar"],"picked":"WristBlade"},{"not_picked":["Velvet Choker","Astrolabe"],"picked":"Empty Cage"}],"items_purged_floors":[12,22,37],"is_endless":false,"potions_floor_spawned":[1,2,10,19,25,27,30,48],"ascension_level":0}}