{"host":"sav7uxregyirlf69","time":1613915246,"event":{"mods":["AchievementEnabler","BaseMod","Colored Map","DeckTracker","Keyboard Shortcuts","Minty Spire (QoL Compilation)","READ ME - Guardian Mod","StSLib","SuperFastMode"],"gold_per_floor":[110,110,178,193,223,223,51,63,90,90,101,101,112,12,12,86,86,105,189,239,253,303,330,330,363,363,395,181,181,193,211,211,285,285,304,576,626,645,720,720,751,216,216,216,96,96,121,171,171,171,171,171,171,45,72,72],"floor_reached":57,"language":"KOR","playtime":1417,"items_purged":["Strike_G","Infinite Blades","Infinite Blades","Tactician"],"score":3083,"play_id":"e64f16e3-243d-4d44-bf24-e25421fc012a","local_time":"20210221224726","is_ascension_mode":true,"campfire_choices":[{"data":"Neutralize","floor":6,"key":"SMITH"},{"data":"Tactician","floor":10,"key":"SMITH"},{"data":"Tools of the Trade","floor":12,"key":"SMITH"},{"data":"Accuracy","floor":15,"key":"SMITH"},{"data":"Reflex","floor":24,"key":"SMITH"},{"data":"1","floor":29,"key":"LIFT"},{"data":"2","floor":32,"key":"LIFT"},{"data":"Wraith Form v2","floor":40,"key":"SMITH"},{"data":"3","floor":44,"key":"LIFT"},{"data":"Acrobatics","floor":46,"key":"SMITH"},{"floor":49,"key":"RECALL"},{"data":"Backflip","floor":53,"key":"SMITH"}],"circlet_count":0,"master_deck":["AscendersBane","Survivor","Neutralize+1","Blade Dance","Tactician+1","Acrobatics+1","Blade Dance","Accuracy+1","Burst","After Image","Calculated Gamble","Concentrate+1","PiercingWail","Reflex+1","Escape Plan+1","Backflip+1","Footwork+1","Wraith Form v2+1","Well Laid Plans+1","Flash of Steel"],"relics":["Ring of the Snake","Boot","SsserpentHead","Orrery","Bronze Scales","Pandora\u0027s Box","Red Mask","Nunchaku","Girya","Gremlin Horn","The Courier","Bag of Marbles","WristBlade","Gambling Chip","Lantern","ClockworkSouvenir","Shuriken","Oddly Smooth Stone","Bag of Preparation","Blood Vial"],"acts_visited":["Exordium","TheCity","TheBeyond","TheEnding"],"potions_floor_usage":[16,30,56],"damage_taken":[{"damage":5,"enemies":"Small Slimes","floor":1,"turns":5},{"damage":0,"enemies":"Cultist","floor":3,"turns":4},{"damage":0,"enemies":"2 Louse","floor":4,"turns":3},{"damage":12,"enemies":"Exordium Wildlife","floor":8,"turns":5},{"damage":0,"enemies":"2 Fungi Beasts","floor":11,"turns":3},{"damage":24,"enemies":"Exordium Thugs","floor":13,"turns":4},{"damage":5,"enemies":"Slime Boss","floor":16,"turns":7},{"damage":0,"enemies":"Chosen","floor":18,"turns":2},{"damage":5,"enemies":"Masked Bandits","floor":19,"turns":3},{"damage":0,"enemies":"3 Byrds","floor":21,"turns":3},{"damage":6,"enemies":"Book of Stabbing","floor":23,"turns":4},{"damage":4,"enemies":"Gremlin Leader","floor":25,"turns":5},{"damage":0,"enemies":"Book of Stabbing","floor":27,"turns":3},{"damage":6,"enemies":"Snecko","floor":30,"turns":3},{"damage":0,"enemies":"Snake Plant","floor":31,"turns":3},{"damage":11,"enemies":"Automaton","floor":33,"turns":6},{"damage":0,"enemies":"Orb Walker","floor":35,"turns":2},{"damage":0,"enemies":"3 Darklings","floor":38,"turns":2},{"damage":0,"enemies":"Mind Bloom Boss Battle","floor":39,"turns":3},{"damage":0,"enemies":"Nemesis","floor":41,"turns":3},{"damage":0,"enemies":"Reptomancer","floor":47,"turns":1},{"damage":0,"enemies":"Awakened One","floor":50,"turns":2},{"damage":0,"enemies":"Time Eater","floor":51,"turns":6},{"damage":2,"enemies":"Shield and Spear","floor":55,"turns":3},{"damage":18,"enemies":"The Heart","floor":56,"turns":6}],"seed_played":"5171400835618166537","potions_obtained":[{"floor":1,"key":"DuplicationPotion"},{"floor":4,"key":"DuplicationPotion"},{"floor":5,"key":"FairyPotion"},{"floor":8,"key":"Regen Potion"},{"floor":16,"key":"Block Potion"},{"floor":30,"key":"Fire Potion"},{"floor":33,"key":"Regen Potion"}],"is_trial":false,"path_per_floor":["M","?","M","M","?","R","$","M","T","R","M","R","M","$","R","B",null,"M","?","?","M","?","E","R","E","T","E","$","R","M","M","R","B",null,"M","?","?","M","?","R","E","$","T","R","$","R","E","?","R","B","B",null,"R","$","E","B",null],"character_chosen":"THE_SILENT","items_purchased":["Orrery","Accuracy","Bag of Marbles","ClockworkSouvenir","Shuriken","Flash of Steel","Bag of Preparation"],"campfire_rested":0,"item_purchase_floors":[7,14,28,42,42,42,54],"current_hp_per_floor":[54,54,54,54,54,54,54,42,42,42,42,42,18,18,18,28,57,57,52,52,52,52,46,46,42,42,42,42,42,36,36,36,25,56,56,56,56,56,56,56,56,56,56,56,56,56,56,76,76,76,76,76,76,76,74,70],"gold":72,"neow_bonus":"RANDOM_COMMON_RELIC","is_daily":false,"chose_seed":false,"campfire_upgraded":8,"win_rate":0.0,"timestamp":1613915246,"path_taken":["M","?","?","M","?","R","$","M","T","R","M","R","M","?","R","BOSS","M","?","?","M","?","E","R","E","T","E","$","R","M","M","R","BOSS","M","?","?","M","?","R","E","$","T","R","$","R","E","?","R","BOSS","BOSS","R","$","E","BOSS"],"items_purchased_type":["Relic","Card","Relic","Relic","Relic","Card","Relic"],"build_version":"2020-12-22","purchased_purges":4,"victory":true,"max_hp_per_floor":[66,66,66,66,66,66,66,66,66,66,66,66,66,66,66,66,66,66,66,66,66,66,66,66,66,66,66,66,66,66,66,66,66,66,66,66,66,66,66,66,66,66,66,66,66,66,66,76,76,76,76,76,76,76,76,76],"card_choices":[{"not_picked":["Deflect","Underhanded Strike"],"picked":"Infinite Blades","floor":1},{"not_picked":["Bouncing Flask","Backflip"],"picked":"Blade Dance","floor":3},{"not_picked":["Storm of Steel","Distraction","Flying Knee"],"picked":"SKIP","floor":4},{"not_picked":["Outmaneuver","Endless Agony"],"picked":"Tactician","floor":7},{"not_picked":["Deflect","Masterful Stab"],"picked":"Acrobatics","floor":7},{"not_picked":["Deadly Poison","Flying Knee","PiercingWail"],"picked":"SKIP","floor":8},{"not_picked":["Deadly Poison","Flying Knee","PiercingWail"],"picked":"SKIP","floor":8},{"not_picked":["Poisoned Stab","Riddle With Holes"],"picked":"Tools of the Trade","floor":11},{"not_picked":["Caltrops","Slice"],"picked":"Blade Dance","floor":13},{"not_picked":["Malaise","Die Die Die"],"picked":"Burst","floor":16},{"not_picked":["Deadly Poison","All Out Attack","Caltrops"],"picked":"SKIP","floor":18},{"not_picked":["Slice","Cloak And Dagger"],"picked":"Escape Plan+1","floor":19},{"not_picked":["Dodge and Roll+1","Dagger Throw"],"picked":"Backflip","floor":21},{"not_picked":["Poisoned Stab+1","Finisher","Quick Slash"],"picked":"SKIP","floor":23},{"not_picked":["Noxious Fumes","Escape Plan"],"picked":"Footwork+1","floor":25},{"not_picked":["Escape Plan","Caltrops+1","Dodge and Roll"],"picked":"SKIP","floor":27},{"not_picked":["Quick Slash+1","Dagger Spray"],"picked":"Wraith Form v2","floor":30},{"not_picked":["Flying Knee","Backflip","Escape Plan"],"picked":"SKIP","floor":31},{"not_picked":["Backflip+1","Deflect","Predator"],"picked":"SKIP","floor":35},{"not_picked":["Dagger Spray","Finisher","Dagger Throw"],"picked":"SKIP","floor":38},{"not_picked":["Deadly Poison","Slice"],"picked":"Well Laid Plans+1","floor":39},{"not_picked":["Predator","Dagger Throw","Outmaneuver"],"picked":"SKIP","floor":41},{"not_picked":["Slice","Leg Sweep+1","Choke"],"picked":"SKIP","floor":47},{"not_picked":["Burst","All Out Attack","Crippling Poison+1"],"picked":"SKIP","floor":55}],"player_experience":1647139,"relics_obtained":[{"floor":9,"key":"Bronze Scales"},{"floor":19,"key":"Red Mask"},{"floor":23,"key":"Nunchaku"},{"floor":25,"key":"Girya"},{"floor":26,"key":"Gremlin Horn"},{"floor":27,"key":"The Courier"},{"floor":39,"key":"Gambling Chip"},{"floor":41,"key":"Lantern"},{"floor":47,"key":"Oddly Smooth Stone"},{"floor":55,"key":"Blood Vial"}],"event_choices":[{"damage_healed":0,"gold_gain":0,"player_choice":"Trade","damage_taken":0,"relics_obtained":["SsserpentHead"],"max_hp_gain":0,"max_hp_loss":0,"event_name":"FaceTrader","floor":2,"gold_loss":0},{"damage_healed":0,"gold_gain":0,"player_choice":"Bought 1 Potion","damage_taken":0,"max_hp_gain":0,"max_hp_loss":0,"event_name":"The Woman in Blue","floor":5,"gold_loss":0},{"damage_healed":0,"gold_gain":0,"player_choice":"Fought Bandits","damage_taken":0,"max_hp_gain":0,"max_hp_loss":0,"event_name":"Masked Bandits","floor":19,"gold_loss":0},{"cards_removed":["Outmaneuver"],"damage_healed":0,"gold_gain":0,"player_choice":"Elegance","damage_taken":0,"max_hp_gain":0,"max_hp_loss":0,"event_name":"Back to Basics","floor":20,"gold_loss":0},{"damage_healed":0,"gold_gain":0,"player_choice":"Forge","damage_taken":0,"max_hp_gain":0,"max_hp_loss":0,"event_name":"Accursed Blacksmith","floor":22,"gold_loss":0,"cards_upgraded":["Concentrate"]},{"damage_healed":0,"gold_gain":222,"player_choice":"Wore Mask","damage_taken":0,"max_hp_gain":0,"max_hp_loss":0,"event_name":"Tomb of Lord Red Mask","floor":36,"gold_loss":0},{"cards_removed":["Unload"],"damage_healed":0,"gold_gain":0,"player_choice":"Removed Attack","damage_taken":0,"max_hp_gain":0,"max_hp_loss":0,"event_name":"Falling","floor":37,"gold_loss":0},{"damage_healed":0,"gold_gain":0,"player_choice":"Fight","damage_taken":0,"max_hp_gain":0,"max_hp_loss":0,"event_name":"MindBloom","floor":39,"gold_loss":0},{"cards_removed":["Tools of the Trade"],"damage_healed":10,"gold_gain":0,"player_choice":"Offered Rare","damage_taken":0,"max_hp_gain":10,"max_hp_loss":0,"event_name":"Bonfire Elementals","floor":48,"gold_loss":0}],"is_beta":false,"boss_relics":[{"not_picked":["Calling Bell","Ring of the Serpent"],"picked":"Pandora\u0027s Box"},{"not_picked":["HoveringKite","Velvet Choker"],"picked":"WristBlade"}],"items_purged_floors":[14,28,42,45],"is_endless":false,"potions_floor_spawned":[1,4,8,16,21,27,30,33,39],"ascension_level":20}}