{"host":"4epvxsx6d4oxmc67","time":1613931735,"event":{"mods":["AchievementEnabler","BaseMod","Colored Map","Highlight Path","Minty Spire (QoL Compilation)"],"gold_per_floor":[110,110,123,135,146,146,156,189,189,199,216,216,226,81,81,177,177,189,45,45,45,56,56,56,56,56,56,56,75,110,121,121,222,222,233,250,250,88,88,123,140,140,215,215,215,25,40,54,54,54],"floor_reached":51,"language":"ENG","playtime":4037,"items_purged":["Defend_R"],"score":911,"play_id":"11ac1dcd-a3a1-4184-90e2-46d0008ceaf3","local_time":"20210221182215","is_ascension_mode":true,"campfire_choices":[{"data":"Bash","floor":6.0,"key":"SMITH"},{"data":"Double Tap","floor":12.0,"key":"SMITH"},{"floor":15.0,"key":"REST"},{"data":"Feed","floor":23.0,"key":"SMITH"},{"data":"Rampage","floor":25.0,"key":"SMITH"},{"data":"Flex","floor":27.0,"key":"SMITH"},{"floor":32,"key":"REST"},{"floor":42,"key":"REST"},{"floor":45,"key":"REST"},{"floor":49,"key":"REST"}],"circlet_count":0,"master_deck":["Strike_R","Strike_R","Defend_R+1","Defend_R","Bash+1","Cleave","Flex+1","Headbutt","Iron Wave","Double Tap+1","Pommel Strike","Impervious","Rampage+1","Metallicize","Feed+1","Iron Wave","Seeing Red","Flame Barrier","Clothesline+1","Offering","Rupture+1","Apotheosis","True Grit+1","Enlightenment","HandOfGreed","Feel No Pain+1","Heavy Blade+1"],"relics":["Burning Blood","HornCleat","War Paint","Letter Opener","Snecko Eye","ClockworkSouvenir","Kunai","Du-Vu Doll","Mark of Pain","MealTicket","InkBottle"],"acts_visited":["Exordium","TheCity","TheBeyond"],"potions_floor_usage":[33,41,41],"damage_taken":[{"damage":8.0,"enemies":"Small Slimes","floor":1.0,"turns":5.0},{"damage":12.0,"enemies":"Jaw Worm","floor":3.0,"turns":3.0},{"damage":0.0,"enemies":"Cultist","floor":4.0,"turns":4.0},{"damage":12.0,"enemies":"Gremlin Gang","floor":5.0,"turns":3.0},{"damage":0.0,"enemies":"Blue Slaver","floor":7.0,"turns":3.0},{"damage":21.0,"enemies":"3 Sentries","floor":8.0,"turns":7.0},{"damage":27.0,"enemies":"Exordium Wildlife","floor":10.0,"turns":4.0},{"damage":1.0,"enemies":"Looter","floor":11.0,"turns":2.0},{"damage":4.0,"enemies":"2 Fungi Beasts","floor":13.0,"turns":3.0},{"damage":31.0,"enemies":"Hexaghost","floor":16.0,"turns":10.0},{"damage":6.0,"enemies":"2 Thieves","floor":18.0,"turns":2.0},{"damage":12.0,"enemies":"Chosen","floor":22.0,"turns":5.0},{"damage":0.0,"enemies":"3 Cultists","floor":28.0,"turns":1.0},{"damage":33,"enemies":"Snake Plant","floor":29,"turns":4},{"damage":16,"enemies":"Slavers","floor":30,"turns":7},{"damage":10,"enemies":"Centurion and Healer","floor":31,"turns":9},{"damage":62,"enemies":"Collector","floor":33,"turns":9},{"damage":6,"enemies":"3 Darklings","floor":35,"turns":6},{"damage":16,"enemies":"Orb Walker","floor":36,"turns":4},{"damage":54,"enemies":"Giant Head","floor":40,"turns":9},{"damage":8,"enemies":"3 Darklings","floor":41,"turns":5},{"damage":10,"enemies":"Maw","floor":47,"turns":6},{"damage":29,"enemies":"Spire Growth","floor":48,"turns":7},{"damage":98,"enemies":"Awakened One","floor":50,"turns":18}],"seed_played":"-392825150776564906","potions_obtained":[{"floor":4.0,"key":"FairyPotion"},{"floor":5.0,"key":"GamblersBrew"},{"floor":8.0,"key":"BloodPotion"},{"floor":16.0,"key":"SmokeBomb"},{"floor":31,"key":"Fire Potion"},{"floor":36,"key":"BloodPotion"},{"floor":48,"key":"BlessingOfTheForge"}],"is_trial":false,"path_per_floor":["M","?","M","M","M","R","M","E","T","M","M","R","M","$","R","B",null,"M","$","?","?","M","R","$","R","T","R","M","M","E","M","R","B",null,"M","M","?","$","?","E","M","R","T","?","R","$","M","M","R","B",null],"character_chosen":"IRONCLAD","items_purchased":["Metallicize","ClockworkSouvenir","Apotheosis","HandOfGreed"],"campfire_rested":5,"item_purchase_floors":[14,19,38,46],"current_hp_per_floor":[70,67,61,67,61,61,67,52,52,31,36,36,38,38,59,34,63,63,63,63,63,60,60,60,60,60,60,66,39,33,33,57,17,67,67,57,57,57,57,9,22,45,45,45,68,79,75,52,75,11],"gold":54,"neow_bonus":"REMOVE_TWO","is_daily":false,"chose_seed":false,"campfire_upgraded":5,"win_rate":0.0,"timestamp":1613931735,"path_taken":["M","?","M","M","M","R","M","E","T","M","M","R","M","$","R","BOSS","M","$","?","?","M","R","?","R","T","R","M","?","E","?","R","BOSS","M","?","?","$","?","E","M","R","T","?","R","$","M","M","R","BOSS"],"items_purchased_type":["Card","Relic","Card","Card"],"build_version":"2020-12-22","purchased_purges":1,"victory":true,"max_hp_per_floor":[72,72,72,72,72,72,72,72,72,72,72,72,72,72,72,72,72,72,72,72,72,75,75,75,75,75,75,75,75,79,83,83,83,83,83,83,83,83,79,79,79,79,79,79,79,79,79,79,79,79],"card_choices":[{"not_picked":["Headbutt","Dropkick"],"picked":"Cleave","floor":1.0},{"not_picked":["Sword Boomerang","Evolve"],"picked":"Flex","floor":3.0},{"not_picked":["Armaments","Perfected Strike"],"picked":"Headbutt","floor":4.0},{"not_picked":["Twin Strike","Flex"],"picked":"Iron Wave","floor":5.0},{"not_picked":["Sentinel","Perfected Strike","Sword Boomerang"],"picked":"SKIP","floor":7.0},{"not_picked":["Hemokinesis","Shockwave"],"picked":"Double Tap","floor":8.0},{"not_picked":["Rage","Shrug It Off"],"picked":"Pommel Strike","floor":10.0},{"not_picked":["Iron Wave","Havoc"],"picked":"Impervious","floor":11.0},{"not_picked":["Perfected Strike","Flex"],"picked":"Rampage","floor":13.0},{"not_picked":["Exhume","Fiend Fire"],"picked":"Feed","floor":16.0},{"not_picked":["Sword Boomerang","Flex"],"picked":"Iron Wave","floor":18.0},{"not_picked":["Heavy Blade","Iron Wave"],"picked":"Seeing Red","floor":22.0},{"not_picked":["Sever Soul+1","Wild Strike"],"picked":"Flame Barrier","floor":29},{"not_picked":["Armaments+1","Perfected Strike"],"picked":"Clothesline+1","floor":30},{"not_picked":["Second Wind","Clothesline","Warcry+1"],"picked":"SKIP","floor":31},{"not_picked":["Juggernaut","Exhume"],"picked":"Offering","floor":33},{"not_picked":["Dark Embrace+1","Anger+1"],"picked":"Rupture+1","floor":35},{"not_picked":["Disarm+1","Pummel","Warcry"],"picked":"SKIP","floor":36},{"not_picked":["Wild Strike","Body Slam+1"],"picked":"True Grit+1","floor":40},{"not_picked":["Cleave","Perfected Strike+1","Clothesline+1"],"picked":"SKIP","floor":41},{"not_picked":["PanicButton","Dark Shackles"],"picked":"Enlightenment","floor":44},{"not_picked":["Pommel Strike","Shockwave"],"picked":"Feel No Pain+1","floor":47},{"not_picked":["Entrench+1","Iron Wave"],"picked":"Heavy Blade+1","floor":48}],"player_experience":151787,"relics_obtained":[{"floor":8.0,"key":"War Paint"},{"floor":9.0,"key":"Letter Opener"},{"floor":26.0,"key":"Kunai"},{"floor":30,"key":"Du-Vu Doll"},{"floor":40,"key":"MealTicket"},{"floor":43,"key":"InkBottle"}],"event_choices":[{"damage_healed":0.0,"max_hp_gain":0.0,"max_hp_loss":0.0,"gold_gain":0.0,"event_name":"Scrap Ooze","player_choice":"Success","floor":2.0,"gold_loss":0.0,"damage_taken":3.0,"relics_obtained":["HornCleat"]},{"cards_removed":["Strike_R"],"damage_healed":0.0,"max_hp_gain":0.0,"max_hp_loss":0.0,"gold_gain":0.0,"event_name":"Back to Basics","player_choice":"Elegance","floor":20.0,"gold_loss":0.0,"damage_taken":0.0},{"damage_healed":0.0,"max_hp_gain":0.0,"max_hp_loss":0.0,"gold_gain":0.0,"event_name":"Ghosts","player_choice":"Ignored","floor":21.0,"gold_loss":0.0,"damage_taken":0.0},{"cards_removed":["Defend_R"],"damage_healed":0,"gold_gain":0,"player_choice":"Removed Skill","damage_taken":0,"max_hp_gain":0,"max_hp_loss":0,"event_name":"Falling","floor":37,"gold_loss":0},{"damage_healed":0,"gold_gain":0,"player_choice":"Max HP","damage_taken":0,"max_hp_gain":0,"max_hp_loss":4,"event_name":"Winding Halls","floor":39,"gold_loss":0},{"damage_healed":0,"gold_gain":0,"player_choice":"Memory 1","damage_taken":0,"max_hp_gain":0,"max_hp_loss":0,"event_name":"SensoryStone","floor":44,"gold_loss":0}],"is_beta":false,"boss_relics":[{"not_picked":["Empty Cage","Coffee Dripper"],"picked":"Snecko Eye"},{"not_picked":["Tiny House","Pandora\u0027s Box"],"picked":"Mark of Pain"}],"items_purged_floors":[14],"is_endless":false,"potions_floor_spawned":[4,5,8,16,22,28,31,36,40,48],"ascension_level":8}}