{"host":"4alny9vn3yiush4b","time":1613950084,"event":{"mods":["BaseMod","Downfall","Minty Spire (QoL Compilation)","StSLib"],"gold_per_floor":[114,132,144,144,159,159,175,202,202,228,245,245,280,380,380,478,478,498,413,427,445,69,69,97,109,121,233,272,284,311,323,335,445,457,480,502,530,542,570,582,594,113,192,192,142,46,75,401,401,401,401,401,46,74,74,74],"floor_reached":55,"language":"ENG","playtime":3481,"items_purged":["Strike_G","Strike_G","Strike_G","Strike_G"],"score":858,"play_id":"e934052c-9f2d-49aa-a820-b05047513225","local_time":"20210221182804","is_ascension_mode":false,"campfire_choices":[{"data":"Infinite Blades","floor":6,"key":"SMITH"},{"floor":15,"key":"REST"},{"data":"Crippling Poison","floor":23,"key":"SMITH"},{"floor":32,"key":"REST"},{"floor":40,"key":"RECALL"},{"floor":41,"key":"REST"},{"data":"Catalyst","floor":49,"key":"SMITH"},{"data":"Bouncing Flask","floor":52,"key":"SMITH"}],"circlet_count":0,"master_deck":["Defend_G","Defend_G","Defend_G","Defend_G","Defend_G","Survivor","Neutralize+1","Infinite Blades+1","Deadly Poison","Catalyst+1","Adrenaline","Bouncing Flask","Bouncing Flask+1","Storm of Steel","Dash","Crippling Poison+1","Eviscerate","Catalyst+1","Corpse Explosion","Catalyst+1","After Image","Catalyst+1"],"relics":["Ring of the Snake","Centennial Puzzle","Meat on the Bone","Sundial","Juzu Bracelet","Potion Belt","Snecko Eye","Blue Candle","Bronze Scales","MawBank","WingedGreaves","Matryoshka","Blood Vial","Philosopher\u0027s Stone","Ornamental Fan","Smiling Mask","Pantograph","Vajra","Old Coin","DollysMirror","Bottled Tornado"],"acts_visited":["Exordium","TheCity","TheBeyond","TheEnding"],"potions_floor_usage":[8,10,27,30,35,47,50,55,55],"damage_taken":[{"damage":0,"enemies":"Small Slimes","floor":1,"turns":5},{"damage":2,"enemies":"Jaw Worm","floor":2,"turns":5},{"damage":0,"enemies":"Cultist","floor":3,"turns":4},{"damage":12,"enemies":"Exordium Thugs","floor":5,"turns":5},{"damage":0,"enemies":"Blue Slaver","floor":7,"turns":5},{"damage":29,"enemies":"3 Sentries","floor":8,"turns":11},{"damage":24,"enemies":"Gremlin Nob","floor":10,"turns":4},{"damage":5,"enemies":"2 Fungi Beasts","floor":11,"turns":3},{"damage":27,"enemies":"3 Sentries","floor":13,"turns":7},{"damage":16,"enemies":"Hexaghost","floor":16,"turns":7},{"damage":7,"enemies":"3 Byrds","floor":18,"turns":6},{"damage":26,"enemies":"2 Thieves","floor":20,"turns":4},{"damage":11,"enemies":"Snecko","floor":21,"turns":4},{"damage":0,"enemies":"Gremlin Leader","floor":24,"turns":5},{"damage":15,"enemies":"Colosseum Slavers","floor":27,"turns":2},{"damage":7,"enemies":"Colosseum Nobs","floor":27,"turns":3},{"damage":3,"enemies":"Book of Stabbing","floor":28,"turns":3},{"damage":10,"enemies":"Snake Plant","floor":30,"turns":2},{"damage":14,"enemies":"Collector","floor":33,"turns":5},{"damage":11,"enemies":"3 Shapes","floor":35,"turns":3},{"damage":13,"enemies":"3 Darklings","floor":36,"turns":2},{"damage":7,"enemies":"Spire Growth","floor":37,"turns":3},{"damage":23,"enemies":"Maw","floor":39,"turns":3},{"damage":23,"enemies":"Nemesis","floor":47,"turns":5},{"damage":0,"enemies":"Giant Head","floor":48,"turns":5},{"damage":118,"enemies":"Donu and Deca","floor":50,"turns":9},{"damage":27,"enemies":"Shield and Spear","floor":54,"turns":3},{"damage":76,"enemies":"The Heart","floor":55,"turns":3}],"seed_played":"-6290625243083199835","potions_obtained":[{"floor":1,"key":"DuplicationPotion"},{"floor":3,"key":"Regen Potion"},{"floor":13,"key":"FairyPotion"},{"floor":16,"key":"Strength Potion"},{"floor":18,"key":"FearPotion"},{"floor":20,"key":"FairyPotion"},{"floor":24,"key":"LiquidBronze"},{"floor":28,"key":"Explosive Potion"},{"floor":30,"key":"SkillPotion"},{"floor":33,"key":"Guardian:BlockOnCardUsePotion"},{"floor":37,"key":"FearPotion"}],"is_trial":false,"path_per_floor":["M","M","M","?","M","R","M","E","T","E","M","?","E","?","R","B",null,"M","?","M","M","$","R","E","$","T","?","E","?","M","?","R","B",null,"M","M","M","?","M","R","R","$","T","?","$","$","E","E","R","B",null,"R","$","E","B"],"character_chosen":"THE_SILENT","items_purchased":["Crippling Poison","Eviscerate","Bronze Scales","Ornamental Fan","After Image","GhostInAJar","DollysMirror","Dexterity Potion","sneckomod:MuddlingPotion","Explosive Potion"],"campfire_rested":3,"item_purchase_floors":[22,22,22,42,42,46,53,53,53,53],"current_hp_per_floor":[70,68,68,61,49,49,49,35,35,23,30,30,15,15,36,32,70,63,63,37,38,38,38,38,38,38,40,37,37,41,28,50,38,75,64,53,48,48,39,39,61,61,61,61,61,61,40,42,42,34,75,75,75,48,0,0],"gold":74,"neow_bonus":"UPGRADE_CARD","is_daily":false,"chose_seed":false,"campfire_upgraded":4,"win_rate":0.0,"timestamp":1613950084,"path_taken":["M","M","M","?","M","R","M","E","T","E","M","?","E","?","R","BOSS","M","?","M","M","$","R","E","$","T","?","E","?","M","?","R","BOSS","M","M","M","?","M","R","R","$","T","?","?","$","E","E","R","BOSS","R","$","E","BOSS"],"items_purchased_type":["Card","Card","Relic","Relic","Card","Potion","Relic","Potion","Potion","Potion"],"build_version":"2020-12-22","purchased_purges":4,"victory":false,"max_hp_per_floor":[70,70,70,70,70,70,70,70,70,70,70,70,70,70,70,70,70,70,70,70,70,70,70,70,70,70,70,70,70,70,75,75,75,75,75,75,75,75,75,75,75,75,75,75,75,75,75,75,75,75,75,75,75,75,75,75],"card_choices":[{"not_picked":["Flechettes","Terror","Leg Sweep"],"picked":"SKIP","floor":1},{"not_picked":["Dagger Spray","Underhanded Strike"],"picked":"Infinite Blades","floor":2},{"not_picked":["Bane","Dagger Spray"],"picked":"Deadly Poison","floor":3},{"not_picked":["Sucker Punch","Quick Slash","Heel Hook"],"picked":"SKIP","floor":5},{"not_picked":["Backflip","Blade Dance"],"picked":"Catalyst","floor":7},{"not_picked":["Choke","Tactician"],"picked":"Adrenaline","floor":8},{"not_picked":["Reflex","Skewer"],"picked":"Bouncing Flask","floor":10},{"not_picked":["Reflex","Underhanded Strike","Masterful Stab"],"picked":"SKIP","floor":11},{"not_picked":["Dash","Flying Knee"],"picked":"Bouncing Flask","floor":13},{"not_picked":["Doppelganger","Phantasmal Killer"],"picked":"Storm of Steel","floor":16},{"not_picked":["Slice+1","Backflip","Accuracy"],"picked":"SKIP","floor":18},{"not_picked":["Terror","Dagger Spray","Deadly Poison+1"],"picked":"SKIP","floor":20},{"not_picked":["Underhanded Strike","Bane+1"],"picked":"Dash","floor":21},{"not_picked":["Noxious Fumes","Reflex+1","Backflip+1"],"picked":"SKIP","floor":24},{"not_picked":["Adrenaline","Endless Agony+1"],"picked":"Catalyst+1","floor":28},{"not_picked":["Prepared","Deflect+1","Slice"],"picked":"SKIP","floor":30},{"not_picked":["Tools of the Trade","After Image"],"picked":"Corpse Explosion","floor":33},{"not_picked":["Slice+1","Predator","Dagger Spray+1"],"picked":"SKIP","floor":35},{"not_picked":["Prepared","All Out Attack+1","Underhanded Strike"],"picked":"SKIP","floor":36},{"not_picked":["Prepared+1","Distraction","Flying Knee"],"picked":"SKIP","floor":37},{"not_picked":["Cloak And Dagger+1","Slice","Backflip"],"picked":"SKIP","floor":39},{"not_picked":["Blade Dance+1","Flying Knee","Reflex"],"picked":"SKIP","floor":47},{"not_picked":["Footwork+1","Flechettes","Escape Plan+1"],"picked":"SKIP","floor":48},{"not_picked":["Concentrate+1","Dodge and Roll","Crippling Poison+1"],"picked":"SKIP","floor":54}],"player_experience":367214,"relics_obtained":[{"floor":8,"key":"Meat on the Bone"},{"floor":9,"key":"Sundial"},{"floor":10,"key":"Juzu Bracelet"},{"floor":13,"key":"Potion Belt"},{"floor":24,"key":"MawBank"},{"floor":27,"key":"WingedGreaves"},{"floor":27,"key":"Matryoshka"},{"floor":28,"key":"Blood Vial"},{"floor":43,"key":"Smiling Mask"},{"floor":43,"key":"Pantograph"},{"floor":47,"key":"Vajra"},{"floor":48,"key":"Old Coin"},{"floor":54,"key":"Bottled Tornado"}],"event_choices":[{"damage_healed":0,"gold_gain":0,"player_choice":"Success","damage_taken":7,"relics_obtained":["Centennial Puzzle"],"max_hp_gain":0,"max_hp_loss":0,"event_name":"Scrap Ooze","floor":4,"gold_loss":0},{"cards_removed":["Strike_G"],"damage_healed":0,"gold_gain":0,"player_choice":"Purged","damage_taken":0,"max_hp_gain":0,"max_hp_loss":0,"event_name":"Purifier","floor":12,"gold_loss":0},{"damage_healed":0,"gold_gain":100,"player_choice":"Pray","damage_taken":0,"max_hp_gain":0,"max_hp_loss":0,"event_name":"Golden Shrine","floor":14,"gold_loss":0},{"damage_healed":0,"gold_gain":0,"player_choice":"Obtained Relic","damage_taken":0,"relics_obtained":["Blue Candle"],"max_hp_gain":0,"max_hp_loss":0,"event_name":"Addict","floor":19,"gold_loss":85},{"damage_healed":0,"gold_gain":0,"player_choice":"Fight","damage_taken":0,"max_hp_gain":0,"max_hp_loss":0,"event_name":"Colosseum","floor":27,"gold_loss":0},{"damage_healed":0,"gold_gain":0,"player_choice":"Fought Nobs","damage_taken":0,"max_hp_gain":0,"max_hp_loss":0,"event_name":"Colosseum","floor":27,"gold_loss":0},{"damage_healed":0,"gold_gain":0,"player_choice":"Bought 0 Potions","damage_taken":0,"max_hp_gain":0,"max_hp_loss":0,"event_name":"The Woman in Blue","floor":29,"gold_loss":0},{"damage_healed":0,"gold_gain":0,"player_choice":"Shed Blood","damage_taken":18,"max_hp_gain":5,"max_hp_loss":0,"event_name":"Forgotten Altar","floor":31,"gold_loss":0},{"damage_healed":0,"gold_gain":0,"player_choice":"Copied","damage_taken":0,"max_hp_gain":0,"max_hp_loss":0,"event_name":"Duplicator","floor":38,"gold_loss":0,"cards_obtained":["Catalyst"]},{"damage_healed":0,"gold_gain":0,"player_choice":"0 cards matched","damage_taken":0,"max_hp_gain":0,"max_hp_loss":0,"event_name":"Match and Keep!","floor":44,"gold_loss":0,"cards_obtained":[]}],"is_beta":false,"boss_relics":[{"not_picked":["Pandora\u0027s Box","SacredBark"],"picked":"Snecko Eye"},{"not_picked":["Astrolabe","Empty Cage"],"picked":"Philosopher\u0027s Stone"}],"items_purged_floors":[22,42,45,53],"is_endless":false,"potions_floor_spawned":[1,3,13,16,18,20,24,28,30,33,37],"killed_by":"The Heart","ascension_level":0}}