{"host":"nkolxg4se00n20yf","time":1613941395,"event":{"mods":["BaseMod","CatGirl Mod","Chen","Colored Map","Colored Powertips","Downfall","Friendly Minions","Infinite Spire","Kiyohime????","Marisa????????","Minty Spire (QoL Compilation)","StSLib","Td1madao Mod","The Administrix","The Cursed","The Exalted","The Hierophant","The Servant 0.9.4"],"gold_per_floor":[115,115,126,146,146,178,178,192,245,245,278,293,319,336,336,438,488,502,502,515,9,86,86,96,121,121,131,161,161,76,90,90,195,195,213,213,267,283,310,310,335,350,350,350,369,369,419,454,454,454],"floor_reached":51,"language":"ENG","playtime":2947,"items_purged":[],"score":1173,"play_id":"204160e1-d00c-41de-9ff6-54a522ad8840","local_time":"20210221220315","is_ascension_mode":true,"campfire_choices":[{"floor":7,"key":"REST"},{"floor":10,"key":"REST"},{"data":"Ragnarok","floor":15,"key":"SMITH"},{"data":"Devotion","floor":23,"key":"SMITH"},{"floor":32,"key":"REST"},{"data":"infinitespire:Starlight","floor":40,"key":"SMITH"},{"data":"ClearTheMind","floor":44,"key":"SMITH"},{"floor":46,"key":"REST"},{"data":"ConjureBlade","floor":49,"key":"SMITH"}],"circlet_count":0,"master_deck":["Strike_P+1","Strike_P+1","Strike_P+1","Strike_P","Defend_P","Defend_P","Defend_P","Defend_P","Eruption+1","Vigilance","Devotion+1","Adaptation","DeceiveReality","Crescendo","SignatureMove+1","Perseverance","ClearTheMind+1","FollowUp","Ragnarok+1","Brilliance","Pray","Perseverance+1","WreathOfFlame","ThirdEye+1","Protect","infinitespire:Starlight+1","ConjureBlade+1","FlyingSleeves+1","LikeWater+1","WaveOfTheHand","Wireheading+1","Prostrate+1"],"relics":["HolyWater","Bromod:ArcaneGuardian","Bronze Scales","Tiny Chest","Whetstone","HornCleat","Tiny House","Bottled Tornado","Bottled Lightning","infinitespire:EmpoweringShard","infinitespire:Lucky Rock","Unceasing Top","FossilizedHelix","Bromod:ArcaneAegis","PreservedInsect","Peace Pipe","Anchor","Boot","Regal Pillow","Turnip","infinitespire:Joker Card"],"acts_visited":["Exordium","TheCity","TheBeyond"],"potions_floor_usage":[11,16,24,24,27,28,33,33,37,47,50,50],"damage_taken":[{"damage":5,"enemies":"2 Louse","floor":1,"turns":3},{"damage":4,"enemies":"Jaw Worm","floor":3,"turns":3},{"damage":0,"enemies":"Cultist","floor":4,"turns":3},{"damage":6,"enemies":"Lagavulin","floor":6,"turns":8},{"damage":4,"enemies":"Red Slaver","floor":8,"turns":3},{"damage":4,"enemies":"Gremlin Nob","floor":11,"turns":3},{"damage":6,"enemies":"Exordium Thugs","floor":12,"turns":4},{"damage":0,"enemies":"Lagavulin","floor":13,"turns":4},{"damage":1,"enemies":"3 Louse","floor":14,"turns":3},{"damage":0,"enemies":"Slime Boss","floor":16,"turns":6},{"damage":5,"enemies":"3 Byrds","floor":18,"turns":3},{"damage":8,"enemies":"Spheric Guardian","floor":20,"turns":4},{"damage":2,"enemies":"Centurion and Healer","floor":24,"turns":4},{"damage":0,"enemies":"3 Cultists","floor":27,"turns":3},{"damage":51,"enemies":"Gremlin Leader","floor":28,"turns":5},{"damage":0,"enemies":"Shelled Parasite and Fungi","floor":31,"turns":4},{"damage":24,"enemies":"Collector","floor":33,"turns":8},{"damage":0,"enemies":"Orb Walker","floor":35,"turns":4},{"damage":36,"enemies":"2 Orb Walkers","floor":37,"turns":5},{"damage":18,"enemies":"3 Darklings","floor":38,"turns":6},{"damage":6,"enemies":"Giant Head","floor":41,"turns":5},{"damage":9,"enemies":"Transient","floor":42,"turns":5},{"damage":32,"enemies":"Spire Growth","floor":45,"turns":5},{"damage":0,"enemies":"Mind Bloom Boss Battle","floor":47,"turns":8},{"damage":0,"enemies":"Nemesis","floor":48,"turns":5},{"damage":52,"enemies":"infinitespire:MassOfShapes","floor":50,"turns":13}],"seed_played":"7180708904927933144","potions_obtained":[{"floor":4,"key":"Block Potion"},{"floor":6,"key":"BottledMiracle"},{"floor":11,"key":"Explosive Potion"},{"floor":12,"key":"LiquidMemories"},{"floor":17,"key":"AttackPotion"},{"floor":27,"key":"hexamod:SoulburnPotion"},{"floor":28,"key":"Block Potion"},{"floor":31,"key":"ColorlessPotion"},{"floor":33,"key":"AttackPotion"},{"floor":38,"key":"StancePotion"},{"floor":41,"key":"PowerPotion"},{"floor":45,"key":"Dexterity Potion"},{"floor":47,"key":"bronze:BurnAndBuffPotion"}],"is_trial":false,"path_per_floor":["M","?","M","M","?","E","R","M","T","R","E","M","E","M","R","B",null,"M","?","M","$","T","R","M","T","T","M","E","AVR","?","M","R","B",null,"M","?","?","M","T","R","E","M","T","R","M","R","?","E","R","B",null],"character_chosen":"WATCHER","items_purchased":["Bottled Tornado","Bottled Lightning"],"campfire_rested":4,"item_purchase_floors":[21,21],"current_hp_per_floor":[60,46,42,42,24,18,39,35,35,56,52,46,46,45,45,45,70,65,65,57,57,57,57,55,55,55,55,4,4,4,14,37,23,64,74,74,48,40,40,40,49,55,55,55,38,76,76,76,76,39],"gold":454,"neow_bonus":"ONE_RANDOM_RARE_CARD","is_daily":false,"chose_seed":false,"campfire_upgraded":5,"win_rate":0.0,"timestamp":1613941395,"path_taken":["M","?","M","M","?","E","R","?","T","R","E","M","E","M","R","BOSS","M","?","M","$","?","R","?","?","T","M","E","AVR","?","M","R","BOSS","M","?","?","M","?","R","E","M","T","R","M","R","?","E","R","BOSS"],"items_purchased_type":["Relic","Relic"],"build_version":"2020-12-22","purchased_purges":0,"victory":true,"max_hp_per_floor":[72,72,72,72,72,72,72,72,72,72,72,72,72,72,72,72,77,77,77,77,77,77,77,77,77,77,77,77,77,77,77,77,77,77,77,77,77,77,77,77,77,77,77,77,77,77,77,77,77,77],"card_choices":[{"not_picked":["InnerPeace","ThirdEye"],"picked":"Adaptation","floor":1},{"not_picked":["FearNoEvil","FlyingSleeves"],"picked":"DeceiveReality","floor":3},{"not_picked":["FlurryOfBlows","FearNoEvil"],"picked":"Crescendo","floor":4},{"not_picked":["FlyingSleeves","Wallop"],"picked":"SignatureMove","floor":6},{"not_picked":["EmptyFist","Meditate"],"picked":"Perseverance","floor":8},{"not_picked":["CutThroughFate","Collect"],"picked":"JustLucky","floor":11},{"not_picked":["ThirdEye","Collect"],"picked":"ClearTheMind","floor":12},{"not_picked":["CutThroughFate","CrushJoints"],"picked":"FollowUp","floor":13},{"not_picked":["ReachHeaven","Halt"],"picked":"Ragnarok","floor":14},{"not_picked":["MasterReality","Alpha"],"picked":"Brilliance","floor":16},{"not_picked":["FlyingSleeves","FlurryOfBlows"],"picked":"Pray","floor":17},{"not_picked":["MentalFortress","BowlingBash"],"picked":"Perseverance+1","floor":18},{"not_picked":["Perseverance","Halt"],"picked":"WreathOfFlame","floor":20},{"not_picked":["Meditate","FollowUp","EmptyBody+1"],"picked":"SKIP","floor":24},{"not_picked":["FollowUp+1","EmptyBody"],"picked":"ThirdEye+1","floor":27},{"not_picked":["Consecrate","BowlingBash"],"picked":"Protect","floor":28},{"not_picked":["Wallop","JustLucky","EmptyFist"],"picked":"SKIP","floor":31},{"not_picked":["Omniscience","Ragnarok"],"picked":"ConjureBlade","floor":33},{"not_picked":["MentalFortress","CutThroughFate+1","JustLucky+1"],"picked":"SKIP","floor":35},{"not_picked":["Wallop","Evaluate+1"],"picked":"FlyingSleeves+1","floor":37},{"not_picked":["MentalFortress+1","BowlingBash"],"picked":"LikeWater+1","floor":38},{"not_picked":["Evaluate+1","FlurryOfBlows"],"picked":"WaveOfTheHand","floor":41},{"not_picked":["PathToVictory+1","FlurryOfBlows+1","Halt+1"],"picked":"SKIP","floor":42},{"not_picked":["Crescendo","FlyingSleeves"],"picked":"Wireheading+1","floor":45},{"not_picked":["Halt","FearNoEvil"],"picked":"Prostrate+1","floor":47},{"not_picked":["FollowUp+1","Conclude","Meditate+1"],"picked":"SKIP","floor":48}],"player_experience":1142718,"relics_obtained":[{"floor":6,"key":"Bronze Scales"},{"floor":9,"key":"Tiny Chest"},{"floor":11,"key":"Whetstone"},{"floor":13,"key":"HornCleat"},{"floor":22,"key":"infinitespire:EmpoweringShard"},{"floor":25,"key":"infinitespire:Lucky Rock"},{"floor":26,"key":"Unceasing Top"},{"floor":28,"key":"FossilizedHelix"},{"floor":37,"key":"Peace Pipe"},{"floor":39,"key":"Anchor"},{"floor":41,"key":"Boot"},{"floor":43,"key":"Regal Pillow"},{"floor":47,"key":"Turnip"},{"floor":48,"key":"infinitespire:Joker Card"}],"event_choices":[{"damage_healed":0,"gold_gain":0,"player_choice":"Entered Light","damage_taken":14,"max_hp_gain":0,"max_hp_loss":0,"event_name":"Shining Light","floor":2,"gold_loss":0,"cards_upgraded":["Eruption","Strike_P"]},{"damage_healed":0,"gold_gain":0,"player_choice":"Success","damage_taken":18,"relics_obtained":["Bromod:ArcaneGuardian"],"max_hp_gain":0,"max_hp_loss":0,"event_name":"Scrap Ooze","floor":5,"gold_loss":0},{"damage_healed":0,"gold_gain":0,"player_choice":"Bought 0 Potions","damage_taken":0,"max_hp_gain":0,"max_hp_loss":0,"event_name":"The Woman in Blue","floor":19,"gold_loss":0},{"damage_healed":0,"gold_gain":0,"player_choice":"Obtained Relic","damage_taken":0,"relics_obtained":["PreservedInsect"],"max_hp_gain":0,"max_hp_loss":0,"event_name":"Addict","floor":30,"gold_loss":85},{"cards_removed":["JustLucky"],"damage_healed":0,"gold_gain":0,"player_choice":"Removed Attack","damage_taken":0,"max_hp_gain":0,"max_hp_loss":0,"event_name":"Falling","floor":36,"gold_loss":0},{"damage_healed":0,"gold_gain":0,"player_choice":"Fight","damage_taken":0,"max_hp_gain":0,"max_hp_loss":0,"event_name":"Mysterious Sphere","floor":37,"gold_loss":0},{"damage_healed":0,"gold_gain":0,"player_choice":"Fight","damage_taken":0,"max_hp_gain":0,"max_hp_loss":0,"event_name":"MindBloom","floor":47,"gold_loss":0}],"is_beta":false,"boss_relics":[{"not_picked":["Runic Dome","Velvet Choker"],"picked":"Tiny House"},{"not_picked":["Cursed Key","SacredBark"],"picked":"HolyWater"}],"items_purged_floors":[],"is_endless":false,"potions_floor_spawned":[4,6,11,12,27,28,31,33,38,41,45,47],"ascension_level":8}}