{"host":"mpvt08kax8preffg","time":1613936673,"event":{"mods":["AchievementEnabler","BaseMod","Bestiary","Colored Map","Highlight Path","Minty Spire (QoL Compilation)","Replay The Spire","StSLib","The Dragon Tamer"],"gold_per_floor":[113,288,99,99,116,116,144,144,144,156,174,192,192,66,66,170,170,189,13,29,29,29,29,64,28,53,53,53,53,66,81,81,178,178,194,3,53,68,120,120,150,150,150,150,170,190,204,221,221,221,221],"floor_reached":50,"language":"ENG","playtime":5196,"items_purged":["Strike_G","Strike_G"],"score":615,"play_id":"a440d414-f0e5-43ec-90bb-65e93f32a57b","local_time":"20210221114433","is_ascension_mode":false,"campfire_choices":[{"data":"Infinite Blades","floor":6,"key":"SMITH"},{"data":"Caltrops","floor":8,"key":"SMITH"},{"data":"Noxious Fumes","floor":13,"key":"SMITH"},{"data":"Burst","floor":15,"key":"SMITH"},{"data":"Infinite Blades","floor":23,"key":"SMITH"},{"data":"Choke","floor":28,"key":"SMITH"},{"data":"Poison Darts","floor":40,"key":"SMITH"},{"data":"Envenom","floor":49,"key":"SMITH"}],"circlet_count":0,"master_deck":["Defend_G","Defend_G","Defend_G","Defend_G","Defend_G","Survivor","Neutralize","Infinite Blades+1","Caltrops+1","Prepared","Backstab","Noxious Fumes+1","Well Laid Plans+1","Envenom+1","Choke+1","Infinite Blades+1","Hidden Blade+1","Adrenaline","Choke+1","Bite","Bite","Bite","Bite","Bite","Hidden Blade","Noxious Fumes","Decay","Bullet Time","Poisoned Stab","Blade Dance","Hidden Blade+1","Poison Darts+1","Iron Wave","Hidden Blade","Crippling Poison","Prepared","Well Laid Plans+1"],"relics":["Ring of the Snake","NeowsBlessing","Anchor","Ice Cream","Pondfish Scales","Coffee Dripper","Lantern","Ancient Tea Set","Meat on the Bone","Replay:Rubber Ducky","Lizard Tail","TungstenRod","Kunai","Replay:Accelerometer"],"acts_visited":["Exordium","TheCity","TheBeyond"],"potions_floor_usage":[33,33,41,41,45,47,50,50],"damage_taken":[{"damage":0,"enemies":"Jaw Worm","floor":1,"turns":1},{"damage":0,"enemies":"Small Slimes","floor":5,"turns":1},{"damage":0,"enemies":"Lagavulin","floor":7,"turns":1},{"damage":0,"enemies":"Cultist","floor":10,"turns":4},{"damage":2,"enemies":"Lots of Slimes","floor":11,"turns":4},{"damage":0,"enemies":"Looter","floor":12,"turns":3},{"damage":21,"enemies":"Slime Boss","floor":16,"turns":13},{"damage":0,"enemies":"3 Byrds","floor":18,"turns":3},{"damage":19,"enemies":"Spheric Guardian","floor":20,"turns":4},{"damage":22,"enemies":"Gremlin Leader","floor":24,"turns":5},{"damage":5,"enemies":"Centurion and Healer","floor":30,"turns":4},{"damage":14,"enemies":"Shelled Parasite and Fungi","floor":31,"turns":3},{"damage":35,"enemies":"Automaton","floor":33,"turns":7},{"damage":15,"enemies":"Orb Walker","floor":35,"turns":3},{"damage":0,"enemies":"Mind Bloom Boss Battle","floor":37,"turns":6},{"damage":7,"enemies":"3 Darklings","floor":38,"turns":4},{"damage":49,"enemies":"2 Orb Walkers","floor":39,"turns":5},{"damage":7,"enemies":"Giant Head","floor":41,"turns":5},{"damage":11,"enemies":"Writhing Mass","floor":45,"turns":2},{"damage":7,"enemies":"4 Shapes","floor":46,"turns":5},{"damage":12,"enemies":"Jaw Worm Horde","floor":47,"turns":4},{"damage":1,"enemies":"Writhing Mass","floor":48,"turns":4},{"damage":61,"enemies":"Awakened One","floor":50,"turns":10}],"seed_played":"3279692428926659","potions_obtained":[{"floor":5,"key":"AttackPotion"},{"floor":7,"key":"Strength Potion"},{"floor":11,"key":"Strength Potion"},{"floor":18,"key":"CunningPotion"},{"floor":30,"key":"LiquidBronze"},{"floor":31,"key":"Energy Potion"},{"floor":33,"key":"Regen Potion"},{"floor":37,"key":"Venom Potion"},{"floor":39,"key":"CultistPotion"},{"floor":41,"key":"DuplicationPotion"},{"floor":45,"key":"GhostInAJar"},{"floor":46,"key":"BlessingOfTheForge"}],"is_trial":false,"path_per_floor":["M","?","$","?","M","R","E","R","T","M","M","M","R","$","R","B",null,"M","$","M","$","?","R","E","$","T","?","R","T","M","M","R_BF","B",null,"M","$","?","M","?","R","E","?","T","?","M","M","M","M","R","B"],"character_chosen":"THE_SILENT","items_purchased":["Caltrops","Anchor","Well Laid Plans+1","Infinite Blades","Choke","Replay:Rubber Ducky","Poisoned Stab"],"campfire_rested":0,"item_purchase_floors":[3,3,14,19,25,36,36],"current_hp_per_floor":[70,70,70,70,70,70,70,70,70,70,68,68,68,68,68,47,70,70,70,51,51,51,51,29,29,29,29,29,29,34,36,36,29,49,36,36,44,41,36,36,44,44,44,44,41,34,34,35,35,0,0],"gold":221,"neow_bonus":"THREE_ENEMY_KILL","is_daily":false,"chose_seed":false,"campfire_upgraded":8,"win_rate":0.0,"timestamp":1613936673,"path_taken":["M","?","$","?","?","R","E","R","T","M","?","M","R","$","R","BOSS","M","?","M","$","?","R","E","?","T","?","R","?","?","M","R_BF","BOSS","M","$","?","M","?","R","E","?","T","?","M","?","M","M","R","BOSS"],"items_purchased_type":["Card","Relic","Card","Card","Card","Relic","Card"],"build_version":"2020-12-22","purchased_purges":2,"victory":false,"max_hp_per_floor":[70,70,70,70,70,70,70,70,70,70,70,70,70,70,70,70,70,70,70,70,70,70,70,70,70,70,49,49,49,49,49,49,49,49,49,49,49,49,49,49,49,49,49,49,49,49,49,49,49,49,49],"card_choices":[{"not_picked":["Backflip","Underhanded Strike"],"picked":"Infinite Blades","floor":1},{"not_picked":["Predator","Deflect"],"picked":"Prepared","floor":5},{"not_picked":["Underhanded Strike","PiercingWail","Draining Mist"],"picked":"SKIP","floor":7},{"not_picked":["Deflect","All Out Attack"],"picked":"Burst","floor":10},{"not_picked":["PiercingWail","Leg Sweep"],"picked":"Backstab","floor":11},{"not_picked":["Prepared","Dagger Spray"],"picked":"Noxious Fumes","floor":12},{"not_picked":["Adrenaline","Doppelganger"],"picked":"Envenom","floor":16},{"not_picked":["All Out Attack","ReplayTheSpireMod:Shiv Toss+1"],"picked":"Choke+1","floor":18},{"not_picked":["ReplayTheSpireMod:Tripwire","Reflex"],"picked":"Hidden Blade+1","floor":20},{"not_picked":["PiercingWail","Toxin Wave"],"picked":"Adrenaline","floor":24},{"not_picked":["Heel Hook","Flechettes"],"picked":"Hidden Blade","floor":30},{"not_picked":["Bouncing Flask","Escape Plan"],"picked":"Noxious Fumes","floor":31},{"not_picked":["Die Die Die","Doppelganger"],"picked":"Bullet Time","floor":33},{"not_picked":["Acrobatics+1","Underhanded Strike","Dagger Spray"],"picked":"SKIP","floor":35},{"not_picked":["Flying Knee+1","Masterful Stab+1"],"picked":"Blade Dance","floor":37},{"not_picked":["Predator+1","Acrobatics"],"picked":"Hidden Blade+1","floor":38},{"not_picked":["ReplayTheSpireMod:Exploit Weakness","Slice+1"],"picked":"Poison Darts","floor":39},{"not_picked":["Skewer","Underhanded Strike","Leg Sweep"],"picked":"SKIP","floor":41},{"not_picked":["Dash+1","ReplayTheSpireMod:Exploit Weakness"],"picked":"Hidden Blade","floor":45},{"not_picked":["Slice+1","Acrobatics+1"],"picked":"Crippling Poison","floor":46},{"not_picked":["Sucker Punch","Expertise+1"],"picked":"Prepared","floor":47},{"not_picked":["Masterful Stab","Quick Slash"],"picked":"Well Laid Plans+1","floor":48}],"player_experience":20542,"relics_obtained":[{"floor":7,"key":"Ice Cream"},{"floor":9,"key":"Pondfish Scales"},{"floor":24,"key":"Lantern"},{"floor":26,"key":"Ancient Tea Set"},{"floor":29,"key":"Meat on the Bone"},{"floor":37,"key":"Lizard Tail"},{"floor":39,"key":"TungstenRod"},{"floor":41,"key":"Kunai"},{"floor":43,"key":"Replay:Accelerometer"}],"event_choices":[{"damage_healed":0,"gold_gain":175,"player_choice":"AGREE","damage_taken":0,"max_hp_gain":0,"max_hp_loss":0,"event_name":"Liars Game","floor":2,"gold_loss":0,"cards_obtained":["Doubt"]},{"cards_removed":["Doubt"],"damage_healed":0,"gold_gain":0,"player_choice":"Removed Curses","damage_taken":0,"max_hp_gain":0,"max_hp_loss":0,"event_name":"Fountain of Cleansing","floor":4,"gold_loss":0},{"damage_healed":0,"gold_gain":0,"player_choice":"Became a vampire","damage_taken":0,"max_hp_gain":0,"max_hp_loss":21,"event_name":"Vampires","floor":27,"gold_loss":0,"cards_obtained":["Bite","Bite","Bite","Bite","Bite"]},{"damage_healed":0,"gold_gain":0,"player_choice":"Smashed Altar","damage_taken":0,"max_hp_gain":0,"max_hp_loss":0,"event_name":"Forgotten Altar","floor":32,"gold_loss":0,"cards_obtained":["Decay"]},{"damage_healed":0,"gold_gain":0,"player_choice":"Fight","damage_taken":0,"max_hp_gain":0,"max_hp_loss":0,"event_name":"MindBloom","floor":37,"gold_loss":0},{"damage_healed":0,"gold_gain":0,"player_choice":"Fight","damage_taken":0,"max_hp_gain":0,"max_hp_loss":0,"event_name":"Mysterious Sphere","floor":39,"gold_loss":0},{"cards_removed":["Burst"],"damage_healed":0,"gold_gain":0,"player_choice":"Took Card","damage_taken":0,"max_hp_gain":0,"max_hp_loss":0,"event_name":"NoteForYourself","floor":44,"gold_loss":0,"cards_obtained":["Iron Wave"]}],"is_beta":false,"boss_relics":[{"not_picked":["Replay:Bronze Core","Runic Dome"],"picked":"Coffee Dripper"},{"not_picked":["Snecko Scales","Replay:Drink Me","Kintsugi"]}],"items_purged_floors":[14,19],"is_endless":false,"potions_floor_spawned":[5,7,11,18,30,31,33,37,39,41,45,46],"killed_by":"Awakened One","ascension_level":0}}