{"host":"qoeke2x4rq7deshq","time":1613880207,"event":{"mods":["2.2 Compatiblity","BaseMod","Colored Powertips","Curses Come First","Dark Map","Downfall","Minty Spire (QoL Compilation)","Rare Cards Sparkle","Reliquary","Replay The Spire","Spire Arcade","StSLib","The Blue Laboratory"],"gold_per_floor":[116,129,144,144,155,155,155,155,155,193,217,81,81,122,122,248,311,327,237,251,178,201,239,239,239,239],"floor_reached":25,"language":"ENG","playtime":7883,"items_purged":["Injury"],"score":256,"play_id":"dad2524b-2373-4d40-a04d-edb3570b1293","local_time":"20210220200327","is_ascension_mode":false,"campfire_choices":[{"data":"ReplayReversal","floor":6,"key":"SMITH"},{"floor":13,"key":"REST"},{"floor":15,"key":"REST"}],"circlet_count":0,"master_deck":["Strike_R","Strike_R","Strike_R","Strike_R","Strike_R","Defend_R","Defend_R+1","Defend_R","Defend_R","Bash","ReplayReversal+1","Clothesline","Seeing Red","Thunderclap","Whirlwind","True Grit+1","Metallicize","Armaments","Armaments","ReplayTheSpireMod:Trickstab","Body Slam","Fiend Fire","Iron Wave","Warcry+1","Armaments","Flame Barrier","Dual Wield","Berserk"],"relics":["Burning Blood","Golden Idol","Mango","CaptainsWheel","ReplayTheSpireMod:CursedCoin","Replay:Kaleidoscope","Tiny House","ReplayTheSpireMod:Ninjato","Dream Catcher"],"acts_visited":["Exordium","TheCity"],"potions_floor_usage":[5,14,14,22,23,25],"damage_taken":[{"damage":8,"enemies":"Cultist","floor":1,"turns":5},{"damage":0,"enemies":"2 Louse","floor":2,"turns":3},{"damage":3,"enemies":"Small Slimes","floor":3,"turns":3},{"damage":10,"enemies":"Exordium Wildlife","floor":5,"turns":5},{"damage":54,"enemies":"3 Sentries","floor":10,"turns":9},{"damage":6,"enemies":"Exordium Thugs","floor":11,"turns":5},{"damage":32,"enemies":"Lagavulin","floor":14,"turns":8},{"damage":48,"enemies":"Hexaghost","floor":16,"turns":12},{"damage":21,"enemies":"Spheric Guardian","floor":18,"turns":6},{"damage":6,"enemies":"Chosen","floor":20,"turns":5},{"damage":7,"enemies":"3 Cultists","floor":22,"turns":4},{"damage":53,"enemies":"Book of Stabbing","floor":23,"turns":9},{"damage":24,"enemies":"Centurion and Healer","floor":25,"turns":8}],"seed_played":"1627323204145787869","potions_obtained":[{"floor":2,"key":"DistilledChaos"},{"floor":10,"key":"Block Potion"},{"floor":11,"key":"Venom Potion"},{"floor":16,"key":"Adrenaline Potion"},{"floor":17,"key":"LifebloodPotion"},{"floor":18,"key":"blueLaboratory:CorrosionFlask"},{"floor":23,"key":"Dexterity Potion"}],"is_trial":false,"path_per_floor":["M","M","M","?","M","R","?","$","T","E","M","$","R","E","R","B",null,"M","?","M","$","M","E","T","M"],"character_chosen":"IRONCLAD","items_purchased":["Metallicize","Armaments","ReplayTheSpireMod:CursedCoin","ReplayTheSpireMod:Trickstab","Flame Barrier"],"campfire_rested":2,"item_purchase_floors":[12,12,12,12,21],"current_hp_per_floor":[78,80,80,80,76,76,76,76,90,42,42,42,70,44,72,30,99,84,84,84,84,83,36,36,12,12],"gold":239,"neow_bonus":"THREE_CARDS","is_daily":false,"chose_seed":false,"campfire_upgraded":1,"win_rate":0.0,"timestamp":1613880207,"path_taken":["M","M","?","?","?","R","?","$","T","E","M","$","R","E","R","BOSS","M","?","M","?","M","E","?","M"],"items_purchased_type":["Card","Card","Relic","Card","Card"],"build_version":"2020-12-22","purchased_purges":1,"victory":false,"max_hp_per_floor":[80,80,80,80,80,80,80,80,94,94,94,94,94,94,94,94,99,99,99,99,99,99,99,99,99,99],"card_choices":[{"not_picked":["Thunderclap","Clothesline"],"picked":"ReplayReversal","floor":0},{"not_picked":["Clash","Replay:Undeath\u0027s Touch"],"picked":"Heavy Blade","floor":1},{"not_picked":["Wild Strike","Flex"],"picked":"Clothesline","floor":2},{"not_picked":["Bludgeon","ReplayTheSpireMod:LeadingStrike"],"picked":"Seeing Red","floor":3},{"not_picked":["Clothesline","Bloodletting"],"picked":"Thunderclap","floor":5},{"not_picked":["Fire Breathing","Perfected Strike"],"picked":"Whirlwind","floor":10},{"not_picked":["Heavy Blade","Sword Boomerang"],"picked":"True Grit","floor":11},{"not_picked":["Dropkick","Defy Death"],"picked":"Body Slam","floor":14},{"not_picked":["Bludgeon","Offering"],"picked":"Fiend Fire","floor":16},{"not_picked":["Body Slam","ReplayTheSpireMod:LeadingStrike"],"picked":"Iron Wave","floor":17},{"not_picked":["Inflame","Twin Strike+1"],"picked":"Warcry+1","floor":18},{"not_picked":["Iron Wave","Perfected Strike+1"],"picked":"Armaments","floor":20},{"not_picked":["Replay:Undeath\u0027s Touch","Sword Boomerang+1"],"picked":"Dual Wield","floor":22},{"not_picked":["Armaments+1","Rupture"],"picked":"Berserk","floor":23}],"player_experience":318836,"relics_obtained":[{"floor":9,"key":"Mango"},{"floor":10,"key":"CaptainsWheel"},{"floor":14,"key":"Replay:Kaleidoscope"},{"floor":23,"key":"ReplayTheSpireMod:Ninjato"},{"floor":24,"key":"Dream Catcher"}],"event_choices":[{"cards_removed":["Heavy Blade"],"damage_healed":0,"gold_gain":0,"player_choice":"Purged","damage_taken":0,"max_hp_gain":0,"max_hp_loss":0,"event_name":"Purifier","floor":4,"gold_loss":0},{"damage_healed":0,"gold_gain":0,"player_choice":"Take Wound","damage_taken":0,"relics_obtained":["Golden Idol"],"max_hp_gain":0,"max_hp_loss":0,"event_name":"Golden Idol","floor":7,"gold_loss":0,"cards_obtained":["Injury"]},{"cards_removed":["Writhe"],"damage_healed":0,"gold_gain":0,"player_choice":"Upgrade and Remove","damage_taken":0,"max_hp_gain":0,"max_hp_loss":0,"event_name":"Designer","floor":19,"gold_loss":90,"cards_upgraded":["Defend_R"]}],"is_beta":false,"boss_relics":[{"not_picked":["Sozu","Empty Cage"],"picked":"Tiny House"}],"items_purged_floors":[12],"is_endless":false,"potions_floor_spawned":[2,10,11,16,18,23],"killed_by":"Centurion and Healer","ascension_level":0}}