{"host":"lg1piimdyocafd6j","time":1613917694,"event":{"mods":["AchievementEnabler","BaseMod","Better Third Choice","BetterRewards","Colored Map","Colored Powertips","Downfall","Minty Spire (QoL Compilation)","Quick Restart","Rare Cards Sparkle","Remove Card Discount Mod","Shop Mod","StSLib","SuperFastMode"],"gold_per_floor":[118,118,118,138,151,151,151,151,151,121,133,144,144,144,144,249,249,265,265,116,130,149,149,143,143,143,160,172,202,215,247,247,349,349,369,416,466,389,406,406,418,412,412,412,432,432,432,450,450,450,450,450,252,280,280,280],"floor_reached":55,"language":"ENG","playtime":2112,"items_purged":["Dualcast","Strike_B","Strike_B","Defend_B","Defend_B","Strike_B","Strike_B","Zap","Defend_B","Defend_B","Fusion+1","Doom and Gloom","Leap","Self Repair"],"score":822,"play_id":"7dc996a7-cff6-4e3a-817f-aec6ee52cf53","local_time":"20210221152814","is_ascension_mode":false,"campfire_choices":[{"floor":6,"key":"RECALL"},{"data":"Redo","floor":13,"key":"SMITH"},{"data":"Redo","floor":15,"key":"SMITH"},{"data":"Redo","floor":23,"key":"SMITH"},{"data":"Conserve Battery","floor":25,"key":"SMITH"},{"data":"Conserve Battery","floor":32,"key":"SMITH"},{"data":"Leap","floor":40,"key":"SMITH"},{"data":"Lockon","floor":47,"key":"SMITH"},{"data":"Lockon","floor":49,"key":"SMITH"},{"data":"Seek","floor":52,"key":"SMITH"}],"circlet_count":0,"master_deck":["Redo+1","Lockon+1","Redo+1","Conserve Battery+1","Redo+1","Leap+1","Seek+1","Conserve Battery+1","Redo+1","Conserve Battery+1","Lockon+1","Conserve Battery+1","Conserve Battery+1","Bandage Up+1","Multi-Cast+1"],"relics":["Symbiotic Virus","MerchantsRug","Membership Card","Cables","Sozu","Incense Burner","Toxic Egg 2","CaptainsWheel","Prayer Wheel","Velvet Choker","Du-Vu Doll","FossilizedHelix","Bronze Scales","InkBottle","Letter Opener","Thread and Needle","Eternal Feather"],"acts_visited":["Exordium","TheCity","TheBeyond","TheEnding"],"potions_floor_usage":[36,37,48],"damage_taken":[{"damage":0,"enemies":"Cultist","floor":1,"turns":3},{"damage":0,"enemies":"Small Slimes","floor":4,"turns":2},{"damage":1,"enemies":"Jaw Worm","floor":5,"turns":3},{"damage":4,"enemies":"Exordium Thugs","floor":11,"turns":3},{"damage":4,"enemies":"3 Louse","floor":12,"turns":3},{"damage":11,"enemies":"Slime Boss","floor":16,"turns":5},{"damage":7,"enemies":"Shell Parasite","floor":18,"turns":3},{"damage":6,"enemies":"Spheric Guardian","floor":21,"turns":4},{"damage":0,"enemies":"Snake Plant","floor":22,"turns":3},{"damage":0,"enemies":"Cultist and Chosen","floor":27,"turns":3},{"damage":0,"enemies":"3 Cultists","floor":28,"turns":4},{"damage":4,"enemies":"Book of Stabbing","floor":29,"turns":4},{"damage":15,"enemies":"Snake Plant","floor":30,"turns":3},{"damage":12,"enemies":"Gremlin Leader","floor":31,"turns":5},{"damage":0,"enemies":"Champ","floor":33,"turns":5},{"damage":6,"enemies":"Orb Walker","floor":35,"turns":3},{"damage":32,"enemies":"2 Orb Walkers","floor":36,"turns":5},{"damage":0,"enemies":"Mind Bloom Boss Battle","floor":37,"turns":4},{"damage":0,"enemies":"3 Shapes","floor":39,"turns":3},{"damage":0,"enemies":"Transient","floor":41,"turns":5},{"damage":0,"enemies":"3 Darklings","floor":45,"turns":6},{"damage":7,"enemies":"Writhing Mass","floor":48,"turns":3},{"damage":0,"enemies":"Donu and Deca","floor":50,"turns":8},{"damage":61,"enemies":"Shield and Spear","floor":54,"turns":6},{"damage":11,"enemies":"The Heart","floor":55,"turns":5}],"seed_played":"-3420878096313918524","potions_obtained":[{"floor":1,"key":"Explosive Potion"},{"floor":11,"key":"GamblersBrew"},{"floor":16,"key":"ColorlessPotion"}],"is_trial":false,"path_per_floor":["M","T","?","M","M","R","$","?","T","$","M","M","R","$","R","B",null,"M","?","$","M","M","R","$","R","T","M","M","E","M","E","R","B",null,"M","?","?","$","M","R","M","$","T","?","M","T","R","M","R","B",null,"R","$","E","B"],"character_chosen":"DEFECT","items_purchased":["Symbiotic Virus","MerchantsRug","Redo","Membership Card","Lockon","Redo","Conserve Battery","Redo","Incense Burner","Bronze Scales","Thread and Needle","Bandage Up+1"],"campfire_rested":0,"item_purchase_floors":[0,0,0,0,0,0,0,10,20,38,53,53],"current_hp_per_floor":[75,75,75,75,75,75,75,75,75,75,75,75,75,75,75,71,75,75,75,75,75,75,75,75,75,75,75,75,75,67,62,62,69,75,75,50,57,57,57,57,64,64,64,64,64,64,64,57,57,57,75,75,75,20,15,15],"gold":280,"neow_bonus":"","is_daily":false,"chose_seed":false,"campfire_upgraded":9,"win_rate":0.0,"timestamp":1613917694,"path_taken":["M","?","?","M","M","R","$","?","T","$","M","?","R","?","R","BOSS","M","?","$","M","?","R","$","R","T","M","M","E","M","E","R","BOSS","M","?","?","?","?","R","M","$","T","?","?","?","R","M","R","BOSS","R","$","E","BOSS"],"items_purchased_type":["Relic","Relic","Card","Relic","Card","Card","Card","Card","Relic","Relic","Relic","Card"],"build_version":"2020-12-22","purchased_purges":14,"victory":false,"max_hp_per_floor":[75,75,75,75,75,75,75,75,75,75,75,75,75,75,75,75,75,75,75,75,75,75,75,75,75,75,75,75,75,75,75,75,75,75,75,75,75,75,75,75,75,75,75,75,75,75,75,75,75,75,75,75,75,75,75,75],"card_choices":[{"not_picked":["Go for the Eyes","Steam","Force Field"],"picked":"SKIP","floor":1},{"not_picked":["Cold Snap","Compile Driver"],"picked":"Self Repair","floor":4},{"not_picked":["Reinforced Body","Turbo","Streamline"],"picked":"SKIP","floor":5},{"not_picked":["FTL","Streamline"],"picked":"Leap","floor":11},{"not_picked":["Electrodynamics","Melter","Barrage"],"picked":"SKIP","floor":12},{"not_picked":["Buffer","Machine Learning"],"picked":"Seek","floor":16},{"not_picked":["Aggregate","Compile Driver","Streamline"],"picked":"SKIP","floor":18},{"not_picked":["Cold Snap","Reprogram"],"picked":"Leap","floor":21},{"not_picked":["Cold Snap","Static Discharge","Streamline+1"],"picked":"SKIP","floor":22},{"not_picked":["Gash","Hologram+1","Force Field+1"],"picked":"SKIP","floor":27},{"not_picked":["Rip and Tear","Rebound","Compile Driver"],"picked":"SKIP","floor":28},{"not_picked":["Gash","Aggregate+1"],"picked":"Redo+1","floor":29},{"not_picked":["Cold Snap","Sweeping Beam","Ball Lightning"],"picked":"SKIP","floor":30},{"not_picked":["Beam Cell","Rainbow+1","Genetic Algorithm+1"],"picked":"SKIP","floor":31},{"not_picked":["Heatsinks+1","Ball Lightning"],"picked":"Fusion+1","floor":35},{"not_picked":["Streamline+1","Glacier+1"],"picked":"Doom and Gloom","floor":35},{"not_picked":["Glacier+1","Cold Snap"],"picked":"Conserve Battery+1","floor":37},{"not_picked":["Steam+1","Go for the Eyes+1"],"picked":"Lockon","floor":39},{"not_picked":["BootSequence+1","Rebound"],"picked":"Conserve Battery+1","floor":39},{"not_picked":["Core Surge","Hologram+1","Rebound+1"],"picked":"SKIP","floor":41},{"not_picked":["Compile Driver","Reinforced Body+1","Redo+1"],"picked":"SKIP","floor":41},{"not_picked":["Force Field+1","Creative AI","Cold Snap+1"],"picked":"SKIP","floor":45},{"not_picked":["Turbo+1","Gash","Steam+1"],"picked":"SKIP","floor":45},{"not_picked":["Rebound","Compile Driver"],"picked":"Conserve Battery+1","floor":48},{"not_picked":["Compile Driver+1","Skim+1","Beam Cell"],"picked":"SKIP","floor":48},{"not_picked":["Capacitor+1","Compile Driver+1"],"picked":"Multi-Cast+1","floor":54}],"player_experience":173921,"relics_obtained":[{"floor":2,"key":"Cables"},{"floor":26,"key":"Toxic Egg 2"},{"floor":29,"key":"CaptainsWheel"},{"floor":31,"key":"Prayer Wheel"},{"floor":36,"key":"Du-Vu Doll"},{"floor":37,"key":"FossilizedHelix"},{"floor":43,"key":"InkBottle"},{"floor":46,"key":"Letter Opener"},{"floor":54,"key":"Eternal Feather"}],"event_choices":[{"damage_healed":0,"gold_gain":0,"player_choice":"Ignored","damage_taken":118,"max_hp_gain":0,"max_hp_loss":0,"event_name":"betterThird:BetterSerpent","floor":3,"gold_loss":0},{"damage_healed":0,"gold_gain":0,"player_choice":"Ignored","damage_taken":0,"max_hp_gain":0,"max_hp_loss":0,"event_name":"Golden Idol","floor":8,"gold_loss":0},{"damage_healed":0,"gold_gain":0,"player_choice":"Copied","damage_taken":0,"max_hp_gain":0,"max_hp_loss":0,"event_name":"Duplicator","floor":19,"gold_loss":0,"cards_obtained":["Conserve Battery"]},{"damage_healed":0,"gold_gain":0,"player_choice":"Fight","damage_taken":0,"max_hp_gain":0,"max_hp_loss":0,"event_name":"Mysterious Sphere","floor":36,"gold_loss":0},{"damage_healed":0,"gold_gain":0,"player_choice":"Fight","damage_taken":0,"max_hp_gain":0,"max_hp_loss":0,"event_name":"MindBloom","floor":37,"gold_loss":0},{"damage_healed":0,"gold_gain":0,"player_choice":"Ignored","damage_taken":0,"max_hp_gain":0,"max_hp_loss":0,"event_name":"Purifier","floor":44,"gold_loss":0}],"is_beta":false,"boss_relics":[{"not_picked":["Empty Cage","Snecko Eye"],"picked":"Sozu"},{"not_picked":["Fusion Hammer","Philosopher\u0027s Stone"],"picked":"Velvet Choker"}],"items_purged_floors":[0,0,0,0,0,10,10,24,24,24,38,42,42,42],"is_endless":false,"potions_floor_spawned":[1,11,16,21,28,29,30,36,48,54],"killed_by":"The Heart","ascension_level":0}}