{"host":"dv29tre2e7vje47n","time":1613927353,"event":{"mods":["AchievementEnabler","BaseMod","Colored Map","Colored Powertips","DeckTracker","Displayed Cursed Tome","Downfall","Friendly Minions","Googly Eyes","Highlight Path","Key Reminder","Minty Spire (QoL Compilation)","Quick Restart","Random Character Button","Rare Cards Sparkle","Relic Sorter","Relic Stats","Replay The Spire","Spire Arcade","Spire Birthday Party","StSLib","SuperFastMode","Unceasing Turn Reminder"],"gold_per_floor":[118,118,131,81,98,98,133,133,133,133,162,162,206,77,77,77,77,77],"floor_reached":16,"language":"ENG","playtime":426,"items_purged":[],"score":122,"play_id":"4bff790d-ac14-46e3-b7aa-7001743bd648","local_time":"20210221180913","is_ascension_mode":true,"campfire_choices":[{"data":"sneckomod:WideSting","floor":6,"key":"SMITH"},{"data":"sneckomod:SerpentIdol","floor":8,"key":"SMITH"},{"data":"sneckomod:TailWhip","floor":10,"key":"SMITH"},{"floor":12,"key":"REST"},{"data":"sneckomod:QuickMove","floor":15,"key":"SMITH"}],"circlet_count":0,"master_deck":["sneckomod:Strike","sneckomod:Strike","sneckomod:Strike","sneckomod:Defend","sneckomod:Defend","sneckomod:Defend","sneckomod:TailWhip+1","sneckomod:SnekBite+1","sneckomod:Unknown","sneckomod:Unknown","sneckomod:WideSting+1","sneckomod:SerpentIdol+1","sneckomod:Unknown3Cost","sneckomod:PureSnecko","sneckomod:QuickMove+1"],"relics":["sneckomod:SneckoSoul","MealTicket","Sundial","Gremlin Horn","ReplayTheSpireMod:TigerMarble","Ginger"],"acts_visited":["Exordium"],"potions_floor_usage":[13],"damage_taken":[{"damage":0.0,"enemies":"Small Slimes","floor":1.0,"turns":3.0},{"damage":13,"enemies":"Jaw Worm","floor":3,"turns":5},{"damage":0,"enemies":"2 Louse","floor":5,"turns":1},{"damage":21,"enemies":"Gremlin Nob","floor":7,"turns":4},{"damage":26,"enemies":"Lagavulin","floor":11,"turns":5},{"damage":32,"enemies":"Gremlin Nob","floor":13,"turns":4},{"damage":45,"enemies":"Hexaghost","floor":16,"turns":12}],"seed_played":"-2010739305526512693","potions_obtained":[{"floor":5,"key":"LifebloodPotion"},{"floor":7,"key":"PowerPotion"},{"floor":13,"key":"Fruit Juice"}],"is_trial":false,"path_per_floor":["M","?","M","?","M","R","E","R","T","R","E","R","E","$","R","B"],"character_chosen":"THE_SNECKO","items_purchased":["sneckomod:PureSnecko","sneckomod:QuickMove"],"campfire_rested":1,"item_purchase_floors":[14,14],"current_hp_per_floor":[90,90,77,77,77,77,56,56,56,56,30,57,30,45,45,0,0,0],"gold":77,"neow_bonus":"RANDOM_EVENT","is_daily":false,"chose_seed":false,"campfire_upgraded":4,"win_rate":0.0,"timestamp":1613927353,"path_taken":["M","?","M","?","M","R","E","R","T","R","E","R","E","$","R","BOSS"],"items_purchased_type":["Card","Card"],"build_version":"2020-12-22","purchased_purges":0,"victory":false,"max_hp_per_floor":[90,90,90,90,90,90,90,90,90,90,90,90,95,95,95,95,95,95],"relic_stats":{"Gremlin Horn":[0,0],"counters":[7,34],"Sundial":[4],"MealTicket":15,"Ginger":[0],"obtain_stats":[{"Gremlin Horn":9,"Sundial":7,"MealTicket":2,"ReplayTheSpireMod:TigerMarble":11,"Ginger":13,"sneckomod:SneckoSoul":0},{"Gremlin Horn":4,"Sundial":4,"MealTicket":1,"ReplayTheSpireMod:TigerMarble":5,"Ginger":6,"sneckomod:SneckoSoul":0},{"Gremlin Horn":13,"Sundial":13,"MealTicket":3,"ReplayTheSpireMod:TigerMarble":18,"Ginger":22,"sneckomod:SneckoSoul":0}]},"card_choices":[{"not_picked":["sneckomod:SerpentIdol","sneckomod:QuickMove"],"picked":"sneckomod:WideSting","floor":1.0},{"not_picked":["sneckomod:QuickBite","sneckomod:DiceBoulder","sneckomod:UnknownClassRED"],"picked":"SKIP","floor":3},{"not_picked":["sneckomod:SnakeSap","sneckomod:UnknownWeak","sneckomod:DiceBlock"],"picked":"SKIP","floor":5},{"not_picked":["sneckomod:DiceCrush","sneckomod:UnknownStrike"],"picked":"sneckomod:SerpentIdol","floor":7},{"not_picked":["sneckomod:WideSting","sneckomod:SnakeSap","sneckomod:MasterEye"],"picked":"SKIP","floor":11},{"not_picked":["sneckomod:DiceBoulder","sneckomod:RainOfDice"],"picked":"sneckomod:Unknown3Cost","floor":13}],"player_experience":148834,"relics_obtained":[{"floor":7,"key":"Sundial"},{"floor":9,"key":"Gremlin Horn"},{"floor":11,"key":"ReplayTheSpireMod:TigerMarble"},{"floor":13,"key":"Ginger"}],"event_choices":[{"damage_healed":0.0,"max_hp_gain":0.0,"max_hp_loss":0.0,"gold_gain":0.0,"event_name":"Living Wall","player_choice":"Grow","floor":0.0,"gold_loss":0.0,"damage_taken":0.0,"cards_upgraded":["sneckomod:SnekBite"]},{"cards_removed":["downfall:Bewildered"],"damage_healed":0,"gold_gain":0,"player_choice":"Card Removal","damage_taken":0,"max_hp_gain":0,"max_hp_loss":0,"event_name":"The Cleric","floor":4,"gold_loss":50}],"is_beta":false,"boss_relics":[],"items_purged_floors":[],"is_endless":false,"potions_floor_spawned":[5,7,13],"killed_by":"Hexaghost","ascension_level":1}}