{"host":"2j7k79oxv8es4yqd","time":1613898252,"event":{"mods":["BaseMod","Emptier Cage","Minty Spire (QoL Compilation)","Permanent Neow","Ryuuou¡˙Õı","StSLib"],"gold_per_floor":[115,128,78,94,106,137,137,168,168,202,218,238,268,268,268,366,366,383,220,40,66,83,114,114,144,181,208,245,273,317,329,341,455,467,496,508,532,544,567,610,638,675,712,743,755,767,791,275,275,275,275,275,28,59,59],"floor_reached":56,"language":"ZHT","playtime":4256,"items_purged":["Defend_G","Pain","Strike_G"],"score":1749,"play_id":"1b3a1059-5a61-495c-8a64-e67e7268a686","local_time":"20210221170412","is_ascension_mode":true,"campfire_choices":[{"data":"Terror","floor":7,"key":"SMITH"},{"data":"Concentrate","floor":15,"key":"SMITH"},{"floor":24,"key":"RECALL"},{"data":"Footwork","floor":32,"key":"SMITH"},{"floor":45,"key":"REST"},{"data":"After Image","floor":49,"key":"SMITH"},{"data":"Footwork","floor":52,"key":"SMITH"}],"circlet_count":0,"master_deck":["Strike_G","Strike_G","Strike_G","Strike_G","Defend_G","Defend_G","Defend_G","Survivor","Neutralize","Outmaneuver","Terror+1","Noxious Fumes","Quick Slash","Deflect","Concentrate+1","Backflip","Backflip","After Image+1","Reflex","Footwork+1","Dagger Throw","Footwork+1","Reflex","Masterful Stab","Die Die Die+1","All Out Attack+1","Underhanded Strike+1","Flying Knee+1","After Image+1","Choke+1","Quick Slash+1","Backflip+1","After Image+1","Master of Strategy"],"relics":["Runic Pyramid","HornCleat","Pocketwatch","Pantograph","StrikeDummy","Centennial Puzzle","GremlinMask","HoveringKite","Potion Belt","Red Mask","Molten Egg 2","MawBank","Toy Ornithopter","Frozen Egg 2","Oddly Smooth Stone","Cursed Key","Orichalcum","Lantern","Torii","InkBottle","Pen Nib"],"acts_visited":["Exordium","TheCity","TheBeyond","TheEnding"],"potions_floor_usage":[6,6,8,21,21,23,28,35,50,50,54,55,55,55],"damage_taken":[{"damage":1,"enemies":"2 Louse","floor":1,"turns":4},{"damage":0,"enemies":"Jaw Worm","floor":2,"turns":5},{"damage":0,"enemies":"Cultist","floor":4,"turns":4},{"damage":1,"enemies":"2 Fungi Beasts","floor":5,"turns":4},{"damage":18,"enemies":"Gremlin Nob","floor":6,"turns":4},{"damage":7,"enemies":"Lagavulin","floor":8,"turns":5},{"damage":8,"enemies":"3 Sentries","floor":10,"turns":8},{"damage":3,"enemies":"3 Louse","floor":11,"turns":3},{"damage":6,"enemies":"Red Slaver","floor":12,"turns":2},{"damage":0,"enemies":"Lagavulin","floor":13,"turns":4},{"damage":12,"enemies":"Slime Boss","floor":16,"turns":7},{"damage":1,"enemies":"Chosen","floor":18,"turns":5},{"damage":0,"enemies":"Masked Bandits","floor":21,"turns":4},{"damage":4,"enemies":"Spheric Guardian","floor":22,"turns":4},{"damage":3,"enemies":"Slavers","floor":23,"turns":7},{"damage":10,"enemies":"Book of Stabbing","floor":25,"turns":5},{"damage":15,"enemies":"Centurion and Healer","floor":27,"turns":5},{"damage":26,"enemies":"Slavers","floor":28,"turns":4},{"damage":0,"enemies":"Snecko","floor":29,"turns":6},{"damage":0,"enemies":"Gremlin Leader","floor":30,"turns":4},{"damage":1,"enemies":"Automaton","floor":33,"turns":8},{"damage":5,"enemies":"3 Darklings","floor":35,"turns":3},{"damage":0,"enemies":"Orb Walker","floor":37,"turns":2},{"damage":10,"enemies":"3 Darklings","floor":39,"turns":3},{"damage":0,"enemies":"Giant Head","floor":40,"turns":7},{"damage":18,"enemies":"Jaw Worm Horde","floor":41,"turns":4},{"damage":2,"enemies":"Reptomancer","floor":42,"turns":6},{"damage":2,"enemies":"Sphere and 2 Shapes","floor":44,"turns":5},{"damage":2,"enemies":"3 Darklings","floor":47,"turns":5},{"damage":46,"enemies":"Time Eater","floor":50,"turns":14},{"damage":0,"enemies":"Shield and Spear","floor":54,"turns":8},{"damage":14,"enemies":"The Heart","floor":55,"turns":9}],"seed_played":"-7616028373391078007","potions_obtained":[{"floor":1,"key":"Explosive Potion"},{"floor":5,"key":"Fire Potion"},{"floor":6,"key":"SteroidPotion"},{"floor":8,"key":"Weak Potion"},{"floor":10,"key":"Explosive Potion"},{"floor":13,"key":"Explosive Potion"},{"floor":25,"key":"FairyPotion"},{"floor":27,"key":"AttackPotion"},{"floor":29,"key":"DistilledChaos"},{"floor":33,"key":"SteroidPotion"},{"floor":35,"key":"Strength Potion"},{"floor":37,"key":"Strength Potion"},{"floor":42,"key":"Explosive Potion"},{"floor":44,"key":"Block Potion"}],"is_trial":false,"path_per_floor":["M","M","?","M","M","E","R","E","T","E","M","M","E","?","R","B",null,"M","$","$","?","M","E","R","E","T","M","E","M","E","$","R","B",null,"M","?","M","?","M","E","M","E","T","M","R","?","M","$","R","B",null,"R","$","E","B",null],"character_chosen":"THE_SILENT","items_purchased":["Footwork","Dagger Throw","Potion Belt","Footwork","InkBottle","Master of Strategy","Dexterity Potion","DistilledChaos"],"campfire_rested":1,"item_purchase_floors":[19,19,20,20,48,48,53,53],"current_hp_per_floor":[62,62,62,62,61,43,43,36,36,28,25,19,19,19,19,32,61,60,60,60,60,56,53,53,43,43,28,7,7,7,7,7,31,60,60,53,53,53,43,43,25,23,23,21,42,42,40,40,40,29,60,60,60,65,57],"gold":59,"neow_bonus":"BOSS_RELIC","is_daily":false,"chose_seed":false,"campfire_upgraded":5,"win_rate":0.0,"timestamp":1613898252,"path_taken":["M","M","?","M","M","E","R","E","T","E","M","M","E","?","R","BOSS","M","?","$","?","M","E","R","E","T","M","E","M","E","$","R","BOSS","M","?","?","?","?","E","M","E","T","M","R","?","M","$","R","BOSS","R","$","E","BOSS"],"items_purchased_type":["Card","Card","Relic","Card","Relic","Card","Potion","Potion"],"build_version":"2020-12-22","purchased_purges":3,"victory":true,"max_hp_per_floor":[70,70,70,70,70,70,70,70,70,70,70,70,70,70,70,70,70,70,70,70,70,70,70,70,70,70,70,70,70,70,70,70,70,70,70,70,70,70,70,70,70,70,70,70,70,70,70,70,70,70,70,70,70,70,70],"card_choices":[{"not_picked":["Finisher","Catalyst","Caltrops"],"picked":"SKIP","floor":1},{"not_picked":["Quick Slash","Heel Hook"],"picked":"Outmaneuver","floor":2},{"not_picked":["Blade Dance","Blur"],"picked":"Terror","floor":4},{"not_picked":["Cloak And Dagger","Endless Agony"],"picked":"Noxious Fumes","floor":5},{"not_picked":["Sucker Punch","Backflip"],"picked":"Masterful Stab","floor":6},{"not_picked":["Acrobatics","Infinite Blades"],"picked":"Quick Slash","floor":8},{"not_picked":["Quick Slash","Blade Dance"],"picked":"Deflect","floor":10},{"not_picked":["Underhanded Strike","Crippling Poison"],"picked":"Concentrate","floor":11},{"not_picked":["Blade Dance","Sucker Punch"],"picked":"Backflip","floor":12},{"not_picked":["Outmaneuver","Poisoned Stab"],"picked":"Backflip","floor":13},{"not_picked":["Phantasmal Killer","Burst"],"picked":"After Image","floor":16},{"not_picked":["Deflect+1","Backflip"],"picked":"Reflex","floor":18},{"not_picked":["Prepared","Outmaneuver+1"],"picked":"Reflex","floor":21},{"not_picked":["Outmaneuver","Catalyst"],"picked":"Masterful Stab","floor":22},{"not_picked":["Well Laid Plans","Sucker Punch+1","Noxious Fumes"],"picked":"SKIP","floor":23},{"not_picked":["Backstab+1","Deadly Poison"],"picked":"Die Die Die+1","floor":25},{"not_picked":["Predator+1","Sucker Punch+1"],"picked":"All Out Attack+1","floor":27},{"not_picked":["Sucker Punch+1","Crippling Poison+1","Concentrate"],"picked":"SKIP","floor":28},{"not_picked":["Backflip","Concentrate"],"picked":"Underhanded Strike+1","floor":29},{"not_picked":["Poisoned Stab+1","Riddle With Holes+1"],"picked":"Flying Knee+1","floor":30},{"not_picked":["Malaise","Night Terror"],"picked":"After Image+1","floor":33},{"not_picked":["Cloak And Dagger+1","Crippling Poison"],"picked":"Choke+1","floor":35},{"not_picked":["Dash+1","Noxious Fumes+1","Underhanded Strike+1"],"picked":"SKIP","floor":37},{"not_picked":["Cloak And Dagger+1","Backflip","Blade Dance+1"],"picked":"SKIP","floor":39},{"not_picked":["Malaise","Dagger Spray+1"],"picked":"Quick Slash+1","floor":40},{"not_picked":["Underhanded Strike+1","Deadly Poison+1"],"picked":"Backflip+1","floor":41},{"not_picked":["Backflip","Underhanded Strike+1"],"picked":"After Image+1","floor":42},{"not_picked":["Cloak And Dagger","Slice+1","Prepared+1"],"picked":"SKIP","floor":44},{"not_picked":["Deflect","Sucker Punch+1","Blade Dance+1"],"picked":"SKIP","floor":47},{"not_picked":["Poisoned Stab+1","Skewer+1","Reflex"],"picked":"SKIP","floor":54}],"player_experience":592289,"relics_obtained":[{"floor":6,"key":"HornCleat"},{"floor":8,"key":"Pocketwatch"},{"floor":9,"key":"Pantograph"},{"floor":10,"key":"StrikeDummy"},{"floor":13,"key":"Centennial Puzzle"},{"floor":21,"key":"Red Mask"},{"floor":23,"key":"Molten Egg 2"},{"floor":25,"key":"MawBank"},{"floor":26,"key":"Toy Ornithopter"},{"floor":28,"key":"Frozen Egg 2"},{"floor":30,"key":"Oddly Smooth Stone"},{"floor":40,"key":"Lantern"},{"floor":42,"key":"Torii"},{"floor":54,"key":"Pen Nib"}],"event_choices":[{"cards_removed":["Defend_G"],"damage_healed":0,"gold_gain":0,"player_choice":"Card Removal","damage_taken":0,"max_hp_gain":0,"max_hp_loss":0,"event_name":"The Cleric","floor":3,"gold_loss":50},{"damage_healed":0,"gold_gain":0,"player_choice":"Trade","damage_taken":0,"relics_obtained":["GremlinMask"],"max_hp_gain":0,"max_hp_loss":0,"event_name":"FaceTrader","floor":14,"gold_loss":0},{"damage_healed":0,"gold_gain":0,"player_choice":"Fought Bandits","damage_taken":0,"max_hp_gain":0,"max_hp_loss":0,"event_name":"Masked Bandits","floor":21,"gold_loss":0},{"damage_healed":0,"gold_gain":0,"player_choice":"Damaged","damage_taken":7,"max_hp_gain":0,"max_hp_loss":0,"event_name":"Wheel of Change","floor":36,"gold_loss":0},{"cards_removed":["Masterful Stab"],"damage_healed":0,"gold_gain":0,"player_choice":"Gave Card","damage_taken":0,"relics_obtained":["Orichalcum"],"max_hp_gain":0,"max_hp_loss":0,"event_name":"WeMeetAgain","floor":38,"gold_loss":0},{"damage_healed":0,"gold_gain":0,"player_choice":"Ignored","damage_taken":0,"max_hp_gain":0,"max_hp_loss":0,"event_name":"SecretPortal","floor":46,"gold_loss":0}],"is_beta":false,"boss_relics":[{"not_picked":["SacredBark","Pandora\u0027s Box"],"picked":"HoveringKite"},{"not_picked":["Runic Dome","Snecko Eye"],"picked":"Cursed Key"}],"items_purged_floors":[19,48,53],"is_endless":false,"potions_floor_spawned":[1,5,6,8,10,13,18,25,27,29,33,35,37,42,44],"ascension_level":7}}