{"host":"pifa3o3uv2a0m12r","time":1613901401,"event":{"mods":["AchievementEnabler","BaseMod","Colored Map","Minty Spire (QoL Compilation)","StSLib","SuperFastMode"],"gold_per_floor":[110,123,43,63,63,92,92,119,119,153,167,167,167,179,179,277,277,295,295,295,295,295,295,322,335,335,335,335],"floor_reached":27,"language":"FRA","playtime":861,"items_purged":[],"score":299,"play_id":"c8e82bb0-ac23-4b0d-b5cb-912b8b2749ca","local_time":"20210220235641","is_ascension_mode":true,"campfire_choices":[{"data":"FlyingSleeves","floor":7,"key":"SMITH"},{"floor":13,"key":"REST"},{"floor":15,"key":"REST"},{"floor":23,"key":"REST"}],"circlet_count":0,"master_deck":["Strike_P+1","Strike_P+1","Strike_P+1","Defend_P+1","Defend_P+1","Defend_P+1","Defend_P+1","Eruption","Vigilance","TalkToTheHand","LikeWater","MentalFortress","Prostrate","BowlingBash","FlyingSleeves+1","Alpha","FlurryOfBlows","TalkToTheHand","Devotion","Perseverance","ClearTheMind"],"relics":["PureWater","Bronze Scales","Yang","Singing Bowl","Pantograph","Darkstone Periapt","Philosopher\u0027s Stone","Bag of Marbles","Mango","Sundial"],"acts_visited":["Exordium","TheCity"],"potions_floor_usage":[6,6,14,16,25,27],"damage_taken":[{"damage":0,"enemies":"Cultist","floor":1,"turns":5},{"damage":0,"enemies":"2 Louse","floor":2,"turns":2},{"damage":8,"enemies":"Jaw Worm","floor":4,"turns":7},{"damage":9,"enemies":"3 Sentries","floor":6,"turns":8},{"damage":13,"enemies":"Lagavulin","floor":8,"turns":6},{"damage":20,"enemies":"Gremlin Nob","floor":10,"turns":4},{"damage":0,"enemies":"2 Fungi Beasts","floor":11,"turns":3},{"damage":23,"enemies":"Large Slime","floor":14,"turns":4},{"damage":30,"enemies":"Hexaghost","floor":16,"turns":6},{"damage":36,"enemies":"Spheric Guardian","floor":18,"turns":5},{"damage":57,"enemies":"Gremlin Leader","floor":24,"turns":6},{"damage":8,"enemies":"2 Thieves","floor":25,"turns":5},{"damage":20,"enemies":"Slavers","floor":27,"turns":2}],"seed_played":"-3852928441836196863","potions_obtained":[{"floor":0,"key":"AttackPotion"},{"floor":0,"key":"PowerPotion"},{"floor":0,"key":"Weak Potion"},{"floor":6,"key":"CultistPotion"},{"floor":14,"key":"ColorlessPotion"},{"floor":18,"key":"Swift Potion"},{"floor":25,"key":"SkillPotion"}],"is_trial":false,"path_per_floor":["M","M","$","M","?","E","R","E","T","E","M","T","R","M","R","B",null,"M","?","?","?","?","R","E","M","T","E"],"character_chosen":"WATCHER","items_purchased":["MentalFortress"],"campfire_rested":3,"item_purchase_floors":[3],"current_hp_per_floor":[72,72,72,64,64,55,55,42,42,22,24,24,46,23,45,40,74,38,38,38,38,38,60,19,13,13,0,0],"gold":335,"neow_bonus":"THREE_SMALL_POTIONS","is_daily":false,"chose_seed":false,"campfire_upgraded":1,"win_rate":0.0,"timestamp":1613901401,"path_taken":["M","M","?","M","?","E","R","E","T","E","M","?","R","M","R","BOSS","M","?","?","?","?","R","E","M","T","E"],"items_purchased_type":["Card"],"build_version":"2020-12-22","purchased_purges":0,"victory":false,"max_hp_per_floor":[72,72,72,72,72,72,72,72,72,72,74,74,74,74,74,74,74,74,74,74,74,74,74,90,92,92,92,92],"card_choices":[{"not_picked":["Evaluate","WreathOfFlame"],"picked":"TalkToTheHand","floor":1},{"not_picked":["FearNoEvil","EmptyBody"],"picked":"LikeWater","floor":2},{"not_picked":["Wireheading","CarveReality"],"picked":"Prostrate","floor":4},{"not_picked":["PathToVictory","EmptyMind"],"picked":"FlyingSleeves","floor":6},{"not_picked":["JustLucky","DeceiveReality"],"picked":"Alpha","floor":8},{"not_picked":["SashWhip","Collect"],"picked":"FlurryOfBlows","floor":10},{"not_picked":["EmptyFist","Wireheading","MentalFortress"],"picked":"Singing Bowl","floor":11},{"not_picked":["Collect","Evaluate"],"picked":"TalkToTheHand","floor":14},{"not_picked":["Wish","Blasphemy"],"picked":"Devotion","floor":16},{"not_picked":["Weave","SashWhip"],"picked":"Perseverance","floor":18},{"not_picked":["Collect","Meditate","FollowUp"],"picked":"Singing Bowl","floor":24},{"not_picked":["Wireheading","Tantrum","EmptyFist"],"picked":"Singing Bowl","floor":25}],"player_experience":130795,"relics_obtained":[{"floor":6,"key":"Bronze Scales"},{"floor":8,"key":"Yang"},{"floor":9,"key":"Singing Bowl"},{"floor":10,"key":"Pantograph"},{"floor":12,"key":"Darkstone Periapt"},{"floor":24,"key":"Mango"},{"floor":26,"key":"Sundial"}],"event_choices":[{"damage_healed":0,"gold_gain":0,"cards_transformed":["Strike_P"],"player_choice":"Change","damage_taken":0,"max_hp_gain":0,"max_hp_loss":0,"event_name":"Living Wall","floor":5,"gold_loss":0,"cards_obtained":["BowlingBash"]},{"damage_healed":0,"gold_gain":0,"player_choice":"Simplicity","damage_taken":0,"max_hp_gain":0,"max_hp_loss":0,"event_name":"Back to Basics","floor":19,"gold_loss":0,"cards_upgraded":["Strike_P","Strike_P","Strike_P","Defend_P","Defend_P","Defend_P","Defend_P"]},{"damage_healed":0,"gold_gain":0,"player_choice":"Ignored","damage_taken":0,"max_hp_gain":0,"max_hp_loss":0,"event_name":"Ghosts","floor":20,"gold_loss":0},{"damage_healed":0,"gold_gain":0,"player_choice":"Opened","damage_taken":0,"relics_obtained":["Bag of Marbles"],"max_hp_gain":0,"max_hp_loss":0,"event_name":"The Mausoleum","floor":21,"gold_loss":0},{"damage_healed":0,"gold_gain":0,"player_choice":"Read","damage_taken":0,"max_hp_gain":0,"max_hp_loss":0,"event_name":"The Library","floor":22,"gold_loss":0,"cards_obtained":["ClearTheMind"]}],"is_beta":false,"boss_relics":[{"not_picked":["Runic Pyramid","Sozu"],"picked":"Philosopher\u0027s Stone"}],"items_purged_floors":[],"is_endless":false,"potions_floor_spawned":[2,4,6,14,18,25],"killed_by":"Slavers","ascension_level":2}}