{"host":"7qoz5gmva6til3yp","time":1613921119,"event":{"mods":["2.2 Compatiblity","BaseMod","Minty Spire (QoL Compilation)","StSLib","SuperFastMode"],"gold_per_floor":[112,125,138,148,161,161,189,189,189,239,253,178,211,211,211,211,211],"floor_reached":16,"language":"KOR","playtime":4220,"items_purged":["Strike_R"],"score":224,"play_id":"4760773b-d3ed-4225-8ad6-23b39499dd9c","local_time":"20210222002519","is_ascension_mode":true,"campfire_choices":[{"floor":6.0,"key":"REST"},{"data":"Hemokinesis","floor":8.0,"key":"SMITH"},{"data":"Bludgeon","floor":15.0,"key":"SMITH"}],"circlet_count":0,"master_deck":["AscendersBane","Strike_R","Strike_R","Strike_R","Strike_R","Defend_R","Defend_R","Defend_R","Defend_R","Bash","Clumsy","Bludgeon+1","Ghostly Armor","Shrug It Off","Hemokinesis+1","Pommel Strike"],"relics":["Burning Blood","Pen Nib","Letter Opener","Regal Pillow"],"acts_visited":["Exordium"],"potions_floor_usage":[16],"damage_taken":[{"damage":16.0,"enemies":"2 Louse","floor":1.0,"turns":3.0},{"damage":1.0,"enemies":"Cultist","floor":2.0,"turns":3.0},{"damage":14.0,"enemies":"Jaw Worm","floor":3.0,"turns":4.0},{"damage":35.0,"enemies":"Large Slime","floor":4.0,"turns":10.0},{"damage":15.0,"enemies":"3 Louse","floor":5.0,"turns":4.0},{"damage":27.0,"enemies":"Lagavulin","floor":7.0,"turns":6.0},{"damage":16.0,"enemies":"2 Fungi Beasts","floor":11.0,"turns":3.0},{"damage":12.0,"enemies":"Gremlin Nob","floor":13.0,"turns":3.0},{"damage":40,"enemies":"The Guardian","floor":16,"turns":7}],"seed_played":"-922972566712326202","potions_obtained":[{"floor":3.0,"key":"FairyPotion"},{"floor":5.0,"key":"Block Potion"},{"floor":13.0,"key":"BloodPotion"}],"is_trial":false,"path_per_floor":["M","M","M","M","M","R","E","R","T","?","M","$","E","?","R","B"],"character_chosen":"IRONCLAD","items_purchased":[],"campfire_rested":1,"item_purchase_floors":[],"current_hp_per_floor":[58,63,55,26,17,39,18,18,18,11,28,28,22,22,22,0,0],"gold":211,"neow_bonus":"THREE_RARE_CARDS","is_daily":false,"chose_seed":false,"campfire_upgraded":2,"win_rate":0.0,"timestamp":1613921119,"path_taken":["M","M","M","M","M","R","E","R","T","?","?","$","E","?","R","BOSS"],"items_purchased_type":[],"build_version":"2020-12-22","purchased_purges":1,"victory":false,"max_hp_per_floor":[75,75,75,75,75,75,75,75,75,75,75,75,75,75,75,75,75],"card_choices":[{"not_picked":["Double Tap","Brutality"],"picked":"Bludgeon","floor":0.0},{"not_picked":["Warcry","Body Slam","Thunderclap"],"picked":"SKIP","floor":1.0},{"not_picked":["Body Slam","Iron Wave","Cleave"],"picked":"SKIP","floor":2.0},{"not_picked":["Iron Wave","Ghostly Armor","Pummel"],"picked":"SKIP","floor":3.0},{"not_picked":["Iron Wave","Pummel"],"picked":"Ghostly Armor","floor":3.0},{"not_picked":["Burning Pact","Brutality"],"picked":"Shrug It Off","floor":4.0},{"not_picked":["Cleave","Twin Strike"],"picked":"Hemokinesis","floor":5.0},{"not_picked":["Shrug It Off","Havoc","Perfected Strike"],"picked":"SKIP","floor":7.0},{"not_picked":["Sentinel","Havoc"],"picked":"Pommel Strike","floor":11.0},{"not_picked":["Havoc","Iron Wave","Pommel Strike"],"picked":"SKIP","floor":13.0}],"player_experience":495712,"relics_obtained":[{"floor":7.0,"key":"Pen Nib"},{"floor":9.0,"key":"Letter Opener"},{"floor":13.0,"key":"Regal Pillow"}],"event_choices":[{"damage_healed":0.0,"max_hp_gain":0.0,"max_hp_loss":0.0,"gold_gain":50.0,"event_name":"FaceTrader","player_choice":"Touch","floor":10.0,"gold_loss":0.0,"damage_taken":7.0},{"damage_healed":0.0,"max_hp_gain":0.0,"max_hp_loss":0.0,"gold_gain":0.0,"event_name":"Golden Idol","player_choice":"Ignored","floor":14.0,"gold_loss":0.0,"damage_taken":0.0}],"is_beta":false,"boss_relics":[],"items_purged_floors":[12],"is_endless":false,"potions_floor_spawned":[3,5,13],"killed_by":"The Guardian","ascension_level":20}}