{"host":"6fhkt7uh7k6h93g3","time":1613945326,"event":{"mods":["AchievementEnabler","Act Like it!","Aspiration","BaseMod","Better Note","BetterRewards","Colored Map","Downfall","Hermit","Marisa????????","Minty Spire (QoL Compilation)","StSLib","The Disciple"],"gold_per_floor":[0,13,13,23,8,158,204,233,247,247,247,247],"floor_reached":10,"language":"ENG","playtime":813,"items_purged":[],"score":66,"play_id":"1b610c11-b017-4c36-907a-5b120015ca59","local_time":"20210221230846","is_ascension_mode":false,"campfire_choices":[{"data":"hexamod:Float","floor":1,"key":"SMITH"}],"circlet_count":0,"master_deck":["hexamod:Strike","hexamod:Strike","hexamod:Strike","hexamod:Strike","hexamod:Defend","hexamod:Defend","hexamod:Defend","hexamod:Defend","hexamod:Sear","hexamod:Float+1","hexamod:SpectersWail","Injury","hexamod:ShieldOfDarkness","hexamod:AdvancingGuard","downfall:Icky","hexamod:EmpoweredFlame+1","hexamod:DynamicBlow"],"relics":["hexamod:SpiritBrand","WingedGreaves","Frozen Egg 2","Bag of Marbles","Toxic Egg 2"],"acts_visited":["Exordium"],"potions_floor_usage":[],"damage_taken":[{"damage":1,"enemies":"Cultist","floor":2,"turns":3},{"damage":3,"enemies":"2 Louse","floor":4,"turns":3},{"damage":5,"enemies":"downfall:FleeingMerchant","floor":5,"turns":4},{"damage":43,"enemies":"Gremlin Nob","floor":8,"turns":6},{"damage":6,"enemies":"Jaw Worm","floor":9,"turns":3},{"damage":18,"enemies":"3 Sentries","floor":10,"turns":5}],"seed_played":"4796159899429432260","potions_obtained":[{"floor":8,"key":"Ancient Potion"},{"floor":9,"key":"SpeedPotion"}],"is_trial":false,"path_per_floor":["R","M","?","M","$","?","T","E","M","E"],"character_chosen":"THE_SPIRIT","items_purchased":[],"campfire_rested":0,"item_purchase_floors":[],"current_hp_per_floor":[70,69,69,66,61,61,61,18,12,0,0,0],"gold":247,"neow_bonus":"ONE_RARE_RELIC","is_daily":false,"chose_seed":false,"campfire_upgraded":1,"win_rate":0.0,"timestamp":1613945326,"path_taken":["R","M","?","M","$","?","T","E","?","E"],"items_purchased_type":[],"build_version":"2020-12-22","purchased_purges":0,"victory":false,"max_hp_per_floor":[70,70,70,70,70,70,70,70,70,70,70,70],"card_choices":[{"not_picked":["hexamod:Firestarter","hexamod:BurningTouch"],"picked":"hexamod:SpectersWail","floor":2},{"not_picked":["hexamod:HeatShield","hexamod:SkipABeat"],"picked":"hexamod:ShieldOfDarkness","floor":4},{"not_picked":["hexamod:PhantomFireball","hexamod:GhostflameBarrier"],"picked":"hexamod:AdvancingGuard","floor":5},{"not_picked":["hexamod:FourthSeal","hexamod:RainOfEmbers"],"picked":"hexamod:EmpoweredFlame+1","floor":8},{"not_picked":["hexamod:ThermalTransfer","hexamod:HeatMetal"],"picked":"hexamod:DynamicBlow","floor":9}],"player_experience":390314,"relics_obtained":[{"floor":7,"key":"Bag of Marbles"},{"floor":8,"key":"Toxic Egg 2"}],"event_choices":[],"is_beta":false,"boss_relics":[],"items_purged_floors":[],"is_endless":false,"potions_floor_spawned":[8,9],"killed_by":"3 Sentries","ascension_level":0}}