{"host":"2j7k79oxv8es4yqd","time":1613893952,"event":{"mods":["BaseMod","Emptier Cage","Minty Spire (QoL Compilation)","Permanent Neow","Ryuuou¡˙Õı","StSLib"],"gold_per_floor":[115,131,143,160,174,174,205,205,232,3,3,3,19,47,47,151,151,164,179,179,35,54,54,54,54],"floor_reached":24,"language":"ZHT","playtime":1340,"items_purged":["Defend_G"],"score":281,"play_id":"ff32e750-1d2c-4ee6-bf0e-81c62c2ef2a6","local_time":"20210221155232","is_ascension_mode":true,"campfire_choices":[{"data":"Infinite Blades","floor":6,"key":"SMITH"},{"floor":8,"key":"REST"},{"data":"Infinite Blades","floor":12,"key":"SMITH"},{"floor":15,"key":"RECALL"},{"floor":23,"key":"REST"}],"circlet_count":0,"master_deck":["Strike_G","Strike_G","Defend_G","Defend_G","Defend_G","Defend_G","Survivor","Neutralize","Blur","Escape Plan","Backflip","Infinite Blades+1","Dagger Spray","Flying Knee","Infinite Blades+1","Backflip","Escape Plan","Backflip","A Thousand Cuts","Endless Agony","Escape Plan","Burst","Predator","Blade Dance"],"relics":["Black Star","Sundial","MealTicket","Bag of Preparation","The Courier","WristBlade","PrismaticShard"],"acts_visited":["Exordium","TheCity"],"potions_floor_usage":[5,5,13,14,16],"damage_taken":[{"damage":5,"enemies":"Cultist","floor":1,"turns":6},{"damage":1,"enemies":"Small Slimes","floor":2,"turns":6},{"damage":3,"enemies":"Jaw Worm","floor":3,"turns":7},{"damage":3,"enemies":"Exordium Wildlife","floor":4,"turns":10},{"damage":11,"enemies":"Exordium Thugs","floor":5,"turns":6},{"damage":27,"enemies":"3 Sentries","floor":7,"turns":8},{"damage":0,"enemies":"3 Louse","floor":13,"turns":5},{"damage":5,"enemies":"Lagavulin","floor":14,"turns":7},{"damage":21,"enemies":"Slime Boss","floor":16,"turns":13},{"damage":22,"enemies":"Shell Parasite","floor":18,"turns":6},{"damage":8,"enemies":"Chosen","floor":19,"turns":4},{"damage":14,"enemies":"Shelled Parasite and Fungi","floor":22,"turns":4},{"damage":54,"enemies":"Slavers","floor":24,"turns":4}],"seed_played":"4524432514094694234","potions_obtained":[{"floor":2,"key":"Fire Potion"},{"floor":3,"key":"DistilledChaos"},{"floor":7,"key":"Block Potion"},{"floor":13,"key":"SpeedPotion"},{"floor":14,"key":"DistilledChaos"},{"floor":19,"key":"Ancient Potion"}],"is_trial":false,"path_per_floor":["M","M","M","M","M","R","E","R","T","$","?","R","M","E","R","B",null,"M","M","?","$","M","R","E"],"character_chosen":"THE_SILENT","items_purchased":["Infinite Blades","Backflip","Escape Plan","Blade Dance","PrismaticShard"],"campfire_rested":2,"item_purchase_floors":[10,10,10,21,21],"current_hp_per_floor":[58,57,54,51,40,40,13,34,34,49,42,42,42,37,37,16,57,35,27,27,42,28,49,0,0],"gold":54,"neow_bonus":"BOSS_RELIC","is_daily":false,"chose_seed":false,"campfire_upgraded":2,"win_rate":0.0,"timestamp":1613893952,"path_taken":["M","M","?","M","M","R","E","R","T","$","?","R","M","E","R","BOSS","M","M","?","$","M","R","E"],"items_purchased_type":["Card","Card","Card","Card","Relic"],"build_version":"2020-12-22","purchased_purges":1,"victory":false,"max_hp_per_floor":[70,70,70,70,70,70,70,70,70,70,70,70,70,70,70,70,70,70,70,70,70,70,70,70,70],"card_choices":[{"not_picked":["Dodge and Roll","Accuracy"],"picked":"Blur","floor":1},{"not_picked":["Concentrate","Dagger Throw"],"picked":"Escape Plan","floor":2},{"not_picked":["Accuracy","Outmaneuver"],"picked":"Backflip","floor":3},{"not_picked":["Underhanded Strike","All Out Attack"],"picked":"Infinite Blades","floor":4},{"not_picked":["PiercingWail","Distraction"],"picked":"Dagger Spray","floor":5},{"not_picked":["Deadly Poison","Dagger Spray"],"picked":"Flying Knee","floor":7},{"not_picked":["Envenom","Catalyst","Underhanded Strike"],"picked":"SKIP","floor":13},{"not_picked":["Poisoned Stab","Deflect"],"picked":"Backflip","floor":14},{"not_picked":["Glass Knife","Malaise"],"picked":"A Thousand Cuts","floor":16},{"not_picked":["Heel Hook+1","Distraction+1"],"picked":"Endless Agony","floor":18},{"not_picked":["PiercingWail","Deadly Poison+1"],"picked":"Escape Plan","floor":19},{"not_picked":["Bane","Catalyst","Thunderclap"],"picked":"SKIP","floor":22}],"player_experience":590949,"relics_obtained":[{"floor":7,"key":"Sundial"},{"floor":7,"key":"MealTicket"},{"floor":14,"key":"Bag of Preparation"},{"floor":14,"key":"The Courier"}],"event_choices":[{"cards_removed":["Strike_G"],"damage_healed":0,"gold_gain":0,"player_choice":"Card Removal","damage_taken":7,"max_hp_gain":0,"max_hp_loss":0,"event_name":"Golden Wing","floor":11,"gold_loss":0},{"damage_healed":0,"gold_gain":0,"cards_transformed":["Strike_G","Strike_G"],"player_choice":"Became Test Subject","damage_taken":0,"max_hp_gain":0,"max_hp_loss":0,"event_name":"Drug Dealer","floor":20,"gold_loss":0,"cards_obtained":["Burst","Predator"]}],"is_beta":false,"boss_relics":[{"not_picked":["SlaversCollar","Runic Dome"],"picked":"WristBlade"}],"items_purged_floors":[10],"is_endless":false,"potions_floor_spawned":[2,3,7,13,14,19],"killed_by":"Slavers","ascension_level":7}}