{"host":"u3zo1cwmbm4bzycn","time":1613934580,"event":{"mods":["AchievementEnabler","BaseMod","Colored Map","Minty Spire (QoL Compilation)","Permanent Neow","SuperFastMode"],"gold_per_floor":[19,34,34,55,55,91,116,192,218,241,23,23,62,32,32,155,155,170,170,170,193,217,232,232,273,273,298,323,323,341,356,356,356,356],"floor_reached":33,"language":"KOR","playtime":1096,"items_purged":[],"score":432,"play_id":"125493a1-d95d-4f96-9671-fb745b36dcea","local_time":"20210222040940","is_ascension_mode":true,"campfire_choices":[{"floor":15,"key":"REST"},{"floor":24,"key":"REST"},{"floor":29,"key":"REST"},{"floor":32,"key":"REST"}],"circlet_count":0,"master_deck":["AscendersBane","Strike_G","Strike_G","Strike_G","Defend_G","Defend_G","Survivor","Neutralize","Sucker Punch","Terror","Blade Dance","Blade Dance","Deadly Poison","Bane","Blade Dance+1","Master of Strategy+1","Prepared+1","Corpse Explosion+1","Leg Sweep+1","Blur+1","Footwork+1","Phantasmal Killer+1","Calculated Gamble+1"],"relics":["Ring of the Snake","Golden Idol","Gambling Chip","Toxic Egg 2","Blood Vial","Pen Nib","Empty Cage","Centennial Puzzle","Vajra","Nunchaku","Pocketwatch"],"acts_visited":["Exordium","TheCity"],"potions_floor_usage":[6,6,6,6,16,16,18,23,23,23,28,28],"damage_taken":[{"damage":1,"enemies":"2 Louse","floor":1,"turns":4},{"damage":1,"enemies":"Jaw Worm","floor":2,"turns":3},{"damage":0,"enemies":"Cultist","floor":4,"turns":4},{"damage":17,"enemies":"3 Sentries","floor":6,"turns":7},{"damage":11,"enemies":"Looter","floor":7,"turns":2},{"damage":9,"enemies":"Blue Slaver","floor":10,"turns":3},{"damage":16,"enemies":"Gremlin Nob","floor":13,"turns":3},{"damage":7,"enemies":"Hexaghost","floor":16,"turns":6},{"damage":22,"enemies":"2 Thieves","floor":18,"turns":2},{"damage":19,"enemies":"Spheric Guardian","floor":21,"turns":7},{"damage":5,"enemies":"Snake Plant","floor":23,"turns":4},{"damage":33,"enemies":"Book of Stabbing","floor":25,"turns":6},{"damage":5,"enemies":"Shelled Parasite and Fungi","floor":27,"turns":3},{"damage":0,"enemies":"Centurion and Healer","floor":28,"turns":4},{"damage":1,"enemies":"Chosen and Byrds","floor":30,"turns":4},{"damage":22,"enemies":"Snake Plant","floor":31,"turns":4},{"damage":43,"enemies":"Champ","floor":33,"turns":7}],"seed_played":"437726854410219336","potions_obtained":[{"floor":1,"key":"EntropicBrew"},{"floor":4,"key":"Fire Potion"},{"floor":14,"key":"Strength Potion"},{"floor":14,"key":"Block Potion"},{"floor":16,"key":"AttackPotion"},{"floor":21,"key":"EntropicBrew"},{"floor":23,"key":"FearPotion"},{"floor":25,"key":"GamblersBrew"}],"is_trial":false,"path_per_floor":["M","M","?","M","?","E","M","T","T","M","$","?","E","?","R","B",null,"M","?","?","M","T","M","R","E","T","M","M","R","M","M","R","B"],"character_chosen":"THE_SILENT","items_purchased":["Blade Dance+1","Master of Strategy+1"],"campfire_rested":4,"item_purchase_floors":[11,11],"current_hp_per_floor":[62,61,61,61,61,44,33,33,33,26,26,19,5,5,26,21,58,38,38,38,21,21,18,39,8,8,5,7,28,29,9,30,0,0],"gold":356,"neow_bonus":"REMOVE_TWO","is_daily":false,"chose_seed":false,"campfire_upgraded":0,"win_rate":0.0,"timestamp":1613934580,"path_taken":["M","M","?","M","?","E","M","?","T","M","?","?","E","?","R","BOSS","M","?","?","M","?","M","R","E","T","M","?","R","M","M","R","BOSS"],"items_purchased_type":["Card","Card"],"build_version":"2020-12-22","purchased_purges":0,"victory":false,"max_hp_per_floor":[70,70,70,70,70,70,70,70,70,70,70,70,70,70,70,70,70,70,70,70,70,70,70,70,70,70,70,70,70,70,70,70,70,70],"card_choices":[{"not_picked":["Acrobatics","Expertise"],"picked":"Sucker Punch","floor":1},{"not_picked":["Sucker Punch","Distraction"],"picked":"Terror","floor":2},{"not_picked":["Outmaneuver","Prepared"],"picked":"Blade Dance","floor":4},{"not_picked":["Grand Finale","Concentrate"],"picked":"Blade Dance","floor":6},{"not_picked":["Outmaneuver","Well Laid Plans"],"picked":"Deadly Poison","floor":7},{"not_picked":["Outmaneuver+1","Poisoned Stab"],"picked":"Bane","floor":10},{"not_picked":["Heel Hook","Dagger Spray"],"picked":"Prepared+1","floor":13},{"not_picked":["Storm of Steel+1","Bullet Time+1"],"picked":"Corpse Explosion+1","floor":16},{"not_picked":["Eviscerate","Flying Knee+1"],"picked":"Leg Sweep+1","floor":18},{"not_picked":["Poisoned Stab","Backflip+1"],"picked":"Blur+1","floor":21},{"not_picked":["Heel Hook","Underhanded Strike"],"picked":"Footwork+1","floor":23},{"not_picked":["Backflip+1","Poisoned Stab+1"],"picked":"Phantasmal Killer+1","floor":25},{"not_picked":["Bane+1","Caltrops","Masterful Stab"],"picked":"SKIP","floor":27},{"not_picked":["Poisoned Stab","Bane"],"picked":"Calculated Gamble+1","floor":28},{"not_picked":["Sucker Punch","Skewer","Poisoned Stab"],"picked":"SKIP","floor":30},{"not_picked":["Underhanded Strike+1","Well Laid Plans+1","Bane"],"picked":"SKIP","floor":31}],"player_experience":78199,"relics_obtained":[{"floor":6,"key":"Gambling Chip"},{"floor":8,"key":"Toxic Egg 2"},{"floor":9,"key":"Blood Vial"},{"floor":13,"key":"Pen Nib"},{"floor":22,"key":"Vajra"},{"floor":25,"key":"Nunchaku"},{"floor":26,"key":"Pocketwatch"}],"event_choices":[{"damage_healed":0,"gold_gain":0,"player_choice":"Take Wound","damage_taken":0,"relics_obtained":["Golden Idol"],"max_hp_gain":0,"max_hp_loss":0,"event_name":"Golden Idol","floor":3,"gold_loss":0,"cards_obtained":["Injury"]},{"cards_removed":["Injury"],"damage_healed":0,"gold_gain":0,"player_choice":"Forget","damage_taken":0,"max_hp_gain":0,"max_hp_loss":0,"event_name":"Living Wall","floor":5,"gold_loss":0},{"cards_removed":["Strike_G"],"damage_healed":0,"gold_gain":0,"player_choice":"Card Removal","damage_taken":7,"max_hp_gain":0,"max_hp_loss":0,"event_name":"Golden Wing","floor":12,"gold_loss":0},{"damage_healed":0,"gold_gain":0,"player_choice":"Bought 2 Potions","damage_taken":0,"max_hp_gain":0,"max_hp_loss":0,"event_name":"The Woman in Blue","floor":14,"gold_loss":0},{"damage_healed":0,"gold_gain":0,"player_choice":"Opened","damage_taken":0,"relics_obtained":["Centennial Puzzle"],"max_hp_gain":0,"max_hp_loss":0,"event_name":"The Mausoleum","floor":19,"gold_loss":0,"cards_obtained":["Writhe"]},{"cards_removed":["Writhe"],"damage_healed":0,"gold_gain":0,"player_choice":"Elegance","damage_taken":0,"max_hp_gain":0,"max_hp_loss":0,"event_name":"Back to Basics","floor":20,"gold_loss":0}],"is_beta":false,"boss_relics":[{"not_picked":["HoveringKite","Runic Pyramid"],"picked":"Empty Cage"}],"items_purged_floors":[],"is_endless":false,"potions_floor_spawned":[1,4,16,21,23,25],"killed_by":"Champ","ascension_level":11}}