{"host":"c1h8o8aodufyrxir","time":1613896437,"event":{"mods":["AchievementEnabler","BaseMod","Block Reminder","Downfall","Minty Spire (QoL Compilation)","Rare Cards Sparkle","Relic Stats","StSLib"],"gold_per_floor":[99,110,26,36,36,36,59,59,509,13,38,57,86,186,203,203,203,203],"floor_reached":16,"language":"ENG","playtime":1113,"items_purged":[],"score":98,"play_id":"2d52b70d-5fdf-4b94-bdb5-93cdeab27891","local_time":"20210221013357","is_ascension_mode":false,"campfire_choices":[{"data":"hexamod:Sear","floor":1,"key":"SMITH"},{"data":"hexamod:ForkedFlame","floor":6,"key":"SMITH"}],"circlet_count":0,"master_deck":["hexamod:Strike","hexamod:Strike","hexamod:Strike","hexamod:Strike","hexamod:Defend","hexamod:Defend","hexamod:Defend","hexamod:Defend","hexamod:Sear+1","hexamod:Float","hexamod:FastForward","hexamod:InspiringFlames","hexamod:FourthSeal","hexamod:ForkedFlame+1","hexamod:FastForward","downfall:Icky","downfall:Icky","downfall:Icky","hexamod:Firestarter","hexamod:ThermalTransfer","hexamod:BurningTouch","hexamod:FirstSeal","hexamod:RainOfEmbers","hexamod:BurningTouch"],"relics":["hexamod:SpiritBrand","Calipers","Art of War","StrikeDummy","Potion Belt","Boot","Bag of Marbles"],"acts_visited":["Exordium"],"potions_floor_usage":[10,10,10,16],"damage_taken":[{"damage":5,"enemies":"Small Slimes","floor":2,"turns":4},{"damage":0,"enemies":"downfall:FleeingMerchant","floor":3,"turns":4},{"damage":5,"enemies":"Jaw Worm","floor":4,"turns":5},{"damage":0,"enemies":"Cultist","floor":8,"turns":1},{"damage":0,"enemies":"downfall:FleeingMerchant","floor":10,"turns":4},{"damage":6,"enemies":"Exordium Wildlife","floor":12,"turns":3},{"damage":13,"enemies":"3 Sentries","floor":13,"turns":6},{"damage":2,"enemies":"Blue Slaver","floor":15,"turns":4},{"damage":50,"enemies":"IC_STATUS_ARCHETYPE","floor":16,"turns":8}],"seed_played":"6160399655668233374","potions_obtained":[{"floor":4,"key":"EntropicBrew"},{"floor":10,"key":"PowerPotion"},{"floor":12,"key":"FearPotion"},{"floor":12,"key":"SteroidPotion"},{"floor":13,"key":"sneckomod:MuddlingPotion"},{"floor":15,"key":"bronze:BurnAndBuffPotion"}],"is_trial":false,"path_per_floor":["R","M","$","M","?","R","T","M","?","$","T","M","E","?","M","B"],"character_chosen":"THE_SPIRIT","items_purchased":["hexamod:FourthSeal","hexamod:ThermalTransfer","hexamod:BurningTouch","StrikeDummy","Potion Belt"],"campfire_rested":0,"item_purchase_floors":[3,10,10,10,10],"current_hp_per_floor":[63,58,58,53,53,53,53,53,53,53,53,47,41,41,46,0,0,0],"gold":203,"neow_bonus":"ONE_RARE_RELIC","is_daily":false,"chose_seed":false,"campfire_upgraded":2,"win_rate":0.0,"timestamp":1613896437,"path_taken":["R","M","$","M","?","R","T","M","?","?","?","?","E","?","M","BOSS"],"items_purchased_type":["Card","Card","Card","Relic","Relic"],"build_version":"2020-12-22","purchased_purges":0,"victory":false,"max_hp_per_floor":[63,63,63,63,63,63,63,63,63,63,63,63,63,63,63,63,63,63],"relic_stats":{"counters":[9,39],"Art of War":[5],"Boot":[1],"obtain_stats":[{"Potion Belt":10,"Calipers":0,"downfall:BrokenWingStatue":5,"Art of War":7,"Bag of Marbles":13,"StrikeDummy":10,"Boot":11,"hexamod:SpiritBrand":0},{"Potion Belt":5,"Calipers":0,"downfall:BrokenWingStatue":3,"Art of War":3,"Bag of Marbles":7,"StrikeDummy":5,"Boot":5,"hexamod:SpiritBrand":0},{"Potion Belt":18,"Calipers":0,"downfall:BrokenWingStatue":13,"Art of War":13,"Bag of Marbles":27,"StrikeDummy":18,"Boot":18,"hexamod:SpiritBrand":0}]},"card_choices":[{"not_picked":["hexamod:BurningTouch","hexamod:NightmareGuise"],"picked":"hexamod:FastForward","floor":2},{"not_picked":["hexamod:ExtraCrispy","hexamod:SwordOfDarkness"],"picked":"hexamod:InspiringFlames","floor":3},{"not_picked":["hexamod:ShieldOfDarkness","hexamod:PhantomCloak"],"picked":"hexamod:ForkedFlame","floor":4},{"not_picked":["hexamod:GhostShield","hexamod:Hexaguard"],"picked":"hexamod:FastForward","floor":8},{"not_picked":["hexamod:GhostShield","hexamod:GhostOfSpireFuture"],"picked":"hexamod:Firestarter","floor":10},{"not_picked":["hexamod:HeatShield","hexamod:InspiringFlames"],"picked":"hexamod:FirstSeal","floor":12},{"not_picked":["hexamod:HeatMetal","hexamod:NightmareGuise"],"picked":"hexamod:RainOfEmbers","floor":13},{"not_picked":["hexamod:Hexaguard","hexamod:NightmareGuise"],"picked":"hexamod:BurningTouch","floor":15}],"player_experience":180541,"relics_obtained":[{"floor":7,"key":"Art of War"},{"floor":11,"key":"Boot"},{"floor":13,"key":"Bag of Marbles"}],"event_choices":[],"is_beta":false,"boss_relics":[],"items_purged_floors":[],"is_endless":false,"potions_floor_spawned":[12,13,15],"killed_by":"IC_STATUS_ARCHETYPE","ascension_level":0}}