{"host":"aaqofma31c3gm2hj","time":1613877292,"event":{"mods":["BaseMod","GungeonMod","Minty Spire (QoL Compilation)","Replay The Spire","Spicy Shops","StSLib"],"gold_per_floor":[412,424,424,442,468,507,543,582,359,359,396,396,450,513,572,572,596,641,699,745,745,779,846,899,911,923,1051,1063,1117,1169,1226,1282,1326,1377,1411,1478,1534,1607,1669,1735,579,579,579,641,685,750,789,858,914,488,555,578,578,578,694,694,747,810,518,582,633,761,818,873,957,1004,1043,1043,1134,1134,1179,1244,1267,270,323,352,411,504,550,550,686,834,834,876,934,79,147,227,299,376,424,424,507,531,531,567,609,684,731,771,792,792],"floor_reached":101,"language":"ZHS","playtime":3710,"items_purged":["Flame Barrier","Blood for Blood+1","Combust+1","Second Wind","Intimidate"],"score":4891,"play_id":"55ccfab7-f968-4191-9cfc-905bbea16c47","local_time":"20210221111452","daily_mods":["SealedDeck","Vintage","Heirloom","Flight"],"is_ascension_mode":true,"campfire_choices":[{"data":"Armaments","floor":10.0,"key":"SMITH"},{"data":"Inflame","floor":12.0,"key":"SMITH"},{"data":"Rupture","floor":21.0,"key":"SMITH"},{"data":"Sword Boomerang","floor":25.0,"key":"SMITH"},{"data":"Sword Boomerang","floor":26.0,"key":"SMITH"},{"data":"Dark Embrace","floor":53.0,"key":"SMITH"},{"floor":54.0,"key":"DIG"}],"circlet_count":0,"master_deck":["AscendersBane","Sentinel","Replay:Undeath\u0027s Touch+1","Sword Boomerang+1","Shrug It Off+1","Bloodletting+1","Sword Boomerang+1","Inflame+1","Armaments+1","Rupture+1","Pommel Strike+1","Shrug It Off+1","Impervious+1","Pommel Strike+1","Dark Embrace+1","Corruption+1","Whirlwind+1","Reaper+1","Offering+1","True Grit","Skim","Scrawl+1","Limit Break+1"],"relics":["Burning Blood","replay:Trail_Library","Old Coin","Omamori","Unceasing Top","Replay:Bandana","Replay:Bottled Flurry","DemoMod:Relodestone","Replay:Ringing Soul","Bag of Preparation","Lantern","ReplayTheSpireMod:CursedCoin","DemoMod:LamentConfigurum","Ancient Tea Set","Ornamental Fan","DemoMod:RingOfEthereal","Art of War","Tiny Chest","Molten Egg 2","Replay:Rubber Ducky","InkBottle","DemoMod:Metronome","Vajra","MawBank","Golden Egg","Snack Pack","Pear","DemoMod:RiddleOfLead","Anchor","Bag of Marbles","Darkstone Periapt","Thread and Needle","DemoMod:PoisonVial","DemoMod:GlassGuonStoneRelic","DemoMod:ResourcefulSack","Bottled Flame","Chameleon Ring","Onion Ring","Gremlin Horn","White Beast Statue","Replay:Accelerometer","DemoMod:MeltedRock","Medical Kit","ReplayTheSpireMod:Ninjato","Guide Book","War Paint","Mummified Hand","Mirror","DemoMod:Bottle","Garlic","Regal Pillow","Dream Catcher","Whetstone","Replay:Kaleidoscope","DemoMod:PartiallyEatenCheese","DemoMod:PinkGuonStone","Another Sword","Potion Belt","DemoMod:SuperHotWatch","Singing Bowl","DemoMod:DecoyRelic","Bird Faced Urn","Replay:Grab Bag","Philosopher\u0027s Stone","Fusion Hammer","Runic Pyramid","Replay:WaspNest","Replay:Towering Pillar of Hats","PrismaticShard","DemoMod:MonsterBlood","Blood Vial","ReplayTheSpireMod:Lightbulb","PreservedInsect","DemoMod:VorpalBullet","Kunai","Question Card","Iron Hammer","Mercury Hourglass","Pet Ghost","Gremlin Food","ReplayTheSpireMod:TigerMarble","ReplayTheSpireMod:Spearhead","Prayer Wheel","Letter Opener","ClockworkSouvenir","DemoMod:SerJunkan","Sundial","Lee\u0027s Waffle","DemoMod:Junk","Pen Nib","Ice Cream","DemoMod:BigBoy","Runic Cube","Happy Flower","Calipers","Chemical X","DemoMod:ClearGuonStone","Replay:Bottled Eggs","Boot","DemoMod:MemoryAlloy"],"acts_visited":["Exordium","TheCity","TheBeyond","Exordium"],"potions_floor_usage":[],"damage_taken":[{"damage":4.0,"enemies":"Cultist","floor":1.0,"turns":3.0},{"damage":10.0,"enemies":"Jaw Worm","floor":2.0,"turns":3.0},{"damage":11.0,"enemies":"Small Slimes","floor":4.0,"turns":3.0},{"damage":5.0,"enemies":"2 Fungi Beasts","floor":5.0,"turns":3.0},{"damage":12.0,"enemies":"3 Louse","floor":6.0,"turns":3.0},{"damage":8.0,"enemies":"Gremlin Gang","floor":7.0,"turns":3.0},{"damage":3.0,"enemies":"Looter","floor":8.0,"turns":3.0},{"damage":7.0,"enemies":"Lagavulin","floor":11.0,"turns":6.0},{"damage":9.0,"enemies":"Gremlin Nob","floor":13.0,"turns":3.0},{"damage":10.0,"enemies":"Replay:BlueRogue","floor":14.0,"turns":4.0},{"damage":13.0,"enemies":"Gremlin Nob","floor":15.0,"turns":3.0},{"damage":6.0,"enemies":"Replay:BlueRogue","floor":18.0,"turns":4.0},{"damage":3.0,"enemies":"Gremlin Nob","floor":19.0,"turns":3.0},{"damage":6.0,"enemies":"Lots of Slimes","floor":20.0,"turns":4.0},{"damage":1.0,"enemies":"Exordium Wildlife","floor":22.0,"turns":2.0},{"damage":4.0,"enemies":"Lagavulin","floor":23.0,"turns":4.0},{"damage":6.0,"enemies":"Gremlin Gang","floor":24.0,"turns":4.0},{"damage":27.0,"enemies":"Fading Forest","floor":27.0,"turns":7.0},{"damage":5.0,"enemies":"Chosen","floor":29.0,"turns":4.0},{"damage":3.0,"enemies":"2 Thieves","floor":30.0,"turns":2.0},{"damage":9.0,"enemies":"3 Cultists","floor":31.0,"turns":3.0},{"damage":20.0,"enemies":"Snecko","floor":32.0,"turns":5.0},{"damage":0.0,"enemies":"Centurion and Healer","floor":33.0,"turns":2.0},{"damage":5.0,"enemies":"Shelled Parasite and Fungi","floor":34.0,"turns":3.0},{"damage":3.0,"enemies":"Snecko","floor":35.0,"turns":1.0},{"damage":5.0,"enemies":"Replay:Snechameleon","floor":36.0,"turns":3.0},{"damage":6.0,"enemies":"Centurion and Healer","floor":37.0,"turns":4.0},{"damage":4.0,"enemies":"Slavers","floor":38.0,"turns":2.0},{"damage":4.0,"enemies":"Sentry and Sphere","floor":39.0,"turns":3.0},{"damage":4.0,"enemies":"Snecko","floor":40.0,"turns":2.0},{"damage":0.0,"enemies":"Gremlin Leader","floor":44.0,"turns":1.0},{"damage":3.0,"enemies":"Chosen and Byrds","floor":45.0,"turns":1.0},{"damage":3.0,"enemies":"Replay:Snechameleon","floor":46.0,"turns":2.0},{"damage":3.0,"enemies":"Shelled Parasite and Fungi","floor":47.0,"turns":1.0},{"damage":4.0,"enemies":"Book of Stabbing","floor":48.0,"turns":3.0},{"damage":0.0,"enemies":"Slavers","floor":49.0,"turns":1.0},{"damage":3.0,"enemies":"Gremlin Leader","floor":51.0,"turns":1.0},{"damage":3.0,"enemies":"Snake Plant","floor":52.0,"turns":1.0},{"damage":3.0,"enemies":"Collector","floor":55.0,"turns":1.0},{"damage":0.0,"enemies":"Orb Walker","floor":57.0,"turns":1.0},{"damage":0.0,"enemies":"3 Shapes","floor":58.0,"turns":1.0},{"damage":9.0,"enemies":"Maw","floor":60.0,"turns":1.0},{"damage":9.0,"enemies":"Sphere and 2 Shapes","floor":61.0,"turns":1.0},{"damage":9.0,"enemies":"Transient","floor":62.0,"turns":1.0},{"damage":3.0,"enemies":"3 Darklings","floor":63.0,"turns":1.0},{"damage":6.0,"enemies":"4 Shapes","floor":64.0,"turns":1.0},{"damage":0.0,"enemies":"Transient","floor":65.0,"turns":1.0},{"damage":0.0,"enemies":"R_Hoarder","floor":66.0,"turns":1.0},{"damage":0.0,"enemies":"Reptomancer","floor":67.0,"turns":1.0},{"damage":6.0,"enemies":"R_Hoarder","floor":69.0,"turns":1.0},{"damage":1.0,"enemies":"Reptomancer","floor":72.0,"turns":1.0},{"damage":0.0,"enemies":"Spire Growth","floor":73.0,"turns":1.0},{"damage":6.0,"enemies":"3 Darklings","floor":75.0,"turns":1.0},{"damage":0.0,"enemies":"R_Hoarder","floor":76.0,"turns":1.0},{"damage":6.0,"enemies":"Writhing Mass","floor":77.0,"turns":1.0},{"damage":3.0,"enemies":"Giant Head","floor":78.0,"turns":1.0},{"damage":3.0,"enemies":"4 Shapes","floor":79.0,"turns":1.0},{"damage":6.0,"enemies":"Time Eater","floor":81.0,"turns":2.0},{"damage":3.0,"enemies":"Donu and Deca","floor":82.0,"turns":1.0},{"damage":0.0,"enemies":"2 Louse","floor":84.0,"turns":1.0},{"damage":9.0,"enemies":"Small Slimes","floor":85.0,"turns":1.0},{"damage":6.0,"enemies":"Cultist","floor":87.0,"turns":1.0},{"damage":0.0,"enemies":"Exordium Wildlife","floor":88.0,"turns":1.0},{"damage":6.0,"enemies":"3 Louse","floor":89.0,"turns":1.0},{"damage":0.0,"enemies":"Exordium Thugs","floor":90.0,"turns":1.0},{"damage":3.0,"enemies":"Lagavulin","floor":91.0,"turns":1.0},{"damage":0,"enemies":"Gremlin Gang","floor":93,"turns":1},{"damage":0,"enemies":"Lots of Slimes","floor":94,"turns":1},{"damage":0,"enemies":"Lagavulin","floor":96,"turns":1},{"damage":0,"enemies":"Gremlin Nob","floor":97,"turns":1},{"damage":0,"enemies":"3 Sentries","floor":99,"turns":1},{"damage":0,"enemies":"Gremlin Nob","floor":100,"turns":1},{"damage":0,"enemies":"Looter","floor":101,"turns":1}],"seed_played":"4819109747295374242","potions_obtained":[{"floor":4.0,"key":"LifebloodPotion"},{"floor":5.0,"key":"Dexterity Potion"},{"floor":7.0,"key":"SteroidPotion"},{"floor":14.0,"key":"Adrenaline Potion"},{"floor":23.0,"key":"EntropicBrew"},{"floor":27.0,"key":"DemoMod:BlankPotion"},{"floor":32.0,"key":"ColorlessPotion"},{"floor":39.0,"key":"DemoMod:LeadSkinPotion"},{"floor":44.0,"key":"ColorlessPotion"},{"floor":45.0,"key":"DuplicationPotion"},{"floor":48.0,"key":"PowerPotion"},{"floor":51.0,"key":"SteroidPotion"},{"floor":52.0,"key":"Fruit Juice"},{"floor":55.0,"key":"Adrenaline Potion"},{"floor":57.0,"key":"Elixir"},{"floor":66.0,"key":"Adrenaline Potion"},{"floor":80.0,"key":"DistilledChaos"},{"floor":94,"key":"EntropicBrew"}],"is_trial":true,"path_per_floor":["M","M","?","M","M","M","M","M","$","R","E","R","E","E","E","T","T","E","E","M","R","M","E","M","R","R","B",null,"M","M","M","M","M","M","M","E","M","E","M","M","$","T","T","E","M","E","M","E","E","$","E","M","R","R","B",null,"M","M","$","M","M","M","M","M","M","E","E","R","E","T","T","E","M","$","M","E","M","E","M","R","B","B",null,"M","M","$","M","M","M","M","E","E","M","M","R","E","E","?","E","E","M"],"character_chosen":"IRONCLAD","items_purchased":["Lantern","Inflame","Armaments","ReplayTheSpireMod:CursedCoin","DemoMod:LamentConfigurum","Medical Kit","ReplayTheSpireMod:Ninjato","Guide Book","War Paint","Mummified Hand","Pommel Strike+1","Another Sword","Potion Belt","PrismaticShard","Letter Opener","ClockworkSouvenir","DemoMod:SerJunkan","Sundial","Lee\u0027s Waffle","Calipers","Chemical X","DemoMod:ClearGuonStone"],"campfire_rested":0,"item_purchase_floors":[9,9,9,9,9,41,41,41,41,41,41,50,50,59,74,74,74,74,74,86,86,86],"current_hp_per_floor":[70,66,71,66,67,61,59,62,65,65,64,64,61,57,53,53,56,56,59,59,62,67,69,69,69,69,81,115,115,115,114,100,108,111,115,115,115,115,115,115,118,118,121,121,121,124,124,127,137,137,137,137,137,137,147,147,147,147,147,154,154,154,154,154,154,156,158,158,160,160,163,165,165,172,172,175,175,177,177,177,180,182,182,182,182,182,182,182,182,182,184,184,184,184,184,186,189,178,190,193,193,193],"gold":792,"neow_bonus":"","is_daily":false,"chose_seed":false,"campfire_upgraded":6,"win_rate":0.0,"timestamp":1613877292,"path_taken":["M","M","?","M","M","M","M","M","$","R","E","R","E","E","E","T","T","E","E","M","R","M","E","M","R","R","BOSS","M","M","M","M","M","M","M","E","M","E","M","M","$","T","T","E","M","E","M","E","E","$","E","M","R","R","BOSS","M","M","$","M","M","M","M","M","M","E","E","R","E","T","T","E","M","$","M","E","M","E","M","R","BOSS","BOSS","M","M","$","M","M","M","M","E","E","M","M","R","E","E","?","E","E","M"],"items_purchased_type":["Relic","Card","Card","Relic","Relic","Relic","Relic","Relic","Relic","Relic","Card","Relic","Relic","Relic","Relic","Relic","Relic","Relic","Relic","Relic","Relic","Relic"],"build_version":"2020-12-22","purchased_purges":5,"victory":false,"max_hp_per_floor":[75,75,80,80,80,80,80,80,83,83,83,83,83,83,86,86,89,89,89,89,92,92,92,92,92,92,105,115,115,115,115,115,115,115,115,115,115,115,115,115,118,118,121,121,121,124,124,127,137,137,137,137,137,137,147,147,147,147,147,154,154,154,154,154,154,156,158,158,160,160,163,165,165,172,172,175,175,177,177,177,180,182,182,182,182,182,182,182,182,182,184,184,184,184,184,186,189,189,191,193,193,193],"card_choices":[{"not_picked":["ReplayTheSpireMod:Strike From Hell","Sever Soul","Life Link"],"picked":"SKIP","floor":11.0},{"not_picked":["Rage","ReplayTheSpireMod:Limb From Limb","Rampage"],"picked":"SKIP","floor":13.0},{"not_picked":["Bloodletting","Hemokinesis","Clothesline"],"picked":"SKIP","floor":14.0},{"not_picked":["Entrench","Blood for Blood"],"picked":"Rupture","floor":15.0},{"not_picked":["DemoMod:BlackBlade+1","Ghostly Armor","Thunderclap+1"],"picked":"SKIP","floor":18.0},{"not_picked":["Defy Death","Clothesline+1","Combust"],"picked":"SKIP","floor":19.0},{"not_picked":["Twin Strike+1","Flex","DemoMod:BlackBlade+1"],"picked":"SKIP","floor":23.0},{"not_picked":["Double Tap","Berserk"],"picked":"Impervious","floor":27.0},{"not_picked":["Shrug It Off","DemoMod:WhiteBlade+1","Combust"],"picked":"SKIP","floor":36.0},{"not_picked":["Heavy Blade+1","Impervious","Cleave+1"],"picked":"SKIP","floor":38.0},{"not_picked":["Bloodletting","Flex","ReplayReversal"],"picked":"SKIP","floor":44.0},{"not_picked":["Uppercut+1","Rupture"],"picked":"Corruption","floor":46.0},{"not_picked":["Carnage+1","Pummel+1"],"picked":"Whirlwind+1","floor":48.0},{"not_picked":["Sword Boomerang+1","Shrug It Off"],"picked":"Reaper+1","floor":49.0},{"not_picked":["Cleave+1","Dropkick+1","Reckless Charge+1"],"picked":"SKIP","floor":51.0},{"not_picked":["Reaper+1","Immolate+1"],"picked":"Offering","floor":55.0},{"not_picked":["Flying Knee+1","Heavy Blade+1","Turbo","Lockon+1"],"picked":"Singing Bowl","floor":66.0},{"not_picked":["DemoMod:FeignSurrender","Blur","WheelKick+1","Combust"],"picked":"Singing Bowl","floor":67.0},{"not_picked":["Bane+1","DemoMod:HardPowerCard","Night Terror","DemoMod:PotionOfGunFriendShip"],"picked":"Singing Bowl","floor":69.0},{"not_picked":["Cold Snap+1","ReplayReversal","Steam+1","Gash+1"],"picked":"Singing Bowl","floor":72.0},{"not_picked":["Infernal Blade","Conserve Battery","Consecrate+1"],"picked":"Skim","floor":76.0},{"not_picked":["BootSequence","Replay:AtTheReady","DemoMod:SAA+1","Clash+1"],"picked":"Singing Bowl","floor":78.0},{"not_picked":["Juggernaut","DemoMod:BSG+1","ReplayTheSpireMod:Brewmster"],"picked":"Scrawl","floor":81.0},{"not_picked":["Creative AI","LessonLearned+1","Fiend Fire+1","Seek"],"picked":"Singing Bowl","floor":82.0},{"not_picked":["Panacea","Poisoned Stab+1","Coolheaded","Heavy Blade+1"],"picked":"Singing Bowl","floor":91.0},{"not_picked":["Buffer","Halt","DemoMod:AC15+1","Infernal Blade"],"picked":"Singing Bowl","floor":96},{"not_picked":["WheelKick+1","Predator+1","Beam Cell+1"],"picked":"Limit Break","floor":97},{"not_picked":["Pummel+1","True Grit","DemoMod:SkilledReload","Clothesline+1"],"picked":"Singing Bowl","floor":99},{"not_picked":["PathToVictory","Crescendo","Defy Death","Sweeping Beam+1"],"picked":"Singing Bowl","floor":100}],"player_experience":686984,"relics_obtained":[{"floor":1.0,"key":"Omamori"},{"floor":2.0,"key":"Unceasing Top"},{"floor":4.0,"key":"Replay:Bandana"},{"floor":5.0,"key":"Replay:Bottled Flurry"},{"floor":6.0,"key":"DemoMod:Relodestone"},{"floor":7.0,"key":"Replay:Ringing Soul"},{"floor":8.0,"key":"Bag of Preparation"},{"floor":11.0,"key":"Ancient Tea Set"},{"floor":13.0,"key":"Ornamental Fan"},{"floor":14.0,"key":"Art of War"},{"floor":15.0,"key":"Tiny Chest"},{"floor":16.0,"key":"Molten Egg 2"},{"floor":17.0,"key":"Replay:Rubber Ducky"},{"floor":18.0,"key":"InkBottle"},{"floor":19.0,"key":"DemoMod:Metronome"},{"floor":20.0,"key":"Vajra"},{"floor":22.0,"key":"MawBank"},{"floor":23.0,"key":"Golden Egg"},{"floor":24.0,"key":"Snack Pack"},{"floor":29.0,"key":"Anchor"},{"floor":30.0,"key":"Bag of Marbles"},{"floor":31.0,"key":"Darkstone Periapt"},{"floor":32.0,"key":"Thread and Needle"},{"floor":33.0,"key":"DemoMod:PoisonVial"},{"floor":34.0,"key":"DemoMod:ResourcefulSack"},{"floor":35.0,"key":"Bottled Flame"},{"floor":36.0,"key":"Onion Ring"},{"floor":37.0,"key":"Gremlin Horn"},{"floor":38.0,"key":"White Beast Statue"},{"floor":39.0,"key":"Replay:Accelerometer"},{"floor":40.0,"key":"DemoMod:MeltedRock"},{"floor":42.0,"key":"Mirror"},{"floor":43.0,"key":"DemoMod:Bottle"},{"floor":44.0,"key":"Regal Pillow"},{"floor":45.0,"key":"Dream Catcher"},{"floor":46.0,"key":"Whetstone"},{"floor":47.0,"key":"Replay:Kaleidoscope"},{"floor":48.0,"key":"DemoMod:PartiallyEatenCheese"},{"floor":49.0,"key":"DemoMod:PinkGuonStone"},{"floor":51.0,"key":"DemoMod:SuperHotWatch"},{"floor":52.0,"key":"Singing Bowl"},{"floor":54.0,"key":"DemoMod:DecoyRelic"},{"floor":57.0,"key":"Replay:WaspNest"},{"floor":58.0,"key":"Replay:Towering Pillar of Hats"},{"floor":60.0,"key":"DemoMod:MonsterBlood"},{"floor":61.0,"key":"Blood Vial"},{"floor":62.0,"key":"ReplayTheSpireMod:Lightbulb"},{"floor":63.0,"key":"PreservedInsect"},{"floor":64.0,"key":"Kunai"},{"floor":65.0,"key":"Question Card"},{"floor":66.0,"key":"Iron Hammer"},{"floor":67.0,"key":"Mercury Hourglass"},{"floor":69.0,"key":"Pet Ghost"},{"floor":70.0,"key":"Gremlin Food"},{"floor":71.0,"key":"ReplayTheSpireMod:TigerMarble"},{"floor":72.0,"key":"ReplayTheSpireMod:Spearhead"},{"floor":73.0,"key":"Prayer Wheel"},{"floor":75.0,"key":"DemoMod:Junk"},{"floor":76.0,"key":"Pen Nib"},{"floor":77.0,"key":"DemoMod:Junk"},{"floor":78.0,"key":"DemoMod:Junk"},{"floor":79.0,"key":"Ice Cream"},{"floor":84.0,"key":"DemoMod:Junk"},{"floor":85.0,"key":"Happy Flower"},{"floor":87.0,"key":"DemoMod:Junk"},{"floor":88.0,"key":"DemoMod:Junk"},{"floor":89.0,"key":"DemoMod:Junk"},{"floor":90.0,"key":"DemoMod:Junk"},{"floor":93,"key":"Boot"},{"floor":94,"key":"DemoMod:Junk"},{"floor":101,"key":"DemoMod:MemoryAlloy"}],"event_choices":[{"damage_healed":0.0,"max_hp_gain":5.0,"max_hp_loss":0.0,"gold_gain":0.0,"event_name":"Big Fish","player_choice":"Donut","floor":3.0,"gold_loss":0.0,"damage_taken":0.0},{"damage_healed":0,"gold_gain":75,"player_choice":"Gather Gold","damage_taken":11,"max_hp_gain":0,"max_hp_loss":0,"event_name":"World of Goop","floor":98,"gold_loss":0}],"is_beta":false,"boss_relics":[{"not_picked":["Coffee Dripper","Velvet Choker"],"picked":"DemoMod:RiddleOfLead"},{"not_picked":["Black Blood","Honey Jar"],"picked":"Replay:Grab Bag"},{"not_picked":["Ooze Armor","Runic Dome"],"picked":"Philosopher\u0027s Stone"},{"not_picked":["Busted Crown","SlaversCollar"],"picked":"Fusion Hammer"},{"not_picked":["Astrolabe","Tiny House"],"picked":"Runic Pyramid"},{"not_picked":["Abe\u0027s Treasure","Replay:Wanted Poster"],"picked":"Runic Cube"}],"items_purged_floors":[41,50,59,74,86],"is_endless":true,"potions_floor_spawned":[4,5,6,7,14,15,19,23,27,30,32,33,34,37,39,40,44,45,46,47,48,49,51,52,55,57,58,60,61,62,63,64,65,66,67,69,72,73,75,76,77,78,79,81,82,84,85,87,88,89,90,91,93,94,96,97,99,100,101],"killed_by":"Looter","ascension_level":20}}