{"host":"jrpypersx2nqejuc","time":1613936505,"event":{"mods":["2.2 Compatiblity","AlwaysNeverKeys","BaseMod","Better Sensory Stone","Better Skull","BetterRewards","CapriCore","Card Forge","Colored Map","Colored Powertips","Conspire","Displayed Cursed Tome","Energized Spire","Highlight Path","Infinite Spire","Marked Mod","Minty Spire (QoL Compilation)","Shapeshifter Mod","Shop Mod","StSLib","The Animator","Wandering Minibosses","??????REMEMod"],"gold_per_floor":[141,71,90,90,90,100,176,99,99,135,135,195,296,407,407,579,579,648,648,709,709,769,829,829,933,956,997,1033,359,359,426,426,554,554,593,893,906,941,985,1060,1100,1140,1140,1140,1223,1223,1259,577,577,627,627,627,123,179,179],"floor_reached":56,"language":"ENG","playtime":9067,"items_purged":[],"score":1633,"play_id":"7e9adef9-0bf6-4be4-a542-3192dccb7712","local_time":"20210221114145","is_ascension_mode":false,"campfire_choices":[{"floor":15,"key":"REST"},{"floor":24,"key":"REST"},{"floor":32,"key":"REST"},{"floor":49,"key":"REST"},{"floor":52,"key":"REST"}],"circlet_count":0,"master_deck":["animator:BlackLotus+1","FameAndFortune","Flash of Steel+1","Finesse+1","animator:Defend_Konosuba+1","animator:Defend_GATE+1","animator:Strike_TenSura+1","Insight+1","Master of Strategy+1","Miracle+1","animator:Yusarin+1","StSShapeShifter:WolfsBane+1","StSShapeShifter:FruitBasket+1","StSShapeShifter:UnicornForm+1","StSShapeShifter:BladeOfGrass+1","StSShapeShifter:Sapling+1","StSShapeShifter:Garden+1","StSShapeShifter:MooseForm+1","StSShapeShifter:BladeOfGrass+1","StSShapeShifter:BaskInBloom+1","StSShapeShifter:AdaptiveStrikes+1","StSShapeShifter:BurrBomb+1","StSShapeShifter:AdaptiveStrikes+1","StSShapeShifter:SpiritOfTheEarth+1","StSShapeShifter:PoisonIvy+1","StSShapeShifter:RockSlide+1","StSShapeShifter:Spring+1","Finesse+1","StSShapeShifter:Efflorescence+1","Master of Strategy+1","Impatience+1","StSShapeShifter:Sap_Burst+1","infinitespire:NeuralNetwork+1","StSShapeShifter:VineHandcuffs+1","infinitespire:UltimateForm+1","StSShapeShifter:BurrBomb+1","StSShapeShifter:TopazSkin+1","StSShapeShifter:Ensconce+1","StSShapeShifter:Sapling+1","StSShapeShifter:VineHandcuffs+1","Forethought+1","StSShapeShifter:Sapling+1","StSShapeShifter:Efflorescence+1","StSShapeShifter:BurstingSpore+1"],"relics":["StSShapeShifter:AnimalHeart","StSShapeShifter:TheShapeShiftersMagnolia","Hammer of Thor","Seething Fire","Anvil of the Gods","NeowsBlessing","infinitespire:Magic Flask","Bottled Lightning","StrikeDummy","wanderingMiniBosses:ThiefScarf","REME_ComplimentaryCards","Boot","Gremlin Horn","Art of War","Happy Flower","Orichalcum","Mummified Hand","MerchantsRug","REME_HandOfSuture","Oddly Smooth Stone","PreservedInsect","Omamori","energizedSpire:OgreHead","Question Card","Blue Candle","Bronze Scales","infinitespire:Satchel","Medical Kit","infinitespire:Lucky Rock","infinitespire:BottledMercury","Anchor","Mercury Hourglass","Orrery","infinitespire:Joker Card"],"acts_visited":["Exordium","TheCity","TheBeyond","TheEnding"],"potions_floor_usage":[7,14,25,33,33,40,41,48,50,55,55],"damage_taken":[{"damage":0,"enemies":"2 Louse","floor":1,"turns":1},{"damage":0,"enemies":"conspire:RoseBush","floor":3,"turns":1},{"damage":0,"enemies":"Cultist","floor":6,"turns":1},{"damage":0,"enemies":"Gremlin Nob","floor":7,"turns":3},{"damage":0,"enemies":"Exordium Thugs","floor":10,"turns":3},{"damage":0,"enemies":"Blue Slaver","floor":12,"turns":2},{"damage":0,"enemies":"Lagavulin","floor":13,"turns":5},{"damage":0,"enemies":"Gremlin Gang","floor":14,"turns":6},{"damage":0,"enemies":"Slime Boss","floor":16,"turns":4},{"damage":0,"enemies":"Chosen","floor":18,"turns":3},{"damage":0,"enemies":"Shell Parasite","floor":20,"turns":4},{"damage":0,"enemies":"Snake Plant","floor":22,"turns":4},{"damage":8,"enemies":"conspire:SneckoGhost","floor":23,"turns":4},{"damage":2,"enemies":"Nightmare","floor":25,"turns":8},{"damage":7,"enemies":"conspire:HollyBat","floor":27,"turns":5},{"damage":0,"enemies":"Cultist and Chosen","floor":28,"turns":4},{"damage":0,"enemies":"3 Cultists","floor":31,"turns":4},{"damage":0,"enemies":"Collector","floor":33,"turns":4},{"damage":0,"enemies":"3 Shapes","floor":35,"turns":2},{"damage":0,"enemies":"Orb Walker","floor":37,"turns":2},{"damage":0,"enemies":"Jaw Worm Horde","floor":38,"turns":2},{"damage":0,"enemies":"3 Darklings","floor":39,"turns":3},{"damage":0,"enemies":"Nightmare","floor":40,"turns":4},{"damage":0,"enemies":"Writhing Mass","floor":41,"turns":3},{"damage":0,"enemies":"Spire Growth","floor":42,"turns":3},{"damage":0,"enemies":"conspire:MimicChest","floor":45,"turns":3},{"damage":0,"enemies":"Sphere and 2 Shapes","floor":47,"turns":3},{"damage":0,"enemies":"infinitespire:MassOfShapes","floor":50,"turns":3},{"damage":2,"enemies":"Shield and Spear","floor":54,"turns":4},{"damage":49,"enemies":"The Heart","floor":55,"turns":6}],"seed_played":"-545953041721351323","potions_obtained":[{"floor":3,"key":"ColorlessPotion"},{"floor":6,"key":"Ancient Potion"},{"floor":13,"key":"AttackPotion"},{"floor":27,"key":"SkillPotion"},{"floor":28,"key":"Dexterity Potion"},{"floor":31,"key":"Energy Potion"},{"floor":33,"key":"AttackPotion"},{"floor":35,"key":"Dexterity Potion"},{"floor":41,"key":"EntropicBrew"},{"floor":42,"key":"Strength Potion"},{"floor":47,"key":"infinitespire:BlackPotion"},{"floor":54,"key":"Block Potion"}],"is_trial":false,"path_per_floor":["M","$","M","?","?","M","E","$","T","M","?","M","E","M","R","B",null,"M","?","M","?","M","E","R","NM","T","M","M","$","?","M","R","B",null,"M","AVR","M","M","M","NM","M","M","T","?","?","?","M","$","R","B",null,"R","$","E","B",null],"character_chosen":"SHAPESHIFTER","items_purchased":["StSShapeShifter:WolfsBane","StSShapeShifter:Garden","Mummified Hand","MerchantsRug","Master of Strategy","Impatience","Medical Kit","StSShapeShifter:VineHandcuffs","infinitespire:Lucky Rock","infinitespire:BottledMercury","EntropicBrew","Anchor","Forethought","Mercury Hourglass","Orrery","Energy Potion"],"campfire_rested":5,"item_purchase_floors":[2,8,29,29,29,29,48,48,48,48,48,53,53,53,53,53],"current_hp_per_floor":[78,78,78,78,78,78,78,78,78,78,78,78,78,78,78,78,78,78,78,78,78,78,70,78,78,78,77,77,77,4,6,29,31,78,78,78,78,78,78,78,78,78,78,74,74,74,74,74,74,74,74,74,74,74,25],"gold":179,"neow_bonus":"THREE_ENEMY_KILL","is_daily":false,"chose_seed":false,"campfire_upgraded":0,"win_rate":0.0,"timestamp":1613936505,"path_taken":["M","$","M","?","?","?","E","?","T","M","?","M","E","?","R","BOSS","M","?","?","?","M","E","R","NM","T","M","M","$","?","?","R","BOSS","M","AVR","M","M","?","NM","M","?","T","?","?","?","?","$","R","BOSS","R","$","E","BOSS"],"items_purchased_type":["Card","Card","Relic","Relic","Card","Card","Relic","Card","Relic","Relic","Potion","Relic","Card","Relic","Relic","Potion"],"build_version":"2020-12-22","purchased_purges":0,"victory":true,"max_hp_per_floor":[78,78,78,78,78,78,78,78,78,78,78,78,78,78,78,78,78,78,78,78,78,78,78,78,78,78,78,78,78,78,78,78,78,78,78,78,78,78,78,78,78,78,78,74,74,74,74,74,74,74,74,74,74,74,74],"card_choices":[{"not_picked":["StSShapeShifter:HummingbirdForm","StSShapeShifter:BloomingSlash"],"picked":"StSShapeShifter:SquirrelForm","floor":1},{"not_picked":["StSShapeShifter:FesteringBite","StSShapeShifter:SquirrelForm"],"picked":"StSShapeShifter:FruitBasket","floor":3},{"not_picked":["StSShapeShifter:BurstingSpore","StSShapeShifter:CosmicShifter"],"picked":"StSShapeShifter:BladeOfGrass","floor":6},{"not_picked":["StSShapeShifter:DeerForm","StSShapeShifter:Flourish"],"picked":"StSShapeShifter:Sapling","floor":7},{"not_picked":["StSShapeShifter:ReplenishingNectar","StSShapeShifter:Rest"],"picked":"StSShapeShifter:MooseForm","floor":10},{"not_picked":["StSShapeShifter:Rest","StSShapeShifter:TopazSkin"],"picked":"StSShapeShifter:BladeOfGrass","floor":12},{"not_picked":["StSShapeShifter:HummingbirdForm","StSShapeShifter:DeepWound"],"picked":"StSShapeShifter:BaskInBloom","floor":13},{"not_picked":["StSShapeShifter:ShiftingStrike","StSShapeShifter:BladeOfGrass"],"picked":"StSShapeShifter:AdaptiveStrikes","floor":14},{"not_picked":["StSShapeShifter:Vengeance","StSShapeShifter:Winter"],"picked":"StSShapeShifter:BurrBomb","floor":16},{"not_picked":["StSShapeShifter:FallingLeaves","StSShapeShifter:MonkeyForm+1"],"picked":"StSShapeShifter:AdaptiveStrikes+1","floor":18},{"not_picked":["StSShapeShifter:VineHandcuffs+1","StSShapeShifter:MonkeyForm"],"picked":"StSShapeShifter:SpiritOfTheEarth","floor":20},{"not_picked":["StSShapeShifter:ThornedSkin","StSShapeShifter:MonkeyForm","StSShapeShifter:FlowerShield"],"picked":"SKIP","floor":22},{"not_picked":["StSShapeShifter:Summon_Mountains","StSShapeShifter:RaptorForm"],"picked":"StSShapeShifter:RockSlide+1","floor":23},{"not_picked":["StSShapeShifter:Evolution","StSShapeShifter:ClimbTree"],"picked":"StSShapeShifter:Spring","floor":25},{"not_picked":["StSShapeShifter:Roar+1","StSShapeShifter:RockSlide","StSShapeShifter:Hunt"],"picked":"SKIP","floor":27},{"not_picked":["StSShapeShifter:Roar+1","StSShapeShifter:RockSlide","StSShapeShifter:Hunt"],"picked":"SKIP","floor":27},{"not_picked":["StSShapeShifter:RaptorForm","StSShapeShifter:MonkeyForm"],"picked":"StSShapeShifter:Efflorescence","floor":28},{"not_picked":["StSShapeShifter:WiltingWrath+1","StSShapeShifter:ThornedSkin","StSShapeShifter:ShiftingStrike"],"picked":"SKIP","floor":31},{"not_picked":["StSShapeShifter:Winter","StSShapeShifter:PhoenixForm"],"picked":"StSShapeShifter:Sap_Burst","floor":33},{"not_picked":["StSShapeShifter:BloomingSlash","StSShapeShifter:SquirrelForm+1","StSShapeShifter:FruitBasket+1"],"picked":"SKIP","floor":35},{"not_picked":["StSShapeShifter:BloomingSlash","StSShapeShifter:Maul","StSShapeShifter:Sapling+1"],"picked":"SKIP","floor":37},{"not_picked":["StSShapeShifter:OwlForm+1","StSShapeShifter:ThrashAbout+1"],"picked":"StSShapeShifter:VineHandcuffs+1","floor":38},{"not_picked":["StSShapeShifter:SunflowerShuriken+1","StSShapeShifter:PorcupineForm","StSShapeShifter:ThornToss"],"picked":"SKIP","floor":39},{"not_picked":["infinitespire:SevenWalls","infinitespire:NeuralNetwork"],"picked":"infinitespire:UltimateForm","floor":40},{"not_picked":["StSShapeShifter:FoxForm","StSShapeShifter:SunflowerShuriken+1"],"picked":"StSShapeShifter:BurrBomb","floor":40},{"not_picked":["StSShapeShifter:FlowerShield+1","StSShapeShifter:MultiSpiritedStrike","StSShapeShifter:DeerForm"],"picked":"StSShapeShifter:TopazSkin+1","floor":41},{"not_picked":["StSShapeShifter:PantherForm","StSShapeShifter:ReplenishingNectar+1","StSShapeShifter:RockSlide+1"],"picked":"StSShapeShifter:Ensconce","floor":42},{"not_picked":["StSShapeShifter:HummingbirdForm+1","StSShapeShifter:ForestFire+1","StSShapeShifter:ThornToss"],"picked":"StSShapeShifter:Sapling+1","floor":47},{"not_picked":["StSShapeShifter:FruitBasket+1","StSShapeShifter:ThornToss","StSShapeShifter:BloomingSlash+1"],"picked":"StSShapeShifter:Sapling+1","floor":53},{"not_picked":["StSShapeShifter:Roar+1","StSShapeShifter:FallingLeaves+1","StSShapeShifter:PoisonIvy+1"],"picked":"StSShapeShifter:Efflorescence+1","floor":53},{"not_picked":["StSShapeShifter:PoisonIvy","StSShapeShifter:HummingbirdForm","StSShapeShifter:OakBlade"],"picked":"StSShapeShifter:BurstingSpore","floor":53},{"not_picked":["StSShapeShifter:PoisonIvy","StSShapeShifter:SquirrelForm","StSShapeShifter:Hunt+1","StSShapeShifter:ShiftingStrike"],"picked":"SKIP","floor":54}],"player_experience":536571,"relics_obtained":[{"floor":7,"key":"infinitespire:Magic Flask"},{"floor":9,"key":"Bottled Lightning"},{"floor":13,"key":"StrikeDummy"},{"floor":14,"key":"wanderingMiniBosses:ThiefScarf"},{"floor":14,"key":"REME_ComplimentaryCards"},{"floor":23,"key":"Boot"},{"floor":23,"key":"Gremlin Horn"},{"floor":25,"key":"Art of War"},{"floor":25,"key":"Happy Flower"},{"floor":26,"key":"Orichalcum"},{"floor":40,"key":"StSShapeShifter:BeastkeepersGift"},{"floor":40,"key":"Question Card"},{"floor":43,"key":"Blue Candle"},{"floor":45,"key":"Bronze Scales"},{"floor":54,"key":"infinitespire:Joker Card"}],"event_choices":[{"cards_removed":["StSShapeShifter:Tortoise_Form"],"damage_healed":0,"gold_gain":0,"player_choice":"Offered Basic","damage_taken":0,"max_hp_gain":0,"max_hp_loss":0,"event_name":"Bonfire Elementals","floor":5,"gold_loss":0},{"cards_removed":["StSShapeShifter:Lynx_Form"],"damage_healed":0,"gold_gain":0,"player_choice":"Purged","damage_taken":0,"max_hp_gain":0,"max_hp_loss":0,"event_name":"Purifier","floor":11,"gold_loss":0},{"damage_healed":0,"gold_gain":0,"player_choice":"Ignored","damage_taken":0,"max_hp_gain":0,"max_hp_loss":0,"event_name":"N\u0027loth","floor":19,"gold_loss":0},{"damage_healed":0,"gold_gain":0,"player_choice":"Read","damage_taken":0,"max_hp_gain":0,"max_hp_loss":0,"event_name":"The Library","floor":21,"gold_loss":0,"cards_obtained":["StSShapeShifter:PoisonIvy"]},{"damage_healed":0,"gold_gain":0,"player_choice":"RE RE RE RE ","damage_taken":81,"relics_obtained":["REME_HandOfSuture","Oddly Smooth Stone","PreservedInsect","Omamori"],"max_hp_gain":0,"max_hp_loss":0,"event_name":"betterSkull:BetterSkull","floor":30,"gold_loss":0,"cards_upgraded":[]},{"damage_healed":0,"gold_gain":0,"player_choice":"Max HP","damage_taken":0,"max_hp_gain":0,"max_hp_loss":4,"event_name":"Winding Halls","floor":44,"gold_loss":0},{"damage_healed":0,"gold_gain":0,"player_choice":"Gave Potion","damage_taken":0,"relics_obtained":["infinitespire:Satchel"],"max_hp_gain":0,"max_hp_loss":0,"event_name":"WeMeetAgain","floor":46,"gold_loss":0}],"is_beta":false,"boss_relics":[{"not_picked":["Snecko Eye","conspire:SeveredTorchhead"],"picked":"Black Star"},{"not_picked":["Astrolabe","conspire:RoyalGoblet"],"picked":"energizedSpire:OgreHead"}],"items_purged_floors":[],"is_endless":false,"potions_floor_spawned":[3,6,7,13,27,28,31,33,35,40,41,42,47,54],"ascension_level":0}}