{"host":"xkc7tfemhzdc5j5t","time":1613906391,"event":{"mods":["AchievementEnabler","Act Like it!","BaseMod","BetterRewards","Colored Map","Colored Powertips","Downfall","Gensokyo","Hallownest","Hermit","Highlight Path","Infinite Spire","Marisa£®ÏF”Í°°ƒß¿Ì…≥£©","Minty Spire (QoL Compilation)","Prisma Mod","Quick Restart","Reimu£®≤©¿ˆ¡È√Œ£©","Replay The Spire","Shop Mod","StSLib","SuperFastMode","The Bug Knight","The Construct","The Cursed","The Disciple","The Hierophant","The Jungle","The Necromancer","The Runesmith","The Servant 0.9.4","Youmu£®ªÍ∆«—˝√Œ£©"],"gold_per_floor":[117,117,57,57,57,57,57,98,167,185,209,222,222,118,118,208,208,226,251,287,287,287,287,287,287],"floor_reached":24,"language":"ZHS","playtime":1015,"items_purged":["Strike_B"],"score":371,"play_id":"556bebda-6dac-4113-8991-2c095a2a23cf","local_time":"20210221191951","is_ascension_mode":true,"campfire_choices":[{"floor":6,"key":"REST"},{"data":"Self Repair","floor":13,"key":"SMITH"},{"data":"ReplayTheSpireMod:Calculation Training","floor":15,"key":"SMITH"},{"data":"Storm","floor":23,"key":"SMITH"}],"circlet_count":0,"master_deck":["AscendersBane","Strike_B","Strike_B","Strike_B","Defend_B","Defend_B","Defend_B","Defend_B","Zap+1","Dualcast","Ball Lightning","ReplayTheSpireMod:Calculation Training+1","Cold Snap","Electrodynamics","Self Repair+1","Leap","Electrodynamics","Storm+1"],"relics":["Inserter","PaintedHorse:ReiMu","Golden Idol","Replay:Ringing Soul","HollowMod:LifeEnderRelic","Cursed Key","Red Mask"],"acts_visited":["Exordium","TheCity"],"potions_floor_usage":[8,11,18,20,20],"damage_taken":[{"damage":7,"enemies":"Small Slimes","floor":1,"turns":4},{"damage":40,"enemies":"Lagavulin","floor":8,"turns":7},{"damage":1,"enemies":"Cultist","floor":10,"turns":3},{"damage":0,"enemies":"Jaw Worm","floor":11,"turns":2},{"damage":12,"enemies":"Looter","floor":12,"turns":3},{"damage":3,"enemies":"Fading Forest","floor":16,"turns":11},{"damage":17,"enemies":"2 Thieves","floor":18,"turns":3},{"damage":4,"enemies":"3 Byrds","floor":19,"turns":2},{"damage":55,"enemies":"Masked Bandits","floor":20,"turns":4},{"damage":23,"enemies":"Centurion and Healer","floor":24,"turns":2}],"seed_played":"1516984704533822958","potions_obtained":[{"floor":1,"key":"construct:ShiftPotion"},{"floor":7,"key":"Fire Potion"},{"floor":7,"key":"Reflective Coating"},{"floor":8,"key":"Fire Potion"},{"floor":16,"key":"EssenceOfDarkness"},{"floor":19,"key":"MagicPotion:ReiMu"},{"floor":20,"key":"Fruit Juice"}],"is_trial":false,"path_per_floor":["M","?","?","?","$","R","?","E","T","M","M","M","R","$","R","B",null,"M","M","?","?","?","R","M"],"character_chosen":"DEFECT","items_purchased":["Leap"],"campfire_rested":1,"item_purchase_floors":[14],"current_hp_per_floor":[57,57,57,33,33,54,54,17,17,19,22,13,13,16,16,52,80,66,62,22,22,22,22,0,0],"gold":287,"neow_bonus":"BOSS_RELIC","is_daily":false,"chose_seed":false,"campfire_upgraded":3,"win_rate":0.0,"timestamp":1613906391,"path_taken":["M","?","?","?","$","R","?","E","T","?","M","M","R","?","R","BOSS","M","M","?","?","?","R","M"],"items_purchased_type":["Card"],"build_version":"2020-12-22","purchased_purges":1,"victory":false,"max_hp_per_floor":[71,71,71,71,71,71,71,74,74,77,80,83,83,86,86,89,89,92,92,97,97,97,97,97,97],"card_choices":[{"not_picked":["Stack","Coolheaded"],"picked":"Ball Lightning","floor":1},{"not_picked":["Panic Button","Stack"],"picked":"ReplayTheSpireMod:Calculation Training","floor":8},{"not_picked":["Time Bomb","Streamline"],"picked":"Cold Snap","floor":10},{"not_picked":["Undo","Gash"],"picked":"Electrodynamics","floor":11},{"not_picked":["Streamline","Melter"],"picked":"Self Repair","floor":12},{"not_picked":["Machine Learning","All For One"],"picked":"Electrodynamics","floor":16},{"not_picked":["Go for the Eyes","Steam"],"picked":"Storm","floor":18},{"not_picked":["Go for the Eyes","Melter","Sunder"],"picked":"SKIP","floor":19},{"not_picked":["Go for the Eyes","Melter","Sunder"],"picked":"SKIP","floor":19}],"player_experience":801574,"relics_obtained":[{"floor":8,"key":"Replay:Ringing Soul"},{"floor":9,"key":"HollowMod:LifeEnderRelic"},{"floor":20,"key":"Red Mask"}],"event_choices":[{"damage_healed":0,"gold_gain":0,"player_choice":"»˚«Æ","damage_taken":0,"relics_obtained":["PaintedHorse:ReiMu"],"max_hp_gain":0,"max_hp_loss":0,"event_name":"yidonshenshe","floor":3,"gold_loss":60},{"damage_healed":0,"gold_gain":0,"player_choice":"Take Damage","damage_taken":24,"relics_obtained":["Golden Idol"],"max_hp_gain":0,"max_hp_loss":0,"event_name":"Golden Idol","floor":4,"gold_loss":0},{"damage_healed":0,"gold_gain":0,"player_choice":"Got Potions","damage_taken":0,"max_hp_gain":0,"max_hp_loss":0,"event_name":"Lab","floor":7,"gold_loss":0},{"damage_healed":0,"gold_gain":0,"player_choice":"Fought Bandits","damage_taken":0,"max_hp_gain":0,"max_hp_loss":0,"event_name":"Masked Bandits","floor":20,"gold_loss":0},{"damage_healed":0,"gold_gain":0,"player_choice":"Ignored","damage_taken":0,"max_hp_gain":0,"max_hp_loss":0,"event_name":"Vampires","floor":22,"gold_loss":0}],"is_beta":false,"boss_relics":[{"not_picked":["Tiny House","Busted Crown"],"picked":"Cursed Key"}],"items_purged_floors":[14],"is_endless":false,"potions_floor_spawned":[1,8,16,19,20],"killed_by":"Centurion and Healer","ascension_level":16}}