{"host":"spd19cimorv47raq","time":1613899344,"event":{"mods":["AchievementEnabler","BaseMod","Colored Map","DeckTracker","Keyboard Shortcuts","Minty Spire (QoL Compilation)","Quick Restart","StSLib","SuperFastMode"],"gold_per_floor":[215,228,208,13,29,59,59,72,95,105,123,135,135,18,18,144,144,157,157,171,187,44,44,78,78,78,160,36,56,7,21,21,141,141,155,175,193,193,193,226,7,7,7,27,27,27,45,63,63,63],"floor_reached":51,"language":"KOR","playtime":2687,"items_purged":["Strike_G","Strike_G"],"score":726,"play_id":"fb8d90af-e27a-4812-a796-e2b2c1bab6f9","local_time":"20210221182224","is_ascension_mode":false,"campfire_choices":[{"data":"Terror","floor":7.0,"key":"SMITH"},{"data":"Bouncing Flask","floor":15.0,"key":"SMITH"},{"data":"Bullet Time","floor":23.0,"key":"SMITH"},{"data":"Neutralize","floor":25.0,"key":"SMITH"},{"data":"Sucker Punch","floor":32.0,"key":"SMITH"},{"data":"Footwork","floor":42.0,"key":"SMITH"},{"data":"Tools of the Trade","floor":45.0,"key":"SMITH"},{"floor":49,"key":"REST"}],"circlet_count":0,"master_deck":["Strike_G","Strike_G","Strike_G+1","Defend_G","Defend_G","Defend_G","Defend_G","Defend_G","Survivor","Neutralize+1","Terror+1","Cloak And Dagger","Sadistic Nature","Dagger Throw+1","Acrobatics","Adrenaline","Dagger Spray","Skewer","Bouncing Flask+1","Dodge and Roll","Noxious Fumes","Crippling Poison","Corpse Explosion","CurseOfTheBell","Backflip","Bullet Time+1","Deadly Poison+1","Sadistic Nature","Calculated Gamble+1","Sucker Punch+1","Tools of the Trade+1","Escape Plan+1","Footwork+1","Leg Sweep","Madness","Madness","Thinking Ahead","Thinking Ahead","Thinking Ahead","Well Laid Plans","Escape Plan+1"],"relics":["Ring of the Snake","Whetstone","Vajra","Golden Idol","Calling Bell","Anchor","Mummified Hand","Calipers","DollysMirror","Regal Pillow","Paper Crane","InkBottle","HoveringKite","Gremlin Horn","Sundial"],"acts_visited":["TheCity","TheBeyond"],"potions_floor_usage":[50,50],"damage_taken":[{"damage":0.0,"enemies":"Jaw Worm","floor":1.0,"turns":4.0},{"damage":0.0,"enemies":"Cultist","floor":2.0,"turns":3.0},{"damage":0.0,"enemies":"Small Slimes","floor":5.0,"turns":2.0},{"damage":6.0,"enemies":"Lagavulin","floor":6.0,"turns":8.0},{"damage":10.0,"enemies":"Exordium Thugs","floor":8.0,"turns":5.0},{"damage":0.0,"enemies":"Exordium Wildlife","floor":10.0,"turns":2.0},{"damage":0.0,"enemies":"Lots of Slimes","floor":11.0,"turns":4.0},{"damage":0.0,"enemies":"Blue Slaver","floor":12.0,"turns":2.0},{"damage":7.0,"enemies":"The Guardian","floor":16.0,"turns":8.0},{"damage":0.0,"enemies":"Spheric Guardian","floor":18.0,"turns":3.0},{"damage":1.0,"enemies":"Chosen","floor":20.0,"turns":4.0},{"damage":0.0,"enemies":"3 Cultists","floor":21.0,"turns":2.0},{"damage":7.0,"enemies":"Slavers","floor":24.0,"turns":5.0},{"damage":0.0,"enemies":"Snake Plant","floor":29.0,"turns":3.0},{"damage":14.0,"enemies":"Sentry and Sphere","floor":31.0,"turns":4.0},{"damage":40.0,"enemies":"Collector","floor":33.0,"turns":8.0},{"damage":0.0,"enemies":"Orb Walker","floor":35.0,"turns":2.0},{"damage":0.0,"enemies":"3 Shapes","floor":36.0,"turns":4.0},{"damage":0.0,"enemies":"Maw","floor":37.0,"turns":5.0},{"damage":17.0,"enemies":"Giant Head","floor":40.0,"turns":7.0},{"damage":0.0,"enemies":"Sphere and 2 Shapes","floor":44.0,"turns":4.0},{"damage":2.0,"enemies":"Writhing Mass","floor":47.0,"turns":4.0},{"damage":0,"enemies":"3 Darklings","floor":48,"turns":3},{"damage":26,"enemies":"Time Eater","floor":50,"turns":12}],"seed_played":"-8998736548026101053","potions_obtained":[{"floor":2.0,"key":"SteroidPotion"},{"floor":3.0,"key":"PowerPotion"},{"floor":5.0,"key":"EssenceOfSteel"},{"floor":6.0,"key":"LiquidMemories"},{"floor":8.0,"key":"FearPotion"},{"floor":16.0,"key":"BlessingOfTheForge"},{"floor":18.0,"key":"Energy Potion"},{"floor":21.0,"key":"DuplicationPotion"},{"floor":33.0,"key":"Regen Potion"},{"floor":35.0,"key":"Strength Potion"},{"floor":36.0,"key":"SkillPotion"}],"is_trial":false,"path_per_floor":["M","M","?","$","M","E","R","M","T","M","M","M","?","$","R","B",null,"M","?","M","M","$","R","E","R","T","T","$","M","$","M","R","B",null,"M","M","M","?","?","E","$","R","T","M","R","$","M","M","R","B",null],"character_chosen":"THE_SILENT","items_purchased":["Sadistic Nature","Dagger Throw","Noxious Fumes","Crippling Poison","DollysMirror","Dexterity Potion","Sucker Punch","Well Laid Plans","Dexterity Potion"],"campfire_rested":1,"item_purchase_floors":[4,4,14,14,22,28,30,41,41],"current_hp_per_floor":[70,70,70,70,70,64,64,54,54,54,54,54,54,54,54,47,65,65,65,64,64,64,64,57,57,57,57,57,57,57,43,43,3,65,65,65,65,57,47,45,45,45,45,45,45,45,43,43,65,39],"gold":63,"neow_bonus":"HUNDRED_GOLD","is_daily":false,"chose_seed":false,"campfire_upgraded":7,"win_rate":0.0,"timestamp":1613899344,"path_taken":["M","M","?","$","M","E","R","M","T","?","M","M","?","$","R","BOSS","M","?","M","?","$","R","E","R","T","?","?","M","$","M","R","BOSS","M","M","?","?","?","E","?","R","T","?","R","$","M","M","R","BOSS"],"items_purchased_type":["Card","Card","Card","Card","Relic","Potion","Card","Card","Potion"],"build_version":"2020-12-22","purchased_purges":2,"victory":true,"max_hp_per_floor":[70,70,70,70,70,70,70,70,70,70,70,70,65,65,65,65,65,65,65,65,65,65,65,65,65,65,65,65,65,65,65,65,65,65,65,65,65,65,65,65,65,65,65,65,65,65,65,65,65,65],"card_choices":[{"not_picked":["Blade Dance","Bane"],"picked":"Terror","floor":1.0},{"not_picked":["Prepared","Underhanded Strike"],"picked":"Cloak And Dagger","floor":2.0},{"not_picked":["Distraction","Concentrate"],"picked":"Acrobatics","floor":5.0},{"not_picked":["Blur","Catalyst"],"picked":"Adrenaline","floor":6.0},{"not_picked":["Tactician","Cloak And Dagger"],"picked":"Dagger Spray","floor":8.0},{"not_picked":["Dagger Spray","Quick Slash"],"picked":"Skewer","floor":10.0},{"not_picked":["Quick Slash","Skewer"],"picked":"Bouncing Flask","floor":11.0},{"not_picked":["Blade Dance","Deflect"],"picked":"Dodge and Roll","floor":12.0},{"not_picked":["Die Die Die","Burst"],"picked":"Corpse Explosion","floor":16.0},{"not_picked":["Underhanded Strike","Flying Knee"],"picked":"Backflip","floor":18.0},{"not_picked":["Terror","Endless Agony"],"picked":"Bullet Time","floor":20.0},{"not_picked":["Concentrate","Dagger Spray"],"picked":"Deadly Poison+1","floor":21.0},{"not_picked":["Deflect","Caltrops+1","Acrobatics"],"picked":"SKIP","floor":24.0},{"not_picked":["Distraction","Acrobatics+1"],"picked":"Calculated Gamble+1","floor":29.0},{"not_picked":["Outmaneuver","Dagger Spray","Backflip"],"picked":"SKIP","floor":31.0},{"not_picked":["Wraith Form v2","Unload"],"picked":"Tools of the Trade","floor":33.0},{"not_picked":["Blade Dance","Sucker Punch"],"picked":"Escape Plan+1","floor":35.0},{"not_picked":["Quick Slash","PiercingWail"],"picked":"Footwork","floor":36.0},{"not_picked":["Choke","Deadly Poison"],"picked":"Leg Sweep","floor":37.0},{"not_picked":["Violence","HandOfGreed"],"picked":"Thinking Ahead","floor":39.0},{"not_picked":["Jack Of All Trades","Forethought"],"picked":"Thinking Ahead","floor":39.0},{"not_picked":["Trip","Secret Weapon"],"picked":"Thinking Ahead","floor":39.0},{"not_picked":["Skewer+1","Expertise","Setup"],"picked":"SKIP","floor":40.0},{"not_picked":["Deadly Poison","Dagger Spray+1"],"picked":"Escape Plan+1","floor":44.0},{"not_picked":["Underhanded Strike","Leg Sweep","Deflect+1"],"picked":"SKIP","floor":47.0},{"not_picked":["Underhanded Strike+1","Dodge and Roll+1","Slice"],"picked":"SKIP","floor":48}],"player_experience":898908,"relics_obtained":[{"floor":6.0,"key":"Whetstone"},{"floor":9.0,"key":"Vajra"},{"floor":17.0,"key":"Anchor"},{"floor":17.0,"key":"Mummified Hand"},{"floor":17.0,"key":"Calipers"},{"floor":24.0,"key":"Regal Pillow"},{"floor":26.0,"key":"Paper Crane"},{"floor":27.0,"key":"InkBottle"},{"floor":40.0,"key":"Gremlin Horn"},{"floor":43.0,"key":"Sundial"}],"event_choices":[{"damage_healed":0.0,"max_hp_gain":0.0,"max_hp_loss":0.0,"gold_gain":0.0,"event_name":"The Woman in Blue","player_choice":"Bought 1 Potion","floor":3.0,"gold_loss":0.0,"damage_taken":0.0},{"damage_healed":0.0,"max_hp_gain":0.0,"max_hp_loss":5.0,"gold_gain":0.0,"event_name":"Golden Idol","player_choice":"Lose Max HP","floor":13.0,"gold_loss":0.0,"damage_taken":0.0,"relics_obtained":["Golden Idol"]},{"damage_healed":0.0,"max_hp_gain":0.0,"max_hp_loss":0.0,"gold_gain":0.0,"event_name":"Lab","player_choice":"Got Potions","floor":19.0,"gold_loss":0.0,"damage_taken":0.0},{"damage_healed":0.0,"max_hp_gain":0.0,"max_hp_loss":0.0,"gold_gain":0.0,"event_name":"Winding Halls","player_choice":"Embrace Madness","floor":38.0,"gold_loss":0.0,"damage_taken":8.0,"cards_obtained":["Madness","Madness"]},{"damage_healed":0.0,"max_hp_gain":0.0,"max_hp_loss":0.0,"gold_gain":0.0,"event_name":"SensoryStone","player_choice":"Memory 3","floor":39.0,"gold_loss":0.0,"damage_taken":10.0}],"is_beta":false,"boss_relics":[{"not_picked":["Philosopher\u0027s Stone","SlaversCollar"],"picked":"Calling Bell"},{"not_picked":["Runic Pyramid","Fusion Hammer"],"picked":"HoveringKite"}],"items_purged_floors":[28,41],"is_endless":false,"potions_floor_spawned":[2,5,6,8,16,18,20,21,33,35,36],"ascension_level":0}}