{"host":"rolltorest","time":1613890617,"event":{"mods":["BaseMod","Minty Spire (QoL Compilation)","Relic Stats","Slay the Relics Exporter","StSLib"],"gold_per_floor":[113,30,30,30,30,63,77,77,77,117,117,135,149,172,172,270,270,285,80,100,100,121,121,152,52,76,18,58,58,58,58,58,157,157,178,478,499,130,145,178,228,228,228,263,5,5,23,23,23,23,23,23,23,23,57,57,57],"floor_reached":56,"language":"ENG","playtime":3107,"items_purged":["Strike_G","Strike_G","Strike_G"],"score":2098,"play_id":"623ed4e1-60e4-480c-a3c5-39f9e8b1db52","local_time":"20210220225657","is_ascension_mode":true,"campfire_choices":[{"data":"Predator","floor":8,"key":"SMITH"},{"data":"Well Laid Plans","floor":11,"key":"SMITH"},{"data":"Poisoned Stab","floor":15,"key":"SMITH"},{"data":"Footwork","floor":23,"key":"SMITH"},{"data":"After Image","floor":30,"key":"SMITH"},{"data":"Leg Sweep","floor":32,"key":"SMITH"},{"data":"Bane","floor":42,"key":"SMITH"},{"floor":46,"key":"RECALL"},{"data":"Neutralize","floor":49,"key":"SMITH"},{"data":"Quick Slash","floor":53,"key":"SMITH"}],"circlet_count":0,"master_deck":["AscendersBane","Defend_G","Defend_G","Defend_G","Defend_G","Defend_G","Survivor","Neutralize+1","Leg Sweep+1","Well Laid Plans+1","Predator+1","Dagger Throw","Escape Plan+1","Poisoned Stab+1","Concentrate+1","After Image+1","Die Die Die","Calculated Gamble+1","Footwork+1","Deflect+1","Terror+1","Distraction+1","Dodge and Roll+1","Deadly Poison+1","Reflex+1","Shame","After Image+1","Backflip+1","Backflip+1","Footwork+1","PiercingWail+1","Bane+1","Caltrops+1","Backstab+1","Blur+1","Catalyst+1","Calculated Gamble+1","Footwork+1","Quick Slash+1","Catalyst+1"],"relics":["Ring of the Snake","NeowsBlessing","Golden Idol","Bag of Preparation","Eternal Feather","Toxic Egg 2","Philosopher\u0027s Stone","WingedGreaves","Orichalcum","Toy Ornithopter","Art of War","Frozen Egg 2","SacredBark","Blue Candle","Thread and Needle","Nunchaku"],"acts_visited":["Exordium","TheCity","TheBeyond","TheEnding"],"potions_floor_usage":[10,16,24,28,33,35,40,47,50],"damage_taken":[{"damage":0,"enemies":"Jaw Worm","floor":1,"turns":1},{"damage":0,"enemies":"Lagavulin","floor":6,"turns":1},{"damage":0,"enemies":"Small Slimes","floor":7,"turns":1},{"damage":6,"enemies":"Gremlin Nob","floor":10,"turns":3},{"damage":0,"enemies":"Cultist","floor":12,"turns":2},{"damage":0,"enemies":"Looter","floor":13,"turns":3},{"damage":0,"enemies":"Gremlin Gang","floor":14,"turns":5},{"damage":21,"enemies":"Slime Boss","floor":16,"turns":16},{"damage":0,"enemies":"Chosen","floor":18,"turns":5},{"damage":0,"enemies":"2 Thieves","floor":20,"turns":4},{"damage":8,"enemies":"3 Cultists","floor":22,"turns":7},{"damage":15,"enemies":"Slavers","floor":24,"turns":10},{"damage":18,"enemies":"Book of Stabbing","floor":28,"turns":7},{"damage":0,"enemies":"Automaton","floor":33,"turns":11},{"damage":0,"enemies":"3 Shapes","floor":35,"turns":7},{"damage":1,"enemies":"3 Darklings","floor":37,"turns":8},{"damage":7,"enemies":"4 Shapes","floor":39,"turns":8},{"damage":31,"enemies":"Reptomancer","floor":40,"turns":6},{"damage":1,"enemies":"Giant Head","floor":44,"turns":11},{"damage":0,"enemies":"Sphere and 2 Shapes","floor":47,"turns":6},{"damage":20,"enemies":"Awakened One","floor":50,"turns":26},{"damage":20,"enemies":"Donu and Deca","floor":51,"turns":28},{"damage":50,"enemies":"Shield and Spear","floor":55,"turns":15},{"damage":34,"enemies":"The Heart","floor":56,"turns":2}],"seed_played":"6680824976887092190","potions_obtained":[{"floor":1,"key":"PowerPotion"},{"floor":7,"key":"CunningPotion"},{"floor":13,"key":"Explosive Potion"},{"floor":22,"key":"Weak Potion"},{"floor":24,"key":"Weak Potion"},{"floor":28,"key":"Explosive Potion"},{"floor":33,"key":"BlessingOfTheForge"},{"floor":39,"key":"DistilledChaos"},{"floor":44,"key":"ColorlessPotion"},{"floor":55,"key":"Explosive Potion"}],"is_trial":false,"path_per_floor":["M","$","?","?","?","E","M","R","T","E","R","M","M","M","R","B",null,"M","$","M","?","M","R","E","$","T","$","E","?","R","T","R","B",null,"M","?","M","$","M","E","?","R","T","E","$","R","M","$","R","B","B",null,"R","$","E","B"],"character_chosen":"THE_SILENT","items_purchased":["Well Laid Plans","Footwork","Deflect+1","Deadly Poison+1","Footwork+1","PiercingWail+1","Bane","DuplicationPotion","Catalyst+1","Calculated Gamble+1","Footwork+1","Swift Potion"],"campfire_rested":0,"item_purchase_floors":[2,19,19,27,38,38,38,38,45,45,45,45],"current_hp_per_floor":[59,59,52,52,52,52,52,52,52,46,55,55,55,55,60,39,55,55,55,55,46,38,50,35,35,35,35,17,17,32,32,47,52,58,60,60,59,59,52,26,26,44,44,43,43,60,60,60,60,45,25,51,60,60,10,0,0],"gold":57,"neow_bonus":"THREE_ENEMY_KILL","is_daily":false,"chose_seed":false,"campfire_upgraded":9,"win_rate":0.0,"timestamp":1613890617,"path_taken":["M","$","?","?","?","E","M","R","T","E","R","M","M","M","R","BOSS","M","?","M","?","?","R","E","$","T","$","E","?","R","?","R","BOSS","M","?","M","?","M","E","?","R","T","E","$","R","?","$","R","BOSS","BOSS","R","$","E","BOSS"],"items_purchased_type":["Card","Card","Card","Card","Card","Card","Card","Potion","Card","Card","Card","Potion"],"build_version":"2020-12-18","purchased_purges":3,"victory":false,"max_hp_per_floor":[66,66,66,60,60,60,60,60,60,60,60,60,60,60,60,60,60,60,60,60,60,60,60,60,60,60,60,60,60,60,60,60,60,60,60,60,60,60,60,60,60,60,60,60,60,60,60,60,60,60,60,60,60,60,60,60,60],"relic_stats":{"Nunchaku":[0],"counters":[24,193],"Golden Idol":168,"Blue Candle":[4],"Eternal Feather":100,"Bag of Preparation":[44],"Art of War":[30],"Orichalcum":[12],"obtain_stats":[{"NeowsBlessing":0,"Golden Idol":4,"SacredBark":34,"Blue Candle":40,"Eternal Feather":9,"Thread and Needle":44,"Bag of Preparation":6,"Orichalcum":26,"Frozen Egg 2":31,"Nunchaku":55,"Philosopher\u0027s Stone":17,"WingedGreaves":24,"Art of War":29,"Toxic Egg 2":10,"Toy Ornithopter":28,"Ring of the Snake":0},{"NeowsBlessing":0,"Golden Idol":1,"SacredBark":14,"Blue Candle":18,"Eternal Feather":3,"Thread and Needle":19,"Bag of Preparation":2,"Orichalcum":12,"Frozen Egg 2":13,"Nunchaku":23,"Philosopher\u0027s Stone":8,"WingedGreaves":12,"Art of War":13,"Toxic Egg 2":4,"Toy Ornithopter":13,"Ring of the Snake":0},{"NeowsBlessing":0,"Golden Idol":1,"SacredBark":76,"Blue Candle":105,"Eternal Feather":3,"Thread and Needle":116,"Bag of Preparation":2,"Orichalcum":58,"Frozen Egg 2":65,"Nunchaku":191,"Philosopher\u0027s Stone":32,"WingedGreaves":58,"Art of War":65,"Toxic Egg 2":6,"Toy Ornithopter":65,"Ring of the Snake":0}],"Toy Ornithopter":17,"Ring of the Snake":[48]},"card_choices":[{"not_picked":["Flechettes","Flying Knee"],"picked":"Leg Sweep","floor":1},{"not_picked":["Leg Sweep","Expertise"],"picked":"Predator","floor":6},{"not_picked":["Outmaneuver","Flying Knee"],"picked":"Dagger Throw","floor":7},{"not_picked":["Deflect+1","Bane"],"picked":"Escape Plan+1","floor":10},{"not_picked":["Flechettes","Cloak And Dagger+1"],"picked":"Poisoned Stab","floor":12},{"not_picked":["Dodge and Roll+1","Riddle With Holes"],"picked":"Concentrate+1","floor":13},{"not_picked":["Leg Sweep+1","Well Laid Plans"],"picked":"After Image","floor":14},{"not_picked":["Grand Finale","Doppelganger+1"],"picked":"Die Die Die","floor":16},{"not_picked":["Skewer","Predator"],"picked":"Calculated Gamble+1","floor":18},{"not_picked":["Dagger Throw","Finisher"],"picked":"Terror+1","floor":20},{"not_picked":["Bane","Finisher+1"],"picked":"Distraction+1","floor":22},{"not_picked":["Escape Plan+1","Deflect+1"],"picked":"Dodge and Roll+1","floor":24},{"not_picked":["Finisher","Infinite Blades"],"picked":"Reflex+1","floor":28},{"not_picked":["Unload","Venomology+1"],"picked":"After Image+1","floor":33},{"not_picked":["Terror+1","Outmaneuver+1"],"picked":"Backflip+1","floor":35},{"not_picked":["Slice","Setup+1"],"picked":"Backflip+1","floor":37},{"not_picked":["Deflect+1","Leg Sweep+1"],"picked":"Caltrops+1","floor":39},{"not_picked":["Flying Knee","Underhanded Strike"],"picked":"Backstab+1","floor":40},{"not_picked":["Underhanded Strike","Masterful Stab"],"picked":"Blur+1","floor":44},{"not_picked":["Dagger Spray","Riddle With Holes"],"picked":"Quick Slash","floor":47},{"not_picked":["Cloak And Dagger+1","Bouncing Flask+1"],"picked":"Catalyst+1","floor":55}],"player_experience":2011427,"relics_obtained":[{"floor":6,"key":"Bag of Preparation"},{"floor":9,"key":"Eternal Feather"},{"floor":10,"key":"Toxic Egg 2"},{"floor":24,"key":"WingedGreaves"},{"floor":26,"key":"Orichalcum"},{"floor":28,"key":"Toy Ornithopter"},{"floor":31,"key":"Frozen Egg 2"},{"floor":40,"key":"Blue Candle"},{"floor":44,"key":"Thread and Needle"},{"floor":55,"key":"Nunchaku"}],"event_choices":[{"cards_removed":["Strike_G"],"damage_healed":0,"gold_gain":0,"player_choice":"Card Removal","damage_taken":7,"max_hp_gain":0,"max_hp_loss":0,"event_name":"Golden Wing","floor":3,"gold_loss":0},{"damage_healed":0,"gold_gain":0,"player_choice":"Lose Max HP","damage_taken":0,"relics_obtained":["Golden Idol"],"max_hp_gain":0,"max_hp_loss":6,"event_name":"Golden Idol","floor":4,"gold_loss":0},{"cards_removed":["Strike_G"],"damage_healed":0,"gold_gain":0,"player_choice":"Purged","damage_taken":0,"max_hp_gain":0,"max_hp_loss":0,"event_name":"Purifier","floor":5,"gold_loss":0},{"damage_healed":0,"gold_gain":0,"player_choice":"Damaged","damage_taken":9,"max_hp_gain":0,"max_hp_loss":0,"event_name":"Wheel of Change","floor":21,"gold_loss":0},{"damage_healed":0,"gold_gain":0,"player_choice":"Stole Relic","damage_taken":0,"relics_obtained":["Art of War"],"max_hp_gain":0,"max_hp_loss":0,"event_name":"Addict","floor":29,"gold_loss":0,"cards_obtained":["Shame"]},{"damage_healed":0,"gold_gain":300,"player_choice":"Gold","damage_taken":0,"max_hp_gain":0,"max_hp_loss":0,"event_name":"Wheel of Change","floor":36,"gold_loss":0},{"damage_healed":0,"gold_gain":50,"player_choice":"Pray","damage_taken":0,"max_hp_gain":0,"max_hp_loss":0,"event_name":"Golden Shrine","floor":41,"gold_loss":0}],"is_beta":true,"boss_relics":[{"not_picked":["Tiny House","Ring of the Serpent"],"picked":"Philosopher\u0027s Stone"},{"not_picked":["Snecko Eye","Velvet Choker"],"picked":"SacredBark"}],"items_purged_floors":[19,25,38],"is_endless":false,"potions_floor_spawned":[1,7,13,22,24,28,33,39,44,55],"killed_by":"The Heart","ascension_level":20}}