{"host":"BK","time":1613885978,"event":{"mods":["BaseMod","Highlight Path","Minty Spire (QoL Compilation)","StSLib"],"gold_per_floor":[15,29,29,29,43,43,62,62,85,110,129,141,170,131,131,131,131],"floor_reached":16,"language":"ENG","playtime":882,"items_purged":[],"score":224,"play_id":"e40befad-6a40-4d8a-8b9f-f03c3f9fa73d","local_time":"20210220223938","is_ascension_mode":true,"campfire_choices":[{"data":"Quick Slash","floor":6,"key":"SMITH"},{"floor":8,"key":"REST"},{"floor":15,"key":"REST"}],"circlet_count":0,"master_deck":["AscendersBane","Strike_G","Strike_G","Defend_G","Defend_G","Defend_G","Defend_G","Defend_G","Survivor","Neutralize+1","Endless Agony","Expertise","Poisoned Stab+1","Quick Slash+1","Flying Knee+1","Corpse Explosion","Backflip","Blade Dance"],"relics":["Ring of the Snake","Whetstone","Nunchaku","InkBottle"],"acts_visited":["Exordium"],"potions_floor_usage":[10,13,16],"damage_taken":[{"damage":1,"enemies":"Small Slimes","floor":1,"turns":5},{"damage":2,"enemies":"Jaw Worm","floor":2,"turns":4},{"damage":0,"enemies":"Cultist","floor":5,"turns":3},{"damage":31,"enemies":"Gremlin Gang","floor":7,"turns":6},{"damage":17,"enemies":"Lagavulin","floor":10,"turns":6},{"damage":2,"enemies":"Exordium Wildlife","floor":11,"turns":3},{"damage":2,"enemies":"3 Louse","floor":12,"turns":2},{"damage":10,"enemies":"3 Sentries","floor":13,"turns":6},{"damage":33,"enemies":"Slime Boss","floor":16,"turns":5}],"seed_played":"4609823066385580343","potions_obtained":[{"floor":2,"key":"Ancient Potion"},{"floor":7,"key":"Fire Potion"},{"floor":11,"key":"GamblersBrew"},{"floor":13,"key":"Explosive Potion"}],"is_trial":false,"path_per_floor":["M","M","?","?","M","R","M","R","T","E","M","M","E","?","R","B"],"character_chosen":"THE_SILENT","items_purchased":[],"campfire_rested":2,"item_purchase_floors":[],"current_hp_per_floor":[58,56,56,49,49,49,18,37,37,20,18,16,6,6,25,0,0],"gold":131,"neow_bonus":"TRANSFORM_TWO_CARDS","is_daily":false,"chose_seed":false,"campfire_upgraded":1,"win_rate":0.0,"timestamp":1613885978,"path_taken":["M","M","?","?","M","R","M","R","T","E","M","M","E","?","R","BOSS"],"items_purchased_type":[],"build_version":"2020-12-18","purchased_purges":0,"victory":false,"max_hp_per_floor":[66,66,66,66,66,66,66,66,66,66,66,66,66,66,66,66,66],"card_choices":[{"not_picked":["Prepared","Dodge and Roll"],"picked":"Poisoned Stab","floor":1},{"not_picked":["PiercingWail","Underhanded Strike"],"picked":"Quick Slash","floor":2},{"not_picked":["Noxious Fumes","Acrobatics"],"picked":"Flying Knee","floor":5},{"not_picked":["Outmaneuver","Sucker Punch"],"picked":"Corpse Explosion","floor":7},{"not_picked":["Dagger Throw","Bane","Poisoned Stab"],"picked":"SKIP","floor":10},{"not_picked":["Terror","PiercingWail"],"picked":"Backflip","floor":11},{"not_picked":["Tactician","Prepared"],"picked":"Blade Dance","floor":12},{"not_picked":["Slice","Backstab","Heel Hook"],"picked":"SKIP","floor":13}],"player_experience":2600764,"relics_obtained":[{"floor":9,"key":"Whetstone"},{"floor":10,"key":"Nunchaku"},{"floor":13,"key":"InkBottle"}],"event_choices":[{"damage_healed":0,"gold_gain":0,"player_choice":"Grow","damage_taken":0,"max_hp_gain":0,"max_hp_loss":0,"event_name":"Living Wall","floor":3,"gold_loss":0,"cards_upgraded":["Poisoned Stab"]},{"cards_removed":["Strike_G"],"damage_healed":0,"gold_gain":0,"player_choice":"Card Removal","damage_taken":7,"max_hp_gain":0,"max_hp_loss":0,"event_name":"Golden Wing","floor":4,"gold_loss":0},{"damage_healed":0,"gold_gain":0,"player_choice":"Left Gold","damage_taken":0,"max_hp_gain":0,"max_hp_loss":0,"event_name":"World of Goop","floor":14,"gold_loss":39}],"is_beta":true,"boss_relics":[],"items_purged_floors":[],"is_endless":false,"potions_floor_spawned":[2,7,11,13],"killed_by":"Slime Boss","ascension_level":20}}