{"host":"6406jj8da6015sxr","time":1613933275,"event":{"mods":["AchievementEnabler","BaseMod","Colored Map","DeckTracker","Keyboard Shortcuts","Minty Spire (QoL Compilation)","Permanent Neow","Relic Stats","SuperFastMode","everything is the same but u backflip on backflip"],"gold_per_floor":[114,125,125,141,157,157,201,201,201,214,214,214,257,280,280,379,379,394,409,409,409,409],"floor_reached":21,"language":"KOR","playtime":674,"items_purged":[],"score":382,"play_id":"02b5c14d-7c6e-47f4-baa6-9bc4ab899495","local_time":"20210222034755","is_ascension_mode":true,"campfire_choices":[{"floor":6.0,"key":"REST"},{"data":"Glass Knife","floor":8.0,"key":"SMITH"},{"data":"Neutralize","floor":15.0,"key":"SMITH"}],"circlet_count":0,"master_deck":["AscendersBane","Strike_G","Strike_G","Strike_G","Strike_G","Defend_G","Defend_G","Defend_G","Defend_G","Defend_G","Survivor","Neutralize+1","Dagger Spray","Deadly Poison","Dagger Spray","Poisoned Stab","Glass Knife+1","Acrobatics","Dagger Throw","Caltrops+1","Bullet Time","Dagger Spray+1","Cloak And Dagger"],"relics":["Ring of the Snake","Regal Pillow","Golden Idol","Eternal Feather","Frozen Egg 2","Potion Belt","Runic Pyramid"],"acts_visited":["Exordium","TheCity"],"potions_floor_usage":[19,19],"damage_taken":[{"damage":8.0,"enemies":"2 Louse","floor":1.0,"turns":4.0},{"damage":1.0,"enemies":"Small Slimes","floor":2.0,"turns":3.0},{"damage":0.0,"enemies":"Cultist","floor":4.0,"turns":4.0},{"damage":26.0,"enemies":"Large Slime","floor":5.0,"turns":6.0},{"damage":27.0,"enemies":"3 Sentries","floor":7.0,"turns":5.0},{"damage":0.0,"enemies":"Blue Slaver","floor":10.0,"turns":3.0},{"damage":0.0,"enemies":"Lagavulin","floor":11.0,"turns":1.0},{"damage":15.0,"enemies":"3 Sentries","floor":13.0,"turns":6.0},{"damage":0.0,"enemies":"2 Fungi Beasts","floor":14.0,"turns":3.0},{"damage":35.0,"enemies":"Hexaghost","floor":16.0,"turns":10.0},{"damage":11,"enemies":"Chosen","floor":18,"turns":5},{"damage":13,"enemies":"Spheric Guardian","floor":19,"turns":4},{"damage":23,"enemies":"Snake Plant","floor":21,"turns":2}],"seed_played":"-3169659805528907255","potions_obtained":[{"floor":7.0,"key":"Explosive Potion"},{"floor":10.0,"key":"SmokeBomb"},{"floor":16.0,"key":"CunningPotion"},{"floor":18,"key":"SkillPotion"}],"is_trial":false,"path_per_floor":["M","M","?","M","M","R","E","R","T","M","E","?","E","M","R","B",null,"M","M","?","M"],"character_chosen":"THE_SILENT","items_purchased":[],"campfire_rested":1,"item_purchase_floors":[],"current_hp_per_floor":[51,50,50,50,24,57,30,39,39,39,39,39,24,24,36,1,45,34,21,21,0,0],"gold":409,"neow_bonus":"RANDOM_COMMON_RELIC","is_daily":false,"chose_seed":false,"campfire_upgraded":2,"win_rate":0.0,"timestamp":1613933275,"path_taken":["M","M","?","M","M","R","E","R","T","M","E","?","E","M","R","BOSS","M","M","?","M"],"items_purchased_type":[],"build_version":"2020-12-22","purchased_purges":0,"victory":false,"max_hp_per_floor":[66,66,60,60,60,60,60,60,60,60,60,60,60,60,60,60,60,60,60,60,60,60],"relic_stats":{"Regal Pillow":15,"counters":[13,56],"Golden Idol":65,"Eternal Feather":21,"obtain_stats":[{"Potion Belt":13,"Regal Pillow":0,"Golden Idol":3,"Eternal Feather":7,"Frozen Egg 2":9,"Ring of the Snake":0,"Runic Pyramid":17},{"Potion Belt":8,"Regal Pillow":0,"Golden Idol":2,"Eternal Feather":5,"Frozen Egg 2":5,"Ring of the Snake":0,"Runic Pyramid":10},{"Potion Belt":32,"Regal Pillow":0,"Golden Idol":7,"Eternal Feather":22,"Frozen Egg 2":22,"Ring of the Snake":0,"Runic Pyramid":45}],"Ring of the Snake":[26]},"card_choices":[{"not_picked":["Outmaneuver","Underhanded Strike"],"picked":"Dagger Spray","floor":1.0},{"not_picked":["Prepared","Acrobatics"],"picked":"Deadly Poison","floor":2.0},{"not_picked":["Outmaneuver","Acrobatics"],"picked":"Dagger Spray","floor":4.0},{"not_picked":["All Out Attack","Prepared"],"picked":"Poisoned Stab","floor":5.0},{"not_picked":["Flying Knee","Blade Dance"],"picked":"Glass Knife","floor":7.0},{"not_picked":["Deadly Poison","PiercingWail"],"picked":"Acrobatics","floor":10.0},{"not_picked":["Crippling Poison","Quick Slash"],"picked":"Dagger Throw","floor":13.0},{"not_picked":["Catalyst","Bane"],"picked":"Caltrops+1","floor":14.0},{"not_picked":["Storm of Steel","Doppelganger"],"picked":"Bullet Time","floor":16.0},{"not_picked":["All Out Attack","Backflip"],"picked":"Dagger Spray+1","floor":18},{"not_picked":["Deadly Poison","Terror"],"picked":"Cloak And Dagger","floor":19}],"player_experience":72986,"relics_obtained":[{"floor":7.0,"key":"Eternal Feather"},{"floor":9.0,"key":"Frozen Egg 2"},{"floor":13.0,"key":"Potion Belt"}],"event_choices":[{"damage_healed":0.0,"max_hp_gain":0.0,"max_hp_loss":6.0,"gold_gain":0.0,"event_name":"Golden Idol","player_choice":"Lose Max HP","floor":3.0,"gold_loss":0.0,"damage_taken":0.0,"relics_obtained":["Golden Idol"]},{"damage_healed":0.0,"max_hp_gain":0.0,"max_hp_loss":0.0,"gold_gain":0.0,"event_name":"Dead Adventurer","player_choice":"Searched \u00270\u0027 times","floor":12.0,"gold_loss":0.0,"damage_taken":0.0},{"cards_removed":["Strike_G"],"damage_healed":0,"gold_gain":0,"player_choice":"Offered Basic","damage_taken":0,"max_hp_gain":0,"max_hp_loss":0,"event_name":"Bonfire Elementals","floor":20,"gold_loss":0}],"is_beta":false,"boss_relics":[{"not_picked":["Fusion Hammer","Sozu"],"picked":"Runic Pyramid"}],"items_purged_floors":[],"is_endless":false,"potions_floor_spawned":[7,10,11,16,18],"killed_by":"Snake Plant","ascension_level":18}}