{"host":"x8s7139x96bc3le0","time":1613925578,"event":{"mods":["AchievementEnabler","BaseMod","Bestiary","Minty Spire (QoL Compilation)","Relic Stats","ojb\u0027s Better Paths Mod","ojb\u0027s Info Mod"],"gold_per_floor":[110,110,123,123,140,173,173,173,173],"floor_reached":8,"language":"ENG","playtime":360,"items_purged":[],"score":92,"play_id":"6e9689fd-9806-4e1d-bc99-052dfe111214","local_time":"20210221173938","is_ascension_mode":true,"campfire_choices":[{"data":"Distraction","floor":7,"key":"SMITH"}],"circlet_count":0,"master_deck":["AscendersBane","Strike_G","Strike_G","Strike_G","Strike_G","Strike_G","Defend_G","Defend_G","Defend_G","Defend_G","Defend_G","Survivor","Neutralize","Distraction+1","Dagger Spray","Blind","Slice","Flying Knee"],"relics":["Ring of the Snake","NeowsBlessing","Lantern"],"acts_visited":["Exordium"],"potions_floor_usage":[8],"damage_taken":[{"damage":0,"enemies":"Cultist","floor":1,"turns":1},{"damage":0,"enemies":"Jaw Worm","floor":3,"turns":1},{"damage":0,"enemies":"Small Slimes","floor":5,"turns":1},{"damage":29,"enemies":"3 Sentries","floor":6,"turns":12},{"damage":36,"enemies":"Gremlin Nob","floor":8,"turns":5}],"seed_played":"4144296131797713552","potions_obtained":[{"floor":3,"key":"PowerPotion"}],"is_trial":false,"path_per_floor":["M","?","M","?","M","E","R","E"],"character_chosen":"THE_SILENT","items_purchased":[],"campfire_rested":0,"item_purchase_floors":[],"current_hp_per_floor":[63,63,63,63,63,34,34,0,0],"gold":173,"neow_bonus":"THREE_ENEMY_KILL","is_daily":false,"chose_seed":false,"campfire_upgraded":1,"win_rate":0.0,"timestamp":1613925578,"path_taken":["M","?","M","?","?","E","R","E"],"items_purchased_type":[],"build_version":"2020-12-22","purchased_purges":0,"victory":false,"max_hp_per_floor":[70,70,70,70,70,70,70,70,70],"relic_stats":{"counters":[5,20],"obtain_stats":[{"Lantern":6,"NeowsBlessing":0,"Ring of the Snake":0},{"Lantern":4,"NeowsBlessing":0,"Ring of the Snake":0},{"Lantern":15,"NeowsBlessing":0,"Ring of the Snake":0}],"Ring of the Snake":[10]},"card_choices":[{"not_picked":["Deflect","Acrobatics"],"picked":"Distraction","floor":1},{"not_picked":["Quick Slash","Backflip","Dagger Spray"],"picked":"SKIP","floor":3},{"not_picked":["Quick Slash","Backflip"],"picked":"Dagger Spray","floor":3},{"not_picked":["Reflex","Dodge and Roll"],"picked":"Slice","floor":5},{"not_picked":["Heel Hook","Bouncing Flask"],"picked":"Flying Knee","floor":6}],"player_experience":877899,"relics_obtained":[{"floor":6,"key":"Lantern"}],"event_choices":[{"damage_healed":0,"gold_gain":0,"player_choice":"Ignored","damage_taken":0,"max_hp_gain":0,"max_hp_loss":0,"event_name":"Liars Game","floor":2,"gold_loss":0},{"damage_healed":0,"gold_gain":0,"player_choice":"1 cards matched","damage_taken":0,"max_hp_gain":0,"max_hp_loss":0,"event_name":"Match and Keep!","floor":4,"gold_loss":0,"cards_obtained":["Blind"]}],"is_beta":false,"boss_relics":[],"items_purged_floors":[],"is_endless":false,"potions_floor_spawned":[3],"killed_by":"Gremlin Nob","ascension_level":13}}