{"host":"dzs26xzxvr8oc34c","time":1613932893,"event":{"mods":["100% Spire Juice","Act Like it!","Arknights","BaseMod","Colored Map","Downfall","Minty Spire (QoL Compilation)","StSLib","SuperFastMode","Waifu the Spire"],"gold_per_floor":[113,113,132,57,84,416,416,478,560,588,612,643,661,676,676,773,773,790,802,813,562,477,506,506,506,506,506,520,520,619,639,639,734,734,746,746,758,758,758,791,805,805,805,446,478,498,532,551,551,551,551,551,9,34,34],"floor_reached":56,"language":"ZHS","playtime":2237,"items_purged":["ats:Strike V","ats:Strike C","ats:Defend"],"score":1348,"play_id":"38c812ce-c337-4695-82a8-0eb2dd1ece67","local_time":"20210222024133","is_ascension_mode":false,"campfire_choices":[{"data":"ats:Thermite Blade","floor":7,"key":"SMITH"},{"data":"ats:Shadow Assault","floor":15,"key":"SMITH"},{"data":"ats:Soul Rend","floor":24,"key":"SMITH"},{"data":"ats:Sashimi Platter","floor":27,"key":"SMITH"},{"data":"ats:Emotion Absorption","floor":29,"key":"SMITH"},{"data":"ats:Sashimi Platter","floor":32,"key":"SMITH"},{"data":"ats:Composite Medical Shells","floor":42,"key":"SMITH"},{"floor":49,"key":"RECALL"},{"data":"ats:Demon Strength","floor":52,"key":"SMITH"}],"circlet_count":0,"master_deck":["ats:Armor Crushing Shot+1","ats:Defend","ats:Defend","ats:Defend+1","ats:Emotion Absorption+1","ats:Cat Scratch+1","ats:Phantom","ats:Thermite Blade+1","ats:Sashimi Platter+1","ats:Hook Shot","ats:Guard Mode+1","ats:Sashimi Platter+1","ats:Shadow Assault+1","ats:Soul Rend+1","ats:Cat Scratch+1","ats:Composite Medical Shells+1","Madness","Madness","ats:Demon Strength+1","ats:Apocalypse+1"],"relics":["ats:Sanity","NeowsBlessing","Pen Nib","ats:Originium","Old Coin","CaptainsWheel","Kunai","MealTicket","Odd Mushroom","Boot","Busted Crown","ats:Defend","ats:Rhine Circuitry","Guardian:PocketSentry","Molten Egg 2","Black Star","Mercury Hourglass","Calipers","Oddly Smooth Stone","Akabeko","Whetstone","Blood Vial","Orichalcum","ats:Arts","Shuriken","War Paint","Bronze Scales","Happy Flower"],"acts_visited":["Exordium","TheCity","TheBeyond","TheEnding"],"potions_floor_usage":[],"damage_taken":[{"damage":0,"enemies":"Cultist","floor":1,"turns":1},{"damage":0,"enemies":"2 Louse","floor":3,"turns":1},{"damage":0,"enemies":"Gremlin Nob","floor":6,"turns":1},{"damage":28,"enemies":"Gremlin Nob","floor":8,"turns":4},{"damage":10,"enemies":"Lagavulin","floor":10,"turns":6},{"damage":15,"enemies":"The Mushroom Lair","floor":11,"turns":4},{"damage":14,"enemies":"Gremlin Nob","floor":12,"turns":5},{"damage":0,"enemies":"Small Slimes","floor":13,"turns":3},{"damage":8,"enemies":"3 Louse","floor":14,"turns":4},{"damage":17,"enemies":"Hexaghost","floor":16,"turns":10},{"damage":28,"enemies":"2 Thieves","floor":18,"turns":4},{"damage":12,"enemies":"Shell Parasite","floor":19,"turns":6},{"damage":15,"enemies":"Cultist and Chosen","floor":20,"turns":8},{"damage":34,"enemies":"Book of Stabbing","floor":23,"turns":6},{"damage":9,"enemies":"Snake Plant","floor":28,"turns":3},{"damage":2,"enemies":"Centurion and Healer","floor":31,"turns":5},{"damage":42,"enemies":"Automaton","floor":33,"turns":8},{"damage":19,"enemies":"3 Shapes","floor":35,"turns":4},{"damage":12,"enemies":"Orb Walker","floor":37,"turns":3},{"damage":62,"enemies":"Nemesis","floor":40,"turns":6},{"damage":33,"enemies":"Jaw Worm Horde","floor":41,"turns":2},{"damage":48,"enemies":"Reptomancer","floor":45,"turns":5},{"damage":5,"enemies":"3 Darklings","floor":46,"turns":2},{"damage":12,"enemies":"Nemesis","floor":47,"turns":5},{"damage":10,"enemies":"Maw","floor":48,"turns":6},{"damage":54,"enemies":"Awakened One","floor":50,"turns":8},{"damage":76,"enemies":"Shield and Spear","floor":54,"turns":6},{"damage":102,"enemies":"The Heart","floor":55,"turns":9}],"seed_played":"6602144611436581396","potions_obtained":[{"floor":3,"key":"ColorlessPotion"},{"floor":6,"key":"Swift Potion"},{"floor":11,"key":"LiquidMemories"}],"is_trial":false,"path_per_floor":["M","?","M","$","T","E","R","?","T","E","?","E","M","M","R","B",null,"M","M","M","$","?","E","R","?","T","R","M","R","?","M","R","B",null,"M","?","M","?","?","E","M","R","T","$","E","M","E","M","R","B",null,"R","$","E","B",null],"character_chosen":"DOCTOR_CLASS","items_purchased":["ats:Defend","Oddly Smooth Stone","ats:Demon Strength","ats:Arts","Shuriken","War Paint"],"campfire_rested":0,"item_purchase_floors":[21,44,44,53,53,53],"current_hp_per_floor":[72,72,72,72,72,72,72,44,44,43,40,36,46,48,48,63,72,60,62,72,72,72,53,53,53,53,53,47,47,47,72,72,72,72,65,56,67,67,67,49,37,37,37,52,43,71,72,72,72,71,72,72,72,60,55],"gold":34,"neow_bonus":"THREE_ENEMY_KILL","is_daily":false,"chose_seed":false,"campfire_upgraded":8,"win_rate":0.0,"timestamp":1613932893,"path_taken":["M","?","M","$","?","E","R","?","T","E","?","E","M","M","R","BOSS","M","M","M","$","?","E","R","?","T","R","?","R","?","M","R","BOSS","M","?","M","?","?","E","M","R","T","$","E","M","E","M","R","BOSS","R","$","E","BOSS"],"items_purchased_type":["Card","Relic","Card","Relic","Relic","Relic"],"build_version":"2020-12-22","purchased_purges":3,"victory":true,"max_hp_per_floor":[72,72,72,72,72,72,72,72,72,72,72,72,72,72,72,72,72,72,72,72,72,72,72,72,72,72,72,72,72,72,72,72,72,72,72,72,72,72,72,72,72,72,72,72,72,72,72,72,72,72,72,72,72,72,72],"card_choices":[{"not_picked":["ats:Ignite","ats:Flexible Camouflage"],"picked":"ats:Cat Scratch","floor":1},{"not_picked":["ats:Song Of Battle","ats:Very Hot Blade"],"picked":"ats:Phantom","floor":3},{"not_picked":["ats:Consecutive Shot Auto","ats:Literary Storm"],"picked":"ats:Thermite Blade","floor":6},{"not_picked":["ats:Red Shift","ats:Ignite"],"picked":"ats:Sashimi Platter","floor":8},{"not_picked":["ats:Consecutive Shot Auto","ats:Part Time Job"],"picked":"ats:Hook Shot","floor":10},{"not_picked":["ats:Poison Spread","ats:Neurotoxin"],"picked":"ats:Guard Mode","floor":11},{"not_picked":["ats:Defend Order","ats:Ignite"],"picked":"ats:Sashimi Platter","floor":12},{"not_picked":["ats:LN2 Cannon","ats:Steam Pump","ats:Ignite"],"picked":"SKIP","floor":13},{"not_picked":["ats:Phantom","ats:Guardian Obelisk"],"picked":"ats:Shadow Assault","floor":14},{"not_picked":["ats:Durian","ats:True Silver Slash"],"picked":"ats:Soul Rend","floor":16},{"not_picked":["ats:Explosion Area Strengthen"],"picked":"SKIP","floor":18},{"not_picked":["ats:Explosion Area Strengthen"],"picked":"SKIP","floor":19},{"not_picked":[],"picked":"ats:Cat Scratch","floor":20},{"not_picked":[],"picked":"ats:Composite Medical Shells","floor":23},{"not_picked":["ats:Cat Scratch+1"],"picked":"SKIP","floor":28},{"not_picked":["ats:Assault Order"],"picked":"SKIP","floor":31},{"not_picked":["ats:Powerful Strike+1"],"picked":"SKIP","floor":35},{"not_picked":["ats:Mental Burst+1"],"picked":"SKIP","floor":37},{"not_picked":["ats:Ignite+1"],"picked":"SKIP","floor":40},{"not_picked":["ats:Part Time Job+1"],"picked":"SKIP","floor":41},{"not_picked":["ats:Thorns+1"],"picked":"SKIP","floor":45},{"not_picked":["ats:Guard Mode+1"],"picked":"SKIP","floor":46},{"not_picked":["ats:Flexible Camouflage"],"picked":"SKIP","floor":47},{"not_picked":["ats:Automatic Cover+1"],"picked":"SKIP","floor":48},{"not_picked":[],"picked":"ats:Apocalypse+1","floor":54}],"player_experience":1215414,"relics_obtained":[{"floor":5,"key":"Pen Nib"},{"floor":6,"key":"ats:Originium"},{"floor":6,"key":"Old Coin"},{"floor":8,"key":"CaptainsWheel"},{"floor":9,"key":"Kunai"},{"floor":10,"key":"ats:Originium"},{"floor":10,"key":"MealTicket"},{"floor":11,"key":"Odd Mushroom"},{"floor":12,"key":"ats:Originium"},{"floor":12,"key":"Boot"},{"floor":23,"key":"Guardian:PocketSentry"},{"floor":23,"key":"ats:Originium"},{"floor":26,"key":"Molten Egg 2"},{"floor":40,"key":"Mercury Hourglass"},{"floor":40,"key":"Calipers"},{"floor":45,"key":"Akabeko"},{"floor":45,"key":"Whetstone"},{"floor":47,"key":"Blood Vial"},{"floor":47,"key":"Orichalcum"},{"floor":54,"key":"Bronze Scales"},{"floor":54,"key":"Happy Flower"}],"event_choices":[{"damage_healed":0,"gold_gain":0,"player_choice":"Upgraded","damage_taken":0,"max_hp_gain":0,"max_hp_loss":0,"event_name":"Upgrade Shrine","floor":2,"gold_loss":0,"cards_upgraded":["ats:Cat Scratch"]},{"damage_healed":0,"gold_gain":30,"player_choice":"Searched \u00272\u0027 times","damage_taken":0,"max_hp_gain":0,"max_hp_loss":0,"event_name":"Dead Adventurer","floor":8,"gold_loss":0},{"damage_healed":0,"gold_gain":0,"player_choice":"Fought Mushrooms","damage_taken":0,"max_hp_gain":0,"max_hp_loss":0,"event_name":"Mushrooms","floor":11,"gold_loss":0},{"damage_healed":0,"gold_gain":0,"player_choice":"Obtained Relic","damage_taken":0,"relics_obtained":["ats:Rhine Circuitry"],"max_hp_gain":0,"max_hp_loss":0,"event_name":"Addict","floor":22,"gold_loss":85},{"cards_removed":["ats:Strike S"],"damage_healed":0,"gold_gain":0,"player_choice":"Purged","damage_taken":0,"max_hp_gain":0,"max_hp_loss":0,"event_name":"Purifier","floor":25,"gold_loss":0},{"damage_healed":0,"gold_gain":99,"player_choice":"Stole From Cult","damage_taken":0,"max_hp_gain":0,"max_hp_loss":0,"event_name":"Nest","floor":30,"gold_loss":0},{"damage_healed":0,"gold_gain":0,"player_choice":"Embrace Madness","damage_taken":9,"max_hp_gain":0,"max_hp_loss":0,"event_name":"Winding Halls","floor":36,"gold_loss":0,"cards_obtained":["Madness","Madness"]},{"cards_removed":["ats:Strike G"],"damage_healed":0,"gold_gain":0,"player_choice":"Removed Attack","damage_taken":0,"max_hp_gain":0,"max_hp_loss":0,"event_name":"Falling","floor":38,"gold_loss":0},{"damage_healed":0,"gold_gain":0,"player_choice":"Ignored","damage_taken":0,"max_hp_gain":0,"max_hp_loss":0,"event_name":"NoteForYourself","floor":39,"gold_loss":0}],"is_beta":false,"boss_relics":[{"not_picked":["Tiny House","Sozu"],"picked":"Busted Crown"},{"not_picked":["Runic Dome","Empty Cage"],"picked":"Black Star"}],"items_purged_floors":[4,21,44],"is_endless":false,"potions_floor_spawned":[3,6,11,16,18,19,20,33,37,40,46,47,54],"ascension_level":0}}