{"host":"rw1trt79hfpl7pom","time":1613912751,"event":{"mods":["BaseMod","Bestiary","Colored Map","Jorbs\u0027s Wanderer Trilogy","Minty Spire (QoL Compilation)","Relic Stats","StSLib","SuperFastMode"],"gold_per_floor":[117,129,129,129,74,106,106,137,137,162,178,209,267,286,286,363,363,383,14,46,46,46,81,81,81,81,115,40,40,53,67,67,140,140,152,152,167,167,183,183,202,230,230,264,92,117,117,130,130,130,130,130,130,38,68,68],"floor_reached":57,"language":"ENG","playtime":3934,"items_purged":["Strike_B"],"score":2783,"play_id":"acbcc195-cbfc-4c50-b29c-75e86a033c2b","local_time":"20210221050551","is_ascension_mode":true,"campfire_choices":[{"floor":7.0,"key":"REST"},{"data":"Sunder","floor":15.0,"key":"SMITH"},{"data":"Biased Cognition","floor":24.0,"key":"SMITH"},{"data":"Capacitor","floor":32.0,"key":"SMITH"},{"data":"Fission","floor":40.0,"key":"SMITH"},{"floor":47.0,"key":"RECALL"},{"data":"Biased Cognition","floor":49.0,"key":"SMITH"},{"data":"Capacitor","floor":53.0,"key":"SMITH"}],"circlet_count":0,"master_deck":["AscendersBane","Defend_B","Defend_B","Defend_B","Defend_B","Zap","Dualcast","Ball Lightning","Sweeping Beam","Force Field","Ball Lightning","Biased Cognition+1","Electrodynamics","Sunder+1","Turbo","Capacitor+1","Self Repair","Capacitor+1","Echo Form","Stack","Coolheaded","Biased Cognition+1","Auto Shields+1","Hologram","Coolheaded","Core Surge+1","Coolheaded","Turbo","Core Surge+1","Fission+1","Hologram","Echo Form","Conserve Battery+1","Biased Cognition+1","Fusion+1","Glacier+1","Consume+1","Coolheaded+1"],"relics":["Runic Pyramid","Eternal Feather","Torii","Kunai","Omamori","Darkstone Periapt","StoneCalendar","Philosopher\u0027s Stone","Symbiotic Virus","Red Mask","HornCleat","Nilry\u0027s Codex","Question Card","Molten Egg 2","SlaversCollar","Boot","Frozen Egg 2","DollysMirror","Toxic Egg 2","Orichalcum"],"acts_visited":["Exordium","TheCity","TheBeyond","TheEnding"],"potions_floor_usage":[55,55,55,56],"damage_taken":[{"damage":9.0,"enemies":"Small Slimes","floor":1.0,"turns":4.0},{"damage":9.0,"enemies":"2 Louse","floor":2.0,"turns":3.0},{"damage":25.0,"enemies":"3 Sentries","floor":6.0,"turns":5.0},{"damage":15.0,"enemies":"Lagavulin","floor":8.0,"turns":6.0},{"damage":11.0,"enemies":"Gremlin Nob","floor":10.0,"turns":3.0},{"damage":7.0,"enemies":"Jaw Worm","floor":11.0,"turns":3.0},{"damage":1.0,"enemies":"3 Sentries","floor":12.0,"turns":4.0},{"damage":13.0,"enemies":"3 Sentries","floor":13.0,"turns":4.0},{"damage":1.0,"enemies":"Gremlin Gang","floor":14.0,"turns":2.0},{"damage":8.0,"enemies":"Slime Boss","floor":16.0,"turns":6.0},{"damage":0.0,"enemies":"Spheric Guardian","floor":18.0,"turns":3.0},{"damage":0.0,"enemies":"Masked Bandits","floor":20.0,"turns":2.0},{"damage":35.0,"enemies":"Book of Stabbing","floor":23.0,"turns":5.0},{"damage":31.0,"enemies":"Gremlin Leader","floor":27.0,"turns":5.0},{"damage":0.0,"enemies":"Chosen","floor":30.0,"turns":3.0},{"damage":0.0,"enemies":"Snecko","floor":31.0,"turns":5.0},{"damage":9.0,"enemies":"Automaton","floor":33.0,"turns":7.0},{"damage":9.0,"enemies":"Orb Walker","floor":35.0,"turns":3.0},{"damage":1.0,"enemies":"3 Darklings","floor":37.0,"turns":4.0},{"damage":1.0,"enemies":"4 Shapes","floor":39.0,"turns":4.0},{"damage":10.0,"enemies":"Jaw Worm Horde","floor":41.0,"turns":5.0},{"damage":41.0,"enemies":"Reptomancer","floor":42.0,"turns":5.0},{"damage":1.0,"enemies":"Nemesis","floor":44.0,"turns":7.0},{"damage":14.0,"enemies":"Reptomancer","floor":46.0,"turns":5.0},{"damage":11.0,"enemies":"Spire Growth","floor":48.0,"turns":6.0},{"damage":1.0,"enemies":"Time Eater","floor":50.0,"turns":11.0},{"damage":38.0,"enemies":"Awakened One","floor":51.0,"turns":12.0},{"damage":24,"enemies":"Shield and Spear","floor":55,"turns":6},{"damage":62,"enemies":"The Heart","floor":56,"turns":10}],"seed_played":"5771615440642460918","potions_obtained":[{"floor":2.0,"key":"EssenceOfDarkness"},{"floor":10.0,"key":"CultistPotion"},{"floor":14.0,"key":"SpeedPotion"},{"floor":18.0,"key":"PotionOfCapacity"},{"floor":23.0,"key":"LiquidBronze"},{"floor":31.0,"key":"EntropicBrew"},{"floor":37.0,"key":"Block Potion"},{"floor":42.0,"key":"DuplicationPotion"},{"floor":46.0,"key":"Explosive Potion"}],"is_trial":false,"path_per_floor":["M","M","?","?","$","E","R","E","T","E","M","E","?","M","R","B",null,"M","$","?","?","$","E","R","?","T","E","?","?","M","M","R","B",null,"M","?","M","?","M","R","M","E","T","E","$","E","R","M","R","B","B",null,"R","$","E","B",null],"character_chosen":"DEFECT","items_purchased":["Ball Lightning","Symbiotic Virus","Stack","DollysMirror","Consume+1","SpeedPotion"],"campfire_rested":1,"item_purchase_floors":[5,19,19,45,54,54],"current_hp_per_floor":[55,46,51,51,51,26,57,42,42,31,24,23,10,16,28,27,64,71,71,76,76,76,48,60,39,39,22,22,22,22,36,51,49,69,74,74,73,73,76,76,76,42,42,55,55,55,76,76,76,76,38,67,76,76,66,14],"gold":68,"neow_bonus":"BOSS_RELIC","is_daily":false,"chose_seed":false,"campfire_upgraded":6,"win_rate":0.0,"timestamp":1613912751,"path_taken":["M","M","?","?","?","E","R","E","T","E","?","E","?","M","R","BOSS","M","$","?","?","?","E","R","?","T","E","?","?","M","M","R","BOSS","M","?","M","?","?","R","M","E","T","E","?","E","R","M","R","BOSS","BOSS","R","$","E","BOSS"],"items_purchased_type":["Card","Relic","Card","Relic","Card","Potion"],"build_version":"2020-12-22","purchased_purges":1,"victory":true,"max_hp_per_floor":[71,71,76,76,76,76,76,76,76,76,76,76,76,76,76,76,76,76,76,76,76,76,76,76,76,76,76,76,76,76,76,76,76,76,76,76,76,76,76,76,76,76,76,76,76,76,76,76,76,76,76,76,76,76,76,76],"relic_stats":{"Darkstone Periapt":0,"Torii":44,"counters":[29,148],"Eternal Feather":78,"StoneCalendar":[188],"Kunai":[9],"Orichalcum":[12],"Question Card":13,"Boot":[5],"obtain_stats":[{"Darkstone Periapt":12,"Torii":8,"Nilry\u0027s Codex":25,"Eternal Feather":6,"StoneCalendar":13,"Omamori":10,"Frozen Egg 2":44,"Orichalcum":55,"Question Card":26,"Boot":42,"SlaversCollar":34,"HornCleat":23,"DollysMirror":45,"Philosopher\u0027s Stone":17,"Molten Egg 2":27,"Red Mask":20,"Kunai":9,"Toxic Egg 2":46,"Cracked Core":0,"Symbiotic Virus":19,"Runic Pyramid":0},{"Darkstone Periapt":7,"Torii":4,"Nilry\u0027s Codex":13,"Eternal Feather":3,"StoneCalendar":7,"Omamori":5,"Frozen Egg 2":23,"Orichalcum":28,"Question Card":13,"Boot":22,"SlaversCollar":17,"HornCleat":13,"DollysMirror":23,"Philosopher\u0027s Stone":10,"Molten Egg 2":14,"Red Mask":12,"Kunai":4,"Toxic Egg 2":24,"Cracked Core":0,"Symbiotic Virus":11,"Runic Pyramid":0},{"Darkstone Periapt":28,"Torii":18,"Nilry\u0027s Codex":50,"Eternal Feather":12,"StoneCalendar":28,"Omamori":21,"Frozen Egg 2":98,"Orichalcum":138,"Question Card":50,"Boot":91,"SlaversCollar":70,"HornCleat":50,"DollysMirror":98,"Philosopher\u0027s Stone":40,"Molten Egg 2":55,"Red Mask":45,"Kunai":18,"Toxic Egg 2":103,"Cracked Core":0,"Symbiotic Virus":43,"Runic Pyramid":0}]},"card_choices":[{"not_picked":["Compile Driver","Coolheaded"],"picked":"Ball Lightning","floor":1.0},{"not_picked":["Go for the Eyes","Coolheaded"],"picked":"Sweeping Beam","floor":2.0},{"not_picked":["Melter","Meteor Strike"],"picked":"Biased Cognition","floor":6.0},{"not_picked":["Storm","Coolheaded"],"picked":"Electrodynamics","floor":8.0},{"not_picked":["Blizzard","Thunder Strike"],"picked":"Sunder","floor":10.0},{"not_picked":["Go for the Eyes","Redo"],"picked":"Turbo","floor":11.0},{"not_picked":["Heatsinks","Gash"],"picked":"Capacitor","floor":12.0},{"not_picked":["Rebound","Sweeping Beam"],"picked":"Self Repair","floor":13.0},{"not_picked":["Gash","Compile Driver"],"picked":"Capacitor","floor":14.0},{"not_picked":["Creative AI","Buffer"],"picked":"Echo Form","floor":16.0},{"not_picked":["Redo","Leap","Beam Cell"],"picked":"SKIP","floor":18.0},{"not_picked":["Compile Driver","Static Discharge"],"picked":"Coolheaded","floor":20.0},{"not_picked":["Ball Lightning","Streamline"],"picked":"Biased Cognition","floor":23.0},{"not_picked":["Beam Cell+1","Rebound+1","Go for the Eyes+1"],"picked":"Auto Shields+1","floor":27.0},{"not_picked":["Blizzard+1","Chaos","Tempest"],"picked":"Hologram","floor":30.0},{"not_picked":["Rebound+1","Darkness","Sweeping Beam+1"],"picked":"Coolheaded","floor":31.0},{"not_picked":["Reboot","Hyperbeam+1","Amplify"],"picked":"Core Surge+1","floor":33.0},{"not_picked":["Leap","Beam Cell+1","Compile Driver+1"],"picked":"Coolheaded","floor":35.0},{"not_picked":["Auto Shields","Gash+1","Force Field+1"],"picked":"Turbo","floor":37.0},{"not_picked":["Streamline+1","Cold Snap+1","Rip and Tear+1"],"picked":"Fission","floor":39.0},{"not_picked":["Double Energy","Barrage+1","Leap+1"],"picked":"Hologram","floor":41.0},{"not_picked":["Beam Cell+1","Compile Driver+1","Static Discharge"],"picked":"Echo Form","floor":42.0},{"not_picked":["Fusion","Sweeping Beam+1","Redo+1"],"picked":"Conserve Battery+1","floor":44.0},{"not_picked":["Sweeping Beam+1","Lockon+1","Ball Lightning+1"],"picked":"Fusion+1","floor":46.0},{"not_picked":["Go for the Eyes+1","Stack+1","Undo+1"],"picked":"Glacier+1","floor":48.0},{"not_picked":["Stack+1","Cold Snap+1","FTL+1"],"picked":"Coolheaded+1","floor":55}],"player_experience":2853223,"relics_obtained":[{"floor":6.0,"key":"Eternal Feather"},{"floor":8.0,"key":"Torii"},{"floor":9.0,"key":"Kunai"},{"floor":10.0,"key":"Omamori"},{"floor":12.0,"key":"Darkstone Periapt"},{"floor":20.0,"key":"Red Mask"},{"floor":23.0,"key":"HornCleat"},{"floor":25.0,"key":"Nilry\u0027s Codex"},{"floor":26.0,"key":"Question Card"},{"floor":27.0,"key":"Molten Egg 2"},{"floor":42.0,"key":"Boot"},{"floor":44.0,"key":"Frozen Egg 2"},{"floor":46.0,"key":"Toxic Egg 2"},{"floor":55,"key":"Orichalcum"}],"event_choices":[{"damage_healed":0.0,"max_hp_gain":5.0,"max_hp_loss":0.0,"gold_gain":0.0,"event_name":"Big Fish","player_choice":"Donut","floor":3.0,"gold_loss":0.0,"damage_taken":0.0},{"damage_healed":0.0,"max_hp_gain":0.0,"max_hp_loss":0.0,"gold_gain":0.0,"cards_transformed":["Strike_B"],"event_name":"Living Wall","player_choice":"Change","floor":4.0,"gold_loss":0.0,"damage_taken":0.0,"cards_obtained":["Force Field"]},{"damage_healed":0.0,"max_hp_gain":0.0,"max_hp_loss":0.0,"gold_gain":30.0,"event_name":"Dead Adventurer","player_choice":"Searched \u00273\u0027 times","floor":13.0,"gold_loss":0.0,"damage_taken":0.0,"relics_obtained":["StoneCalendar"]},{"damage_healed":0.0,"max_hp_gain":0.0,"max_hp_loss":0.0,"gold_gain":0.0,"event_name":"Masked Bandits","player_choice":"Fought Bandits","floor":20.0,"gold_loss":0.0,"damage_taken":0.0},{"damage_healed":0.0,"max_hp_gain":0.0,"max_hp_loss":0.0,"gold_gain":0.0,"event_name":"Cursed Tome","player_choice":"Obtained Book","floor":25.0,"gold_loss":0.0,"damage_taken":21.0},{"cards_removed":["Strike_B"],"damage_healed":0.0,"max_hp_gain":0.0,"max_hp_loss":0.0,"gold_gain":0.0,"event_name":"Beggar","player_choice":"Gave Gold","floor":28.0,"gold_loss":75.0,"damage_taken":0.0},{"damage_healed":0.0,"max_hp_gain":0.0,"max_hp_loss":0.0,"gold_gain":0.0,"event_name":"Forgotten Altar","player_choice":"Smashed Altar","floor":29.0,"gold_loss":0.0,"damage_taken":0.0,"cards_obtained":["Decay"]},{"cards_removed":["Strike_B"],"damage_healed":0.0,"max_hp_gain":0.0,"max_hp_loss":0.0,"gold_gain":0.0,"event_name":"Falling","player_choice":"Removed Attack","floor":36.0,"gold_loss":0.0,"damage_taken":0.0},{"damage_healed":0.0,"max_hp_gain":0.0,"max_hp_loss":0.0,"gold_gain":0.0,"event_name":"Duplicator","player_choice":"Copied","floor":38.0,"gold_loss":0.0,"damage_taken":0.0,"cards_obtained":["Core Surge"]}],"is_beta":false,"boss_relics":[{"not_picked":["Empty Cage","Snecko Eye"],"picked":"Philosopher\u0027s Stone"},{"not_picked":["Pandora\u0027s Box","Busted Crown"],"picked":"SlaversCollar"}],"items_purged_floors":[19],"is_endless":false,"potions_floor_spawned":[2,10,11,14,18,23,31,33,37,39,42,46],"ascension_level":20}}