{"host":"abdxwahegzejqccj","time":1613896543,"event":{"mods":["BaseMod","Better Note","BetterRewards","Colored Powertips","Downfall","Hermit","Minty Spire (QoL Compilation)","StSLib","The Cursed"],"gold_per_floor":[99,110,110,127,127,127,174,505,515,550,569,579,188,198,214,312,312,312,326,110,129,155,4,28,28,28,28],"floor_reached":25,"language":"ENG","playtime":1680,"items_purged":["TheCursedMod:Dregs","hexamod:Strike","hexamod:Strike"],"score":251,"play_id":"91d39f75-b6b8-482f-87cf-d5ad665e860a","local_time":"20210221193543","is_ascension_mode":true,"campfire_choices":[{"data":"hexamod:Float","floor":1.0,"key":"SMITH"},{"data":"hexamod:Firestarter","floor":6.0,"key":"SMITH"},{"data":"hexamod:CatchUp","floor":18.0,"key":"SMITH"}],"circlet_count":0,"master_deck":["hexamod:Strike","hexamod:Defend","hexamod:Defend","hexamod:Defend+1","hexamod:Sear","hexamod:Float+1","hexamod:InspiringFlames+1","hexamod:Firestarter+1","hexamod:Incineration","hexamod:CatchUp+1","hexamod:PhantomCloak","hexamod:Hexaguard","hexamod:WildfireWeapon","hexamod:FourthSeal","hexamod:SpectersWail","hexamod:Hexaguard","hexamod:FifthSeal","hexamod:Hexaguard","hexamod:ApocalypticArmor","hexamod:FirstSeal","hexamod:Firestarter+1","hexamod:SecondSeal","hexamod:Incineration+1","hexamod:ParanormalForm","Blind"],"relics":["hexamod:SpiritBrand","Strawberry","Old Coin","Smiling Mask","hexamod:MatchstickCase","Sozu","Strange Spoon","War Paint"],"acts_visited":["Exordium","TheCity"],"potions_floor_usage":[],"damage_taken":[{"damage":1.0,"enemies":"Jaw Worm","floor":2.0,"turns":3.0},{"damage":0.0,"enemies":"2 Louse","floor":4.0,"turns":2.0},{"damage":23.0,"enemies":"3 Sentries","floor":8.0,"turns":9.0},{"damage":0.0,"enemies":"Cultist","floor":9.0,"turns":3.0},{"damage":14.0,"enemies":"Gremlin Nob","floor":10.0,"turns":3.0},{"damage":14.0,"enemies":"Gremlin Gang","floor":11.0,"turns":5.0},{"damage":13.0,"enemies":"Exordium Thugs","floor":12.0,"turns":6.0},{"damage":5.0,"enemies":"downfall:FleeingMerchant","floor":13.0,"turns":4.0},{"damage":0.0,"enemies":"Large Slime","floor":14.0,"turns":3.0},{"damage":0.0,"enemies":"3 Louse","floor":15.0,"turns":3.0},{"damage":17.0,"enemies":"DF_ARCHETYPE_STREAMLINE","floor":16.0,"turns":11.0},{"damage":29.0,"enemies":"Chosen","floor":19.0,"turns":6.0},{"damage":6.0,"enemies":"downfall:FleeingMerchant","floor":20.0,"turns":4.0},{"damage":16.0,"enemies":"downfall:LooterAlt2","floor":21.0,"turns":5.0},{"damage":15.0,"enemies":"3 Cultists","floor":22.0,"turns":5.0},{"damage":8.0,"enemies":"downfall:FleeingMerchant","floor":23.0,"turns":4.0},{"damage":44,"enemies":"Slavers","floor":25,"turns":3}],"seed_played":"3294158446729392204","potions_obtained":[{"floor":8.0,"key":"Strength Potion"},{"floor":9.0,"key":"bronze:BurnAndBuffPotion"},{"floor":14.0,"key":"Weak Potion"},{"floor":15.0,"key":"hexamod:DoubleChargePotion"},{"floor":16.0,"key":"Fire Potion"},{"floor":16.0,"key":"BlessingOfTheForge"}],"is_trial":false,"path_per_floor":["R","M","?","M","?","R","T","E","M","E","M","M","$","M","M","B",null,"R","M","$","M","M","$","T","E"],"character_chosen":"THE_SPIRIT","items_purchased":["hexamod:MatchstickCase","hexamod:SpectersWail","hexamod:Hexaguard","hexamod:FifthSeal","Strange Spoon","Blind"],"campfire_rested":0,"item_purchase_floors":[13,13,13,13,20,23],"current_hp_per_floor":[84,83,83,83,83,83,90,67,67,53,39,26,21,21,21,4,91,91,62,63,47,39,38,38,0,0,0],"gold":28,"neow_bonus":"TWENTY_PERCENT_HP_BONUS","is_daily":false,"chose_seed":false,"campfire_upgraded":3,"win_rate":0.0,"timestamp":1613896543,"path_taken":["R","M","?","M","?","R","T","E","?","E","M","M","$","M","M","BOSS","R","M","$","M","?","$","T","E"],"items_purchased_type":["Relic","Card","Card","Card","Relic","Card"],"build_version":"2020-12-22","purchased_purges":3,"victory":false,"max_hp_per_floor":[84,84,84,84,84,84,91,91,91,91,91,91,91,91,91,91,91,91,91,91,91,91,91,91,91,91,91],"card_choices":[{"not_picked":["hexamod:BurningTouch","hexamod:HeatShield"],"picked":"hexamod:InspiringFlames","floor":2.0},{"not_picked":["hexamod:NightmareGuise","hexamod:GhostShield"],"picked":"hexamod:Firestarter","floor":4.0},{"not_picked":["hexamod:ThermalTransfer","hexamod:BurningTouch"],"picked":"hexamod:Incineration","floor":8.0},{"not_picked":["hexamod:FlameSwitch","hexamod:HauntingEcho"],"picked":"hexamod:CatchUp","floor":9.0},{"not_picked":["hexamod:ThermalTransfer","hexamod:BurningTouch"],"picked":"hexamod:PhantomCloak","floor":10.0},{"not_picked":["hexamod:NightmareGuise","hexamod:HauntingEcho"],"picked":"hexamod:Hexaguard","floor":11.0},{"not_picked":["hexamod:SpectralSpark","hexamod:Firestarter"],"picked":"hexamod:WildfireWeapon","floor":12.0},{"not_picked":["hexamod:BurningTouch","hexamod:BacktrackSmack"],"picked":"hexamod:FourthSeal","floor":13.0},{"not_picked":["hexamod:SpectralSpark","hexamod:Firestarter"],"picked":"hexamod:Hexaguard","floor":14.0},{"not_picked":["hexamod:SpectralSpark","hexamod:HauntingEcho","hexamod:GhostLash"],"picked":"SKIP","floor":15.0},{"not_picked":["hexamod:FlameSwitch","hexamod:TurnItUp"],"picked":"hexamod:ApocalypticArmor","floor":16.0},{"not_picked":["hexamod:SixthSeal","hexamod:FourthSeal"],"picked":"hexamod:FirstSeal","floor":19.0},{"not_picked":["hexamod:ThermalTransfer+1","hexamod:HeatMetal"],"picked":"hexamod:Firestarter+1","floor":19.0},{"not_picked":["hexamod:FourthSeal","hexamod:ThirdSeal"],"picked":"hexamod:SecondSeal","floor":20.0},{"not_picked":["hexamod:HeatMetal","hexamod:FastForward"],"picked":"hexamod:Incineration+1","floor":20.0},{"not_picked":["hexamod:SpectralSpark","hexamod:BacktrackSmack","hexamod:Hexaguard"],"picked":"SKIP","floor":21.0},{"not_picked":["hexamod:SuperheatedStrike","hexamod:BacktrackSmack+1","hexamod:InspiringFlames"],"picked":"SKIP","floor":22.0},{"not_picked":["hexamod:DynamicBlow","hexamod:Haunt"],"picked":"hexamod:ParanormalForm","floor":23}],"player_experience":412155,"relics_obtained":[{"floor":7.0,"key":"Strawberry"},{"floor":8.0,"key":"Old Coin"},{"floor":10.0,"key":"Smiling Mask"},{"floor":24,"key":"War Paint"}],"event_choices":[],"is_beta":false,"boss_relics":[{"not_picked":["Astrolabe","Pandora\u0027s Box"],"picked":"Sozu"}],"items_purged_floors":[13,20,23],"is_endless":false,"potions_floor_spawned":[8,9,15,16,22],"killed_by":"Slavers","ascension_level":1}}