{"host":"fr1l74x1jw61j7hk","time":1613909018,"event":{"mods":["BaseMod","Downfall","Minty Spire (QoL Compilation)","StSLib"],"gold_per_floor":[199,213,223,223,223,239,239,139,151,164,164,164,181,631,644,644,644,644],"floor_reached":16,"language":"ZHS","playtime":686,"items_purged":[],"score":108,"play_id":"7c073e7b-a3b8-4dbb-a6c5-ff8392062b35","local_time":"20210221200338","is_ascension_mode":true,"campfire_choices":[{"data":"Guardian:TwinSlam","floor":1,"key":"SMITH"}],"circlet_count":0,"master_deck":["Guardian:Strike_Guardian","Guardian:Strike_Guardian","Guardian:Strike_Guardian","Guardian:Defend_Guardian","Guardian:Defend_Guardian","Guardian:Defend_Guardian","Guardian:Defend_Guardian","Guardian:CurlUp","Guardian:TwinSlam+1","Guardian:PrimingBeam","Guardian:CrystalBeam","Guardian:Gem_Cyan","Guardian:Gem_White","Guardian:PiercingHide","Guardian:Gem_Cyan","Guardian:Gem_Red","Guardian:ChargeCore","Guardian:Gem_Fragmented","Guardian:Gem_Red","Guardian:Gem_Cyan","Guardian:WalkerClaw","downfall:Icky","downfall:Icky","downfall:Icky","Guardian:Gem_Orange"],"relics":["Guardian:ModeShifter","Guardian:PickAxe","downfall:HeartBlessingBlue","Kunai"],"acts_visited":[],"potions_floor_usage":[4,10,13],"damage_taken":[{"damage":7,"enemies":"Jaw Worm","floor":2,"turns":4},{"damage":1,"enemies":"Cultist","floor":3,"turns":3},{"damage":6,"enemies":"Cultist","floor":4,"turns":3},{"damage":0,"enemies":"2 Louse","floor":6,"turns":2},{"damage":6,"enemies":"Exordium Wildlife","floor":9,"turns":2},{"damage":0,"enemies":"3 Louse","floor":10,"turns":2},{"damage":5,"enemies":"Gremlin Gang","floor":13,"turns":3},{"damage":18,"enemies":"Large Slime","floor":15,"turns":3},{"damage":11,"enemies":"SI_SHIV_ARCHETYPE","floor":16,"turns":3}],"seed_played":"6881394972609760032","potions_obtained":[{"floor":3,"key":"Slimebound:ThreeZeroPotion"},{"floor":9,"key":"Fire Potion"},{"floor":10,"key":"PowerPotion"}],"is_trial":false,"path_per_floor":["R","M","M","?","?","M","T","R","M","M","R","?","M","?","M","B"],"character_chosen":"GUARDIAN","items_purchased":[],"campfire_rested":0,"item_purchase_floors":[],"current_hp_per_floor":[80,73,72,30,30,30,30,40,34,34,34,31,26,26,8,0,0,0],"gold":644,"neow_bonus":"HUNDRED_GOLD","is_daily":false,"chose_seed":false,"campfire_upgraded":1,"win_rate":0.0,"timestamp":1613909018,"path_taken":["R","M","M","?","?","M","T","R","?","M","R","?","M","?","M","BOSS"],"items_purchased_type":[],"build_version":"2020-12-22","purchased_purges":0,"victory":false,"max_hp_per_floor":[80,80,80,80,80,80,80,90,90,90,90,90,90,90,90,90,90,90],"card_choices":[{"not_picked":["Guardian:TemporalStrike","Guardian:ChargeCore"],"picked":"Guardian:PrimingBeam","floor":2},{"not_picked":["Guardian:SentryBeam","Guardian:RollAttack"],"picked":"Guardian:CrystalBeam","floor":3},{"not_picked":["Guardian:Reroute","Guardian:PrimingBeam"],"picked":"Guardian:PiercingHide","floor":6},{"not_picked":["Guardian:SentryBeam","Guardian:PiercingHide"],"picked":"Guardian:ChargeCore","floor":9},{"not_picked":["Guardian:Gem_Lightblue","Guardian:CrystalBeam"],"picked":"Guardian:Gem_Fragmented","floor":10},{"not_picked":["Guardian:ShieldCharger","Guardian:TemporalShield"],"picked":"Guardian:WalkerClaw","floor":13},{"not_picked":["Guardian:Clone","Guardian:Gem_Red"],"picked":"Guardian:Gem_Orange","floor":15}],"player_experience":490046,"relics_obtained":[],"event_choices":[{"cards_removed":["Guardian:Strike_Guardian"],"damage_healed":0,"gold_gain":0,"player_choice":"Offered Basic","damage_taken":0,"max_hp_gain":0,"max_hp_loss":0,"event_name":"Bonfire Elementals","floor":5,"gold_loss":0},{"damage_healed":0,"gold_gain":0,"player_choice":"Success","damage_taken":3,"relics_obtained":["Kunai"],"max_hp_gain":0,"max_hp_loss":0,"event_name":"Scrap Ooze","floor":12,"gold_loss":0}],"is_beta":false,"boss_relics":[],"items_purged_floors":[],"is_endless":false,"potions_floor_spawned":[3,9,10],"killed_by":"SI_SHIV_ARCHETYPE","ascension_level":3}}