{"host":"skr63qsdfgeey3it","time":1613866576,"event":{"mods":["BaseMod","Colored Map","Hubris","Minty Spire (QoL Compilation)","Monster B Gone","Reliquary","Replay The Spire","Spicy Shops","StSLib"],"gold_per_floor":[111,111,111,122,132,132,166,166,190,62,92,92,118,132,132,203,503,519,519,62,82,82,82,82],"floor_reached":23,"language":"ENG","playtime":801,"items_purged":["Strike_B"],"score":362,"play_id":"9b1933e3-3081-4824-8538-f5df0bd8d033","local_time":"20210220181616","is_ascension_mode":true,"campfire_choices":[{"data":"Zap","floor":6,"key":"SMITH"},{"floor":8,"key":"REST"},{"floor":12,"key":"REST"},{"floor":15,"key":"REST"}],"circlet_count":0,"master_deck":["AscendersBane","Strike_B","Strike_B","Defend_B","Defend_B","Defend_B+1","Defend_B+1","Zap+1","Dualcast","Defragment","Consume","Sunder","Conserve Battery","Capacitor","Echo Form+1","BasicCrystalCard","Core Surge+1","Double Energy","Echo Form+1","Undo+1"],"relics":["Cracked Core","NeowsBlessing","reliquary:PartyBalloon","DataDisk","Mummified Hand","Matryoshka","Mango","hubris:Backtick","Old Coin","Blood Vial","Guide Book","DollysMirror","Dream Catcher"],"acts_visited":["Exordium","TheCity"],"potions_floor_usage":[7,7,16,16],"damage_taken":[{"damage":0,"enemies":"2 Louse","floor":1,"turns":1},{"damage":0,"enemies":"Jaw Worm","floor":4,"turns":1},{"damage":0,"enemies":"Cultist","floor":5,"turns":1},{"damage":19,"enemies":"Gremlin Nob","floor":7,"turns":4},{"damage":15,"enemies":"Lagavulin","floor":11,"turns":6},{"damage":28,"enemies":"3 Sentries","floor":13,"turns":7},{"damage":8,"enemies":"Large Slime","floor":14,"turns":4},{"damage":3,"enemies":"Slime Boss","floor":16,"turns":8},{"damage":35,"enemies":"Shell Parasite","floor":18,"turns":6},{"damage":5,"enemies":"Spheric Guardian","floor":21,"turns":4},{"damage":44,"enemies":"Slavers","floor":23,"turns":2}],"seed_played":"8741705401043493364","potions_obtained":[{"floor":4,"key":"Fire Potion"},{"floor":5,"key":"Swift Potion"},{"floor":13,"key":"GamblersBrew"},{"floor":14,"key":"FearPotion"},{"floor":21,"key":"AttackPotion"}],"is_trial":false,"path_per_floor":["M","?","?","M","M","R","E","R","T","$","E","R","E","M","R","B",null,"M","?","$","M","?","E"],"character_chosen":"DEFECT","items_purchased":["Mummified Hand","Blood Vial","Guide Book","DollysMirror"],"campfire_rested":3,"item_purchase_floors":[10,20,20,20],"current_hp_per_floor":[64,57,36,36,36,36,17,38,38,38,23,44,30,22,47,44,75,40,40,40,37,37,0,0],"gold":82,"neow_bonus":"THREE_ENEMY_KILL","is_daily":false,"chose_seed":false,"campfire_upgraded":1,"win_rate":0.0,"timestamp":1613866576,"path_taken":["M","?","?","M","M","R","E","R","T","$","E","R","E","M","R","BOSS","M","?","$","M","?","E"],"items_purchased_type":["Relic","Relic","Relic","Relic"],"build_version":"2020-12-22","purchased_purges":1,"victory":false,"max_hp_per_floor":[71,71,71,71,71,71,71,71,71,71,71,71,85,85,85,85,85,85,85,85,85,85,85,85],"card_choices":[{"not_picked":["Rebound","hubris:PowerSurge"],"picked":"Defragment","floor":1},{"not_picked":["Go for the Eyes","Stack"],"picked":"Consume","floor":4},{"not_picked":["Hologram","Compile Driver"],"picked":"Sunder","floor":5},{"not_picked":["Heatsinks","ReplayTheSpireMod:GoodbyeWorld"],"picked":"Conserve Battery","floor":7},{"not_picked":["Genetic Algorithm","ReplayTheSpireMod:System Scan"],"picked":"Capacitor","floor":11},{"not_picked":["Chaos","Streamline"],"picked":"Echo Form","floor":13},{"not_picked":["Scrape","Redo"],"picked":"BasicCrystalCard","floor":14},{"not_picked":["ReplayTheSpireMod:Fabricate Wheel","Rainbow"],"picked":"Core Surge","floor":16},{"not_picked":["Barrage","Gash"],"picked":"Double Energy","floor":18},{"not_picked":["Blizzard+1","Aggregate+1"],"picked":"Undo+1","floor":21}],"player_experience":983750,"relics_obtained":[{"floor":7,"key":"reliquary:PartyBalloon"},{"floor":9,"key":"DataDisk"},{"floor":11,"key":"Matryoshka"},{"floor":13,"key":"Mango"}],"event_choices":[{"cards_removed":["Strike_B"],"damage_healed":0,"gold_gain":0,"player_choice":"Card Removal","damage_taken":7,"max_hp_gain":0,"max_hp_loss":0,"event_name":"Golden Wing","floor":2,"gold_loss":0},{"damage_healed":0,"gold_gain":0,"player_choice":"Entered Light","damage_taken":21,"max_hp_gain":0,"max_hp_loss":0,"event_name":"Shining Light","floor":3,"gold_loss":0,"cards_upgraded":["Defend_B","Defend_B"]},{"damage_healed":0,"gold_gain":0,"player_choice":"Gave Potion","damage_taken":0,"relics_obtained":["Dream Catcher"],"max_hp_gain":0,"max_hp_loss":0,"event_name":"WeMeetAgain","floor":22,"gold_loss":0}],"is_beta":false,"boss_relics":[{"not_picked":["Runic Dome","reliquary:Craggleroot"],"picked":"hubris:Backtick"}],"items_purged_floors":[20],"is_endless":false,"potions_floor_spawned":[4,5,13,14,21],"killed_by":"Slavers","ascension_level":15}}