{"host":"xauhhfeuacw2ajt1","time":1613934685,"event":{"mods":["BaseMod","GifTheSpireLib","KinomotoSakuraMod(????)","Minty Spire (QoL Compilation)","StSLib","The Senshi"],"gold_per_floor":[113,130,130,147,158,158,177,177,177,206,216,216,229,257,257,355,355,365,209,119,129,148,176,186,186,211,226,236,253,268,279,279,375,375,386,404,98,112,112,137,152,152,206,206,256,273,273,325,325,325,325,325,1,31,31,31],"floor_reached":55,"language":"ENG","playtime":5549,"items_purged":[],"score":762,"play_id":"24b4b1ff-0037-4f03-b4c5-daee3f306aa0","local_time":"20210221211125","is_ascension_mode":false,"campfire_choices":[{"data":"ClowCardTheArrow","floor":6,"key":"SMITH"},{"floor":8,"key":"REST"},{"floor":15,"key":"REST"},{"floor":25,"key":"RECALL"},{"data":"ClowCardTheLoop","floor":32,"key":"SMITH"},{"floor":42,"key":"REST"},{"floor":44,"key":"DIG"},{"floor":49,"key":"REST"},{"floor":52,"key":"DIG"}],"circlet_count":0,"master_deck":["SakuraCardTheShadow+","SakuraCardTheSword+","SakuraCardTheArrow+","ClowCardTheSword","ClowCardTheSword","ClowCardTheShield","ClowCardTheShield","ClowCardTheShield","ClowCardTheShield","SpellCardSeal+1","SpellCardRelease","ClowCardTheEarthy","ClowCardTheWindy","ClowCardTheMist","ClowCardTheSand","ClowCardTheShadow","ClowCardTheRain","ClowCardTheShot","ClowCardTheDream","ClowCardTheWood+1","ClowCardTheLoop+1","ClowCardThePower+1","ClowCardTheSweet","ClowCardTheChange+1","ClowCardTheWood+1","ClowCardTheMirror+1","ClowCardTheFreeze","ClowCardTheErase","ClowCardTheFirey+1","ClowCardTheJump+1","ClowCardTheTime+1","ClowCardTheIllusion+1","ClowCardTheSand+1","ClowCardTheLock+1","ClowCardTheSnow+1","ClowCardTheRain+1","Normality","ClowCardTheBig+1","ClowCardTheFloat+1","ClowCardTheLibra+1","ClowCardTheFreeze+1"],"relics":["KSMOD_SealedBook","KSMOD_SealedWand","NeowsBlessing","Centennial Puzzle","Ginger","Cursed Key","KSMOD_TeddyBear","Happy Flower","Toxic Egg 2","Bronze Scales","Velvet Choker","Shovel","Juzu Bracelet","KSMOD_TouyasBicycle","MealTicket","FossilizedHelix","KSMOD_Cerberus","StrikeDummy","theSenshi:SuperSailorFukuRelic","Strawberry"],"acts_visited":["Exordium","TheCity","TheBeyond","TheEnding"],"potions_floor_usage":[14,14,21,23,31,33,33,40,54,55,55],"damage_taken":[{"damage":0,"enemies":"Jaw Worm","floor":1,"turns":1},{"damage":0,"enemies":"2 Louse","floor":2,"turns":2},{"damage":0,"enemies":"Cultist","floor":4,"turns":1},{"damage":32,"enemies":"Gremlin Gang","floor":5,"turns":6},{"damage":3,"enemies":"Large Slime","floor":7,"turns":4},{"damage":22,"enemies":"3 Sentries","floor":10,"turns":4},{"damage":0,"enemies":"Lots of Slimes","floor":11,"turns":3},{"damage":17,"enemies":"Exordium Wildlife","floor":13,"turns":4},{"damage":11,"enemies":"Lagavulin","floor":14,"turns":5},{"damage":25,"enemies":"Hexaghost","floor":16,"turns":7},{"damage":10,"enemies":"3 Byrds","floor":18,"turns":4},{"damage":4,"enemies":"2 Thieves","floor":21,"turns":4},{"damage":0,"enemies":"Snake Plant","floor":22,"turns":2},{"damage":33,"enemies":"Slavers","floor":23,"turns":5},{"damage":3,"enemies":"Centurion and Healer","floor":24,"turns":5},{"damage":12,"enemies":"3 Cultists","floor":27,"turns":3},{"damage":7,"enemies":"Shelled Parasite and Fungi","floor":28,"turns":2},{"damage":0,"enemies":"Snecko","floor":29,"turns":3},{"damage":9,"enemies":"Snake Plant","floor":30,"turns":2},{"damage":12,"enemies":"Centurion and Healer","floor":31,"turns":4},{"damage":35,"enemies":"Collector","floor":33,"turns":7},{"damage":2,"enemies":"Orb Walker","floor":35,"turns":2},{"damage":18,"enemies":"3 Shapes","floor":36,"turns":1},{"damage":4,"enemies":"Spire Growth","floor":38,"turns":4},{"damage":3,"enemies":"Giant Head","floor":40,"turns":6},{"damage":21,"enemies":"Sphere and 2 Shapes","floor":41,"turns":3},{"damage":0,"enemies":"Mind Bloom Boss Battle","floor":45,"turns":8},{"damage":0,"enemies":"Maw","floor":46,"turns":4},{"damage":32,"enemies":"2 Orb Walkers","floor":48,"turns":5},{"damage":53,"enemies":"Donu and Deca","floor":50,"turns":9},{"damage":0,"enemies":"Shield and Spear","floor":54,"turns":4},{"damage":85,"enemies":"The Heart","floor":55,"turns":6}],"seed_played":"5938817198115453511","potions_obtained":[{"floor":2,"key":"Fire Potion"},{"floor":4,"key":"Weak Potion"},{"floor":10,"key":"Block Potion"},{"floor":13,"key":"SkillPotion"},{"floor":14,"key":"AttackPotion"},{"floor":18,"key":"LiquidBronze"},{"floor":28,"key":"BlessingOfTheForge"},{"floor":29,"key":"GamblersBrew"},{"floor":30,"key":"Regen Potion"},{"floor":36,"key":"ColorlessPotion"},{"floor":45,"key":"DuplicationPotion"},{"floor":46,"key":"LiquidBronze"}],"is_trial":false,"path_per_floor":["M","M","?","M","M","R","M","R","T","E","M","?","M","E","R","B",null,"M","$","$","M","M","E","M","R","T","M","M","M","M","M","R","B",null,"M","M","$","M","?","E","M","R","T","R","?","M","?","?","R","B",null,"R","$","E","B"],"character_chosen":"KINOMOTOSAKURA","items_purchased":["KSMOD_TeddyBear","ClowCardTheLoop","ClowCardTheShadow","Shovel","theSenshi:SuperSailorFukuRelic","LiquidBronze"],"campfire_rested":4,"item_purchase_floors":[19,20,20,37,53,53],"current_hp_per_floor":[70,70,75,75,43,43,40,62,62,40,40,40,23,12,34,9,75,65,65,65,61,61,33,42,42,42,40,38,43,39,51,51,21,75,73,60,60,61,61,63,47,69,69,69,74,75,75,43,65,12,75,75,75,82,0,0],"gold":31,"neow_bonus":"THREE_ENEMY_KILL","is_daily":false,"chose_seed":false,"campfire_upgraded":2,"win_rate":0.0,"timestamp":1613934685,"path_taken":["M","M","?","M","M","R","M","R","T","E","M","?","M","E","R","BOSS","M","?","$","M","?","E","M","R","T","M","M","M","M","M","R","BOSS","M","M","$","M","?","E","M","R","T","R","?","M","?","?","R","BOSS","R","$","E","BOSS"],"items_purchased_type":["Relic","Card","Card","Relic","Relic","Potion"],"build_version":"2020-12-22","purchased_purges":0,"victory":false,"max_hp_per_floor":[70,70,75,75,75,75,75,75,75,75,75,75,75,75,75,75,75,75,75,75,75,75,75,75,75,75,75,75,75,75,75,75,75,75,75,75,75,75,75,75,75,75,75,75,75,75,75,75,75,75,75,75,75,82,82,82],"card_choices":[{"not_picked":["ClowCardTheCloud","ClowCardTheStorm"],"picked":"ClowCardTheEarthy","floor":1},{"not_picked":["ClowCardTheIllusion","ClowCardTheStorm"],"picked":"ClowCardTheArrow","floor":2},{"not_picked":["ClowCardTheEarthy","ClowCardTheChange"],"picked":"ClowCardTheWindy","floor":4},{"not_picked":["ClowCardTheCloud","ClowCardTheMove"],"picked":"ClowCardTheMist","floor":5},{"not_picked":["ClowCardTheFlower","ClowCardTheChange"],"picked":"ClowCardTheSand","floor":7},{"not_picked":["ClowCardTheWood","ClowCardTheChange"],"picked":"ClowCardTheShadow","floor":10},{"not_picked":["ClowCardTheWood","ClowCardTheMist"],"picked":"ClowCardTheRain","floor":11},{"not_picked":["ClowCardTheGlow","ClowCardTheSilent"],"picked":"ClowCardTheShot","floor":13},{"not_picked":["ClowCardTheDark","ClowCardTheSilent"],"picked":"ClowCardTheDream","floor":14},{"not_picked":["ClowCardTheTwin","ClowCardTheDark"],"picked":"ClowCardTheCreate","floor":16},{"not_picked":["ClowCardTheWave","ClowCardTheLibra"],"picked":"ClowCardTheWood+1","floor":18},{"not_picked":["ClowCardTheSand","ClowCardTheMist"],"picked":"ClowCardThePower+1","floor":21},{"not_picked":["ClowCardTheArrow","ClowCardTheSilent"],"picked":"ClowCardTheSweet","floor":22},{"not_picked":["ClowCardTheShadow+1","ClowCardTheSnow"],"picked":"ClowCardTheChange+1","floor":23},{"not_picked":["ClowCardTheChange+1","ClowCardTheSong"],"picked":"ClowCardTheWood+1","floor":24},{"not_picked":["ClowCardTheFly+1","ClowCardThePower"],"picked":"ClowCardTheMirror+1","floor":27},{"not_picked":["ClowCardTheMist+1","ClowCardTheWatery+1"],"picked":"ClowCardTheFreeze","floor":28},{"not_picked":["ClowCardTheRain+1","ClowCardTheArrow+1"],"picked":"ClowCardTheErase","floor":29},{"not_picked":["ClowCardTheFloat","ClowCardTheThunder"],"picked":"ClowCardTheFirey+1","floor":30},{"not_picked":["ClowCardTheRain+1","ClowCardTheVoice+1"],"picked":"ClowCardTheJump+1","floor":31},{"not_picked":["ClowCardTheReturn","ClowCardTheThunder"],"picked":"ClowCardTheTime+1","floor":33},{"not_picked":["ClowCardTheCloud+1","ClowCardTheSand+1"],"picked":"ClowCardTheIllusion+1","floor":35},{"not_picked":["ClowCardTheWood+1","ClowCardTheBubbles"],"picked":"ClowCardTheSand+1","floor":36},{"not_picked":["ClowCardTheSweet+1","ClowCardTheWindy+1"],"picked":"ClowCardTheLock+1","floor":38},{"not_picked":["ClowCardTheShot","ClowCardTheEarthy+1"],"picked":"ClowCardTheSnow+1","floor":40},{"not_picked":["ClowCardTheTwin","ClowCardTheWatery+1"],"picked":"ClowCardTheRain+1","floor":41},{"not_picked":["ClowCardTheArrow","ClowCardTheShadow+1"],"picked":"ClowCardTheBig+1","floor":45},{"not_picked":["ClowCardTheWave","ClowCardTheFly+1"],"picked":"ClowCardTheFloat+1","floor":46},{"not_picked":["ClowCardTheMirror+1","ClowCardTheRain+1"],"picked":"ClowCardTheLibra+1","floor":48},{"not_picked":["ClowCardTheBubbles","ClowCardTheShot"],"picked":"ClowCardTheFreeze+1","floor":54}],"player_experience":201247,"relics_obtained":[{"floor":10,"key":"Centennial Puzzle"},{"floor":14,"key":"Ginger"},{"floor":22,"key":"Happy Flower"},{"floor":23,"key":"Toxic Egg 2"},{"floor":26,"key":"Bronze Scales"},{"floor":40,"key":"Juzu Bracelet"},{"floor":43,"key":"KSMOD_TouyasBicycle"},{"floor":44,"key":"MealTicket"},{"floor":45,"key":"FossilizedHelix"},{"floor":48,"key":"KSMOD_Cerberus"},{"floor":52,"key":"StrikeDummy"},{"floor":54,"key":"Strawberry"}],"event_choices":[{"damage_healed":0,"gold_gain":0,"player_choice":"Donut","damage_taken":0,"max_hp_gain":5,"max_hp_loss":0,"event_name":"Big Fish","floor":3,"gold_loss":0},{"damage_healed":0,"gold_gain":0,"player_choice":"Forge","damage_taken":0,"max_hp_gain":0,"max_hp_loss":0,"event_name":"Accursed Blacksmith","floor":12,"gold_loss":0,"cards_upgraded":["SpellCardSeal"]},{"cards_removed":["Clumsy"],"damage_healed":0,"gold_gain":0,"player_choice":"Removed Curses","damage_taken":0,"max_hp_gain":0,"max_hp_loss":0,"event_name":"Fountain of Cleansing","floor":39,"gold_loss":0},{"damage_healed":0,"gold_gain":0,"player_choice":"Fight","damage_taken":0,"max_hp_gain":0,"max_hp_loss":0,"event_name":"MindBloom","floor":45,"gold_loss":0},{"cards_removed":["ClowCardTheSword"],"damage_healed":0,"gold_gain":0,"player_choice":"Removed Attack","damage_taken":0,"max_hp_gain":0,"max_hp_loss":0,"event_name":"Falling","floor":47,"gold_loss":0},{"damage_healed":0,"gold_gain":0,"player_choice":"Fight","damage_taken":0,"max_hp_gain":0,"max_hp_loss":0,"event_name":"Mysterious Sphere","floor":48,"gold_loss":0}],"is_beta":false,"boss_relics":[{"not_picked":["Empty Cage","Fusion Hammer"],"picked":"Cursed Key"},{"not_picked":["theSenshi:MoonKaleidoScopeRelic","Pandora\u0027s Box"],"picked":"Velvet Choker"}],"items_purged_floors":[],"is_endless":false,"potions_floor_spawned":[2,4,10,13,14,18,28,29,30,36,45,46],"killed_by":"The Heart","ascension_level":0}}