{"host":"ztzf20fs6w35ztzf","time":1613921469,"event":{"mods":["AchievementEnabler","AlwaysNeverKeys","BaseMod","BetterRewards","Colored Powertips","DeckTracker","Downfall","Grow up Mod","Lobotomy","Minty Spire (QoL Compilation)","Rare Cards Sparkle","Remove Card Discount Mod","Replay The Spire","StSLib","SuperFastMode"],"gold_per_floor":[117,129,141,133,168,168,227,255,255,299,326,363,93,128,128,213,213,240,240,264,305,338,389,427,476,476,476,476,499,507,507],"floor_reached":30,"language":"ENG","playtime":1746,"items_purged":["Defend_R","Defend_R","Defend_R","Defend_R","Juggernaut"],"score":615,"play_id":"2beea5c5-65c9-4611-b4b7-555d351e2ddc","local_time":"20210221233109","is_ascension_mode":true,"campfire_choices":[{"data":"Reaper","floor":6,"key":"SMITH"},{"floor":15,"key":"REST"},{"data":"Double Tap","floor":28,"key":"SMITH"}],"circlet_count":0,"master_deck":["AscendersBane","Strike_R","Strike_R","Strike_R","Strike_R+1","Strike_R","Bash","LittleHelper","Shrug It Off","Thunderclap","BlackSwan","Reaper+1","Scorched","Hemokinesis+1","BigBird","GalaxyChild","Combust","CrumblingArmor","Perfected Strike","FairyFestival","Flex","Bloodbath","OSAHOGD","Double Tap+1","NakedNest","QueenBee","Seeing Red","Woodsman","UniverseFragment","Fire Breathing","CENSORED","Armaments+1","MHz","Seeing Red","LittlePrince","Wellcheers","Flex+1","ReplayTheSpireMod:Muscle Training"],"relics":["Burning Blood","CogitoBucket","Iron Hammer","Replay:Towering Pillar of Hats","Replay:Bandana","Mummified Hand","Quantum Egg","BehaviorAdjustment","Replay:Mystery Machine","Matryoshka","Black Star","LuminousBracelet","Whetstone","Torii","MealTicket","Prayer Wheel","Bottled Flame","Juzu Bracelet","AtMidnight","ResearcherNote"],"acts_visited":["Exordium","TheCity"],"potions_floor_usage":[29],"damage_taken":[{"damage":15,"enemies":"Small Slimes","floor":1,"turns":3},{"damage":14,"enemies":"2 Louse","floor":2,"turns":3},{"damage":14,"enemies":"Jaw Worm","floor":3,"turns":4},{"damage":30,"enemies":"Gremlin Nob","floor":7,"turns":4},{"damage":30,"enemies":"3 Sentries","floor":8,"turns":3},{"damage":72,"enemies":"Lagavulin","floor":10,"turns":5},{"damage":0,"enemies":"Red Slaver","floor":11,"turns":1},{"damage":51,"enemies":"3 Sentries","floor":12,"turns":5},{"damage":15,"enemies":"Exordium Thugs","floor":14,"turns":3},{"damage":151,"enemies":"Hexaghost","floor":16,"turns":9},{"damage":26,"enemies":"Chosen","floor":18,"turns":4},{"damage":105,"enemies":"2 Thieves","floor":20,"turns":6},{"damage":1,"enemies":"3 Cultists","floor":21,"turns":3},{"damage":68,"enemies":"Snake Plant","floor":22,"turns":4},{"damage":154,"enemies":"Gremlin Leader","floor":23,"turns":8},{"damage":67,"enemies":"Cultist and Chosen","floor":24,"turns":5},{"damage":122,"enemies":"Slavers","floor":25,"turns":6},{"damage":667,"enemies":"Centurion and Healer","floor":29,"turns":41},{"damage":48,"enemies":"Colosseum Slavers","floor":30,"turns":4}],"seed_played":"-8386968354200844400","potions_obtained":[{"floor":2,"key":"SkillPotion"},{"floor":3,"key":"SmokeBomb"},{"floor":21,"key":"hexamod:SoulburnPotion"}],"is_trial":false,"path_per_floor":["M","M","M","$","?","R","?","E","T","E","M","E","$","M","R","B",null,"M","?","M","M","M","E","M","E","T","$","R","M","?"],"character_chosen":"IRONCLAD","items_purchased":["Matryoshka"],"campfire_rested":1,"item_purchase_floors":[13],"current_hp_per_floor":[79,81,83,93,103,113,108,109,119,63,79,56,66,86,163,45,205,197,212,141,177,143,133,146,165,175,200,210,382,366,366],"gold":507,"neow_bonus":"","is_daily":false,"chose_seed":false,"campfire_upgraded":2,"win_rate":0.0,"timestamp":1613921469,"path_taken":["M","M","M","$","?","R","?","E","T","E","M","E","$","M","R","BOSS","M","?","?","M","M","E","?","E","T","?","R","M","?"],"items_purchased_type":["Relic"],"build_version":"2020-12-22","purchased_purges":5,"victory":false,"max_hp_per_floor":[95,105,115,125,135,145,155,165,175,185,195,205,215,225,235,245,255,265,275,300,310,320,330,340,350,360,370,380,390,390,390],"card_choices":[{"not_picked":["Bloodbath","LongBird"],"picked":"LittleHelper","floor":1},{"not_picked":["Infernal Blade","Power Through"],"picked":"Shrug It Off","floor":1},{"not_picked":["CherryBlossoms","SpiderBud"],"picked":"LaLuna","floor":2},{"not_picked":["Defy Death","True Grit"],"picked":"Thunderclap","floor":2},{"not_picked":["OldLady","UniverseFragment"],"picked":"BlackSwan","floor":3},{"not_picked":["Thunderclap","ReplayTheSpireMod:LeadingStrike"],"picked":"Reaper","floor":3},{"not_picked":["CherryBlossoms","SilentOrchestra"],"picked":"Scorched","floor":7},{"not_picked":["ReplayTheSpireMod:Strike From Hell","Massacre"],"picked":"Hemokinesis","floor":7},{"not_picked":["CherryBlossoms","BeautyBeast"],"picked":"BigBird","floor":8},{"not_picked":["Flame Barrier","Run Through"],"picked":"Juggernaut","floor":8},{"not_picked":["OldLady","BeautyBeast"],"picked":"GalaxyChild","floor":10},{"not_picked":["Clash","Warcry"],"picked":"Combust","floor":10},{"not_picked":["RedShoes","CherryBlossoms"],"picked":"CrumblingArmor","floor":11},{"not_picked":["Fire Breathing","Headbutt"],"picked":"Perfected Strike","floor":11},{"not_picked":["Scarecrow","WallGazer"],"picked":"FairyFestival","floor":12},{"not_picked":["Whirlwind","Carnage"],"picked":"Flex","floor":12},{"not_picked":["DespairKnight","MeatLantern"],"picked":"Bloodbath","floor":14},{"not_picked":["Burning Pact","ReplayTheSpireMod:Corrosion Curse","Demonic Infusion"],"picked":"SKIP","floor":14},{"not_picked":["Burning Pact","ReplayTheSpireMod:Corrosion Curse","Demonic Infusion"],"picked":"SKIP","floor":14},{"not_picked":["DespairKnight","Freischutz"],"picked":"OSAHOGD","floor":16},{"not_picked":["Reaper","Juggernaut"],"picked":"Double Tap","floor":16},{"not_picked":["UniverseFragment","PunishingBird"],"picked":"NakedNest","floor":18},{"not_picked":["Clash","Second Wind","Carnage"],"picked":"SKIP","floor":18},{"not_picked":["Murderer","CherryBlossoms"],"picked":"QueenBee","floor":20},{"not_picked":["Sentinel+1","Iron Wave"],"picked":"Seeing Red","floor":20},{"not_picked":["HappyTeddy","CherryBlossoms"],"picked":"Woodsman","floor":21},{"not_picked":["ReplayTheSpireMod:Limb From Limb","ReplayTheSpireMod:Stacked","Replay:Undeath\u0027s Touch"],"picked":"SKIP","floor":21},{"not_picked":["FieryBird","Variant"],"picked":"UniverseFragment","floor":22},{"not_picked":["Exhume","Blood for Blood"],"picked":"Fire Breathing","floor":22},{"not_picked":["HeroicMonk","OldLady"],"picked":"CENSORED","floor":23},{"not_picked":["Warcry","Anger"],"picked":"Armaments+1","floor":23},{"not_picked":["BigBadWolf","BeautyBeast"],"picked":"MHz","floor":24},{"not_picked":["ReplayTheSpireMod:LeadingStrike","Defy Death"],"picked":"Seeing Red","floor":24},{"not_picked":["OldLady","RedShoes"],"picked":"LittlePrince","floor":25},{"not_picked":["Replay:Undeath\u0027s Touch","Ghostly Armor","Metallicize"],"picked":"SKIP","floor":25},{"not_picked":["Scarecrow","LaLuna"],"picked":"Wellcheers","floor":29},{"not_picked":["Replay:Undeath\u0027s Touch","Headbutt"],"picked":"Flex+1","floor":29},{"not_picked":["ReplayTheSpireMod:Strike From Hell","Rampage"],"picked":"ReplayTheSpireMod:Muscle Training","floor":29}],"player_experience":150440,"relics_obtained":[{"floor":5,"key":"Iron Hammer"},{"floor":7,"key":"Replay:Towering Pillar of Hats"},{"floor":8,"key":"Replay:Bandana"},{"floor":9,"key":"Mummified Hand"},{"floor":10,"key":"Quantum Egg"},{"floor":12,"key":"Replay:Mystery Machine"},{"floor":23,"key":"Whetstone"},{"floor":23,"key":"Torii"},{"floor":25,"key":"MealTicket"},{"floor":25,"key":"Prayer Wheel"},{"floor":26,"key":"Bottled Flame"},{"floor":26,"key":"Juzu Bracelet"},{"floor":29,"key":"AtMidnight"}],"event_choices":[{"damage_healed":0,"gold_gain":0,"player_choice":"Searched \u00271\u0027 times","damage_taken":0,"max_hp_gain":0,"max_hp_loss":0,"event_name":"Dead Adventurer","floor":7,"gold_loss":0},{"cards_removed":["LaLuna"],"damage_healed":5,"gold_gain":0,"player_choice":"Offered Special","damage_taken":0,"max_hp_gain":0,"max_hp_loss":0,"event_name":"Bonfire Elementals","floor":19,"gold_loss":0},{"damage_healed":0,"gold_gain":0,"player_choice":"Fight","damage_taken":0,"max_hp_gain":0,"max_hp_loss":0,"event_name":"Colosseum","floor":30,"gold_loss":0}],"is_beta":false,"boss_relics":[{"not_picked":["Velvet Choker","Replay:Grab Bag"],"picked":"Black Star"}],"items_purged_floors":[4,4,4,4,13],"is_endless":false,"potions_floor_spawned":[2,3,10,11,12,14,20,21,24,25,29],"killed_by":"Colosseum Slavers","ascension_level":17}}