{"host":"r4aerl4ckfvw1dw3","time":1613937903,"event":{"mods":["BaseMod","BetterRewards","Minty Spire (QoL Compilation)","Quick Restart","StSLib"],"gold_per_floor":[112,112,14,14,24,58,58,91,91,91,104,133,148,148,148,251,251,271,288,301,21,32,32,43,77,77,95,95,95,95,114,114,216,216,228,2,0,13,13,42,42,73,73,73,88,108,108,126,126,126],"floor_reached":51,"language":"ENG","playtime":3813,"items_purged":["Strike_B","Strike_B","Defend_B"],"score":965,"play_id":"446e54f9-b0ab-4372-8213-41c2e0fe91f4","local_time":"20210221120503","is_ascension_mode":true,"campfire_choices":[{"data":"Genetic Algorithm","floor":7,"key":"SMITH"},{"data":"Go for the Eyes","floor":10,"key":"SMITH"},{"data":"Hologram","floor":15,"key":"SMITH"},{"data":"Buffer","floor":23,"key":"SMITH"},{"data":"Dualcast","floor":28,"key":"SMITH"},{"floor":30,"key":"RECALL"},{"data":"Sweeping Beam","floor":32,"key":"SMITH"},{"data":"Electrodynamics","floor":41,"key":"SMITH"},{"data":"Doom and Gloom","floor":44,"key":"SMITH"},{"data":"Ball Lightning","floor":47,"key":"SMITH"},{"data":"Streamline","floor":49,"key":"SMITH"}],"circlet_count":0,"master_deck":["Defend_B","Defend_B","Defend_B","Zap+1","Dualcast+1","Go for the Eyes+1","Sweeping Beam","Genetic Algorithm+1","Chill","Go for the Eyes+1","Sweeping Beam+1","Hologram+1","Buffer+1","Barrage+1","Steam","Bandage Up","Gash+1","Steam+1","Stack","Turbo+1","Electrodynamics+1","Doom and Gloom+1","Streamline+1","Turbo","Static Discharge+1","Glacier","Ball Lightning+1","Leap+1"],"relics":["FrozenCore","NeowsBlessing","Gremlin Horn","Matryoshka","Happy Flower","Oddly Smooth Stone","Meat on the Bone","Inserter","Membership Card","Bag of Preparation","Strawberry","InkBottle","DataDisk","Red Mask","Shuriken","Smiling Mask","Ornamental Fan","Incense Burner"],"acts_visited":["Exordium","TheCity","TheBeyond"],"potions_floor_usage":[8,12,24,49],"damage_taken":[{"damage":0,"enemies":"Small Slimes","floor":1,"turns":1},{"damage":0,"enemies":"Cultist","floor":5,"turns":1},{"damage":0,"enemies":"3 Sentries","floor":6,"turns":1},{"damage":19,"enemies":"Gremlin Nob","floor":8,"turns":4},{"damage":2,"enemies":"2 Louse","floor":11,"turns":2},{"damage":16,"enemies":"3 Sentries","floor":12,"turns":9},{"damage":9,"enemies":"Gremlin Gang","floor":13,"turns":3},{"damage":14,"enemies":"Hexaghost","floor":16,"turns":12},{"damage":16,"enemies":"Chosen","floor":18,"turns":5},{"damage":2,"enemies":"Shell Parasite","floor":19,"turns":7},{"damage":4,"enemies":"Centurion and Healer","floor":20,"turns":8},{"damage":0,"enemies":"Snecko","floor":22,"turns":7},{"damage":0,"enemies":"3 Cultists","floor":24,"turns":5},{"damage":0,"enemies":"Book of Stabbing","floor":25,"turns":5},{"damage":0,"enemies":"Centurion and Healer","floor":27,"turns":7},{"damage":0,"enemies":"Cultist and Chosen","floor":31,"turns":5},{"damage":49,"enemies":"Automaton","floor":33,"turns":13},{"damage":8,"enemies":"3 Shapes","floor":35,"turns":2},{"damage":0,"enemies":"3 Darklings","floor":38,"turns":4},{"damage":0,"enemies":"Nemesis","floor":40,"turns":9},{"damage":21,"enemies":"Reptomancer","floor":42,"turns":6},{"damage":12,"enemies":"Writhing Mass","floor":45,"turns":9},{"damage":11,"enemies":"Sphere and 2 Shapes","floor":46,"turns":5},{"damage":0,"enemies":"Transient","floor":48,"turns":5},{"damage":5,"enemies":"Time Eater","floor":50,"turns":14}],"seed_played":"-6669943617133756743","potions_obtained":[{"floor":1,"key":"Swift Potion"},{"floor":11,"key":"Regen Potion"},{"floor":13,"key":"Dexterity Potion"},{"floor":22,"key":"SkillPotion"},{"floor":24,"key":"PotionOfCapacity"},{"floor":25,"key":"Strength Potion"},{"floor":45,"key":"Swift Potion"},{"floor":46,"key":"Regen Potion"},{"floor":48,"key":"Fruit Juice"}],"is_trial":false,"path_per_floor":["M","?","$","?","M","E","R","E","T","R","M","E","M","?","R","B",null,"M","M","M","$","M","R","M","E","T","M","R","?","R","M","R","B",null,"M","$","?","M","?","E","R","E","T","R","M","M","R","M","R","B",null],"character_chosen":"DEFECT","items_purchased":["Go for the Eyes","Membership Card","Dexterity Potion","Bandage Up","DataDisk","Doom and Gloom","Streamline","Turbo"],"campfire_rested":0,"item_purchase_floors":[3,21,21,21,36,36,36,36],"current_hp_per_floor":[75,75,75,68,68,68,68,49,49,49,47,46,49,49,49,47,68,52,50,46,46,50,50,54,58,65,69,69,69,69,73,73,40,72,64,64,64,68,68,72,72,55,55,55,47,52,52,56,61,60],"gold":126,"neow_bonus":"THREE_ENEMY_KILL","is_daily":false,"chose_seed":false,"campfire_upgraded":10,"win_rate":0.0,"timestamp":1613937903,"path_taken":["M","?","?","?","M","E","R","E","T","R","M","E","M","?","R","BOSS","M","M","?","$","M","R","M","E","T","M","R","?","R","M","R","BOSS","M","$","?","M","?","E","R","E","T","R","?","M","R","M","R","BOSS"],"items_purchased_type":["Card","Relic","Potion","Card","Relic","Card","Card","Card"],"build_version":"2020-12-22","purchased_purges":3,"victory":true,"max_hp_per_floor":[75,75,75,75,75,75,75,75,75,75,75,75,75,75,75,75,75,75,75,75,75,75,75,75,75,82,82,82,82,82,82,82,82,82,82,82,82,82,82,82,82,82,82,82,82,82,82,82,87,87],"card_choices":[{"not_picked":["Scrape","Darkness","Double Energy"],"picked":"SKIP","floor":1},{"not_picked":["Stack","Turbo"],"picked":"Sweeping Beam","floor":5},{"not_picked":["Double Energy","Compile Driver"],"picked":"Genetic Algorithm","floor":6},{"not_picked":["Amplify","Reprogram"],"picked":"Chill","floor":8},{"not_picked":["Steam","Stack"],"picked":"Go for the Eyes","floor":11},{"not_picked":["Fusion","Go for the Eyes"],"picked":"Sweeping Beam","floor":12},{"not_picked":["BootSequence","Barrage"],"picked":"Hologram","floor":13},{"not_picked":["Meteor Strike","Creative AI"],"picked":"Buffer","floor":16},{"not_picked":["Rebound","Go for the Eyes+1"],"picked":"Barrage+1","floor":18},{"not_picked":["Leap","Sweeping Beam"],"picked":"Steam","floor":19},{"not_picked":["Aggregate","Redo","Rebound"],"picked":"SKIP","floor":20},{"not_picked":["Auto Shields","Stack"],"picked":"Gash+1","floor":22},{"not_picked":["Leap","Heatsinks+1"],"picked":"Steam+1","floor":24},{"not_picked":["Self Repair+1","Cold Snap"],"picked":"Stack","floor":25},{"not_picked":["Hologram","Scrape+1"],"picked":"Turbo+1","floor":27},{"not_picked":["Go for the Eyes","Darkness+1","Rebound"],"picked":"SKIP","floor":31},{"not_picked":["Biased Cognition","Thunder Strike"],"picked":"Electrodynamics","floor":33},{"not_picked":["Compile Driver","Auto Shields+1","Fusion+1"],"picked":"SKIP","floor":35},{"not_picked":["Beam Cell","Double Energy","Conserve Battery+1"],"picked":"SKIP","floor":38},{"not_picked":["Skim","Stack"],"picked":"Static Discharge+1","floor":40},{"not_picked":["Sunder","Hello World"],"picked":"Glacier","floor":42},{"not_picked":["Rebound","Hyperbeam","Chaos"],"picked":"SKIP","floor":45},{"not_picked":["Doom and Gloom","Streamline+1"],"picked":"Ball Lightning","floor":46},{"not_picked":["Sweeping Beam","Rainbow"],"picked":"Leap+1","floor":48}],"player_experience":645214,"relics_obtained":[{"floor":6,"key":"Gremlin Horn"},{"floor":8,"key":"Matryoshka"},{"floor":9,"key":"Happy Flower"},{"floor":9,"key":"Oddly Smooth Stone"},{"floor":12,"key":"Meat on the Bone"},{"floor":25,"key":"Bag of Preparation"},{"floor":26,"key":"Strawberry"},{"floor":26,"key":"InkBottle"},{"floor":40,"key":"Smiling Mask"},{"floor":42,"key":"Ornamental Fan"},{"floor":43,"key":"Incense Burner"}],"event_choices":[{"damage_healed":0,"gold_gain":0,"player_choice":"Forge","damage_taken":0,"max_hp_gain":0,"max_hp_loss":0,"event_name":"Accursed Blacksmith","floor":2,"gold_loss":0,"cards_upgraded":["Zap"]},{"cards_removed":["Strike_B"],"damage_healed":0,"gold_gain":0,"player_choice":"Card Removal","damage_taken":7,"max_hp_gain":0,"max_hp_loss":0,"event_name":"Golden Wing","floor":4,"gold_loss":0},{"damage_healed":0,"gold_gain":0,"player_choice":"Upgraded","damage_taken":0,"max_hp_gain":0,"max_hp_loss":0,"event_name":"Upgrade Shrine","floor":14,"gold_loss":0,"cards_upgraded":["Go for the Eyes"]},{"cards_removed":["Strike_B"],"damage_healed":0,"gold_gain":0,"player_choice":"Purged","damage_taken":0,"max_hp_gain":0,"max_hp_loss":0,"event_name":"Purifier","floor":29,"gold_loss":0},{"damage_healed":0,"gold_gain":0,"player_choice":"Paid","damage_taken":0,"relics_obtained":["Red Mask"],"max_hp_gain":0,"max_hp_loss":0,"event_name":"Tomb of Lord Red Mask","floor":37,"gold_loss":2},{"damage_healed":0,"gold_gain":0,"player_choice":"Gave Potion","damage_taken":0,"relics_obtained":["Shuriken"],"max_hp_gain":0,"max_hp_loss":0,"event_name":"WeMeetAgain","floor":39,"gold_loss":0}],"is_beta":false,"boss_relics":[{"not_picked":["Calling Bell","Pandora\u0027s Box"],"picked":"Inserter"},{"not_picked":["Black Star","Fusion Hammer"],"picked":"FrozenCore"}],"items_purged_floors":[3,21,36],"is_endless":false,"potions_floor_spawned":[1,11,13,22,24,25,45,46,48],"ascension_level":5}}