{"host":"xg4r5pv6chpuampg","time":1613899954,"event":{"mods":["AchievementEnabler","BaseMod","Googly Eyes","Minty Spire (QoL Compilation)","StSLib","Together in Spire"],"gold_per_floor":[116,191,191,191,211,245,245,245,245],"floor_reached":8,"language":"ENG","playtime":316,"items_purged":[],"score":57,"play_id":"642fb0f0-d58f-4c09-9658-3d0e302aa261","local_time":"20210221123234","is_ascension_mode":true,"campfire_choices":[],"circlet_count":0,"master_deck":["Strike_P","Strike_P","Strike_P","Strike_P","Defend_P","Defend_P+1","Defend_P","Defend_P+1","Eruption","Vigilance","EmptyFist","SignatureMove","Alpha"],"relics":["PureWater","Tiny Chest","Bottled Flame","CloakClasp"],"acts_visited":["Exordium"],"potions_floor_usage":[],"damage_taken":[{"damage":0,"enemies":"2 Louse","floor":1,"turns":1},{"damage":0,"enemies":"Small Slimes","floor":5,"turns":2},{"damage":33,"enemies":"3 Sentries","floor":6,"turns":13},{"damage":19,"enemies":"Lagavulin","floor":8,"turns":5}],"seed_played":"8143742669544556549","potions_obtained":[{"floor":6,"key":"Ambrosia"}],"is_trial":false,"path_per_floor":["M","?","?","?","M","E","T","E"],"character_chosen":"WATCHER","items_purchased":[],"campfire_rested":0,"item_purchase_floors":[],"current_hp_per_floor":[72,61,47,52,52,19,19,0,0],"gold":245,"neow_bonus":"RANDOM_COMMON_RELIC","is_daily":false,"chose_seed":false,"campfire_upgraded":0,"win_rate":0.0,"timestamp":1613899954,"path_taken":["M","?","?","?","M","E","?","E"],"items_purchased_type":[],"build_version":"2020-12-22","purchased_purges":0,"victory":false,"max_hp_per_floor":[72,72,72,77,77,77,77,77,77],"card_choices":[{"not_picked":["EmptyBody","ThirdEye"],"picked":"EmptyFist","floor":1},{"not_picked":["ForeignInfluence","Prostrate"],"picked":"SignatureMove","floor":5},{"not_picked":["WindmillStrike","CrushJoints"],"picked":"Alpha","floor":6}],"player_experience":148633,"relics_obtained":[{"floor":6,"key":"Bottled Flame"},{"floor":7,"key":"CloakClasp"}],"event_choices":[{"damage_healed":0,"gold_gain":75,"player_choice":"Gather Gold","damage_taken":11,"max_hp_gain":0,"max_hp_loss":0,"event_name":"World of Goop","floor":2,"gold_loss":0},{"damage_healed":0,"gold_gain":0,"player_choice":"Entered Light","damage_taken":14,"max_hp_gain":0,"max_hp_loss":0,"event_name":"Shining Light","floor":3,"gold_loss":0,"cards_upgraded":["Defend_P","Defend_P"]},{"damage_healed":0,"gold_gain":0,"player_choice":"Donut","damage_taken":0,"max_hp_gain":5,"max_hp_loss":0,"event_name":"Big Fish","floor":4,"gold_loss":0}],"is_beta":false,"boss_relics":[],"items_purged_floors":[],"is_endless":false,"potions_floor_spawned":[6],"killed_by":"Lagavulin","ascension_level":1}}