{"host":"3p4eynvdmgjf7qvn","time":1613897551,"event":{"mods":["Aspiration","BaseMod","Better Note","Better Skull","Colored Map","Colored Powertips","Downfall","Hermit","Hubris","Minty Spire (QoL Compilation)","Relic Stats","Robot Space Explorer","StSLib","The Bug Knight","The Disciple","The Forsaken","The Hierophant","The Jungle","The Marked","The Necromancer","TheBandit"],"gold_per_floor":[11,11,11,30,47,73,73,90,117,130,146,165,14,49,49,151,151,151,151,164,21,21,21,21,21,21,35,35,35,53,88,100,112,112],"floor_reached":33,"language":"ENG","playtime":3599,"items_purged":[],"score":327,"play_id":"c008501a-712d-41ed-8b15-963646ef0d93","local_time":"20210221095231","is_ascension_mode":false,"campfire_choices":[{"data":"PatternShift","floor":7.0,"key":"SMITH"},{"data":"sneckomod:UnknownClassROBOT_ORANGE_COLOR","floor":15.0,"key":"SMITH"},{"floor":25.0,"key":"RECALL"},{"data":"theMarked:ComboAttacks","floor":29.0,"key":"SMITH"},{"data":"Transmutation","floor":32.0,"key":"SMITH"}],"circlet_count":0,"master_deck":["Strike_Br","Strike_Br","Strike_Br","Strike_Br","Defend_Br","Defend_Br","Defend_Br","Defend_Br","SecondHand","PatternShift+1","Master of Strategy","ExoVibe","WindUp","Allegro+1","ReapSow","ReapSow","LockedThread","sneckomod:UnknownClassROBOT_ORANGE_COLOR+1","Transmutation+1","theMarked:ComboAttacks+1","Masterful Stab","sneckomod:UnknownX+1"],"relics":["Chronometer","hubris:Icosahedron","NlothsMask","aspiration:AnachronicSnailShell","PrismaticShard","Potion Belt","aspiration:WatcherSkillbook","Chemical X","Vajra","hubris:BottledHeart","MawBank"],"acts_visited":["Exordium","TheCity"],"potions_floor_usage":[33],"damage_taken":[{"damage":3.0,"enemies":"Jaw Worm","floor":1.0,"turns":5.0},{"damage":4.0,"enemies":"Cultist","floor":4.0,"turns":7.0},{"damage":2.0,"enemies":"2 Louse","floor":5.0,"turns":5.0},{"damage":0.0,"enemies":"Gremlin Nob","floor":6.0,"turns":7.0},{"damage":0.0,"enemies":"Blue Slaver","floor":8.0,"turns":5.0},{"damage":1.0,"enemies":"2 Fungi Beasts","floor":10.0,"turns":4.0},{"damage":1.0,"enemies":"Large Slime","floor":11.0,"turns":5.0},{"damage":0.0,"enemies":"Blue Slaver","floor":12.0,"turns":4.0},{"damage":6.0,"enemies":"HollowMod:MossKnight","floor":14.0,"turns":6.0},{"damage":3.0,"enemies":"Hexaghost","floor":16.0,"turns":9.0},{"damage":0.0,"enemies":"3 Byrds","floor":18.0,"turns":2.0},{"damage":27.0,"enemies":"Chosen","floor":20.0,"turns":7.0},{"damage":0.0,"enemies":"Shelled Parasite and Fungi","floor":27.0,"turns":4.0},{"damage":0.0,"enemies":"Cultist and Chosen","floor":30.0,"turns":7.0},{"damage":0.0,"enemies":"Slavers","floor":31.0,"turns":5.0},{"damage":5,"enemies":"Collector","floor":33,"turns":6}],"seed_played":"-4170934680328442134","potions_obtained":[{"floor":1.0,"key":"ColorlessPotion"},{"floor":5.0,"key":"SpeedPotion"},{"floor":6.0,"key":"DuplicationPotion"},{"floor":11.0,"key":"SmokeBomb"},{"floor":22.0,"key":"CultistPotion"},{"floor":22.0,"key":"Fruit Juice"},{"floor":22.0,"key":"AttackPotion"},{"floor":30.0,"key":"bronze:BurnAndBuffPotion"}],"is_trial":false,"path_per_floor":["M","?","?","M","M","E","R","M","T","M","M","M","$","E","R","B",null,"M","?","M","$","?","?","?","R","T","M","$","R","M","E","R","B"],"character_chosen":"CHRONO_CLASS","items_purchased":["PrismaticShard","Chemical X"],"campfire_rested":0,"item_purchase_floors":[13,21],"current_hp_per_floor":[62,62,62,58,56,56,56,56,56,55,54,54,54,65,65,62,65,65,65,38,38,38,25,1,1,1,1,1,1,1,1,1,0,0],"gold":112,"neow_bonus":"RANDOM_COLORLESS_2","is_daily":false,"chose_seed":false,"campfire_upgraded":4,"win_rate":0.0,"timestamp":1613897551,"path_taken":["M","?","?","M","?","E","R","?","T","M","M","M","?","E","R","BOSS","M","?","?","$","?","?","?","R","T","?","?","R","M","E","R","BOSS"],"items_purchased_type":["Relic","Relic"],"build_version":"2020-12-22","purchased_purges":0,"victory":false,"max_hp_per_floor":[65,65,65,65,65,65,65,65,65,65,65,65,65,65,65,65,65,65,65,65,65,65,65,1,1,1,1,1,1,1,1,1,1,1],"relic_stats":{"counters":[16,88],"Chemical X":[6],"MawBank":24,"obtain_stats":[{"Potion Belt":14,"hubris:Icosahedron":2,"Chronometer":0,"hubris:BottledHeart":24,"aspiration:AnachronicSnailShell":6,"aspiration:WatcherSkillbook":17,"Vajra":23,"Chemical X":21,"PrismaticShard":13,"MawBank":31,"NlothsMask":3},{"Potion Belt":9,"hubris:Icosahedron":1,"Chronometer":0,"hubris:BottledHeart":12,"aspiration:AnachronicSnailShell":4,"aspiration:WatcherSkillbook":10,"Vajra":12,"Chemical X":12,"PrismaticShard":8,"MawBank":15,"NlothsMask":1},{"Potion Belt":48,"hubris:Icosahedron":5,"Chronometer":0,"hubris:BottledHeart":66,"aspiration:AnachronicSnailShell":24,"aspiration:WatcherSkillbook":57,"Vajra":66,"Chemical X":66,"PrismaticShard":42,"MawBank":82,"NlothsMask":5}]},"card_choices":[{"not_picked":["Violence","Mayhem"],"picked":"Master of Strategy","floor":0.0},{"not_picked":["LockedUrn","LockedMercury"],"picked":"ExoVibe","floor":1.0},{"not_picked":["BeatsPerMinute","LockedMercury","Cuckoo"],"picked":"SKIP","floor":4.0},{"not_picked":["Tempo","Echoward"],"picked":"WindUp","floor":5.0},{"not_picked":["LockedAnchor","LockedTurtyl","Engulf"],"picked":"SKIP","floor":6.0},{"not_picked":["CrunchTime","LockedMercury","Engulf"],"picked":"SKIP","floor":8.0},{"not_picked":["TickedOff","OldTimer"],"picked":"ReapSow","floor":10.0},{"not_picked":["LockedMedicine","Break"],"picked":"ReapSow","floor":11.0},{"not_picked":["BeatsPerMinute","LockedMedicine"],"picked":"LockedThread","floor":12.0},{"not_picked":["champ:Shatter","bronze:MaxOutput"],"picked":"sneckomod:UnknownClassROBOT_ORANGE_COLOR","floor":14.0},{"not_picked":["champ:DancingMaster","Multi-Cast"],"picked":"Transmutation","floor":16.0},{"not_picked":["RobotSpaceExplorer:ImprovisedAttack","Slimebound:HauntingLick","bronze:BitShift+1"],"picked":"theMarked:ComboAttacks","floor":20.0},{"not_picked":["theMarked:Determination+1","champ:Duel+1","wariomod:SpaceSwap+1"],"picked":"Masterful Stab","floor":27.0},{"not_picked":["sneckomod:UnknownClassGREEN","hierophant:AuricBeam+1","hermit:PistolWhip","bronze:GetLatest"],"picked":"SKIP","floor":30.0},{"not_picked":["hermit:Manifest+1","hierophant:OrnateBuckler","OldTimer"],"picked":"sneckomod:UnknownX+1","floor":31.0}],"player_experience":300509,"relics_obtained":[{"floor":6.0,"key":"aspiration:AnachronicSnailShell"},{"floor":14.0,"key":"Potion Belt"},{"floor":31.0,"key":"MawBank"}],"event_choices":[{"damage_healed":0.0,"max_hp_gain":0.0,"max_hp_loss":0.0,"gold_gain":0.0,"event_name":"FaceTrader","player_choice":"Trade","floor":3.0,"gold_loss":0.0,"damage_taken":0.0,"relics_obtained":["NlothsMask"]},{"damage_healed":0.0,"max_hp_gain":0.0,"max_hp_loss":0.0,"gold_gain":0.0,"event_name":"The Woman in Blue","player_choice":"Bought 0 Potions","floor":19.0,"gold_loss":0.0,"damage_taken":0.0},{"damage_healed":0.0,"max_hp_gain":0.0,"max_hp_loss":0.0,"gold_gain":0.0,"event_name":"Lab","player_choice":"Got Potions","floor":22.0,"gold_loss":0.0,"damage_taken":0.0},{"damage_healed":0.0,"max_hp_gain":0.0,"max_hp_loss":0.0,"gold_gain":0.0,"event_name":"betterSkull:BetterSkull","player_choice":"RE ","floor":23.0,"gold_loss":0.0,"damage_taken":15.0,"cards_upgraded":[],"relics_obtained":["Vajra"]}],"is_beta":false,"boss_relics":[{"not_picked":["hubris:RunicObelisk","Sozu"],"picked":"aspiration:WatcherSkillbook"}],"items_purged_floors":[],"is_endless":false,"potions_floor_spawned":[1,5,6,11,18,30],"killed_by":"Collector","ascension_level":0}}