{"host":"7zq0fgva91iwgkd5","time":1613934988,"event":{"mods":["AchievementEnabler","BaseMod","Bestiary","Card Forge","Colored Map","Curses Come First","DeckTracker","Minty Spire (QoL Compilation)","Quick Restart","Rare Cards Sparkle","Remove Card Discount Mod","StSLib"],"gold_per_floor":[112,125,125,145,159,159,193,193,193,193,203,258,258,289,289,360,360,382,407,439,451,463,503,529,541,541],"floor_reached":25,"language":"ENG","playtime":726,"items_purged":[],"score":489,"play_id":"1a0f9af5-36e9-4ad9-9d60-22677da04e31","local_time":"20210221201628","is_ascension_mode":true,"campfire_choices":[{"data":"Clothesline","floor":6,"key":"SMITH"},{"data":"Reaper","floor":8,"key":"SMITH"},{"data":"Shockwave","floor":13,"key":"SMITH"},{"data":"Spot Weakness","floor":15,"key":"SMITH"}],"circlet_count":0,"master_deck":["AscendersBane","Strike_R+1","Strike_R+1","Defend_R+1","Defend_R+1","Bash+1","Cleave+1","Feed+1","Flame Barrier+1","Ghostly Armor+1","Immolate+1","Uppercut+1","Clothesline+1","Impervious+1","Reaper+1","Shockwave+1","Spot Weakness+1","Barricade+1","CurseOfTheBell","Pommel Strike+1","Feed+1","Double Tap"],"relics":["Burning Blood","Hammer of Thor","Seething Fire","Anvil of the Gods","Sundial","WingedGreaves","Incense Burner","Dream Catcher","Calling Bell","MawBank","Pantograph","Bird Faced Urn","Whetstone"],"acts_visited":["Exordium","TheCity"],"potions_floor_usage":[12,23,25],"damage_taken":[{"damage":0,"enemies":"Small Slimes","floor":1,"turns":3},{"damage":7,"enemies":"2 Louse","floor":2,"turns":2},{"damage":9,"enemies":"Jaw Worm","floor":4,"turns":2},{"damage":0,"enemies":"Blue Slaver","floor":5,"turns":2},{"damage":2,"enemies":"Lagavulin","floor":7,"turns":5},{"damage":4,"enemies":"Exordium Wildlife","floor":11,"turns":2},{"damage":12,"enemies":"Gremlin Nob","floor":12,"turns":3},{"damage":0,"enemies":"3 Sentries","floor":14,"turns":2},{"damage":34,"enemies":"The Guardian","floor":16,"turns":9},{"damage":20,"enemies":"Shell Parasite","floor":18,"turns":4},{"damage":13,"enemies":"Spheric Guardian","floor":19,"turns":4},{"damage":25,"enemies":"Snecko","floor":20,"turns":5},{"damage":26,"enemies":"Gremlin Leader","floor":23,"turns":7},{"damage":36,"enemies":"Shelled Parasite and Fungi","floor":24,"turns":6},{"damage":31,"enemies":"Book of Stabbing","floor":25,"turns":4}],"seed_played":"-704982636097026180","potions_obtained":[{"floor":1,"key":"Dexterity Potion"},{"floor":5,"key":"DuplicationPotion"},{"floor":12,"key":"Ancient Potion"},{"floor":23,"key":"Explosive Potion"}],"is_trial":false,"path_per_floor":["M","M","$","M","M","R","E","R","T","?","M","?","R","E","R","B",null,"M","M","M","?","?","E","M","E"],"character_chosen":"IRONCLAD","items_purchased":[],"campfire_rested":0,"item_purchase_floors":[],"current_hp_per_floor":[85,84,84,81,86,86,86,86,86,86,90,88,88,98,98,71,91,77,72,62,62,62,42,30,0,0],"gold":541,"neow_bonus":"TEN_PERCENT_HP_BONUS","is_daily":false,"chose_seed":false,"campfire_upgraded":4,"win_rate":0.0,"timestamp":1613934988,"path_taken":["M","M","$","M","M","R","E","R","T","?","M","?","R","E","R","BOSS","M","M","M","?","?","E","?","E"],"items_purchased_type":[],"build_version":"2020-12-22","purchased_purges":0,"victory":false,"max_hp_per_floor":[86,86,86,86,86,86,86,86,86,86,90,94,94,98,98,98,98,98,98,98,98,98,98,102,102,102],"card_choices":[{"not_picked":["Heavy Blade","Body Slam"],"picked":"Clothesline","floor":1},{"not_picked":["Warcry","Feel No Pain"],"picked":"Impervious","floor":2},{"not_picked":["Heavy Blade","Second Wind","Sword Boomerang"],"picked":"SKIP","floor":4},{"not_picked":["True Grit","Bloodletting","Clash"],"picked":"SKIP","floor":5},{"not_picked":["Reckless Charge","True Grit"],"picked":"Reaper","floor":7},{"not_picked":["Heavy Blade","Burning Pact","Thunderclap"],"picked":"SKIP","floor":11},{"not_picked":["Iron Wave","Havoc"],"picked":"Shockwave","floor":12},{"not_picked":["Havoc","Bloodletting"],"picked":"Spot Weakness","floor":14},{"not_picked":["Reaper","Offering"],"picked":"Barricade","floor":16},{"not_picked":["Power Through+1","Twin Strike","Iron Wave"],"picked":"SKIP","floor":18},{"not_picked":["Twin Strike","Sword Boomerang"],"picked":"Pommel Strike","floor":19},{"not_picked":["Rampage","Uppercut","Cleave+1"],"picked":"SKIP","floor":20},{"not_picked":["Pommel Strike","Clothesline"],"picked":"Double Tap","floor":23},{"not_picked":["Iron Wave","Clothesline+1","Wild Strike+1"],"picked":"SKIP","floor":24}],"player_experience":181077,"relics_obtained":[{"floor":7,"key":"Sundial"},{"floor":9,"key":"WingedGreaves"},{"floor":12,"key":"Incense Burner"},{"floor":14,"key":"Dream Catcher"},{"floor":17,"key":"MawBank"},{"floor":17,"key":"Pantograph"},{"floor":17,"key":"Bird Faced Urn"},{"floor":23,"key":"Whetstone"}],"event_choices":[{"damage_healed":0,"gold_gain":0,"player_choice":"Ignored","damage_taken":0,"max_hp_gain":0,"max_hp_loss":0,"event_name":"Shining Light","floor":10,"gold_loss":0},{"damage_healed":0,"gold_gain":30,"player_choice":"Searched \u00272\u0027 times","damage_taken":0,"max_hp_gain":0,"max_hp_loss":0,"event_name":"Dead Adventurer","floor":12,"gold_loss":0},{"damage_healed":0,"gold_gain":0,"player_choice":"Read","damage_taken":0,"max_hp_gain":0,"max_hp_loss":0,"event_name":"The Library","floor":21,"gold_loss":0,"cards_obtained":["Feed"]},{"cards_removed":["Anger"],"damage_healed":0,"gold_gain":0,"player_choice":"Elegance","damage_taken":0,"max_hp_gain":0,"max_hp_loss":0,"event_name":"Back to Basics","floor":22,"gold_loss":0}],"is_beta":false,"boss_relics":[{"not_picked":["Empty Cage","Black Star"],"picked":"Calling Bell"}],"items_purged_floors":[],"is_endless":false,"potions_floor_spawned":[1,5,12,14,16,23,24],"killed_by":"Book of Stabbing","ascension_level":16}}