{"host":"tf5skwcwe0vlu2md","time":1613905357,"event":{"mods":["BaseMod","Downfall","Highlight Path","Minty Spire (QoL Compilation)","Quick Restart","StSLib","The Hierophant"],"gold_per_floor":[112,112,132,132,3,3,34,57,93,140,164,176,221,243,255,370,382,411,437,484,513,535,547,593,605,643,755,784,796,820,865,877,889,889],"floor_reached":33,"playtime":2349,"items_purged":[],"score":382,"play_id":"883f24f3-6e10-4457-8fef-567203bf8d62","local_time":"20210221220237","is_ascension_mode":true,"campfire_choices":[{"data":"Dramatic Entrance","floor":6,"key":"SMITH"},{"data":"Self Repair","floor":12,"key":"SMITH"},{"data":"Streamline","floor":15,"key":"SMITH"},{"data":"Zap","floor":23,"key":"SMITH"},{"data":"Double Energy","floor":25,"key":"SMITH"},{"data":"Biased Cognition","floor":32,"key":"SMITH"}],"circlet_count":0,"master_deck":["Strike_B","Strike_B","Strike_B","Strike_B","Defend_B","Defend_B","Defend_B","Defend_B","Zap+1","Dualcast+1","Leap","Leap","Self Repair+1","Dramatic Entrance+1","Streamline+1","Streamline","Double Energy+1","Hologram","Ball Lightning","BootSequence","Biased Cognition+1","Turbo+1","Compile Driver","Static Discharge+1","Meteor Strike","Coolheaded","Sunder","Amplify+1","Leap+1"],"relics":["FrozenCore","MawBank","InkBottle","Centennial Puzzle","Red Mask","Toxic Egg 2","Omamori","Bird Faced Urn","The Courier","Question Card"],"acts_visited":["Exordium","TheCity"],"potions_floor_usage":[13,18,21,24,31,33],"damage_taken":[{"damage":8,"enemies":"2 Louse","floor":1,"turns":3},{"damage":12,"enemies":"Jaw Worm","floor":3,"turns":3},{"damage":44,"enemies":"Gremlin Nob","floor":7,"turns":5},{"damage":0,"enemies":"Cultist","floor":8,"turns":2},{"damage":12,"enemies":"3 Sentries","floor":10,"turns":5},{"damage":0,"enemies":"Exordium Thugs","floor":11,"turns":3},{"damage":0,"enemies":"Lagavulin","floor":13,"turns":6},{"damage":0,"enemies":"3 Louse","floor":14,"turns":2},{"damage":22,"enemies":"The Guardian","floor":16,"turns":11},{"damage":9,"enemies":"Shell Parasite","floor":18,"turns":3},{"damage":3,"enemies":"Chosen","floor":19,"turns":5},{"damage":16,"enemies":"Masked Bandits","floor":20,"turns":7},{"damage":8,"enemies":"Snake Plant","floor":21,"turns":3},{"damage":8,"enemies":"Cultist and Chosen","floor":22,"turns":7},{"damage":18,"enemies":"Slavers","floor":24,"turns":6},{"damage":2,"enemies":"Colosseum Slavers","floor":27,"turns":4},{"damage":29,"enemies":"Colosseum Nobs","floor":27,"turns":4},{"damage":19,"enemies":"Snecko","floor":28,"turns":4},{"damage":11,"enemies":"Chosen and Byrds","floor":30,"turns":7},{"damage":45,"enemies":"Gremlin Leader","floor":31,"turns":9},{"damage":35,"enemies":"Champ","floor":33,"turns":10}],"seed_played":"-670821421480782836","potions_obtained":[{"floor":8,"key":"LiquidBronze"},{"floor":10,"key":"LiquidMemories"},{"floor":11,"key":"ColorlessPotion"},{"floor":13,"key":"champ:CounterPotion"},{"floor":16,"key":"Ancient Potion"},{"floor":20,"key":"champ:CounterPotion"},{"floor":27,"key":"Strength Potion"},{"floor":28,"key":"EssenceOfDarkness"}],"is_trial":false,"path_per_floor":["M","?","M","?","$","R","E","M","T","E","M","R","E","M","R","B",null,"M","M","?","M","M","R","E","R","T","?","M","$","M","E","R","B"],"character_chosen":"DEFECT","items_purchased":["Self Repair","Dramatic Entrance"],"campfire_rested":0,"item_purchase_floors":[5,5],"current_hp_per_floor":[74,74,62,67,67,67,30,30,30,25,32,32,42,42,42,30,87,87,87,81,83,85,85,67,67,67,56,51,51,54,25,25,0,0],"gold":889,"neow_bonus":"TEN_PERCENT_HP_BONUS","is_daily":false,"chose_seed":false,"campfire_upgraded":6,"win_rate":0.0,"timestamp":1613905357,"path_taken":["M","?","M","?","?","R","E","?","T","E","M","R","E","M","R","BOSS","M","M","?","M","M","R","E","R","T","?","M","$","?","E","R","BOSS"],"items_purchased_type":["Card","Card"],"build_version":"2020-12-13","purchased_purges":0,"victory":false,"max_hp_per_floor":[82,82,82,87,87,87,87,87,87,87,87,87,87,87,87,87,87,87,87,87,87,87,87,87,87,87,87,87,87,87,87,87,87,87],"card_choices":[{"not_picked":["Darkness","Lockon"],"picked":"Leap","floor":1},{"not_picked":["Hologram","Steam"],"picked":"Leap","floor":3},{"not_picked":["Cold Snap","Storm"],"picked":"Streamline","floor":7},{"not_picked":["Steam","Lockon"],"picked":"Streamline","floor":8},{"not_picked":["Gash","Reinforced Body"],"picked":"Double Energy","floor":10},{"not_picked":["Tempest","Barrage"],"picked":"Hologram","floor":11},{"not_picked":["Coolheaded","Compile Driver"],"picked":"Ball Lightning","floor":13},{"not_picked":["Sweeping Beam","Chill"],"picked":"BootSequence","floor":14},{"not_picked":["Creative AI","Fission"],"picked":"Biased Cognition","floor":16},{"not_picked":["Go for the Eyes","Redo+1"],"picked":"Turbo+1","floor":18},{"not_picked":["Go for the Eyes","BootSequence"],"picked":"Compile Driver","floor":19},{"not_picked":["Coolheaded","Leap"],"picked":"Static Discharge+1","floor":20},{"not_picked":["Sweeping Beam+1","Cold Snap+1"],"picked":"Meteor Strike","floor":21},{"not_picked":["Conserve Battery","Steam"],"picked":"Coolheaded","floor":22},{"not_picked":["Gash","Creative AI","Sweeping Beam"],"picked":"SKIP","floor":24},{"not_picked":["Hologram+1","Cold Snap"],"picked":"Sunder","floor":27},{"not_picked":["Leap+1","Cold Snap","Compile Driver"],"picked":"SKIP","floor":28},{"not_picked":["Steam+1","Leap+1"],"picked":"Amplify+1","floor":30},{"not_picked":["Streamline","Static Discharge"],"picked":"Leap+1","floor":31}],"player_experience":302449,"relics_obtained":[{"floor":7,"key":"MawBank"},{"floor":10,"key":"InkBottle"},{"floor":13,"key":"Centennial Puzzle"},{"floor":20,"key":"Red Mask"},{"floor":24,"key":"Toxic Egg 2"},{"floor":26,"key":"Omamori"},{"floor":27,"key":"Bird Faced Urn"},{"floor":27,"key":"The Courier"},{"floor":31,"key":"Question Card"}],"event_choices":[{"damage_healed":0,"gold_gain":0,"player_choice":"Grow","damage_taken":0,"max_hp_gain":0,"max_hp_loss":0,"event_name":"Living Wall","floor":2,"gold_loss":0,"cards_upgraded":["Dualcast"]},{"damage_healed":0,"gold_gain":0,"player_choice":"Donut","damage_taken":0,"max_hp_gain":5,"max_hp_loss":0,"event_name":"Big Fish","floor":4,"gold_loss":0},{"damage_healed":0,"gold_gain":0,"player_choice":"Fought Bandits","damage_taken":0,"max_hp_gain":0,"max_hp_loss":0,"event_name":"Masked Bandits","floor":20,"gold_loss":0},{"damage_healed":0,"gold_gain":0,"player_choice":"Fight","damage_taken":0,"max_hp_gain":0,"max_hp_loss":0,"event_name":"Colosseum","floor":27,"gold_loss":0},{"damage_healed":0,"gold_gain":0,"player_choice":"Fought Nobs","damage_taken":0,"max_hp_gain":0,"max_hp_loss":0,"event_name":"Colosseum","floor":27,"gold_loss":0}],"is_beta":false,"boss_relics":[{"not_picked":["Ectoplasm","Sozu"],"picked":"FrozenCore"}],"items_purged_floors":[],"is_endless":false,"potions_floor_spawned":[8,10,11,13,16,20,27,28],"killed_by":"Champ","ascension_level":3}}