{"host":"anox4050deqdcqoh","time":1613893441,"event":{"mods":["BaseMod","Colored Map","Displayed Cursed Tome","Highlight Path","Minty Spire (QoL Compilation)","Quick Restart","Rare Cards Sparkle","everything is the same but u backflip on backflip"],"gold_per_floor":[114,45,64,75,90,123,123,48,72,72,99,110,136,155,155,259,259,274,274,289,306,306,306,334,334,361,396,356,381,92,107,107,202,202,213,267,336,354,26,26,26,40,66,85,34,34,52,81,81,81],"floor_reached":51,"language":"ENG","playtime":4073,"items_purged":["Strike_G"],"score":924,"play_id":"782dae3c-34bf-48fa-96fc-a8b8e0257263","local_time":"20210221024401","is_ascension_mode":true,"campfire_choices":[{"data":"Malaise","floor":7.0,"key":"SMITH"},{"floor":10.0,"key":"REST"},{"floor":15.0,"key":"REST"},{"data":"Tools of the Trade","floor":23.0,"key":"SMITH"},{"data":"Leg Sweep","floor":25.0,"key":"SMITH"},{"floor":32.0,"key":"REST"},{"data":"Blur","floor":40.0,"key":"SMITH"},{"floor":46,"key":"REST"},{"floor":49,"key":"REST"}],"circlet_count":0,"master_deck":["Strike_G","Strike_G","Strike_G","Defend_G","Defend_G","Defend_G","Defend_G","Survivor","Neutralize","Deadly Poison","Dagger Spray","Blade Dance","Caltrops","Malaise+1","Leg Sweep+1","Calculated Gamble","Poisoned Stab","PiercingWail","Blur+1","Corpse Explosion","Predator+1","Blur","Dodge and Roll+1","Deflect+1","Tools of the Trade+1","Burst+1","Backstab+1","Acrobatics","Blade Dance","Die Die Die","Accuracy+1","Backflip","Well Laid Plans","Blur"],"relics":["Ring of the Snake","Potion Belt","Ancient Tea Set","Dream Catcher","Sundial","Odd Mushroom","SlaversCollar","Shuriken","Orichalcum","Akabeko","Mercury Hourglass","Bottled Lightning","WristBlade","Calipers","Letter Opener","Art of War","Blood Vial"],"acts_visited":["Exordium","TheCity","TheBeyond"],"potions_floor_usage":[50],"damage_taken":[{"damage":0.0,"enemies":"Cultist","floor":1.0,"turns":4.0},{"damage":0.0,"enemies":"2 Louse","floor":3.0,"turns":2.0},{"damage":3.0,"enemies":"Small Slimes","floor":4.0,"turns":3.0},{"damage":0.0,"enemies":"Gremlin Gang","floor":5.0,"turns":2.0},{"damage":29.0,"enemies":"3 Sentries","floor":6.0,"turns":8.0},{"damage":4.0,"enemies":"Lagavulin","floor":11.0,"turns":8.0},{"damage":16.0,"enemies":"Exordium Wildlife","floor":12.0,"turns":5.0},{"damage":0.0,"enemies":"The Mushroom Lair","floor":13.0,"turns":2.0},{"damage":4.0,"enemies":"2 Fungi Beasts","floor":14.0,"turns":4.0},{"damage":3.0,"enemies":"Hexaghost","floor":16.0,"turns":12.0},{"damage":0.0,"enemies":"Spheric Guardian","floor":18.0,"turns":3.0},{"damage":17.0,"enemies":"Shell Parasite","floor":20.0,"turns":8.0},{"damage":1.0,"enemies":"Snecko","floor":21.0,"turns":8.0},{"damage":7.0,"enemies":"Slavers","floor":24.0,"turns":2.0},{"damage":0.0,"enemies":"Gremlin Leader","floor":27.0,"turns":9.0},{"damage":0.0,"enemies":"Book of Stabbing","floor":29.0,"turns":7.0},{"damage":1.0,"enemies":"Shelled Parasite and Fungi","floor":31.0,"turns":6.0},{"damage":37.0,"enemies":"Champ","floor":33.0,"turns":9.0},{"damage":0.0,"enemies":"3 Darklings","floor":35.0,"turns":3.0},{"damage":18.0,"enemies":"2 Orb Walkers","floor":36.0,"turns":5.0},{"damage":0.0,"enemies":"3 Shapes","floor":38.0,"turns":1.0},{"damage":4.0,"enemies":"3 Darklings","floor":42.0,"turns":4.0},{"damage":0,"enemies":"Sphere and 2 Shapes","floor":44,"turns":2},{"damage":22,"enemies":"Maw","floor":47,"turns":10},{"damage":7,"enemies":"Reptomancer","floor":48,"turns":7},{"damage":11,"enemies":"Time Eater","floor":50,"turns":14}],"seed_played":"8456330382078593896","potions_obtained":[{"floor":3.0,"key":"Regen Potion"},{"floor":4.0,"key":"SteroidPotion"},{"floor":6.0,"key":"PowerPotion"},{"floor":11.0,"key":"Poison Potion"},{"floor":12.0,"key":"Dexterity Potion"},{"floor":16.0,"key":"Ancient Potion"},{"floor":20.0,"key":"Strength Potion"},{"floor":21.0,"key":"GhostInAJar"},{"floor":28.0,"key":"AttackPotion"},{"floor":35.0,"key":"SkillPotion"},{"floor":44,"key":"SmokeBomb"}],"is_trial":false,"path_per_floor":["M","?","M","M","M","E","R","$","T","R","E","M","?","M","R","B",null,"M","?","M","M","?","R","E","R","T","E","?","E","$","M","R","B",null,"M","?","T","M","$","R","?","M","T","M","$","R","M","E","R","B",null],"character_chosen":"THE_SILENT","items_purchased":["Bottled Lightning","Acrobatics","Art of War","EntropicBrew","GamblersBrew","FearPotion"],"campfire_rested":5,"item_purchase_floors":[30,30,39,39,39,45],"current_hp_per_floor":[77,77,77,74,74,60,60,60,60,77,73,57,57,53,76,73,77,77,77,60,59,59,59,52,52,52,52,52,52,52,51,74,37,77,77,59,59,59,59,59,59,55,55,55,55,77,55,48,71,62],"gold":81,"neow_bonus":"TEN_PERCENT_HP_BONUS","is_daily":false,"chose_seed":false,"campfire_upgraded":4,"win_rate":0.0,"timestamp":1613893441,"path_taken":["M","?","M","M","M","E","R","?","T","R","E","M","?","M","R","BOSS","M","?","M","M","?","R","E","R","T","E","?","E","$","?","R","BOSS","M","?","?","M","$","R","?","M","T","?","$","R","M","E","R","BOSS"],"items_purchased_type":["Relic","Card","Relic","Potion","Potion","Potion"],"build_version":"2020-12-22","purchased_purges":1,"victory":true,"max_hp_per_floor":[77,77,77,77,77,77,77,77,77,77,77,77,77,77,77,77,77,77,77,77,77,77,77,77,77,77,77,77,77,77,77,77,77,77,77,77,77,77,77,77,77,77,77,77,77,77,77,77,77,77],"card_choices":[{"not_picked":["Dagger Throw","Tactician"],"picked":"Deadly Poison","floor":1.0},{"not_picked":["Deadly Poison","Slice"],"picked":"Dagger Spray","floor":3.0},{"not_picked":["Underhanded Strike","Flying Knee"],"picked":"Blade Dance","floor":4.0},{"not_picked":["Reflex","Well Laid Plans"],"picked":"Caltrops","floor":5.0},{"not_picked":["Crippling Poison","Quick Slash"],"picked":"Malaise","floor":6.0},{"not_picked":["Acrobatics","Dagger Spray"],"picked":"Leg Sweep","floor":10.0},{"not_picked":["Flechettes","Finisher","Eviscerate"],"picked":"SKIP","floor":11.0},{"not_picked":["Bane","Escape Plan"],"picked":"Calculated Gamble","floor":12.0},{"not_picked":["Outmaneuver","Sucker Punch"],"picked":"Poisoned Stab","floor":13.0},{"not_picked":["Predator","Deadly Poison"],"picked":"PiercingWail","floor":14.0},{"not_picked":["Deadly Poison","Dodge and Roll"],"picked":"Blur","floor":15.0},{"not_picked":["Adrenaline","A Thousand Cuts"],"picked":"Corpse Explosion","floor":16.0},{"not_picked":["Backflip","Dagger Spray"],"picked":"Predator+1","floor":18.0},{"not_picked":["Underhanded Strike","PiercingWail"],"picked":"Dodge and Roll+1","floor":20.0},{"not_picked":["Riddle With Holes","Dodge and Roll+1"],"picked":"Deflect+1","floor":21.0},{"not_picked":["Cloak And Dagger","Concentrate","Dagger Spray"],"picked":"SKIP","floor":24.0},{"not_picked":["Quick Slash","Endless Agony+1","Expertise"],"picked":"SKIP","floor":27.0},{"not_picked":["Acrobatics","PiercingWail"],"picked":"Backstab+1","floor":29.0},{"not_picked":["Cloak And Dagger","Escape Plan+1","Masterful Stab"],"picked":"SKIP","floor":31.0},{"not_picked":["Unload","Flying Knee"],"picked":"Blade Dance","floor":32.0},{"not_picked":["Corpse Explosion","Bullet Time"],"picked":"Die Die Die","floor":33.0},{"not_picked":["Setup","Blade Dance+1"],"picked":"Accuracy+1","floor":35.0},{"not_picked":["Underhanded Strike","Slice"],"picked":"Backflip","floor":36.0},{"not_picked":["Choke","Infinite Blades+1","Prepared"],"picked":"SKIP","floor":38.0},{"not_picked":["Flechettes+1","Noxious Fumes"],"picked":"Well Laid Plans","floor":42.0},{"not_picked":["Sucker Punch","Calculated Gamble+1"],"picked":"Blur","floor":44},{"not_picked":["Sucker Punch+1","Deflect","Deadly Poison"],"picked":"SKIP","floor":47},{"not_picked":["Slice+1","Grand Finale","Flying Knee+1"],"picked":"SKIP","floor":48}],"player_experience":487510,"relics_obtained":[{"floor":6.0,"key":"Ancient Tea Set"},{"floor":9.0,"key":"Dream Catcher"},{"floor":11.0,"key":"Sundial"},{"floor":13.0,"key":"Odd Mushroom"},{"floor":24.0,"key":"Shuriken"},{"floor":26.0,"key":"Orichalcum"},{"floor":27.0,"key":"Akabeko"},{"floor":29.0,"key":"Mercury Hourglass"},{"floor":36.0,"key":"Calipers"},{"floor":37.0,"key":"Letter Opener"},{"floor":48,"key":"Blood Vial"}],"event_choices":[{"damage_healed":0.0,"max_hp_gain":0.0,"max_hp_loss":0.0,"gold_gain":0.0,"event_name":"WeMeetAgain","player_choice":"Paid Gold","floor":2.0,"gold_loss":69.0,"damage_taken":0.0,"relics_obtained":["Potion Belt"]},{"damage_healed":0.0,"max_hp_gain":0.0,"max_hp_loss":0.0,"gold_gain":0.0,"event_name":"Mushrooms","player_choice":"Fought Mushrooms","floor":13.0,"gold_loss":0.0,"damage_taken":0.0},{"damage_healed":0.0,"max_hp_gain":0.0,"max_hp_loss":0.0,"gold_gain":0.0,"event_name":"The Library","player_choice":"Read","floor":19.0,"gold_loss":0.0,"damage_taken":0.0,"cards_obtained":["Blur"]},{"damage_healed":0.0,"max_hp_gain":0.0,"max_hp_loss":0.0,"gold_gain":0.0,"cards_transformed":["Defend_G","Strike_G"],"event_name":"Drug Dealer","player_choice":"Became Test Subject","floor":22.0,"gold_loss":0.0,"damage_taken":0.0,"cards_obtained":["Tools of the Trade","Burst"]},{"damage_healed":0.0,"max_hp_gain":0.0,"max_hp_loss":0.0,"gold_gain":0.0,"event_name":"The Woman in Blue","player_choice":"Bought 3 Potions","floor":28.0,"gold_loss":0.0,"damage_taken":0.0},{"damage_healed":0.0,"max_hp_gain":0.0,"max_hp_loss":0.0,"gold_gain":0.0,"event_name":"Mysterious Sphere","player_choice":"Fight","floor":36.0,"gold_loss":0.0,"damage_taken":0.0},{"damage_healed":0.0,"max_hp_gain":0.0,"max_hp_loss":0.0,"gold_gain":0.0,"event_name":"Upgrade Shrine","player_choice":"Upgraded","floor":41.0,"gold_loss":0.0,"damage_taken":0.0,"cards_upgraded":["Burst"]}],"is_beta":false,"boss_relics":[{"not_picked":["Fusion Hammer","Cursed Key"],"picked":"SlaversCollar"},{"not_picked":["Runic Dome","SacredBark"],"picked":"WristBlade"}],"items_purged_floors":[8],"is_endless":false,"potions_floor_spawned":[3,4,6,11,12,16,20,21,35,44,48],"ascension_level":4}}