{"host":"w4b7hmige5bnqipq","time":1613935773,"event":{"mods":["2.2 Compatiblity","BaseMod","Colored Map","DeckTracker","Keyboard Shortcuts","Minty Spire (QoL Compilation)","Permanent Neow","Rare Cards Sparkle","SuperFastMode","everything is the same but u backflip on backflip","slay the spire mod where everything is the same but ironclad has a cowboy hat"],"gold_per_floor":[116,132,147,163,173,199,199,213,213,213,247,10,10,65,65,142,142,159,159,178,190,209,209,243,243,243,270,270,270],"floor_reached":28,"language":"KOR","playtime":1057,"items_purged":[],"score":527,"play_id":"2c7ee37c-30f7-4968-9a6d-ca4d451efe59","local_time":"20210222042933","is_ascension_mode":true,"campfire_choices":[{"data":"Beam Cell","floor":7.0,"key":"SMITH"},{"data":"Creative AI","floor":13.0,"key":"SMITH"},{"data":"Capacitor","floor":15.0,"key":"SMITH"},{"floor":23,"key":"REST"},{"floor":25,"key":"REST"}],"circlet_count":0,"master_deck":["AscendersBane","Strike_B","Strike_B","Strike_B","Strike_B","Defend_B","Defend_B","Defend_B","Defend_B","Zap","Dualcast","Beam Cell+1","Cold Snap","FTL","Gash","Reinforced Body","Genetic Algorithm","Seek","Go for the Eyes","Creative AI+1","Consume","Gash","Recycle","Compile Driver","Capacitor+1","All For One","Coolheaded","Hologram","Aggregate+1","Heatsinks+1","Rebound","Coolheaded+1"],"relics":["Cracked Core","PreservedInsect","Vajra","Ornamental Fan","StrikeDummy","Orrery","Prayer Wheel","Sozu","Pear","Bottled Lightning","Juzu Bracelet"],"acts_visited":["Exordium","TheCity"],"potions_floor_usage":[],"damage_taken":[{"damage":2.0,"enemies":"Cultist","floor":1.0,"turns":4.0},{"damage":2.0,"enemies":"Jaw Worm","floor":2.0,"turns":3.0},{"damage":5.0,"enemies":"2 Louse","floor":3.0,"turns":2.0},{"damage":0.0,"enemies":"2 Fungi Beasts","floor":4.0,"turns":3.0},{"damage":9.0,"enemies":"Red Slaver","floor":5.0,"turns":3.0},{"damage":9.0,"enemies":"3 Sentries","floor":6.0,"turns":7.0},{"damage":1.0,"enemies":"Looter","floor":8.0,"turns":3.0},{"damage":12.0,"enemies":"Lagavulin","floor":11.0,"turns":6.0},{"damage":9.0,"enemies":"3 Sentries","floor":14.0,"turns":5.0},{"damage":9.0,"enemies":"Hexaghost","floor":16.0,"turns":9.0},{"damage":5.0,"enemies":"Shell Parasite","floor":18.0,"turns":6.0},{"damage":7,"enemies":"3 Byrds","floor":20,"turns":5},{"damage":21,"enemies":"Snake Plant","floor":21,"turns":5},{"damage":12,"enemies":"3 Cultists","floor":22,"turns":5},{"damage":24,"enemies":"Book of Stabbing","floor":24,"turns":4},{"damage":34,"enemies":"Slavers","floor":27,"turns":6},{"damage":8,"enemies":"Sentry and Sphere","floor":28,"turns":5}],"seed_played":"1372974739223549489","potions_obtained":[{"floor":2.0,"key":"GamblersBrew"},{"floor":3.0,"key":"Dexterity Potion"},{"floor":4.0,"key":"SkillPotion"},{"floor":11.0,"key":"LiquidMemories"}],"is_trial":false,"path_per_floor":["M","M","M","M","M","E","R","M","T","?","E","$","R","?","R","B",null,"M","?","M","M","M","R","E","R","T","E","M"],"character_chosen":"DEFECT","items_purchased":["Orrery","Capacitor"],"campfire_rested":2,"item_purchase_floors":[12,12],"current_hp_per_floor":[62,60,55,55,46,37,37,36,36,36,24,24,24,15,15,6,55,50,50,43,22,10,31,17,41,41,7,0,0],"gold":270,"neow_bonus":"RANDOM_COMMON_RELIC","is_daily":false,"chose_seed":false,"campfire_upgraded":3,"win_rate":0.0,"timestamp":1613935773,"path_taken":["M","M","M","M","M","E","R","?","T","?","E","$","R","?","R","BOSS","M","?","M","M","M","R","E","R","T","E","M"],"items_purchased_type":["Relic","Card"],"build_version":"2020-12-22","purchased_purges":0,"victory":false,"max_hp_per_floor":[71,71,71,71,71,71,71,71,71,71,71,71,71,71,71,71,71,71,71,71,71,71,71,81,81,81,81,81,81],"card_choices":[{"not_picked":["Redo","Rebound"],"picked":"Beam Cell","floor":1.0},{"not_picked":["Sunder","Heatsinks"],"picked":"Cold Snap","floor":2.0},{"not_picked":["Sweeping Beam","Double Energy"],"picked":"FTL","floor":3.0},{"not_picked":["Self Repair","Steam"],"picked":"Gash","floor":4.0},{"not_picked":["Cold Snap","Tempest"],"picked":"Reinforced Body","floor":5.0},{"not_picked":["Steam","Ball Lightning"],"picked":"Genetic Algorithm","floor":6.0},{"not_picked":["Chaos","Ball Lightning"],"picked":"Seek","floor":8.0},{"not_picked":["Beam Cell","FTL"],"picked":"Go for the Eyes","floor":11.0},{"not_picked":["Conserve Battery","Rip and Tear"],"picked":"Creative AI","floor":12.0},{"not_picked":["Conserve Battery","Steam"],"picked":"Consume","floor":12.0},{"not_picked":["Beam Cell","Cold Snap"],"picked":"Gash","floor":12.0},{"not_picked":["Scrape","Turbo"],"picked":"Recycle","floor":12.0},{"not_picked":["Reprogram","Cold Snap"],"picked":"Compile Driver","floor":12.0},{"not_picked":["Reboot","Creative AI"],"picked":"All For One","floor":16.0},{"not_picked":["Streamline","Conserve Battery"],"picked":"Coolheaded","floor":18},{"not_picked":["Ball Lightning","Turbo"],"picked":"Hologram","floor":18},{"not_picked":["Melter","Conserve Battery"],"picked":"Aggregate+1","floor":20},{"not_picked":["Consume","Reboot","Doom and Gloom"],"picked":"SKIP","floor":20},{"not_picked":["Consume","Reboot","Doom and Gloom"],"picked":"SKIP","floor":20},{"not_picked":["Redo","Conserve Battery"],"picked":"Heatsinks+1","floor":21},{"not_picked":["Turbo","Steam","Consume+1"],"picked":"SKIP","floor":21},{"not_picked":["Recycle","Compile Driver"],"picked":"Rebound","floor":22},{"not_picked":["Melter","Beam Cell","Streamline"],"picked":"SKIP","floor":22},{"not_picked":["Melter","Beam Cell","Streamline"],"picked":"SKIP","floor":22},{"not_picked":["Redo","Scrape","Chaos+1"],"picked":"SKIP","floor":24},{"not_picked":["Reprogram","Steam Power"],"picked":"Coolheaded+1","floor":27}],"player_experience":791025,"relics_obtained":[{"floor":6.0,"key":"Vajra"},{"floor":9.0,"key":"Ornamental Fan"},{"floor":11.0,"key":"StrikeDummy"},{"floor":24,"key":"Pear"},{"floor":26,"key":"Bottled Lightning"},{"floor":27,"key":"Juzu Bracelet"}],"event_choices":[{"damage_healed":0.0,"max_hp_gain":0.0,"max_hp_loss":0.0,"gold_gain":0.0,"event_name":"Liars Game","player_choice":"Ignored","floor":10.0,"gold_loss":0.0,"damage_taken":0.0},{"damage_healed":0.0,"max_hp_gain":0.0,"max_hp_loss":0.0,"gold_gain":0.0,"event_name":"Dead Adventurer","player_choice":"Searched \u00272\u0027 times","floor":14.0,"gold_loss":0.0,"damage_taken":0.0,"relics_obtained":["Prayer Wheel"]},{"damage_healed":0,"gold_gain":0,"player_choice":"Got Potions","damage_taken":0,"max_hp_gain":0,"max_hp_loss":0,"event_name":"Lab","floor":19,"gold_loss":0}],"is_beta":false,"boss_relics":[{"not_picked":["Nuclear Battery","Cursed Key"],"picked":"Sozu"}],"items_purged_floors":[],"is_endless":false,"potions_floor_spawned":[2,3,4,5,11,22,27],"killed_by":"Sentry and Sphere","ascension_level":19}}