{"host":"p48otulg9rbkrcsk","time":1613883625,"event":{"mods":["BaseMod","Colored Map","Minty Spire (QoL Compilation)","Quick Restart","StSLib","The Administrix","The Animator","[功能]功能增强和修复MOD"],"gold_per_floor":[126,141,170,14,27,27,27,27,27,53,5,17,17,29,29,132,132,143,89,58,73,3,37,37,71,141,141,141],"floor_reached":27,"language":"ZHS","playtime":1932,"items_purged":["animator:Defend","animator:Defend","animator:Defend","animator:Strike","animator:Strike","animator:Strike","animator:Raven","animator:KyokoSakura","animator:Strike_Elsword"],"score":290,"play_id":"7dd5ee7b-4430-476e-ba20-4861df391236","local_time":"20210221130025","is_ascension_mode":true,"campfire_choices":[{"data":"animator:Ara","floor":6,"key":"SMITH"},{"data":"animator:CrowleyEusford","floor":8,"key":"SMITH"},{"data":"animator:Chung","floor":13,"key":"SMITH"},{"data":"animator:Chung","floor":15,"key":"SMITH"},{"data":"animator:Saitama","floor":24,"key":"SMITH"}],"circlet_count":0,"master_deck":["animator:Defend_Elsword","animator:Chung+1","animator:Chung+1","animator:Chung","animator:CrowleyEusford+1","animator:Ciel","animator:Ara+1","animator:CrowleyEusford+1","animator:Saitama+1","animator:Raven+1","animator:Elsword+1","animator:Genos+1"],"relics":["animator:LivingPicture","animator:TheMissingPiece","animator:BattleDrones","animator:OldCoffin","Potion Belt","Molten Egg 2","Runic Dome","Mummified Hand","Centennial Puzzle","Shuriken","Akabeko","Bottled Lightning","Letter Opener"],"acts_visited":["Exordium","TheCity"],"potions_floor_usage":[25,25],"damage_taken":[{"damage":8,"enemies":"Jaw Worm","floor":1,"turns":4},{"damage":1,"enemies":"Cultist","floor":2,"turns":4},{"damage":0,"enemies":"2 Louse","floor":3,"turns":3},{"damage":11,"enemies":"Exordium Thugs","floor":5,"turns":5},{"damage":0,"enemies":"Lagavulin","floor":10,"turns":6},{"damage":0,"enemies":"2 Fungi Beasts","floor":12,"turns":3},{"damage":5,"enemies":"3 Louse","floor":14,"turns":2},{"damage":12,"enemies":"Hexaghost","floor":16,"turns":9},{"damage":9,"enemies":"Spheric Guardian","floor":18,"turns":3},{"damage":9,"enemies":"3 Byrds","floor":21,"turns":4},{"damage":28,"enemies":"Book of Stabbing","floor":23,"turns":4},{"damage":11,"enemies":"animator:HornedBat","floor":25,"turns":6},{"damage":10,"enemies":"Gremlin Leader","floor":27,"turns":1}],"seed_played":"-5401031713244918051","potions_obtained":[{"floor":2,"key":"FearPotion"},{"floor":2,"key":"PowerPotion"},{"floor":3,"key":"GamblersBrew"},{"floor":10,"key":"animator:FalseLifePotion"},{"floor":14,"key":"SteroidPotion"},{"floor":18,"key":"Energy Potion"},{"floor":21,"key":"LiquidMemories"},{"floor":21,"key":"Energy Potion"}],"is_trial":false,"path_per_floor":["M","M","M","$","M","R","?","R","T","E","$","M","R","M","R","B",null,"M","$","$","M","$","E","R","E","T","E"],"character_chosen":"THE_ANIMATOR","items_purchased":["animator:BattleDrones","animator:OldCoffin","animator:CrowleyEusford","animator:Ciel","Molten Egg 2","Mummified Hand","Centennial Puzzle","Shuriken","animator:Elsword+1"],"campfire_rested":0,"item_purchase_floors":[4,4,4,4,11,19,20,22,22],"current_hp_per_floor":[58,57,57,57,47,47,67,67,67,67,67,67,67,62,62,50,67,58,58,58,49,49,21,21,10,10,0,0],"gold":141,"neow_bonus":"THREE_CARDS","is_daily":false,"chose_seed":false,"campfire_upgraded":5,"win_rate":0.0,"timestamp":1613883625,"path_taken":["M","M","M","$","M","R","?","R","T","E","$","M","R","?","R","BOSS","M","?","$","?","$","E","R","E","T","E"],"items_purchased_type":["Relic","Relic","Card","Card","Relic","Relic","Relic","Relic","Card"],"build_version":"2020-12-22","purchased_purges":9,"victory":false,"max_hp_per_floor":[66,66,66,66,67,67,67,67,67,67,67,67,67,67,67,67,67,67,67,67,67,67,67,67,67,67,67,67],"card_choices":[{"not_picked":["animator:MaesHughes","animator:Shalltear"],"picked":"animator:Chung","floor":0},{"not_picked":["animator:Guy","animator:Sonic"],"picked":"animator:Rena","floor":1},{"not_picked":["animator:SayakaMiki","animator:Layla"],"picked":"animator:Chung","floor":2},{"not_picked":["animator:SilverFang","animator:Lu"],"picked":"animator:KyokoSakura","floor":3},{"not_picked":["animator:Chung","animator:Ciel"],"picked":"animator:Ara","floor":5},{"not_picked":["animator:Rena","animator:IrohaTamaki","animator:Gluttony"],"picked":"SKIP","floor":10},{"not_picked":["animator:MaesHughes","animator:Layla+1"],"picked":"animator:CrowleyEusford+1","floor":12},{"not_picked":["animator:HiiragiShinya","animator:ElricEdward+1","animator:Shalltear+1"],"picked":"SKIP","floor":14},{"not_picked":["animator:Father","animator:AcuraShin+1"],"picked":"animator:Saitama","floor":16},{"not_picked":["animator:Ciel","animator:Add"],"picked":"animator:Raven+1","floor":18},{"not_picked":["animator:Mitsuba+1","animator:Yoichi","animator:NagisaMomoe"],"picked":"SKIP","floor":21},{"not_picked":["animator:ElricAlphonse","animator:Guy"],"picked":"animator:Genos+1","floor":23},{"not_picked":["animator:KrulTepes+1","animator:Raven+1","animator:Ciel+1"],"picked":"SKIP","floor":25}],"player_experience":191632,"relics_obtained":[{"floor":10,"key":"Potion Belt"},{"floor":23,"key":"Akabeko"},{"floor":25,"key":"Bottled Lightning"},{"floor":26,"key":"Letter Opener"}],"event_choices":[{"cards_removed":["animator:Rena"],"damage_healed":20,"gold_gain":0,"player_choice":"Offered Uncommon","damage_taken":0,"max_hp_gain":0,"max_hp_loss":0,"event_name":"Bonfire Elementals","floor":7,"gold_loss":0}],"is_beta":false,"boss_relics":[{"not_picked":["Black Star","animator:RacePiece"],"picked":"Runic Dome"}],"items_purged_floors":[4,4,4,4,4,4,19,22,22],"is_endless":false,"potions_floor_spawned":[2,2,3,3,5,10,14,14,18,21,21,23,23],"killed_by":"Gremlin Leader","ascension_level":1}}