{"host":"1p8eqzpvl5sxeu5t","time":1613915890,"event":{"mods":["Act Like it!","BaseMod","Bestiary","Block Reminder","Colored Map","Colored Powertips","Curses Come First","Dark Map","Highlight Path","Minty Spire (QoL Compilation)","Relic Stats","Ruina","StSLib","everything is the same but u backflip on backflip","slay the spire mod where everything is the same but ironclad has a cowboy hat"],"gold_per_floor":[119,137,137,137,155,189,189,222,273,285,329,356,399,426,438,545,557,588,611,633,645,670,716,53,53,53,53,53,53,73,83,83,83,83],"floor_reached":33,"language":"ENG","playtime":1676,"items_purged":[],"score":337,"play_id":"4a62639f-4591-4248-a5c7-7dfd8b5289a8","local_time":"20210221215810","is_ascension_mode":true,"campfire_choices":[{"data":"True Grit","floor":7,"key":"SMITH"},{"floor":10,"key":"REST"},{"data":"Fire Breathing","floor":15,"key":"SMITH"},{"data":"Shockwave","floor":25,"key":"SMITH"},{"data":"Flame Barrier","floor":27,"key":"SMITH"},{"data":"Inflame","floor":32,"key":"SMITH"}],"circlet_count":0,"master_deck":["Strike_R","Strike_R","Strike_R","Strike_R","Defend_R","Defend_R","Defend_R","Defend_R","Bash","Shockwave","Shrug It Off","True Grit+1","Burning Pact","Cleave","Fire Breathing+1","Perfected Strike","Immolate","Pommel Strike+1","Shockwave+1","Inflame+1","Reaper","Flame Barrier+1","Decay"],"relics":["Burning Blood","Thread and Needle","HornCleat","Art of War","MawBank","Potion Belt","Bottled Tornado","Cursed Key","Vajra","Shuriken","Bag of Preparation"],"acts_visited":["Exordium","ruina:Briah"],"potions_floor_usage":[6,6,8,20,23,23,33,33,33],"damage_taken":[{"damage":3,"enemies":"2 Louse","floor":1,"turns":4},{"damage":0,"enemies":"Cultist","floor":2,"turns":4},{"damage":0,"enemies":"Small Slimes","floor":5,"turns":4},{"damage":18,"enemies":"Gremlin Nob","floor":6,"turns":5},{"damage":55,"enemies":"Lagavulin","floor":8,"turns":16},{"damage":0,"enemies":"3 Sentries","floor":11,"turns":10},{"damage":3,"enemies":"2 Fungi Beasts","floor":12,"turns":4},{"damage":6,"enemies":"Gremlin Nob","floor":13,"turns":5},{"damage":0,"enemies":"3 Louse","floor":14,"turns":3},{"damage":48,"enemies":"Hexaghost","floor":16,"turns":12},{"damage":17,"enemies":"ruina:BadWolf","floor":18,"turns":5},{"damage":2,"enemies":"ruina:Nosferatu","floor":19,"turns":5},{"damage":7,"enemies":"ruina:Woodsman","floor":20,"turns":4},{"damage":30,"enemies":"ruina:KnightOfDespair","floor":22,"turns":6},{"damage":29,"enemies":"ruina:Mountain","floor":23,"turns":8},{"damage":0,"enemies":"ruina:QueenOfHate","floor":30,"turns":4},{"damage":8,"enemies":"ruina:KingOfGreed","floor":31,"turns":5},{"damage":122,"enemies":"ruina:Red_and_Wolf","floor":33,"turns":11}],"seed_played":"88079247538713028","potions_obtained":[{"floor":1,"key":"Swift Potion"},{"floor":2,"key":"AttackPotion"},{"floor":6,"key":"FearPotion"},{"floor":11,"key":"SpeedPotion"},{"floor":16,"key":"SneckoOil"},{"floor":19,"key":"ColorlessPotion"},{"floor":20,"key":"BloodPotion"},{"floor":22,"key":"LiquidBronze"},{"floor":23,"key":"Explosive Potion"},{"floor":30,"key":"Explosive Potion"}],"is_trial":false,"path_per_floor":["M","M","?","?","M","E","R","E","T","R","E","M","E","M","R","B",null,"M","M","M","?","M","E","$","R","T","R","?","?","M","M","R","B"],"character_chosen":"IRONCLAD","items_purchased":["Shuriken","Inflame","Reaper","Flame Barrier","Bag of Preparation"],"campfire_rested":1,"item_purchase_floors":[24,24,24,24,24],"current_hp_per_floor":[59,65,70,70,76,64,64,15,15,40,46,49,49,55,55,13,85,74,78,77,85,61,56,56,56,56,56,56,56,78,93,93,0,0],"gold":83,"neow_bonus":"ONE_RARE_RELIC","is_daily":false,"chose_seed":false,"campfire_upgraded":5,"win_rate":0.0,"timestamp":1613915890,"path_taken":["M","M","?","?","M","E","R","E","T","R","E","?","E","M","R","BOSS","M","M","M","?","M","E","$","R","T","R","?","?","M","M","R","BOSS"],"items_purchased_type":["Relic","Card","Card","Card","Relic"],"build_version":"2020-12-22","purchased_purges":0,"victory":false,"max_hp_per_floor":[80,80,85,85,85,85,85,85,85,85,85,85,85,85,85,85,85,85,85,85,93,93,93,93,93,93,93,93,93,93,93,93,93,93],"relic_stats":{"counters":[18,115],"Shuriken":[1],"Art of War":[7],"Bag of Preparation":[6],"MawBank":180,"Cursed Key":1,"obtain_stats":[{"Potion Belt":11,"HornCleat":6,"Shuriken":24,"Vajra":23,"Thread and Needle":0,"Art of War":8,"Bag of Preparation":24,"Bottled Tornado":13,"MawBank":9,"Cursed Key":17,"Burning Blood":0},{"Potion Belt":6,"HornCleat":4,"Shuriken":15,"Vajra":15,"Thread and Needle":0,"Art of War":5,"Bag of Preparation":15,"Bottled Tornado":8,"MawBank":5,"Cursed Key":10,"Burning Blood":0},{"Potion Belt":43,"HornCleat":17,"Shuriken":95,"Vajra":95,"Thread and Needle":0,"Art of War":33,"Bag of Preparation":95,"Bottled Tornado":52,"MawBank":33,"Cursed Key":67,"Burning Blood":0}],"Burning Blood":96},"card_choices":[{"not_picked":["Dark Embrace","Burning Pact"],"picked":"Shockwave","floor":1},{"not_picked":["Pummel","Havoc"],"picked":"Shrug It Off","floor":2},{"not_picked":["Thunderclap","Sword Boomerang"],"picked":"True Grit","floor":5},{"not_picked":["Iron Wave","Wild Strike"],"picked":"Burning Pact","floor":6},{"not_picked":["Havoc","Ghostly Armor"],"picked":"Cleave","floor":8},{"not_picked":["Thunderclap","Iron Wave"],"picked":"Fire Breathing","floor":11},{"not_picked":["Searing Blow","Bloodletting","Flex"],"picked":"SKIP","floor":12},{"not_picked":["Pommel Strike","Heavy Blade","Body Slam"],"picked":"SKIP","floor":13},{"not_picked":["Ghostly Armor","Perfected Strike","Intimidate"],"picked":"SKIP","floor":14},{"not_picked":["Ghostly Armor","Intimidate"],"picked":"Perfected Strike","floor":14},{"not_picked":["Juggernaut","Bludgeon"],"picked":"Immolate","floor":16},{"not_picked":["Perfected Strike+1","Iron Wave"],"picked":"Pommel Strike+1","floor":18},{"not_picked":["Sever Soul","Cleave","Heavy Blade"],"picked":"SKIP","floor":19},{"not_picked":["Metallicize","Heavy Blade+1"],"picked":"Shockwave","floor":20},{"not_picked":["Warcry","Perfected Strike","Havoc"],"picked":"SKIP","floor":22},{"not_picked":["Warcry+1","Rupture","Flex"],"picked":"SKIP","floor":23},{"not_picked":["Rupture","Bludgeon","Armaments"],"picked":"SKIP","floor":30},{"not_picked":["True Grit","Infernal Blade+1","Flame Barrier"],"picked":"SKIP","floor":31}],"player_experience":786016,"relics_obtained":[{"floor":6,"key":"HornCleat"},{"floor":8,"key":"Art of War"},{"floor":9,"key":"MawBank"},{"floor":11,"key":"Potion Belt"},{"floor":13,"key":"Bottled Tornado"},{"floor":23,"key":"Vajra"}],"event_choices":[{"damage_healed":0,"gold_gain":0,"player_choice":"Donut","damage_taken":0,"max_hp_gain":5,"max_hp_loss":0,"event_name":"Big Fish","floor":3,"gold_loss":0},{"cards_removed":["Strike_R"],"damage_healed":0,"gold_gain":0,"player_choice":"Purged","damage_taken":0,"max_hp_gain":0,"max_hp_loss":0,"event_name":"Purifier","floor":4,"gold_loss":0}],"is_beta":false,"boss_relics":[{"not_picked":["Pandora\u0027s Box","Velvet Choker"],"picked":"Cursed Key"}],"items_purged_floors":[],"is_endless":false,"potions_floor_spawned":[1,2,6,11,16,19,20,22,23,30],"killed_by":"ruina:Red_and_Wolf","ascension_level":1}}