{"host":"bsgp9wgausrmthh2","time":1613915736,"event":{"mods":["AchievementEnabler","BaseMod","Colored Map","Downfall","Minty Spire (QoL Compilation)","StSLib"],"gold_per_floor":[115,64,78,90,90,90,121,140,140,140,154,154,154,167,167,272,272,272,197,197,197,56,56,56,56,56,56,56,56,17,17,17,17,17,17,17,17,17,17,17,17,17,17,17,17,17,17,17,17,17,17],"floor_reached":50,"language":"ENG","playtime":7294,"items_purged":[],"score":496,"play_id":"afe0c5c6-064c-41fa-8483-bb2d6747a556","local_time":"20210221085536","is_ascension_mode":false,"campfire_choices":[{"floor":6.0,"key":"RECALL"},{"data":"Well Laid Plans","floor":12.0,"key":"SMITH"},{"floor":15.0,"key":"REST"},{"data":"Noxious Fumes","floor":23.0,"key":"SMITH"},{"floor":28.0,"key":"REST"},{"floor":32.0,"key":"REST"},{"floor":40,"key":"REST"},{"floor":42,"key":"REST"},{"data":"Adrenaline","floor":45,"key":"SMITH"},{"floor":49,"key":"REST"}],"circlet_count":0,"master_deck":["Strike_G","Strike_G","Strike_G","Defend_G","Defend_G","Defend_G","Defend_G","Defend_G","Survivor","Neutralize","Caltrops","Sucker Punch","Deadly Poison","Well Laid Plans+1","Sucker Punch","Dagger Spray","Quick Slash","Sucker Punch","After Image","Flying Knee","A Thousand Cuts","Noxious Fumes+1","Leg Sweep","Flying Knee","Deadly Poison","Flying Knee","Leg Sweep","Caltrops","After Image","Flying Knee","Footwork","Terror","Crippling Poison","Adrenaline+1","CurseOfTheBell","Backstab+1","Predator+1","Die Die Die+1","Footwork","Writhe"],"relics":["Ring of the Snake","Vajra","Prayer Wheel","Ectoplasm","Oddly Smooth Stone","Calling Bell","MawBank","Molten Egg 2","Peace Pipe","HornCleat"],"acts_visited":["Exordium","TheCity","TheBeyond"],"potions_floor_usage":[],"damage_taken":[{"damage":0.0,"enemies":"Small Slimes","floor":1.0,"turns":4.0},{"damage":0.0,"enemies":"2 Louse","floor":3.0,"turns":2.0},{"damage":0.0,"enemies":"Cultist","floor":4.0,"turns":3.0},{"damage":28.0,"enemies":"Lagavulin","floor":7.0,"turns":9.0},{"damage":5.0,"enemies":"Looter","floor":8.0,"turns":4.0},{"damage":4.0,"enemies":"Blue Slaver","floor":11.0,"turns":3.0},{"damage":11.0,"enemies":"Exordium Thugs","floor":14.0,"turns":5.0},{"damage":15.0,"enemies":"Hexaghost","floor":16.0,"turns":10.0},{"damage":0.0,"enemies":"Shell Parasite","floor":18.0,"turns":6.0},{"damage":9.0,"enemies":"2 Thieves","floor":19.0,"turns":5.0},{"damage":15.0,"enemies":"Snake Plant","floor":21.0,"turns":5.0},{"damage":46.0,"enemies":"Cultist and Chosen","floor":25.0,"turns":8.0},{"damage":0.0,"enemies":"Centurion and Healer","floor":29.0,"turns":8.0},{"damage":11.0,"enemies":"Sentry and Sphere","floor":31.0,"turns":7.0},{"damage":45.0,"enemies":"Collector","floor":33.0,"turns":9.0},{"damage":40.0,"enemies":"3 Darklings","floor":35.0,"turns":6.0},{"damage":0.0,"enemies":"3 Shapes","floor":36.0,"turns":6.0},{"damage":25,"enemies":"Maw","floor":38,"turns":8},{"damage":2,"enemies":"3 Darklings","floor":44,"turns":7},{"damage":21,"enemies":"Sphere and 2 Shapes","floor":46,"turns":7},{"damage":21,"enemies":"Transient","floor":47,"turns":5},{"damage":51,"enemies":"Donu and Deca","floor":50,"turns":7}],"seed_played":"-1312103663298219627","potions_obtained":[{"floor":1.0,"key":"SteroidPotion"},{"floor":7.0,"key":"Slimebound:ThreeZeroPotion"},{"floor":8.0,"key":"Energy Potion"},{"floor":11.0,"key":"EssenceOfSteel"}],"is_trial":false,"path_per_floor":["M","$","M","M","?","R","E","M","T","?","M","R","?","M","R","B",null,"M","M","?","M","$","R","?","M","T","?","R","M","$","M","R","B",null,"M","M","?","M","$","R","$","R","T","M","R","M","M","?","R","B"],"character_chosen":"THE_SILENT","items_purchased":["Sucker Punch","Leg Sweep","Caltrops","Terror"],"campfire_rested":6,"item_purchase_floors":[2,22,22,30],"current_hp_per_floor":[70,70,70,70,75,75,47,42,42,35,31,31,31,20,42,27,75,75,66,66,51,51,51,51,5,5,30,52,52,52,41,63,18,75,35,35,35,10,10,32,32,54,54,52,52,31,10,29,51,0,0],"gold":17,"neow_bonus":"RANDOM_COMMON_RELIC","is_daily":false,"chose_seed":false,"campfire_upgraded":3,"win_rate":0.0,"timestamp":1613915736,"path_taken":["M","$","M","M","?","R","E","M","T","?","M","R","?","M","R","BOSS","M","M","?","M","$","R","?","M","T","?","R","?","$","M","R","BOSS","M","M","?","M","$","R","$","R","T","?","R","?","M","?","R","BOSS"],"items_purchased_type":["Card","Card","Card","Card"],"build_version":"2020-12-22","purchased_purges":0,"victory":false,"max_hp_per_floor":[70,70,70,70,75,75,75,75,75,75,75,75,75,75,75,75,75,75,75,75,75,75,75,75,75,75,75,75,75,75,75,75,75,75,75,75,75,75,75,75,75,75,75,75,75,75,75,75,75,75,75],"card_choices":[{"not_picked":["Sucker Punch","Dagger Spray"],"picked":"Caltrops","floor":1.0},{"not_picked":["Deflect","Reflex"],"picked":"Deadly Poison","floor":3.0},{"not_picked":["Footwork","Dagger Spray"],"picked":"Well Laid Plans","floor":4.0},{"not_picked":["Grand Finale","Setup","Escape Plan"],"picked":"SKIP","floor":7.0},{"not_picked":["Deadly Poison","Acrobatics"],"picked":"Sucker Punch","floor":8.0},{"not_picked":["Cloak And Dagger","Sucker Punch"],"picked":"Dagger Spray","floor":8.0},{"not_picked":["Heel Hook","Deflect"],"picked":"Quick Slash","floor":11.0},{"not_picked":["Dodge and Roll","Catalyst"],"picked":"Sucker Punch","floor":11.0},{"not_picked":["PiercingWail","Blade Dance"],"picked":"After Image","floor":14.0},{"not_picked":["Cloak And Dagger","Deflect"],"picked":"Flying Knee","floor":14.0},{"not_picked":["Doppelganger","Corpse Explosion"],"picked":"A Thousand Cuts","floor":16.0},{"not_picked":["Slice","Bane"],"picked":"Noxious Fumes","floor":18.0},{"not_picked":["Setup","Deflect"],"picked":"Leg Sweep","floor":18.0},{"not_picked":["Bane","Reflex"],"picked":"Flying Knee","floor":19.0},{"not_picked":["Dodge and Roll","Outmaneuver"],"picked":"Deadly Poison","floor":19.0},{"not_picked":["Outmaneuver","Escape Plan"],"picked":"Flying Knee","floor":21.0},{"not_picked":["Concentrate+1","Dodge and Roll","Expertise"],"picked":"SKIP","floor":21.0},{"not_picked":["Outmaneuver","Masterful Stab+1"],"picked":"After Image","floor":25.0},{"not_picked":["Predator+1","Expertise+1","Infinite Blades"],"picked":"SKIP","floor":25.0},{"not_picked":["Eviscerate","All Out Attack"],"picked":"Flying Knee","floor":29.0},{"not_picked":["Dagger Throw","All Out Attack"],"picked":"Footwork","floor":29.0},{"not_picked":["Eviscerate","Dodge and Roll"],"picked":"Crippling Poison","floor":31.0},{"not_picked":["Skewer","Deflect","Well Laid Plans"],"picked":"SKIP","floor":31.0},{"not_picked":["Burst","Corpse Explosion"],"picked":"Adrenaline","floor":33.0},{"not_picked":["Escape Plan+1","Deflect+1"],"picked":"Backstab+1","floor":35.0},{"not_picked":["Backflip","Flying Knee+1"],"picked":"Predator+1","floor":35.0},{"not_picked":["Backflip","Deadly Poison+1","Prepared+1"],"picked":"SKIP","floor":36},{"not_picked":["Outmaneuver","Skewer+1","Quick Slash+1"],"picked":"SKIP","floor":36},{"not_picked":["Cloak And Dagger","Corpse Explosion","Outmaneuver+1"],"picked":"SKIP","floor":38},{"not_picked":["Eviscerate+1","Cloak And Dagger","Dagger Throw+1"],"picked":"SKIP","floor":38},{"not_picked":["Outmaneuver","Flechettes+1","Distraction+1"],"picked":"SKIP","floor":44},{"not_picked":["Blade Dance","Deflect+1","All Out Attack+1"],"picked":"SKIP","floor":44},{"not_picked":["Reflex","Tactician+1"],"picked":"Die Die Die+1","floor":46},{"not_picked":["Accuracy","Catalyst+1"],"picked":"Footwork","floor":46},{"not_picked":["Underhanded Strike+1","Choke+1","Endless Agony+1"],"picked":"SKIP","floor":47},{"not_picked":["Sucker Punch+1","Accuracy+1","Underhanded Strike+1"],"picked":"SKIP","floor":47}],"player_experience":333251,"relics_obtained":[{"floor":7.0,"key":"Prayer Wheel"},{"floor":26.0,"key":"Oddly Smooth Stone"},{"floor":34.0,"key":"MawBank"},{"floor":34.0,"key":"Molten Egg 2"},{"floor":34.0,"key":"Peace Pipe"},{"floor":43,"key":"HornCleat"}],"event_choices":[{"damage_healed":0.0,"max_hp_gain":5.0,"max_hp_loss":0.0,"gold_gain":0.0,"event_name":"Big Fish","player_choice":"Donut","floor":5.0,"gold_loss":0.0,"damage_taken":0.0},{"cards_removed":["Strike_G"],"damage_healed":0.0,"max_hp_gain":0.0,"max_hp_loss":0.0,"gold_gain":0.0,"event_name":"Golden Wing","player_choice":"Card Removal","floor":10.0,"gold_loss":0.0,"damage_taken":7.0},{"cards_removed":["Strike_G"],"damage_healed":0.0,"max_hp_gain":0.0,"max_hp_loss":0.0,"gold_gain":0.0,"event_name":"Purifier","player_choice":"Purged","floor":13.0,"gold_loss":0.0,"damage_taken":0.0},{"damage_healed":0.0,"max_hp_gain":0.0,"max_hp_loss":0.0,"gold_gain":0.0,"event_name":"Ghosts","player_choice":"Ignored","floor":20.0,"gold_loss":0.0,"damage_taken":0.0},{"damage_healed":25.0,"max_hp_gain":0.0,"max_hp_loss":0.0,"gold_gain":0.0,"event_name":"The Library","player_choice":"Heal","floor":27.0,"gold_loss":0.0,"damage_taken":0.0},{"damage_healed":0,"gold_gain":0,"player_choice":"Ignored","damage_taken":0,"max_hp_gain":0,"max_hp_loss":0,"event_name":"SecretPortal","floor":37,"gold_loss":0},{"damage_healed":19,"gold_gain":0,"player_choice":"Writhe","damage_taken":0,"max_hp_gain":0,"max_hp_loss":0,"event_name":"Winding Halls","floor":48,"gold_loss":0,"cards_obtained":["Writhe"]}],"is_beta":false,"boss_relics":[{"not_picked":["bronze:MakeshiftBattery","Coffee Dripper"],"picked":"Ectoplasm"},{"not_picked":["Fusion Hammer","Black Star"],"picked":"Calling Bell"}],"items_purged_floors":[],"is_endless":false,"potions_floor_spawned":[1,7,8,11,16,29,33,44,47],"killed_by":"Donu and Deca","ascension_level":0}}