{"host":"8u7tvcybuv0u72fd","time":1613891195,"event":{"mods":["BaseMod","BetterRewards","Colored Map","Colored Powertips","Minty Spire (QoL Compilation)","Quick Restart","Shop Mod"],"gold_per_floor":[115,133,133,133,146,146,166,166,166,192,205,217,245,256,256,355,355,374,220,232,251,251,280,280,315,315,159,159,159,175,193,193,291,291,305,325,340,354,404,435,447,459,540,568,607,619,238,289,289,289,289,289,26,61,61],"floor_reached":56,"language":"ENG","playtime":2933,"items_purged":["Strike_R","Defend_R"],"score":1734,"play_id":"c1986886-cbf1-4f10-a2f5-617afe62c1b7","local_time":"20210221020635","is_ascension_mode":false,"campfire_choices":[{"data":"Body Slam","floor":6.0,"key":"SMITH"},{"data":"Headbutt","floor":15.0,"key":"SMITH"},{"data":"Limit Break","floor":24.0,"key":"SMITH"},{"data":"Feed","floor":28.0,"key":"SMITH"},{"data":"Ghostly Armor","floor":32.0,"key":"SMITH"},{"data":"Barricade","floor":41,"key":"SMITH"},{"floor":49,"key":"RECALL"},{"data":"Flex","floor":52,"key":"SMITH"}],"circlet_count":0,"master_deck":["Strike_R","Strike_R","Strike_R","Defend_R+1","Defend_R","Defend_R","Bash+1","Body Slam+1","Headbutt+1","Shrug It Off+1","Feed+1","Battle Trance","Heavy Blade+1","Limit Break+1","Ghostly Armor+1","Barricade+1","CurseOfTheBell","True Grit+1","Rage+1","Flex+1","Inflame+1"],"relics":["Burning Blood","PreservedInsect","ClockworkSouvenir","Thread and Needle","Potion Belt","Sozu","Vajra","Happy Flower","Anchor","CaptainsWheel","Sling","Self Forming Clay","Calipers","Pen Nib","HornCleat","Bag of Marbles","Champion Belt","Incense Burner","MerchantsRug","TungstenRod","TheAbacus","Paper Frog"],"acts_visited":["TheCity","TheBeyond","TheEnding"],"potions_floor_usage":[55,55],"damage_taken":[{"damage":1.0,"enemies":"Small Slimes","floor":1.0,"turns":4.0},{"damage":4.0,"enemies":"2 Louse","floor":2.0,"turns":3.0},{"damage":0.0,"enemies":"Cultist","floor":5.0,"turns":3.0},{"damage":0.0,"enemies":"3 Louse","floor":7.0,"turns":3.0},{"damage":0.0,"enemies":"3 Sentries","floor":10.0,"turns":11.0},{"damage":2.0,"enemies":"Exordium Thugs","floor":11.0,"turns":4.0},{"damage":0.0,"enemies":"Blue Slaver","floor":12.0,"turns":3.0},{"damage":0.0,"enemies":"Lagavulin","floor":13.0,"turns":4.0},{"damage":4.0,"enemies":"Exordium Wildlife","floor":14.0,"turns":5.0},{"damage":11.0,"enemies":"The Guardian","floor":16.0,"turns":11.0},{"damage":7.0,"enemies":"2 Thieves","floor":18.0,"turns":5.0},{"damage":0.0,"enemies":"Chosen","floor":20.0,"turns":3.0},{"damage":0.0,"enemies":"Snecko","floor":21.0,"turns":4.0},{"damage":15.0,"enemies":"Book of Stabbing","floor":23.0,"turns":4.0},{"damage":10.0,"enemies":"Slavers","floor":25.0,"turns":5.0},{"damage":0.0,"enemies":"Centurion and Healer","floor":30.0,"turns":5.0},{"damage":0.0,"enemies":"3 Cultists","floor":31.0,"turns":5.0},{"damage":40.0,"enemies":"Champ","floor":33.0,"turns":8.0},{"damage":0.0,"enemies":"Orb Walker","floor":35.0,"turns":4.0},{"damage":0.0,"enemies":"3 Shapes","floor":36.0,"turns":5.0},{"damage":0.0,"enemies":"Spire Growth","floor":37.0,"turns":6.0},{"damage":3.0,"enemies":"3 Darklings","floor":38.0,"turns":10.0},{"damage":0.0,"enemies":"Mind Bloom Boss Battle","floor":39.0,"turns":5.0},{"damage":43,"enemies":"Reptomancer","floor":40,"turns":8},{"damage":0,"enemies":"Writhing Mass","floor":44,"turns":4},{"damage":0,"enemies":"Giant Head","floor":45,"turns":5},{"damage":15,"enemies":"2 Orb Walkers","floor":48,"turns":5},{"damage":10,"enemies":"Awakened One","floor":50,"turns":8},{"damage":3,"enemies":"Shield and Spear","floor":54,"turns":7},{"damage":29,"enemies":"The Heart","floor":55,"turns":7}],"seed_played":"-5549528399920156352","potions_obtained":[{"floor":7.0,"key":"ColorlessPotion"},{"floor":10.0,"key":"SpeedPotion"},{"floor":11.0,"key":"SneckoOil"},{"floor":12.0,"key":"BlessingOfTheForge"},{"floor":16.0,"key":"AttackPotion"}],"is_trial":false,"path_per_floor":["M","M","?","?","M","R","M","?","T","E","M","M","E","M","R","B",null,"M","$","M","M","?","E","R","E","T","$","R","?","M","M","R","B",null,"M","M","M","M","?","E","R","T","T","M","E","?","$","?","R","B",null,"R","$","E","B",null],"character_chosen":"IRONCLAD","items_purchased":["PreservedInsect","ClockworkSouvenir","Body Slam","Thread and Needle","SkillPotion","Vajra","Sling","Champion Belt","MerchantsRug","TungstenRod","TheAbacus"],"campfire_rested":0,"item_purchase_floors":[0,0,0,0,0,19,27,47,53,53,53],"current_hp_per_floor":[51,53,58,58,64,64,70,70,70,76,80,85,85,85,85,80,85,87,87,91,94,94,88,88,87,87,87,87,87,97,107,107,73,108,112,116,116,116,120,83,83,83,83,89,95,95,110,101,101,97,120,120,120,124,101],"gold":61,"neow_bonus":"","is_daily":false,"chose_seed":false,"campfire_upgraded":7,"win_rate":0.0,"timestamp":1613891195,"path_taken":["M","M","?","?","M","R","M","?","T","E","M","M","E","M","R","BOSS","M","$","M","M","?","E","R","E","T","$","R","?","?","M","R","BOSS","M","M","M","M","?","E","R","?","T","M","E","?","$","?","R","BOSS","R","$","E","BOSS"],"items_purchased_type":["Relic","Relic","Card","Relic","Potion","Relic","Relic","Relic","Relic","Relic","Relic"],"build_version":"2020-12-22","purchased_purges":2,"victory":true,"max_hp_per_floor":[80,80,85,85,85,85,85,85,85,85,85,85,85,85,85,85,85,88,88,91,94,94,97,97,100,100,100,100,100,104,108,108,108,108,112,116,116,116,120,120,120,120,120,120,120,120,120,120,120,120,120,120,120,124,124],"card_choices":[{"not_picked":["Flex","Body Slam"],"picked":"Headbutt","floor":1.0},{"not_picked":["Juggernaut","Sword Boomerang","Flame Barrier"],"picked":"SKIP","floor":2.0},{"not_picked":["Bloodletting","Intimidate","Burning Pact"],"picked":"SKIP","floor":5.0},{"not_picked":["Armaments","Pommel Strike","Ghostly Armor"],"picked":"SKIP","floor":7.0},{"not_picked":["Havoc","Clothesline","Hemokinesis"],"picked":"SKIP","floor":10.0},{"not_picked":["Headbutt","True Grit","Warcry","Clash"],"picked":"SKIP","floor":11.0},{"not_picked":["Iron Wave","Fiend Fire","Seeing Red"],"picked":"Shrug It Off","floor":12.0},{"not_picked":["Havoc","Armaments","Flex","Wild Strike"],"picked":"SKIP","floor":13.0},{"not_picked":["Warcry","Heavy Blade","True Grit","Sword Boomerang"],"picked":"SKIP","floor":14.0},{"not_picked":["Immolate","Bludgeon","Brutality"],"picked":"Feed","floor":16.0},{"not_picked":["Twin Strike","Shrug It Off","Cleave+1"],"picked":"Battle Trance","floor":18.0},{"not_picked":["Clash","Fire Breathing","Sword Boomerang","Warcry+1"],"picked":"SKIP","floor":20.0},{"not_picked":["Flex","Twin Strike","Feel No Pain+1"],"picked":"Heavy Blade+1","floor":21.0},{"not_picked":["Cleave","Headbutt","Whirlwind","Warcry"],"picked":"SKIP","floor":23.0},{"not_picked":["Whirlwind","Body Slam+1","Perfected Strike","Rampage"],"picked":"SKIP","floor":25.0},{"not_picked":["Intimidate","Armaments","Thunderclap+1","Reaper"],"picked":"SKIP","floor":30.0},{"not_picked":["Warcry+1","Headbutt","Feel No Pain","Perfected Strike"],"picked":"SKIP","floor":31.0},{"not_picked":["Offering","Demon Form","Immolate"],"picked":"Barricade","floor":33.0},{"not_picked":["Shrug It Off+1","Warcry+1","Infernal Blade+1"],"picked":"True Grit+1","floor":35.0},{"not_picked":["Armaments","Sword Boomerang","Pommel Strike"],"picked":"Rage+1","floor":36.0},{"not_picked":["Brutality","Shrug It Off","Intimidate","Anger+1"],"picked":"SKIP","floor":37.0},{"not_picked":["Havoc+1","Clash+1","Warcry","Intimidate+1"],"picked":"SKIP","floor":38.0},{"not_picked":["Fiend Fire","Combust+1","Sword Boomerang+1"],"picked":"Flex","floor":40},{"not_picked":["Bloodletting","True Grit","Rampage+1","Warcry"],"picked":"SKIP","floor":44},{"not_picked":["Metallicize","True Grit+1","Pummel+1","Perfected Strike+1"],"picked":"SKIP","floor":44},{"not_picked":["Bloodletting","True Grit","Rampage+1","Warcry"],"picked":"SKIP","floor":44},{"not_picked":["Metallicize","True Grit+1","Pummel+1","Perfected Strike+1"],"picked":"SKIP","floor":44},{"not_picked":["Infernal Blade+1","Hemokinesis+1","Warcry"],"picked":"Inflame+1","floor":45},{"not_picked":["Searing Blow+1","Armaments+1","Evolve+1"],"picked":"SKIP","floor":54}],"player_experience":1536984,"relics_obtained":[{"floor":9.0,"key":"Potion Belt"},{"floor":10.0,"key":"Question Card"},{"floor":13.0,"key":"War Paint"},{"floor":23.0,"key":"Matryoshka"},{"floor":25.0,"key":"Happy Flower"},{"floor":26.0,"key":"Anchor"},{"floor":26.0,"key":"CaptainsWheel"},{"floor":34.0,"key":"MealTicket"},{"floor":34.0,"key":"Self Forming Clay"},{"floor":34.0,"key":"Calipers"},{"floor":39.0,"key":"Prayer Wheel"},{"floor":40,"key":"MawBank"},{"floor":42,"key":"Pen Nib"},{"floor":43,"key":"HornCleat"},{"floor":45,"key":"Bag of Marbles"},{"floor":48,"key":"Incense Burner"},{"floor":54,"key":"Paper Frog"}],"event_choices":[{"damage_healed":0.0,"max_hp_gain":5.0,"max_hp_loss":0.0,"gold_gain":0.0,"event_name":"Big Fish","player_choice":"Donut","floor":3.0,"gold_loss":0.0,"damage_taken":0.0},{"damage_healed":0.0,"max_hp_gain":0.0,"max_hp_loss":0.0,"gold_gain":0.0,"event_name":"Liars Game","player_choice":"Ignored","floor":4.0,"gold_loss":0.0,"damage_taken":0.0},{"damage_healed":0.0,"max_hp_gain":0.0,"max_hp_loss":0.0,"gold_gain":0.0,"event_name":"Living Wall","player_choice":"Grow","floor":8.0,"gold_loss":0.0,"damage_taken":0.0,"cards_upgraded":["Bash"]},{"damage_healed":0.0,"max_hp_gain":0.0,"max_hp_loss":0.0,"gold_gain":0.0,"event_name":"The Library","player_choice":"Read","floor":22.0,"gold_loss":0.0,"damage_taken":0.0,"cards_obtained":["Limit Break"]},{"damage_healed":0.0,"max_hp_gain":0.0,"max_hp_loss":0.0,"gold_gain":0.0,"cards_transformed":["Strike_R"],"event_name":"Transmorgrifier","player_choice":"Transformed","floor":29.0,"gold_loss":0.0,"damage_taken":0.0,"cards_obtained":["Ghostly Armor"]},{"damage_healed":0.0,"max_hp_gain":0.0,"max_hp_loss":0.0,"gold_gain":0.0,"event_name":"MindBloom","player_choice":"Fight","floor":39.0,"gold_loss":0.0,"damage_taken":0.0},{"damage_healed":0,"gold_gain":0,"player_choice":"Ignored","damage_taken":0,"max_hp_gain":0,"max_hp_loss":0,"event_name":"Tomb of Lord Red Mask","floor":46,"gold_loss":0},{"damage_healed":0,"gold_gain":0,"player_choice":"Fight","damage_taken":0,"max_hp_gain":0,"max_hp_loss":0,"event_name":"Mysterious Sphere","floor":48,"gold_loss":0}],"is_beta":false,"boss_relics":[{"not_picked":["SacredBark","Pandora\u0027s Box"],"picked":"Sozu"},{"not_picked":["Fusion Hammer","Astrolabe"],"picked":"Calling Bell"}],"items_purged_floors":[0,47],"is_endless":false,"potions_floor_spawned":[7,10,11,12,16,23,30,31,33,37,40,44,54],"ascension_level":0}}