{"host":"u1ja96cwu1wu8jpx","time":1613900170,"event":{"mods":["BaseMod","Better Match","Colored Map","Minty Spire (QoL Compilation)","Permanent Neow","StSLib"],"gold_per_floor":[112,131,131,56,73,102,102,117,117,142,107,142,142,176,176,176,176],"floor_reached":16,"language":"ENG","playtime":1668,"items_purged":[],"score":128,"play_id":"3a3b06bf-9fc9-4ebd-8542-67c74d885a12","local_time":"20210221043610","daily_mods":["Elite Swarm"],"is_ascension_mode":false,"campfire_choices":[{"floor":7,"key":"REST"},{"floor":13,"key":"REST"},{"floor":15,"key":"REST"}],"circlet_count":0,"master_deck":["Strike_R+1","Strike_R","Strike_R","Strike_R","Strike_R","Defend_R","Defend_R","Defend_R","Defend_R+1","Bash","Inflame","Double Tap","Rage","Limit Break","Feed+1","Barricade"],"relics":["Burning Blood","Question Card","Pen Nib","Molten Egg 2","Akabeko","Art of War"],"acts_visited":["Exordium"],"potions_floor_usage":[16,16,16],"damage_taken":[{"damage":11,"enemies":"Jaw Worm","floor":1,"turns":7},{"damage":10,"enemies":"2 Louse","floor":2,"turns":3},{"damage":10,"enemies":"Small Slimes","floor":5,"turns":4},{"damage":39,"enemies":"3 Sentries","floor":6,"turns":10},{"damage":2,"enemies":"Looter","floor":8,"turns":3},{"damage":26,"enemies":"Lagavulin","floor":10,"turns":7},{"damage":30,"enemies":"Gremlin Nob","floor":12,"turns":4},{"damage":19,"enemies":"3 Sentries","floor":14,"turns":8},{"damage":58,"enemies":"Hexaghost","floor":16,"turns":11}],"seed_played":"2822884595573527207","potions_obtained":[{"floor":2,"key":"Dexterity Potion"},{"floor":8,"key":"DuplicationPotion"},{"floor":10,"key":"Block Potion"}],"is_trial":true,"path_per_floor":["M","M","?","$","M","E","R","M","T","E","?","E","R","E","R","B"],"character_chosen":"IRONCLAD","items_purchased":["Inflame"],"campfire_rested":3,"item_purchase_floors":[4],"current_hp_per_floor":[75,71,55,55,51,18,42,46,46,26,46,22,46,33,57,0,0],"gold":176,"neow_bonus":"","is_daily":false,"chose_seed":false,"campfire_upgraded":0,"win_rate":0.0,"timestamp":1613900170,"path_taken":["M","M","?","$","M","E","R","M","T","E","?","E","R","E","R","BOSS"],"items_purchased_type":["Card"],"build_version":"2020-12-22","purchased_purges":0,"victory":false,"max_hp_per_floor":[80,80,80,80,80,80,80,80,80,80,80,80,80,80,80,80,80],"card_choices":[{"not_picked":["Thunderclap","Cleave","Pommel Strike"],"picked":"SKIP","floor":1},{"not_picked":["Headbutt","Havoc","Iron Wave"],"picked":"SKIP","floor":2},{"not_picked":["Sword Boomerang","Pummel","Infernal Blade"],"picked":"SKIP","floor":5},{"not_picked":["Immolate","Offering"],"picked":"Double Tap","floor":6},{"not_picked":["Armaments","Iron Wave","Warcry"],"picked":"Rage","floor":8},{"not_picked":["Fiend Fire+1","Immolate+1","Double Tap"],"picked":"Limit Break","floor":10},{"not_picked":["Brutality","Demon Form","Immolate+1"],"picked":"Feed+1","floor":12},{"not_picked":["Immolate+1","Limit Break","Bludgeon+1"],"picked":"Barricade","floor":14}],"player_experience":484356,"relics_obtained":[{"floor":6,"key":"Question Card"},{"floor":9,"key":"Pen Nib"},{"floor":10,"key":"Molten Egg 2"},{"floor":12,"key":"Akabeko"},{"floor":14,"key":"Art of War"}],"event_choices":[{"damage_healed":0,"gold_gain":0,"player_choice":"Entered Light","damage_taken":16,"max_hp_gain":0,"max_hp_loss":0,"event_name":"Shining Light","floor":3,"gold_loss":0,"cards_upgraded":["Defend_R","Strike_R"]},{"damage_healed":20,"gold_gain":0,"player_choice":"Healed","damage_taken":0,"max_hp_gain":0,"max_hp_loss":0,"event_name":"The Cleric","floor":11,"gold_loss":35}],"is_beta":false,"boss_relics":[],"items_purged_floors":[],"is_endless":false,"potions_floor_spawned":[2,8,10,14],"killed_by":"Hexaghost","ascension_level":0}}