{"host":"y080dcqw8fj32q7d","time":1613930665,"event":{"mods":["AchievementEnabler","BaseMod","Colored Map","Colored Powertips","DeckTracker","Minty Spire (QoL Compilation)","Relic Sorter"],"gold_per_floor":[112,112,112,132,152,152,182,2,27,27,55,55,80,103,103,198,198,211,222,17,99,24,24,49,49],"floor_reached":24,"language":"ENG","playtime":1522,"items_purged":["Strike_P"],"score":231,"play_id":"646653cb-aa20-4c2f-a988-0add67b9f3f5","local_time":"20210221210425","is_ascension_mode":true,"campfire_choices":[{"floor":6,"key":"RECALL"},{"floor":12,"key":"REST"},{"floor":15,"key":"REST"},{"data":"The Bomb","floor":23,"key":"SMITH"}],"circlet_count":0,"master_deck":["Strike_P","Strike_P","Strike_P","Defend_P","Defend_P","Defend_P","Defend_P","Eruption+1","Vigilance+1","PathToVictory","The Bomb+1","ForeignInfluence","ForeignInfluence","Panache","FollowUp"],"relics":["PureWater","MealTicket","Shuriken","Odd Mushroom","Blood Vial","Busted Crown","Bottled Tornado","Pocketwatch"],"acts_visited":["Exordium","TheCity"],"potions_floor_usage":[7,16,18,19,24,24],"damage_taken":[{"damage":2,"enemies":"Jaw Worm","floor":1,"turns":3},{"damage":2,"enemies":"Cultist","floor":4,"turns":4},{"damage":0,"enemies":"2 Louse","floor":5,"turns":2},{"damage":57,"enemies":"3 Sentries","floor":7,"turns":11},{"damage":30,"enemies":"Gremlin Nob","floor":11,"turns":5},{"damage":18,"enemies":"The Mushroom Lair","floor":13,"turns":4},{"damage":7,"enemies":"The Guardian","floor":16,"turns":9},{"damage":3,"enemies":"Shell Parasite","floor":18,"turns":6},{"damage":17,"enemies":"Spheric Guardian","floor":19,"turns":5},{"damage":54,"enemies":"Slavers","floor":24,"turns":5}],"seed_played":"1864589495516734129","potions_obtained":[{"floor":1,"key":"SteroidPotion"},{"floor":5,"key":"Ancient Potion"},{"floor":11,"key":"EssenceOfSteel"},{"floor":16,"key":"PowerPotion"},{"floor":18,"key":"Regen Potion"},{"floor":19,"key":"LiquidMemories"}],"is_trial":false,"path_per_floor":["M","?","?","M","M","R","E","$","T","$","E","R","?","T","R","B",null,"M","M","$","T","$","R","E"],"character_chosen":"WATCHER","items_purchased":["The Bomb","Panache","FollowUp"],"campfire_rested":2,"item_purchase_floors":[8,20,20],"current_hp_per_floor":[77,77,77,75,75,75,18,33,33,48,18,41,23,23,46,41,79,76,66,79,79,79,79,25,25],"gold":49,"neow_bonus":"TEN_PERCENT_HP_BONUS","is_daily":false,"chose_seed":false,"campfire_upgraded":1,"win_rate":0.0,"timestamp":1613930665,"path_taken":["M","?","?","M","?","R","E","$","T","$","E","R","?","?","R","BOSS","M","M","$","?","$","R","E"],"items_purchased_type":["Card","Card","Card"],"build_version":"2020-12-22","purchased_purges":1,"victory":false,"max_hp_per_floor":[79,79,79,79,79,79,79,79,79,79,79,79,79,79,79,79,79,79,79,79,79,79,79,79,79],"card_choices":[{"not_picked":["Collect","Halt","CutThroughFate"],"picked":"SKIP","floor":1},{"not_picked":["JustLucky","CutThroughFate","Meditate"],"picked":"SKIP","floor":4},{"not_picked":["Protect","CutThroughFate"],"picked":"PathToVictory","floor":5},{"not_picked":["SpiritShield","ReachHeaven","EmptyMind"],"picked":"SKIP","floor":7},{"not_picked":["BowlingBash","FlyingSleeves"],"picked":"ForeignInfluence","floor":11},{"not_picked":["FlyingSleeves","Vengeance"],"picked":"ForeignInfluence","floor":13},{"not_picked":["Evaluate"],"picked":"SKIP","floor":18},{"not_picked":["CutThroughFate"],"picked":"SKIP","floor":19}],"player_experience":363360,"relics_obtained":[{"floor":7,"key":"MealTicket"},{"floor":11,"key":"Shuriken"},{"floor":13,"key":"Odd Mushroom"},{"floor":14,"key":"Blood Vial"},{"floor":21,"key":"Bottled Tornado"},{"floor":24,"key":"Pocketwatch"}],"event_choices":[{"damage_healed":0,"gold_gain":0,"player_choice":"Grow","damage_taken":0,"max_hp_gain":0,"max_hp_loss":0,"event_name":"Living Wall","floor":2,"gold_loss":0,"cards_upgraded":["Eruption"]},{"damage_healed":0,"gold_gain":0,"player_choice":"Upgraded","damage_taken":0,"max_hp_gain":0,"max_hp_loss":0,"event_name":"Upgrade Shrine","floor":3,"gold_loss":0,"cards_upgraded":["Vigilance"]},{"damage_healed":0,"gold_gain":0,"player_choice":"Fought Mushrooms","damage_taken":0,"max_hp_gain":0,"max_hp_loss":0,"event_name":"Mushrooms","floor":13,"gold_loss":0}],"is_beta":false,"boss_relics":[{"not_picked":["Snecko Eye","Runic Dome"],"picked":"Busted Crown"}],"items_purged_floors":[22],"is_endless":false,"potions_floor_spawned":[1,5,11,16,18,19],"killed_by":"Slavers","ascension_level":1}}