{"host":"sp1f3sybb350mzsh","time":1613893347,"event":{"mods":["AchievementEnabler","BaseMod","Bestiary","Colored Map","Colored Powertips","Filter the Spire","Minty Spire (QoL Compilation)","Permanent Neow","Relic Stats","StSLib","everything is the same but u backflip on backflip","ojb\u0027s Better Paths Mod"],"gold_per_floor":[16,33,33,46,61,89,89,117,144,144,163,197,209,209,209,340,340,340],"floor_reached":17,"language":"ENG","playtime":1027,"items_purged":[],"score":186,"play_id":"d15e2062-d6a3-4a98-836c-9f876d05608b","local_time":"20210221014227","is_ascension_mode":true,"campfire_choices":[{"data":"A Thousand Cuts","floor":7,"key":"SMITH"},{"data":"Die Die Die","floor":10,"key":"SMITH"},{"floor":15,"key":"REST"}],"circlet_count":0,"master_deck":["Strike_G","Strike_G","Strike_G","Strike_G","Strike_G","Defend_G","Defend_G","Defend_G","Defend_G","Defend_G","Survivor","Neutralize","Die Die Die+1","Prepared","Underhanded Strike","Cloak And Dagger","Backflip","A Thousand Cuts+1","Flechettes","Prepared","Crippling Poison","Prepared","Blade Dance","Night Terror"],"relics":["Ring of the Snake","Thread and Needle","Bag of Marbles","Potion Belt","Dream Catcher","Golden Idol","Black Star"],"acts_visited":["Exordium","TheCity"],"potions_floor_usage":[5],"damage_taken":[{"damage":1.0,"enemies":"Jaw Worm","floor":1.0,"turns":4.0},{"damage":0.0,"enemies":"Cultist","floor":2.0,"turns":3.0},{"damage":0.0,"enemies":"Small Slimes","floor":4.0,"turns":3.0},{"damage":5,"enemies":"Exordium Thugs","floor":5,"turns":4},{"damage":17,"enemies":"3 Sentries","floor":6,"turns":8},{"damage":19,"enemies":"Gremlin Nob","floor":8,"turns":5},{"damage":0,"enemies":"3 Louse","floor":11,"turns":2},{"damage":1,"enemies":"3 Sentries","floor":12,"turns":3},{"damage":0,"enemies":"Looter","floor":13,"turns":2},{"damage":38,"enemies":"The Guardian","floor":16,"turns":15}],"seed_played":"-8391114872179107801","potions_obtained":[{"floor":1.0,"key":"DistilledChaos"},{"floor":5,"key":"SpeedPotion"},{"floor":6,"key":"SneckoOil"},{"floor":13,"key":"Strength Potion"}],"is_trial":false,"path_per_floor":["M","M","$","M","M","E","R","E","T","R","M","E","M","?","R","B",null],"character_chosen":"THE_SILENT","items_purchased":[],"campfire_rested":1,"item_purchase_floors":[],"current_hp_per_floor":[69,69,69,69,64,47,47,28,28,28,28,27,27,27,46,8,65,65],"gold":340,"neow_bonus":"THREE_RARE_CARDS","is_daily":false,"chose_seed":false,"campfire_upgraded":2,"win_rate":0.0,"timestamp":1613893347,"path_taken":["M","M","$","M","M","E","R","E","T","R","M","E","M","?","R","BOSS"],"items_purchased_type":[],"build_version":"2020-12-22","purchased_purges":0,"victory":false,"max_hp_per_floor":[70,70,70,70,70,70,70,70,70,70,70,70,70,65,65,65,65,65],"relic_stats":{"Dream Catcher":1,"counters":[10,49],"Golden Idol":26,"Black Star":0,"obtain_stats":[{"Potion Belt":9,"Dream Catcher":12,"Golden Idol":14,"Thread and Needle":6,"Bag of Marbles":8,"Black Star":17,"Ring of the Snake":0},{"Potion Belt":6,"Dream Catcher":8,"Golden Idol":9,"Thread and Needle":5,"Bag of Marbles":6,"Black Star":10,"Ring of the Snake":0},{"Potion Belt":27,"Dream Catcher":32,"Golden Idol":34,"Thread and Needle":22,"Bag of Marbles":27,"Black Star":49,"Ring of the Snake":0}],"Ring of the Snake":[20]},"card_choices":[{"not_picked":["Night Terror","After Image"],"picked":"Die Die Die","floor":0.0},{"not_picked":["Masterful Stab","Concentrate"],"picked":"Prepared","floor":1.0},{"not_picked":["Prepared","Setup"],"picked":"Underhanded Strike","floor":2.0},{"not_picked":["Catalyst","Prepared"],"picked":"Cloak And Dagger","floor":4.0},{"not_picked":["Bouncing Flask","Deflect"],"picked":"Backflip","floor":5},{"not_picked":["Underhanded Strike","Dagger Spray"],"picked":"A Thousand Cuts","floor":6},{"not_picked":["Expertise","PiercingWail"],"picked":"Flechettes","floor":8},{"not_picked":["Flying Knee","PiercingWail"],"picked":"Prepared","floor":11},{"not_picked":["Skewer","Slice"],"picked":"Crippling Poison","floor":12},{"not_picked":["Underhanded Strike","Catalyst"],"picked":"Prepared","floor":13},{"not_picked":["Accuracy","Footwork"],"picked":"Blade Dance","floor":15},{"not_picked":["Venomology","Storm of Steel"],"picked":"Night Terror","floor":16}],"player_experience":183686,"relics_obtained":[{"floor":6,"key":"Thread and Needle"},{"floor":8,"key":"Bag of Marbles"},{"floor":9,"key":"Potion Belt"},{"floor":12,"key":"Dream Catcher"}],"event_choices":[{"damage_healed":0,"gold_gain":0,"player_choice":"Lose Max HP","damage_taken":0,"relics_obtained":["Golden Idol"],"max_hp_gain":0,"max_hp_loss":5,"event_name":"Golden Idol","floor":14,"gold_loss":0}],"is_beta":false,"boss_relics":[{"not_picked":["Tiny House","Busted Crown"],"picked":"Black Star"}],"items_purged_floors":[],"is_endless":false,"potions_floor_spawned":[1,5,6,13],"ascension_level":1}}