{"host":"b0hicta09nhxha44","time":1613932739,"event":{"mods":["BaseMod","Highlight Path","Minty Spire (QoL Compilation)","Slay-I"],"gold_per_floor":[118,131,131,149,74,74,90,121,173,192,220,220,220,233,233,233,233],"floor_reached":16,"language":"ENG","playtime":1440,"items_purged":[],"score":267,"play_id":"2d611533-54c9-4f94-b3d4-317daa963834","local_time":"20210221183859","is_ascension_mode":true,"campfire_choices":[{"data":"ReachHeaven","floor":6,"key":"SMITH"},{"data":"ForeignInfluence","floor":13,"key":"SMITH"},{"data":"Halt","floor":15,"key":"SMITH"}],"circlet_count":0,"master_deck":["AscendersBane","Strike_P","Strike_P","Strike_P","Defend_P","Defend_P","Defend_P","Eruption+1","Vigilance","Halt+1","ThirdEye","ReachHeaven+1","ForeignInfluence+1","Swivel","FlurryOfBlows","FearNoEvil","Consecrate"],"relics":["PureWater","Blue Candle","Omamori","Art of War"],"acts_visited":["Exordium"],"potions_floor_usage":[7,8,11,16],"damage_taken":[{"damage":2,"enemies":"Cultist","floor":1,"turns":3},{"damage":0,"enemies":"Small Slimes","floor":2,"turns":2},{"damage":0,"enemies":"2 Louse","floor":4,"turns":4},{"damage":20,"enemies":"Exordium Thugs","floor":7,"turns":3},{"damage":0,"enemies":"Lagavulin","floor":8,"turns":6},{"damage":0,"enemies":"2 Fungi Beasts","floor":10,"turns":3},{"damage":3,"enemies":"3 Sentries","floor":11,"turns":4},{"damage":0,"enemies":"Large Slime","floor":14,"turns":4},{"damage":22,"enemies":"The Guardian","floor":16,"turns":10}],"seed_played":"1822113346570360593","potions_obtained":[{"floor":1,"key":"DuplicationPotion"},{"floor":7,"key":"Block Potion"},{"floor":10,"key":"StancePotion"},{"floor":14,"key":"Block Potion"}],"is_trial":false,"path_per_floor":["M","M","?","M","?","R","M","E","T","M","E","?","R","M","R","B"],"character_chosen":"WATCHER","items_purchased":[],"campfire_rested":0,"item_purchase_floors":[],"current_hp_per_floor":[59,59,52,52,52,52,32,32,32,32,29,29,29,29,29,7,7],"gold":233,"neow_bonus":"UPGRADE_CARD","is_daily":false,"chose_seed":false,"campfire_upgraded":3,"win_rate":0.0,"timestamp":1613932739,"path_taken":["M","M","?","M","?","R","M","E","T","M","E","?","R","M","R","BOSS"],"items_purchased_type":[],"build_version":"2020-12-22","purchased_purges":0,"victory":false,"max_hp_per_floor":[68,68,68,68,68,68,68,68,68,68,68,68,68,68,68,68,68],"card_choices":[{"not_picked":["FollowUp","Prostrate"],"picked":"Halt","floor":1},{"not_picked":["Crescendo","BowlingBash"],"picked":"ThirdEye","floor":2},{"not_picked":["Crescendo","LikeWater"],"picked":"ReachHeaven","floor":4},{"not_picked":["Fasting2","Study"],"picked":"ForeignInfluence","floor":7},{"not_picked":["Collect","JustLucky"],"picked":"Swivel","floor":8},{"not_picked":["Crescendo","ForeignInfluence"],"picked":"FlurryOfBlows","floor":10},{"not_picked":["WreathOfFlame","JustLucky"],"picked":"FearNoEvil","floor":11},{"not_picked":["WreathOfFlame","Alpha"],"picked":"Consecrate","floor":14}],"player_experience":3621110,"relics_obtained":[{"floor":8,"key":"Blue Candle"},{"floor":9,"key":"Omamori"},{"floor":11,"key":"Art of War"}],"event_choices":[{"cards_removed":["Defend_P"],"damage_healed":0,"gold_gain":0,"player_choice":"Card Removal","damage_taken":7,"max_hp_gain":0,"max_hp_loss":0,"event_name":"Golden Wing","floor":3,"gold_loss":0},{"cards_removed":["Strike_P"],"damage_healed":0,"gold_gain":0,"player_choice":"Card Removal","damage_taken":0,"max_hp_gain":0,"max_hp_loss":0,"event_name":"The Cleric","floor":5,"gold_loss":75},{"damage_healed":0,"gold_gain":0,"player_choice":"Ignored","damage_taken":0,"max_hp_gain":0,"max_hp_loss":0,"event_name":"Liars Game","floor":12,"gold_loss":0}],"is_beta":false,"boss_relics":[],"items_purged_floors":[],"is_endless":false,"potions_floor_spawned":[1,7,10,14],"killed_by":"The Guardian","ascension_level":19}}