{"host":"wha9hktbkslqvblg","time":1613872883,"event":{"mods":["BaseMod","Colored Map","Minty Spire (QoL Compilation)","Relic Stats","SuperFastMode","everything is the same but u backflip on backflip"],"gold_per_floor":[118,118,268,24,24,24,40,40,40,20,20,47,59,59,59,137,137,154,104,104,121,153,185,185,216,216,216,216,244,101,118,118,191,191,201,226,151,169,181,212,262,262,262,290,90,90,90,101,101,101,101,101,101,1,35,35],"floor_reached":57,"language":"KOR","playtime":1633,"items_purged":["Doubt","Strike_R","Strike_R","Dropkick","Fiend Fire","Fire Breathing+1"],"score":3020,"play_id":"705db502-21ca-4daa-8a24-4e538fb1ffbf","local_time":"20210221110123","is_ascension_mode":true,"campfire_choices":[{"data":"Fire Breathing","floor":6.0,"key":"SMITH"},{"floor":8.0,"key":"RECALL"},{"data":"Dark Embrace","floor":15.0,"key":"SMITH"},{"data":"Body Slam","floor":24.0,"key":"SMITH"},{"floor":27.0,"key":"REST"},{"data":"Second Wind","floor":32.0,"key":"SMITH"},{"data":"Offering","floor":42.0,"key":"SMITH"},{"data":"Power Through","floor":46.0,"key":"SMITH"},{"data":"Juggernaut","floor":49.0,"key":"SMITH"},{"data":"Shrug It Off","floor":53.0,"key":"SMITH"}],"circlet_count":0,"master_deck":["AscendersBane","Defend_R","Defend_R+1","Defend_R","Defend_R+1","Bash","Second Wind+1","Dark Embrace+1","Flame Barrier","Power Through+1","Juggernaut+1","Body Slam+1","Evolve+1","Offering+1","Warcry+1","Shrug It Off+1"],"relics":["Burning Blood","NeowsBlessing","Membership Card","Bird Faced Urn","Gambling Chip","Question Card","Empty Cage","Bag of Marbles","Red Mask","PreservedInsect","Ornamental Fan","Akabeko","Anchor","Cursed Key","StoneCalendar","Gremlin Horn","Mango","Meat on the Bone","ClockworkSouvenir","Toy Ornithopter"],"acts_visited":["Exordium","TheCity","TheBeyond","TheEnding"],"potions_floor_usage":[56],"damage_taken":[{"damage":0.0,"enemies":"Cultist","floor":1.0,"turns":1.0},{"damage":0.0,"enemies":"2 Louse","floor":7.0,"turns":2.0},{"damage":0.0,"enemies":"Lagavulin","floor":12.0,"turns":1.0},{"damage":11.0,"enemies":"Jaw Worm","floor":13.0,"turns":4.0},{"damage":19.0,"enemies":"Hexaghost","floor":16.0,"turns":9.0},{"damage":25.0,"enemies":"2 Thieves","floor":18.0,"turns":4.0},{"damage":0.0,"enemies":"Chosen","floor":21.0,"turns":5.0},{"damage":26.0,"enemies":"Masked Bandits","floor":22.0,"turns":8.0},{"damage":26.0,"enemies":"Book of Stabbing","floor":23.0,"turns":5.0},{"damage":26.0,"enemies":"Slavers","floor":25.0,"turns":5.0},{"damage":21.0,"enemies":"Book of Stabbing","floor":29.0,"turns":5.0},{"damage":32.0,"enemies":"Snecko","floor":31.0,"turns":11.0},{"damage":21.0,"enemies":"Champ","floor":33.0,"turns":7.0},{"damage":6.0,"enemies":"3 Shapes","floor":35.0,"turns":2.0},{"damage":21.0,"enemies":"Mind Bloom Boss Battle","floor":36.0,"turns":4.0},{"damage":6.0,"enemies":"3 Darklings","floor":38.0,"turns":4.0},{"damage":6.0,"enemies":"4 Shapes","floor":39.0,"turns":3.0},{"damage":9.0,"enemies":"Reptomancer","floor":40.0,"turns":3.0},{"damage":6.0,"enemies":"2 Orb Walkers","floor":41.0,"turns":2.0},{"damage":6.0,"enemies":"Giant Head","floor":44.0,"turns":4.0},{"damage":6.0,"enemies":"Writhing Mass","floor":48.0,"turns":2.0},{"damage":6.0,"enemies":"Time Eater","floor":50.0,"turns":7.0},{"damage":50.0,"enemies":"Awakened One","floor":51.0,"turns":7.0},{"damage":10,"enemies":"Shield and Spear","floor":55,"turns":2},{"damage":68,"enemies":"The Heart","floor":56,"turns":8}],"seed_played":"-8627377554028579811","potions_obtained":[{"floor":1.0,"key":"AttackPotion"},{"floor":13.0,"key":"Swift Potion"},{"floor":21.0,"key":"Weak Potion"},{"floor":25.0,"key":"BlessingOfTheForge"},{"floor":29.0,"key":"PowerPotion"},{"floor":33.0,"key":"SteroidPotion"},{"floor":40.0,"key":"Block Potion"},{"floor":41.0,"key":"Strength Potion"},{"floor":55,"key":"SpeedPotion"}],"is_trial":false,"path_per_floor":["M","?","?","$","?","R","M","R","T","$","?","E","M","?","R","B",null,"M","$","T","M","?","E","R","E","T","R","?","E","$","M","R","B",null,"M","?","$","M","M","E","?","R","T","E","$","R","?","M","R","B","B",null,"R","$","E","B",null],"character_chosen":"IRONCLAD","items_purchased":["Membership Card","Fire Breathing","Dropkick","Anchor","Shrug It Off","ClockworkSouvenir"],"campfire_rested":1,"item_purchase_floors":[4,4,10,30,45,45],"current_hp_per_floor":[74,67,67,67,44,44,50,50,50,50,39,45,42,42,42,33,65,52,52,52,62,46,34,34,20,20,42,57,46,46,24,24,19,61,69,62,62,68,75,72,89,89,89,89,89,89,85,85,85,85,57,78,78,78,80,37],"gold":35,"neow_bonus":"THREE_ENEMY_KILL","is_daily":false,"chose_seed":false,"campfire_upgraded":8,"win_rate":0.0,"timestamp":1613872883,"path_taken":["M","?","?","$","?","R","M","R","T","$","?","E","?","?","R","BOSS","M","?","?","M","?","E","R","E","T","R","?","E","$","M","R","BOSS","M","?","$","M","M","E","?","R","T","E","$","R","?","M","R","BOSS","BOSS","R","$","E","BOSS"],"items_purchased_type":["Relic","Card","Card","Relic","Card","Relic"],"build_version":"2020-12-22","purchased_purges":6,"victory":true,"max_hp_per_floor":[75,75,75,75,75,75,75,75,75,75,75,75,75,75,75,75,75,75,75,75,75,75,75,75,75,75,75,75,75,75,75,75,75,75,75,75,75,75,75,75,89,89,89,89,89,89,85,85,85,85,85,85,85,85,85,85],"relic_stats":{"Gremlin Horn":[2,5],"counters":[25,115],"StoneCalendar":[45],"PreservedInsect":353,"Question Card":19,"Cursed Key":0,"Burning Blood":131,"Ornamental Fan":[52],"Bird Faced Urn":[115],"Gambling Chip":[42],"obtain_stats":[{"NeowsBlessing":0,"Gremlin Horn":40,"StoneCalendar":36,"Mango":41,"PreservedInsect":23,"Question Card":12,"Empty Cage":17,"Cursed Key":34,"Burning Blood":0,"Akabeko":29,"ClockworkSouvenir":45,"Anchor":30,"Ornamental Fan":25,"Bird Faced Urn":9,"Gambling Chip":11,"Bag of Marbles":20,"Red Mask":22,"Membership Card":4,"Toy Ornithopter":55,"Meat on the Bone":44},{"NeowsBlessing":0,"Gremlin Horn":18,"StoneCalendar":15,"Mango":19,"PreservedInsect":9,"Question Card":3,"Empty Cage":5,"Cursed Key":13,"Burning Blood":0,"Akabeko":11,"ClockworkSouvenir":20,"Anchor":11,"Ornamental Fan":10,"Bird Faced Urn":2,"Gambling Chip":2,"Bag of Marbles":6,"Red Mask":8,"Membership Card":1,"Toy Ornithopter":24,"Meat on the Bone":20},{"NeowsBlessing":0,"Gremlin Horn":83,"StoneCalendar":73,"Mango":85,"PreservedInsect":39,"Question Card":4,"Empty Cage":17,"Cursed Key":67,"Burning Blood":0,"Akabeko":49,"ClockworkSouvenir":89,"Anchor":49,"Ornamental Fan":44,"Bird Faced Urn":3,"Gambling Chip":3,"Bag of Marbles":21,"Red Mask":34,"Membership Card":1,"Toy Ornithopter":107,"Meat on the Bone":89}],"Toy Ornithopter":5,"Meat on the Bone":24},"card_choices":[{"not_picked":["Clothesline","Flex"],"picked":"Second Wind","floor":1.0},{"not_picked":["Spot Weakness","Fire Breathing","Iron Wave"],"picked":"SKIP","floor":7.0},{"not_picked":["Seeing Red","Anger"],"picked":"Dark Embrace","floor":12.0},{"not_picked":["Dark Embrace","Warcry","Rage"],"picked":"Flame Barrier","floor":13.0},{"not_picked":["Bludgeon","Exhume","Barricade"],"picked":"Juggernaut","floor":16.0},{"not_picked":["Heavy Blade","Headbutt","Wild Strike"],"picked":"Body Slam","floor":18.0},{"not_picked":["Bloodletting","Sword Boomerang","Combust","Heavy Blade"],"picked":"SKIP","floor":21.0},{"not_picked":["Combust","Whirlwind","Spot Weakness"],"picked":"Evolve+1","floor":22.0},{"not_picked":["Bludgeon","Second Wind","Warcry","Disarm"],"picked":"SKIP","floor":23.0},{"not_picked":["Whirlwind","Body Slam","Clash","Headbutt"],"picked":"SKIP","floor":25.0},{"not_picked":["Searing Blow","Wild Strike","Pummel+1","Headbutt"],"picked":"SKIP","floor":29.0},{"not_picked":["Rampage","Anger","Warcry","Power Through"],"picked":"SKIP","floor":31.0},{"not_picked":["Impervious","Fiend Fire","Berserk"],"picked":"Offering","floor":33.0},{"not_picked":["Armaments","Heavy Blade","True Grit+1","Iron Wave"],"picked":"SKIP","floor":35.0},{"not_picked":["Headbutt","Whirlwind+1","Rage","Havoc"],"picked":"SKIP","floor":38.0},{"not_picked":["Body Slam","Sentinel","Warcry","Havoc"],"picked":"SKIP","floor":39.0},{"not_picked":["Flame Barrier+1","Hemokinesis+1","Seeing Red"],"picked":"Warcry+1","floor":40.0},{"not_picked":["Metallicize","Uppercut+1","Wild Strike","Cleave+1"],"picked":"SKIP","floor":44.0},{"not_picked":["True Grit","Anger","Warcry+1","Sever Soul"],"picked":"SKIP","floor":48.0},{"not_picked":["Carnage+1","Sword Boomerang","Second Wind+1","Whirlwind"],"picked":"SKIP","floor":55}],"player_experience":1005253,"relics_obtained":[{"floor":9.0,"key":"Bird Faced Urn"},{"floor":12.0,"key":"Question Card"},{"floor":20.0,"key":"Bag of Marbles"},{"floor":22.0,"key":"Red Mask"},{"floor":23.0,"key":"PreservedInsect"},{"floor":25.0,"key":"Ornamental Fan"},{"floor":29.0,"key":"Akabeko"},{"floor":36.0,"key":"StoneCalendar"},{"floor":40.0,"key":"Gremlin Horn"},{"floor":41.0,"key":"Mango"},{"floor":44.0,"key":"Meat on the Bone"},{"floor":55,"key":"Toy Ornithopter"}],"event_choices":[{"cards_removed":["Strike_R"],"damage_healed":0.0,"max_hp_gain":0.0,"max_hp_loss":0.0,"gold_gain":0.0,"event_name":"Golden Wing","player_choice":"Card Removal","floor":2.0,"gold_loss":0.0,"damage_taken":7.0},{"damage_healed":0.0,"max_hp_gain":0.0,"max_hp_loss":0.0,"gold_gain":150.0,"event_name":"Liars Game","player_choice":"AGREE","floor":3.0,"gold_loss":0.0,"damage_taken":0.0,"cards_obtained":["Doubt"]},{"damage_healed":0.0,"max_hp_gain":0.0,"max_hp_loss":0.0,"gold_gain":0.0,"event_name":"Shining Light","player_choice":"Entered Light","floor":5.0,"gold_loss":0.0,"damage_taken":23.0,"cards_upgraded":["Defend_R","Defend_R"]},{"damage_healed":0.0,"max_hp_gain":0.0,"max_hp_loss":0.0,"gold_gain":0.0,"event_name":"Scrap Ooze","player_choice":"Success","floor":11.0,"gold_loss":0.0,"damage_taken":11.0,"relics_obtained":["Gambling Chip"]},{"damage_healed":0.0,"max_hp_gain":0.0,"max_hp_loss":0.0,"gold_gain":0.0,"event_name":"Match and Keep!","player_choice":"2 cards matched","floor":14.0,"gold_loss":0.0,"damage_taken":0.0,"cards_obtained":["Power Through","Fiend Fire"]},{"damage_healed":0.0,"max_hp_gain":0.0,"max_hp_loss":0.0,"gold_gain":0.0,"event_name":"Masked Bandits","player_choice":"Fought Bandits","floor":22.0,"gold_loss":0.0,"damage_taken":0.0},{"damage_healed":15.0,"max_hp_gain":0.0,"max_hp_loss":0.0,"gold_gain":0.0,"event_name":"The Library","player_choice":"Heal","floor":28.0,"gold_loss":0.0,"damage_taken":0.0},{"damage_healed":0.0,"max_hp_gain":0.0,"max_hp_loss":0.0,"gold_gain":0.0,"event_name":"MindBloom","player_choice":"Fight","floor":36.0,"gold_loss":0.0,"damage_taken":0.0},{"damage_healed":0.0,"max_hp_gain":0.0,"max_hp_loss":0.0,"gold_gain":0.0,"event_name":"Mysterious Sphere","player_choice":"Fight","floor":41.0,"gold_loss":0.0,"damage_taken":0.0},{"damage_healed":0.0,"max_hp_gain":0.0,"max_hp_loss":4.0,"gold_gain":0.0,"event_name":"Winding Halls","player_choice":"Max HP","floor":47.0,"gold_loss":0.0,"damage_taken":0.0}],"is_beta":false,"boss_relics":[{"not_picked":["Mark of Pain","Runic Pyramid"],"picked":"Empty Cage"},{"not_picked":["SacredBark","Pandora\u0027s Box"],"picked":"Cursed Key"}],"items_purged_floors":[4,19,30,37,45,54],"is_endless":false,"potions_floor_spawned":[1,13,21,25,29,33,40,41,44,55],"ascension_level":20}}