{"host":"zr590xw2unlz0wv7","time":1613926744,"event":{"mods":["BaseMod","Minty Spire (QoL Compilation)","READ ME - Guardian Mod","StSLib"],"gold_per_floor":[115,129,129,152,7,45,45,45,45,70,105,129,148,183,183,303,303,303,303,303,164,164,164,164,164,164,164,164,164,164,164,164,164,164,164,164,164,164,164,164],"floor_reached":39,"language":"ZHS","playtime":2204,"items_purged":["Injury","Strike_P"],"score":611,"play_id":"70ee637b-dfbc-4e18-8f43-051ebf9e3176","local_time":"20210222005904","is_ascension_mode":true,"campfire_choices":[{"floor":8,"key":"REST"},{"data":"Collect","floor":15,"key":"SMITH"},{"floor":23,"key":"RECALL"},{"floor":25,"key":"REST"},{"floor":30,"key":"REST"},{"data":"Alpha","floor":32,"key":"SMITH"}],"circlet_count":0,"master_deck":["Strike_P","Strike_P","Defend_P","Defend_P","Defend_P","Defend_P","Eruption","Vigilance","CrushJoints","Adaptation","FollowUp","PathToVictory","PathToVictory","DeusExMachina","ClearTheMind","PathToVictory","Collect+1","Alpha+1","PathToVictory","Protect","PathToVictory","DevaForm","Wish"],"relics":["PureWater","NeowsBlessing","Golden Idol","Pear","The Courier","Akabeko","Centennial Puzzle","Ectoplasm","Vajra","TeardropLocket","SlaversCollar"],"acts_visited":["Exordium","TheCity","TheBeyond"],"potions_floor_usage":[11,27,33,33],"damage_taken":[{"damage":0,"enemies":"Small Slimes","floor":1,"turns":1},{"damage":0,"enemies":"Jaw Worm","floor":2,"turns":1},{"damage":0,"enemies":"Cultist","floor":4,"turns":1},{"damage":16,"enemies":"Gremlin Nob","floor":6,"turns":3},{"damage":0,"enemies":"Exordium Wildlife","floor":10,"turns":2},{"damage":0,"enemies":"Lagavulin","floor":11,"turns":4},{"damage":8,"enemies":"Blue Slaver","floor":12,"turns":2},{"damage":3,"enemies":"Looter","floor":13,"turns":2},{"damage":0,"enemies":"Gremlin Nob","floor":14,"turns":2},{"damage":38,"enemies":"The Guardian","floor":16,"turns":7},{"damage":25,"enemies":"Shell Parasite","floor":18,"turns":5},{"damage":23,"enemies":"Spheric Guardian","floor":24,"turns":5},{"damage":15,"enemies":"Book of Stabbing","floor":27,"turns":4},{"damage":2,"enemies":"Snake Plant","floor":28,"turns":3},{"damage":8,"enemies":"Chosen and Byrds","floor":31,"turns":4},{"damage":63,"enemies":"Champ","floor":33,"turns":8},{"damage":20,"enemies":"3 Shapes","floor":35,"turns":3},{"damage":16,"enemies":"Orb Walker","floor":38,"turns":2},{"damage":30,"enemies":"Sphere and 2 Shapes","floor":39,"turns":5}],"seed_played":"-5265287258356738879","potions_obtained":[{"floor":1,"key":"LiquidBronze"},{"floor":2,"key":"DistilledChaos"},{"floor":6,"key":"Ancient Potion"},{"floor":12,"key":"Fire Potion"},{"floor":18,"key":"SpeedPotion"},{"floor":24,"key":"Ancient Potion"},{"floor":33,"key":"PowerPotion"}],"is_trial":false,"path_per_floor":["M","M","?","M","$","E","?","R","T","M","E","M","M","E","R","B",null,"M","?","?","$","T","R","M","R","T","E","M","?","R","M","R","B",null,"M","?","?","M","M"],"character_chosen":"WATCHER","items_purchased":["FollowUp","PathToVictory","PathToVictory","Protect"],"campfire_rested":3,"item_purchase_floors":[5,5,21,21],"current_hp_per_floor":[72,72,72,72,72,66,58,82,82,82,82,74,71,71,71,33,70,45,45,45,45,45,45,22,46,46,31,29,56,80,72,72,9,64,44,44,44,28,0,0],"gold":164,"neow_bonus":"THREE_ENEMY_KILL","is_daily":false,"chose_seed":false,"campfire_upgraded":2,"win_rate":0.0,"timestamp":1613926744,"path_taken":["M","M","?","M","$","E","?","R","T","M","E","M","?","E","R","BOSS","M","?","?","$","?","R","M","R","T","E","M","?","R","M","R","BOSS","M","?","?","M","M"],"items_purchased_type":["Card","Card","Card","Card"],"build_version":"2020-12-22","purchased_purges":2,"victory":false,"max_hp_per_floor":[72,72,72,72,72,82,82,82,82,82,82,82,82,82,82,82,82,82,82,82,82,82,82,82,82,82,82,82,82,82,82,82,82,82,82,82,82,82,82,82],"card_choices":[{"not_picked":["DeceiveReality","TalkToTheHand","SashWhip"],"picked":"SKIP","floor":1},{"not_picked":["CutThroughFate","EmptyFist"],"picked":"CrushJoints","floor":2},{"not_picked":["SignatureMove","SashWhip"],"picked":"Adaptation","floor":4},{"not_picked":["EmptyFist","FlurryOfBlows"],"picked":"PathToVictory","floor":6},{"not_picked":["Crescendo","SignatureMove","Evaluate"],"picked":"SKIP","floor":10},{"not_picked":["Conclude","WaveOfTheHand"],"picked":"DeusExMachina","floor":11},{"not_picked":["Sanctity","Crescendo"],"picked":"ClearTheMind","floor":12},{"not_picked":["Prostrate","Weave"],"picked":"PathToVictory","floor":13},{"not_picked":["ThirdEye","BattleHymn"],"picked":"Collect","floor":14},{"not_picked":["DeusExMachina","Blasphemy"],"picked":"Alpha","floor":16},{"not_picked":["FlyingSleeves+1","Evaluate","Consecrate+1"],"picked":"SKIP","floor":18},{"not_picked":["Fasting2","Pray+1"],"picked":"PathToVictory","floor":24},{"not_picked":["Study","Crescendo","Indignation"],"picked":"SKIP","floor":27},{"not_picked":["SashWhip","Wallop","ThirdEye+1"],"picked":"SKIP","floor":28},{"not_picked":["Prostrate","Consecrate"],"picked":"DevaForm","floor":31},{"not_picked":["Scrawl","Vault"],"picked":"Wish","floor":33},{"not_picked":["FearNoEvil+1","Crescendo","Wallop+1"],"picked":"SKIP","floor":35},{"not_picked":["ClearTheMind+1","ThirdEye","Omniscience"],"picked":"SKIP","floor":38}],"player_experience":555852,"relics_obtained":[{"floor":6,"key":"Pear"},{"floor":9,"key":"The Courier"},{"floor":11,"key":"Akabeko"},{"floor":14,"key":"Centennial Puzzle"},{"floor":26,"key":"Vajra"},{"floor":27,"key":"TeardropLocket"}],"event_choices":[{"damage_healed":0,"gold_gain":0,"player_choice":"Take Wound","damage_taken":0,"relics_obtained":["Golden Idol"],"max_hp_gain":0,"max_hp_loss":0,"event_name":"Golden Idol","floor":3,"gold_loss":0,"cards_obtained":["Injury"]},{"damage_healed":0,"gold_gain":0,"player_choice":"Damaged","damage_taken":8,"max_hp_gain":0,"max_hp_loss":0,"event_name":"Wheel of Change","floor":7,"gold_loss":0},{"damage_healed":0,"gold_gain":0,"player_choice":"Ignored","damage_taken":0,"max_hp_gain":0,"max_hp_loss":0,"event_name":"Cursed Tome","floor":19,"gold_loss":0},{"damage_healed":0,"gold_gain":0,"player_choice":"Ignored","damage_taken":0,"max_hp_gain":0,"max_hp_loss":0,"event_name":"Vampires","floor":20,"gold_loss":0},{"damage_healed":27,"gold_gain":0,"player_choice":"Heal","damage_taken":0,"max_hp_gain":0,"max_hp_loss":0,"event_name":"The Library","floor":29,"gold_loss":0},{"cards_removed":["Strike_P"],"damage_healed":0,"gold_gain":0,"player_choice":"Removed Attack","damage_taken":0,"max_hp_gain":0,"max_hp_loss":0,"event_name":"Falling","floor":36,"gold_loss":0},{"damage_healed":0,"gold_gain":0,"player_choice":"Ignored","damage_taken":0,"max_hp_gain":0,"max_hp_loss":0,"event_name":"Mysterious Sphere","floor":37,"gold_loss":0}],"is_beta":false,"boss_relics":[{"not_picked":["Busted Crown","Tiny House"],"picked":"Ectoplasm"},{"not_picked":["Runic Pyramid","Snecko Eye"],"picked":"SlaversCollar"}],"items_purged_floors":[5,21],"is_endless":false,"potions_floor_spawned":[1,2,6,12,18,24,33],"killed_by":"Sphere and 2 Shapes","ascension_level":5}}