{"host":"6406jj8da6015sxr","time":1613897993,"event":{"mods":["AchievementEnabler","BaseMod","Colored Map","DeckTracker","Keyboard Shortcuts","Minty Spire (QoL Compilation)","Permanent Neow","Relic Stats","SuperFastMode","everything is the same but u backflip on backflip"],"gold_per_floor":[116,116,134,55,67,95,20,46,120,168,195,216,244,278,278,366,366,390,33,42,61,88,97,141,150,150,259,292,311,29,55,55,140,140,154,154,179,208,208,208,233,233,283,283,320,320,320,340,340,340,340,340,13,55,55],"floor_reached":56,"language":"KOR","playtime":2549,"items_purged":["Strike_G"],"score":2184,"play_id":"728280c4-c050-4489-8f69-957657c1c614","local_time":"20210221175953","is_ascension_mode":true,"campfire_choices":[{"data":"Neutralize","floor":15.0,"key":"SMITH"},{"floor":23.0,"key":"REST"},{"floor":25.0,"key":"REST"},{"data":"Strike_G","floor":32.0,"key":"PURGE"},{"floor":40.0,"key":"REST"},{"data":"Strike_G","floor":42.0,"key":"PURGE"},{"data":"Strike_G","floor":44.0,"key":"PURGE"},{"data":"Defend_G","floor":47.0,"key":"PURGE"},{"floor":49.0,"key":"RECALL"},{"data":"Defend_G","floor":52.0,"key":"PURGE"}],"circlet_count":0,"master_deck":["AscendersBane","Defend_G","Defend_G","Survivor","Neutralize+1","Choke","Slice","Flying Knee","Cloak And Dagger","Cloak And Dagger","Die Die Die","Flying Knee","Backstab","Blade Dance","Tactician","Acrobatics","Venomology","Backflip","Neutralize+1","Backflip","Calculated Gamble","Terror","Footwork","Acrobatics","Cloak And Dagger","Accuracy","Panache","Adrenaline","Backflip+1","PiercingWail","Well Laid Plans","Caltrops+1","Dodge and Roll+1"],"relics":["Ring of the Serpent","Bag of Marbles","Thread and Needle","Akabeko","Kunai","CeramicFish","Dream Catcher","Fusion Hammer","Ornamental Fan","Mummified Hand","White Beast Statue","Peace Pipe","Mercury Hourglass","Omamori","StrikeDummy","Letter Opener","Meat on the Bone","Blue Candle","OrangePellets","Bronze Scales","Toy Ornithopter"],"acts_visited":["Exordium","TheCity","TheBeyond","TheEnding"],"potions_floor_usage":[55,55],"damage_taken":[{"damage":4.0,"enemies":"2 Louse","floor":1.0,"turns":3.0},{"damage":0.0,"enemies":"Cultist","floor":3.0,"turns":3.0},{"damage":6.0,"enemies":"Jaw Worm","floor":5.0,"turns":2.0},{"damage":2.0,"enemies":"Gremlin Nob","floor":6.0,"turns":3.0},{"damage":5.0,"enemies":"3 Sentries","floor":8.0,"turns":7.0},{"damage":0.0,"enemies":"Exordium Wildlife","floor":11.0,"turns":2.0},{"damage":0.0,"enemies":"Gremlin Gang","floor":12.0,"turns":2.0},{"damage":0.0,"enemies":"Red Slaver","floor":13.0,"turns":1.0},{"damage":0.0,"enemies":"Gremlin Nob","floor":14.0,"turns":3.0},{"damage":8.0,"enemies":"Slime Boss","floor":16.0,"turns":11.0},{"damage":0.0,"enemies":"Spheric Guardian","floor":18.0,"turns":2.0},{"damage":0.0,"enemies":"Shell Parasite","floor":21.0,"turns":3.0},{"damage":0.0,"enemies":"Snake Plant","floor":22.0,"turns":3.0},{"damage":0.0,"enemies":"Book of Stabbing","floor":24.0,"turns":6.0},{"damage":0.0,"enemies":"Colosseum Slavers","floor":27.0,"turns":3.0},{"damage":0.0,"enemies":"Colosseum Nobs","floor":27.0,"turns":4.0},{"damage":3.0,"enemies":"Slavers","floor":28.0,"turns":5.0},{"damage":0.0,"enemies":"Snecko","floor":29.0,"turns":2.0},{"damage":10.0,"enemies":"Gremlin Leader","floor":31.0,"turns":3.0},{"damage":10.0,"enemies":"Automaton","floor":33.0,"turns":7.0},{"damage":0.0,"enemies":"3 Shapes","floor":35.0,"turns":2.0},{"damage":21.0,"enemies":"3 Darklings","floor":37.0,"turns":4.0},{"damage":0.0,"enemies":"Sphere and 2 Shapes","floor":38.0,"turns":3.0},{"damage":4.0,"enemies":"Reptomancer","floor":41.0,"turns":5.0},{"damage":0.0,"enemies":"Giant Head","floor":45.0,"turns":6.0},{"damage":0.0,"enemies":"Writhing Mass","floor":48.0,"turns":5.0},{"damage":8.0,"enemies":"Awakened One","floor":50.0,"turns":10.0},{"damage":30.0,"enemies":"Shield and Spear","floor":54.0,"turns":5.0},{"damage":40,"enemies":"The Heart","floor":55,"turns":8}],"seed_played":"8744621340360524979","potions_obtained":[{"floor":1.0,"key":"DistilledChaos"},{"floor":3.0,"key":"CultistPotion"},{"floor":11.0,"key":"Strength Potion"},{"floor":21.0,"key":"PowerPotion"},{"floor":33.0,"key":"SteroidPotion"},{"floor":37.0,"key":"AttackPotion"},{"floor":38.0,"key":"Fire Potion"},{"floor":41.0,"key":"Fruit Juice"},{"floor":45.0,"key":"SteroidPotion"}],"is_trial":false,"path_per_floor":["M","?","M","$","M","E","?","E","T","T","M","M","M","E","R","B",null,"M","$","?","M","M","R","E","R","T","?","E","M","$","E","R","B",null,"M","?","M","M","?","R","E","R","T","R","E","?","R","M","R","B",null,"R","$","E","B",null],"character_chosen":"THE_SILENT","items_purchased":["Flying Knee","Cloak And Dagger","Ornamental Fan","Accuracy","Panache","OrangePellets","Bronze Scales"],"campfire_rested":3,"item_purchase_floors":[4,4,19,30,30,53,53],"current_hp_per_floor":[55,55,55,55,49,47,47,42,42,42,42,42,42,42,42,34,58,58,58,58,58,58,66,66,66,66,66,63,63,63,53,53,43,60,60,60,39,39,39,57,53,53,53,53,58,58,58,58,58,50,64,64,64,46,28],"gold":55,"neow_bonus":"RANDOM_COMMON_RELIC","is_daily":false,"chose_seed":false,"campfire_upgraded":1,"win_rate":0.0,"timestamp":1613897993,"path_taken":["M","?","M","$","?","E","?","E","T","?","?","M","M","E","R","BOSS","M","$","?","M","?","R","E","R","T","?","E","M","$","E","R","BOSS","M","?","M","?","?","R","E","R","T","R","E","?","R","?","R","BOSS","R","$","E","BOSS"],"items_purchased_type":["Card","Card","Relic","Card","Card","Relic","Relic"],"build_version":"2020-12-22","purchased_purges":1,"victory":true,"max_hp_per_floor":[66,66,66,66,66,66,66,66,66,66,66,66,66,66,66,66,66,66,66,66,66,66,66,66,66,66,66,66,66,66,66,66,66,66,66,66,66,66,63,63,63,63,63,63,68,68,68,68,68,68,68,68,68,68,68],"relic_stats":{"counters":[29,122],"CeramicFish":189,"Blue Candle":[0],"Letter Opener":[227],"Mercury Hourglass":[277],"Peace Pipe":5,"OrangePellets":[4],"Dream Catcher":3,"Ornamental Fan":[300],"Mummified Hand":[38],"Bronze Scales":[153],"Kunai":[91],"obtain_stats":[{"CeramicFish":10,"Blue Candle":45,"Thread and Needle":6,"Omamori":28,"Letter Opener":36,"Akabeko":8,"White Beast Statue":26,"Mercury Hourglass":27,"Peace Pipe":27,"OrangePellets":53,"Dream Catcher":14,"Ornamental Fan":19,"Mummified Hand":24,"Bronze Scales":53,"Fusion Hammer":17,"Bag of Marbles":0,"Kunai":9,"StrikeDummy":31,"Ring of the Serpent":34,"Toy Ornithopter":54,"Ring of the Snake":0,"Meat on the Bone":41},{"CeramicFish":5,"Blue Candle":25,"Thread and Needle":4,"Omamori":17,"Letter Opener":21,"Akabeko":5,"White Beast Statue":14,"Mercury Hourglass":16,"Peace Pipe":16,"OrangePellets":27,"Dream Catcher":9,"Ornamental Fan":11,"Mummified Hand":14,"Bronze Scales":27,"Fusion Hammer":10,"Bag of Marbles":0,"Kunai":5,"StrikeDummy":19,"Ring of the Serpent":20,"Toy Ornithopter":28,"Ring of the Snake":0,"Meat on the Bone":24},{"CeramicFish":18,"Blue Candle":94,"Thread and Needle":11,"Omamori":63,"Letter Opener":77,"Akabeko":18,"White Beast Statue":51,"Mercury Hourglass":58,"Peace Pipe":58,"OrangePellets":109,"Dream Catcher":26,"Ornamental Fan":39,"Mummified Hand":51,"Bronze Scales":109,"Fusion Hammer":37,"Bag of Marbles":0,"Kunai":18,"StrikeDummy":68,"Ring of the Serpent":75,"Toy Ornithopter":114,"Ring of the Snake":0,"Meat on the Bone":88}],"Toy Ornithopter":10,"Meat on the Bone":24},"card_choices":[{"not_picked":["Acrobatics","Concentrate"],"picked":"Choke","floor":1.0},{"not_picked":["Dash","Backflip"],"picked":"Slice","floor":3.0},{"not_picked":["Concentrate","Bane"],"picked":"Cloak And Dagger","floor":5.0},{"not_picked":["Heel Hook","Leg Sweep"],"picked":"Die Die Die","floor":6.0},{"not_picked":["Masterful Stab","Deadly Poison"],"picked":"Flying Knee","floor":8.0},{"not_picked":["Poisoned Stab","Choke"],"picked":"Backstab","floor":11.0},{"not_picked":["Dagger Spray","Leg Sweep"],"picked":"Blade Dance","floor":12.0},{"not_picked":["All Out Attack","Eviscerate"],"picked":"Tactician","floor":13.0},{"not_picked":["Outmaneuver","Heel Hook"],"picked":"Acrobatics","floor":14.0},{"not_picked":["Die Die Die","Burst"],"picked":"Venomology","floor":16.0},{"not_picked":["Expertise+1","Cloak And Dagger"],"picked":"Backflip","floor":18.0},{"not_picked":["Dodge and Roll","Poisoned Stab"],"picked":"Backflip","floor":21.0},{"not_picked":["Blur","Backstab"],"picked":"Calculated Gamble","floor":22.0},{"not_picked":["Flying Knee","Dagger Throw"],"picked":"Terror","floor":23.0},{"not_picked":["Backstab","Deflect"],"picked":"Footwork","floor":24.0},{"not_picked":["Storm of Steel","Dagger Spray"],"picked":"Acrobatics","floor":25.0},{"not_picked":["Eviscerate","Dagger Throw"],"picked":"Cloak And Dagger","floor":27.0},{"not_picked":["Deflect","Dash","Caltrops"],"picked":"SKIP","floor":28.0},{"not_picked":["Dagger Throw","Underhanded Strike","Endless Agony"],"picked":"SKIP","floor":29.0},{"not_picked":["Endless Agony","Sucker Punch","Prepared"],"picked":"SKIP","floor":31.0},{"not_picked":["Wraith Form v2","Bullet Time"],"picked":"Adrenaline","floor":33.0},{"not_picked":["Flying Knee+1","Dagger Spray","Dagger Throw"],"picked":"SKIP","floor":35.0},{"not_picked":["Poisoned Stab","Deflect"],"picked":"Backflip+1","floor":37.0},{"not_picked":["Deadly Poison","Deflect"],"picked":"PiercingWail","floor":38.0},{"not_picked":["Dodge and Roll","A Thousand Cuts","All Out Attack+1"],"picked":"SKIP","floor":41.0},{"not_picked":["Concentrate","Dodge and Roll"],"picked":"Well Laid Plans","floor":45.0},{"not_picked":["Quick Slash","Underhanded Strike"],"picked":"Caltrops+1","floor":48.0},{"not_picked":["All Out Attack","Dagger Throw"],"picked":"Dodge and Roll+1","floor":54.0}],"player_experience":65041,"relics_obtained":[{"floor":6.0,"key":"Thread and Needle"},{"floor":8.0,"key":"Akabeko"},{"floor":9.0,"key":"Kunai"},{"floor":10.0,"key":"CeramicFish"},{"floor":14.0,"key":"Dream Catcher"},{"floor":24.0,"key":"Mummified Hand"},{"floor":26.0,"key":"White Beast Statue"},{"floor":27.0,"key":"Peace Pipe"},{"floor":27.0,"key":"Mercury Hourglass"},{"floor":28.0,"key":"Omamori"},{"floor":31.0,"key":"StrikeDummy"},{"floor":41.0,"key":"Meat on the Bone"},{"floor":45.0,"key":"Blue Candle"},{"floor":54.0,"key":"Toy Ornithopter"}],"event_choices":[{"cards_removed":["Strike_G"],"damage_healed":0.0,"max_hp_gain":0.0,"max_hp_loss":0.0,"gold_gain":0.0,"event_name":"Bonfire Elementals","player_choice":"Offered Basic","floor":2.0,"gold_loss":0.0,"damage_taken":0.0},{"cards_removed":["Defend_G"],"damage_healed":0.0,"max_hp_gain":0.0,"max_hp_loss":0.0,"gold_gain":0.0,"event_name":"The Cleric","player_choice":"Card Removal","floor":7.0,"gold_loss":75.0,"damage_taken":0.0},{"damage_healed":0.0,"max_hp_gain":0.0,"max_hp_loss":0.0,"gold_gain":0.0,"event_name":"Duplicator","player_choice":"Copied","floor":20.0,"gold_loss":0.0,"damage_taken":0.0,"cards_obtained":["Neutralize"]},{"damage_healed":0.0,"max_hp_gain":0.0,"max_hp_loss":0.0,"gold_gain":0.0,"event_name":"Colosseum","player_choice":"Fight","floor":27.0,"gold_loss":0.0,"damage_taken":0.0},{"damage_healed":0.0,"max_hp_gain":0.0,"max_hp_loss":0.0,"gold_gain":0.0,"event_name":"Colosseum","player_choice":"Fought Nobs","floor":27.0,"gold_loss":0.0,"damage_taken":0.0},{"damage_healed":0.0,"max_hp_gain":0.0,"max_hp_loss":0.0,"gold_gain":0.0,"event_name":"WeMeetAgain","player_choice":"Gave Potion","floor":36.0,"gold_loss":0.0,"damage_taken":0.0,"relics_obtained":["Letter Opener"]},{"damage_healed":0.0,"max_hp_gain":0.0,"max_hp_loss":3.0,"gold_gain":0.0,"event_name":"Winding Halls","player_choice":"Max HP","floor":39.0,"gold_loss":0.0,"damage_taken":0.0},{"damage_healed":0.0,"max_hp_gain":0.0,"max_hp_loss":0.0,"gold_gain":0.0,"event_name":"SecretPortal","player_choice":"Ignored","floor":46.0,"gold_loss":0.0,"damage_taken":0.0}],"is_beta":false,"boss_relics":[{"not_picked":["Ectoplasm","Calling Bell"],"picked":"Fusion Hammer"},{"not_picked":["Snecko Eye","Cursed Key"],"picked":"Ring of the Serpent"}],"items_purged_floors":[19],"is_endless":false,"potions_floor_spawned":[1,3,5,11,13,16,21,22,27,27,28,29,31,33,35,37,38,41,45,48,54],"ascension_level":16}}