{"host":"9op7xyky91xc1g6p","time":1613897498,"event":{"mods":["100% Spire Juice","Act Like it!","Astrologer","Bartender","BaseMod","Beaked The Cultist","Better Altar","Better Note","Better Sensory Stone","Better Skull","Better Third Choice","Better Vampires","Bossed Relics","BshForSts","CapriCore","Energized Spire","Gensokyo","Hallownest","Hermit","HololiveMod","Infinite Spire","Koishi","Magitek Elite","Marisa????????","Minty Spire (QoL Compilation)","Random Character Button","Remilia??????","Retaliation","Robot Space Explorer","Shade Mod","SpireExporter+","StSLib","The Animator","The Bladedancer","The Disciple","The Dragon Tamer","The Elementalist","The Hierophant","The Immortal","The Marked","The Mystic","The Poker Player","The Problem Sleuth","The Runesmith","The Spell Scribe","TheBandit","Trackpad","Yuyuko","??????REMEMod"],"gold_per_floor":[117,137,137,148,148,148,148,5,5,20,51,51,75,100,100,100,100],"floor_reached":16,"language":"ENG","playtime":948,"items_purged":[],"score":102,"play_id":"36f9a489-76cc-4bc4-9ab6-203677665d62","local_time":"20210221005138","is_ascension_mode":false,"campfire_choices":[{"floor":12,"key":"REST"},{"floor":15,"key":"REST"}],"circlet_count":0,"master_deck":["Shade:Strike_Shade","Shade:Strike_Shade","Shade:Strike_Shade","Shade:Strike_Shade","Shade:Defend_Shade","Shade:Defend_Shade","Shade:Defend_Shade","Shade:Defend_Shade","Shade:AnimateDead","Shade:CarefulCut","Shade:LastGasp","Shade:Carnophage","Shade:FreshBones","Shade:Trample","Flash of Steel","Shade:CommandSoldier","Shade:AncientSpear","Shade:SensePrey","Shade:GraveStillness"],"relics":["Shade:YorickSkull","REME_ComplimentaryCards","Golden Idol","Girya","Tiny Chest","infinitespire:Eraser"],"acts_visited":["Exordium"],"potions_floor_usage":[10,11,16],"damage_taken":[{"damage":0,"enemies":"Small Slimes","floor":1,"turns":3},{"damage":0,"enemies":"Cultist","floor":2,"turns":4},{"damage":5,"enemies":"2 Louse","floor":4,"turns":2},{"damage":6,"enemies":"Looter","floor":10,"turns":4},{"damage":24,"enemies":"Lagavulin","floor":11,"turns":5},{"damage":10,"enemies":"3 Louse","floor":13,"turns":4},{"damage":17,"enemies":"Gremlin Gang","floor":14,"turns":4},{"damage":28,"enemies":"The Guardian","floor":16,"turns":5}],"seed_played":"3475060187608157889","potions_obtained":[{"floor":1,"key":"DuplicationPotion"},{"floor":10,"key":"BlessingOfTheForge"},{"floor":14,"key":"AttackPotion"}],"is_trial":false,"path_per_floor":["M","M","?","M","?","?","?","$","T","M","E","R","M","M","R","B"],"character_chosen":"SHADE","items_purchased":["Tiny Chest"],"campfire_rested":2,"item_purchase_floors":[8],"current_hp_per_floor":[65,65,65,60,44,44,44,44,44,38,14,33,23,6,25,0,0],"gold":100,"neow_bonus":"ONE_RANDOM_RARE_CARD","is_daily":false,"chose_seed":false,"campfire_upgraded":0,"win_rate":0.0,"timestamp":1613897498,"path_taken":["M","M","?","?","?","?","?","$","T","M","E","R","M","M","R","BOSS"],"items_purchased_type":["Relic"],"build_version":"2020-12-22","purchased_purges":0,"victory":false,"max_hp_per_floor":[65,65,65,65,65,65,65,65,65,65,65,65,65,65,65,65,65],"card_choices":[{"not_picked":["Shade:BoneShards","Shade:Trample"],"picked":"Shade:Carnophage","floor":1},{"not_picked":["Shade:GraveStillness","Shade:Frenzy"],"picked":"Shade:FreshBones","floor":2},{"not_picked":["Shade:PotionOfRestlessness","Shade:RitualOffering"],"picked":"Shade:Trample","floor":4},{"not_picked":["Good Instincts","Jack Of All Trades"],"picked":"Flash of Steel","floor":6},{"not_picked":["Shade:SpectralStrikes","Shade:Brains"],"picked":"Shade:CommandSoldier","floor":10},{"not_picked":["Shade:TouchOfTheGrave","Shade:DarkOfNight"],"picked":"Shade:AncientSpear","floor":11},{"not_picked":["Shade:Excise","Shade:Premonition"],"picked":"Shade:SensePrey","floor":13},{"not_picked":["Shade:FleshOffering","Shade:WallOfFlesh"],"picked":"Shade:GraveStillness","floor":14}],"player_experience":464957,"relics_obtained":[{"floor":7,"key":"Girya"},{"floor":11,"key":"infinitespire:Eraser"}],"event_choices":[{"damage_healed":0,"gold_gain":0,"player_choice":"0 cards matched","damage_taken":0,"max_hp_gain":0,"max_hp_loss":0,"event_name":"Match and Keep!","floor":3,"gold_loss":0,"cards_obtained":[]},{"damage_healed":0,"gold_gain":0,"player_choice":"Take Damage","damage_taken":16,"relics_obtained":["Golden Idol"],"max_hp_gain":0,"max_hp_loss":0,"event_name":"Golden Idol","floor":5,"gold_loss":0},{"damage_healed":0,"gold_gain":1,"player_choice":"1","damage_taken":0,"max_hp_gain":0,"max_hp_loss":0,"event_name":"betterStone:BetterStone","floor":6,"gold_loss":0},{"damage_healed":0,"gold_gain":0,"player_choice":"Relic","damage_taken":0,"max_hp_gain":0,"max_hp_loss":0,"event_name":"Wheel of Change","floor":7,"gold_loss":0}],"is_beta":false,"boss_relics":[],"items_purged_floors":[],"is_endless":false,"potions_floor_spawned":[1,10,14],"killed_by":"The Guardian","ascension_level":0}}