{"host":"7hppq3hpkrufijwt","time":1613932821,"event":{"mods":["AchievementEnabler","BaseMod","Colored Powertips","Minty Spire (QoL Compilation)","Quick Restart"],"gold_per_floor":[118,129,146,146,163,195,51,51,51,51,51,71,88,105,105,202,202,213,213,113,0,0,0,0,0,26,28,28,46,46,145,145,250,250,263,263,61,107,107,107,136,136,214,226,76,76,76,76,76],"floor_reached":48,"language":"ENG","playtime":3118,"items_purged":["Defend_G","Defend_G","PiercingWail","Choke"],"score":504,"play_id":"4e54bc66-63fb-4517-93dd-dbf4fb848abf","local_time":"20210221194021","is_ascension_mode":false,"campfire_choices":[{"floor":10,"key":"REST"},{"data":"Cloak And Dagger","floor":15,"key":"SMITH"},{"data":"Accuracy","floor":23,"key":"SMITH"},{"data":"Accuracy","floor":25,"key":"SMITH"},{"data":"Envenom","floor":28,"key":"SMITH"},{"floor":32,"key":"REST"},{"data":"Infinite Blades","floor":40,"key":"SMITH"},{"data":"Infinite Blades","floor":42,"key":"SMITH"},{"floor":46,"key":"REST"}],"circlet_count":0,"master_deck":["Survivor","Neutralize","Leg Sweep","Cloak And Dagger+1","Catalyst","Blur","Acrobatics","Accuracy+1","A Thousand Cuts","Cloak And Dagger","Cloak And Dagger","Outmaneuver","Envenom+1","Backstab+1","Accuracy+1","Blade Dance+1","Cloak And Dagger+1","Storm of Steel","Riddle With Holes","Finisher","Acrobatics","Bane","All Out Attack","Infinite Blades+1","Infinite Blades+1"],"relics":["Ring of the Snake","NeowsBlessing","Bronze Scales","Dream Catcher","GremlinMask","Sozu","Anchor","Question Card","Pandora\u0027s Box","WingedGreaves","Lantern","Blue Candle"],"acts_visited":["Exordium","TheCity","TheBeyond"],"potions_floor_usage":[12,12,48],"damage_taken":[{"damage":0,"enemies":"Small Slimes","floor":1,"turns":1},{"damage":0,"enemies":"Cultist","floor":2,"turns":1},{"damage":0,"enemies":"Jaw Worm","floor":3,"turns":1},{"damage":0,"enemies":"Blue Slaver","floor":5,"turns":8},{"damage":26,"enemies":"3 Sentries","floor":6,"turns":16},{"damage":2,"enemies":"Lots of Slimes","floor":12,"turns":3},{"damage":2,"enemies":"3 Louse","floor":13,"turns":4},{"damage":4,"enemies":"Looter","floor":14,"turns":4},{"damage":28,"enemies":"Slime Boss","floor":16,"turns":12},{"damage":12,"enemies":"Spheric Guardian","floor":18,"turns":5},{"damage":6,"enemies":"2 Thieves","floor":27,"turns":4},{"damage":3,"enemies":"Snecko","floor":29,"turns":4},{"damage":18,"enemies":"Automaton","floor":33,"turns":9},{"damage":5,"enemies":"Orb Walker","floor":35,"turns":3},{"damage":37,"enemies":"2 Orb Walkers","floor":38,"turns":5},{"damage":24,"enemies":"Giant Head","floor":41,"turns":6},{"damage":17,"enemies":"3 Darklings","floor":44,"turns":4},{"damage":39,"enemies":"Nemesis","floor":48,"turns":3}],"seed_played":"-4012083881123862570","potions_obtained":[{"floor":1,"key":"Fire Potion"},{"floor":3,"key":"Fire Potion"},{"floor":14,"key":"FearPotion"}],"is_trial":false,"path_per_floor":["M","M","M","?","M","E","$","?","T","R","?","M","M","M","R","B",null,"M","?","$","?","?","R","?","R","T","M","R","M","?","?","R","B",null,"M","?","$","?","?","R","E","R","T","M","$","R","?","E"],"character_chosen":"THE_SILENT","items_purchased":["Accuracy","Infinite Blades"],"campfire_rested":3,"item_purchase_floors":[7,37],"current_hp_per_floor":[70,70,70,70,70,44,44,44,44,65,65,63,61,57,57,29,70,58,58,58,58,58,58,58,58,58,52,52,49,49,49,70,52,70,65,65,65,28,61,61,37,37,37,20,20,38,38,0,0],"gold":76,"neow_bonus":"THREE_ENEMY_KILL","is_daily":false,"chose_seed":false,"campfire_upgraded":6,"win_rate":0.0,"timestamp":1613932821,"path_taken":["M","M","M","?","?","E","$","?","T","R","?","?","M","M","R","BOSS","M","?","$","?","?","R","?","R","T","?","R","M","?","?","R","BOSS","M","?","$","?","?","R","E","R","T","?","$","R","?","E"],"items_purchased_type":["Card","Card"],"build_version":"2020-12-22","purchased_purges":4,"victory":false,"max_hp_per_floor":[70,70,70,70,70,70,70,70,70,70,70,70,70,70,70,70,70,70,70,70,70,70,70,70,70,70,70,70,70,70,70,70,70,70,70,70,70,70,61,61,61,61,61,61,61,61,61,61,61],"card_choices":[{"not_picked":["Caltrops","Underhanded Strike"],"picked":"Leg Sweep","floor":1},{"not_picked":["Outmaneuver","Terror"],"picked":"Cloak And Dagger","floor":2},{"not_picked":["PiercingWail","Slice"],"picked":"Catalyst","floor":3},{"not_picked":["Slice","Sucker Punch"],"picked":"Dagger Throw","floor":5},{"not_picked":["Choke","Expertise"],"picked":"Acrobatics","floor":6},{"not_picked":["Leg Sweep","Dodge and Roll"],"picked":"A Thousand Cuts","floor":10},{"not_picked":["Expertise","Dagger Throw"],"picked":"Cloak And Dagger","floor":12},{"not_picked":["Deflect","Crippling Poison"],"picked":"Cloak And Dagger","floor":13},{"not_picked":["Dagger Spray","Eviscerate"],"picked":"Outmaneuver","floor":14},{"not_picked":["Venomology","Wraith Form v2"],"picked":"Envenom","floor":16},{"not_picked":["Noxious Fumes","Expertise+1"],"picked":"Backstab+1","floor":18},{"not_picked":["Poisoned Stab","Predator"],"picked":"Blade Dance+1","floor":27},{"not_picked":["Expertise","Crippling Poison"],"picked":"Cloak And Dagger+1","floor":29},{"not_picked":["Unload","Venomology","Die Die Die"],"picked":"Storm of Steel","floor":33},{"not_picked":["Deflect","Choke","Sucker Punch","Distraction"],"picked":"SKIP","floor":35},{"not_picked":["PiercingWail+1","Deadly Poison","Predator"],"picked":"Infinite Blades","floor":41},{"not_picked":["Bouncing Flask","Caltrops","Quick Slash","Backflip"],"picked":"SKIP","floor":44}],"player_experience":124020,"relics_obtained":[{"floor":6,"key":"Bronze Scales"},{"floor":9,"key":"Dream Catcher"},{"floor":26,"key":"Anchor"},{"floor":38,"key":"WingedGreaves"},{"floor":41,"key":"Lantern"},{"floor":43,"key":"Blue Candle"}],"event_choices":[{"damage_healed":0,"gold_gain":0,"player_choice":"1 cards matched","damage_taken":0,"max_hp_gain":0,"max_hp_loss":0,"event_name":"Match and Keep!","floor":4,"gold_loss":0,"cards_obtained":["Blur"]},{"cards_removed":["Strike_G"],"damage_healed":0,"gold_gain":0,"player_choice":"Forget","damage_taken":0,"max_hp_gain":0,"max_hp_loss":0,"event_name":"Living Wall","floor":8,"gold_loss":0},{"damage_healed":0,"gold_gain":0,"player_choice":"Trade","damage_taken":0,"relics_obtained":["GremlinMask"],"max_hp_gain":0,"max_hp_loss":0,"event_name":"FaceTrader","floor":11,"gold_loss":0},{"damage_healed":0,"gold_gain":0,"player_choice":"Read","damage_taken":0,"max_hp_gain":0,"max_hp_loss":0,"event_name":"The Library","floor":19,"gold_loss":0,"cards_obtained":["Accuracy"]},{"damage_healed":0,"gold_gain":0,"player_choice":"Paid Fearfully","damage_taken":0,"max_hp_gain":0,"max_hp_loss":0,"event_name":"Masked Bandits","floor":21,"gold_loss":113},{"damage_healed":0,"gold_gain":0,"player_choice":"Ignored","damage_taken":0,"max_hp_gain":0,"max_hp_loss":0,"event_name":"Vampires","floor":24,"gold_loss":0},{"damage_healed":0,"gold_gain":0,"player_choice":"Opened","damage_taken":0,"relics_obtained":["Question Card"],"max_hp_gain":0,"max_hp_loss":0,"event_name":"The Mausoleum","floor":30,"gold_loss":0},{"damage_healed":0,"gold_gain":99,"player_choice":"Stole From Cult","damage_taken":0,"max_hp_gain":0,"max_hp_loss":0,"event_name":"Nest","floor":31,"gold_loss":0},{"damage_healed":0,"gold_gain":0,"player_choice":"Memory 1","damage_taken":0,"max_hp_gain":0,"max_hp_loss":0,"event_name":"SensoryStone","floor":36,"gold_loss":0},{"damage_healed":0,"gold_gain":0,"player_choice":"Fight","damage_taken":0,"max_hp_gain":0,"max_hp_loss":0,"event_name":"Mysterious Sphere","floor":38,"gold_loss":0},{"damage_healed":61,"gold_gain":0,"player_choice":"Heal","damage_taken":0,"max_hp_gain":0,"max_hp_loss":9,"event_name":"The Moai Head","floor":39,"gold_loss":0},{"cards_removed":["Dagger Throw"],"damage_healed":0,"gold_gain":0,"player_choice":"Removed Attack","damage_taken":0,"max_hp_gain":0,"max_hp_loss":0,"event_name":"Falling","floor":47,"gold_loss":0}],"is_beta":false,"boss_relics":[{"not_picked":["Snecko Eye","Philosopher\u0027s Stone"],"picked":"Sozu"},{"not_picked":["Velvet Choker","Empty Cage"],"picked":"Pandora\u0027s Box"}],"items_purged_floors":[7,20,37,45],"is_endless":false,"potions_floor_spawned":[1,3,14,18,38,44],"killed_by":"Nemesis","ascension_level":0}}