{"host":"bigao3g8q00k09zy","time":1613940966,"event":{"mods":["BaseMod","Downfall","Hermit","Marisa????????","Minty Spire (QoL Compilation)","StSLib","The Cursed"],"gold_per_floor":[114,114,46,146,146,161,175,195,219,231,231,47,47,111,111,215,215,232,157,123,123,133,164,164,164,164,164,164,177,92,17,17,17,17],"floor_reached":33,"language":"ENG","playtime":1651,"items_purged":[],"score":251,"play_id":"83fec433-2ee7-47ba-b0c0-1cc8dccc51b0","local_time":"20210221155606","is_ascension_mode":false,"campfire_choices":[{"data":"DoubleSpark","floor":11,"key":"SMITH"},{"data":"DoubleSpark","floor":13,"key":"SMITH"},{"data":"EarthLightRay","floor":15,"key":"SMITH"},{"floor":25,"key":"REST"},{"floor":27,"key":"REST"},{"floor":32,"key":"REST"}],"circlet_count":0,"master_deck":["Strike_MRS","Strike_MRS","Strike_MRS","Defend_MRS","Defend_MRS","Defend_MRS","MasterSpark","UpSweep","RefractionSpark+1","Singularity","DoubleSpark+1","DoubleSpark+1","EarthLightRay+1","GrandCross","Singularity","JA+1","StarBarrage+1","PulseMagic","SporeBomb+1","Decay","FairyDestructionRay"],"relics":["MiniHakkero","Juzu Bracelet","Bag of Preparation","Bronze Scales","RampagingMagicTools","Nunchaku","Art of War","Enchiridion","Prayer Wheel"],"acts_visited":["Exordium","TheCity"],"potions_floor_usage":[29,33,33,33],"damage_taken":[{"damage":1,"enemies":"Cultist","floor":1,"turns":3},{"damage":0,"enemies":"Small Slimes","floor":6,"turns":3},{"damage":1,"enemies":"Jaw Worm","floor":7,"turns":3},{"damage":7,"enemies":"Exordium Thugs","floor":8,"turns":4},{"damage":11,"enemies":"Exordium Wildlife","floor":10,"turns":3},{"damage":47,"enemies":"Hexaghost","floor":16,"turns":7},{"damage":13,"enemies":"3 Byrds","floor":18,"turns":3},{"damage":10,"enemies":"Chosen","floor":22,"turns":2},{"damage":42,"enemies":"Book of Stabbing","floor":23,"turns":3},{"damage":12,"enemies":"Centurion and Healer","floor":29,"turns":5},{"damage":100,"enemies":"Champ","floor":33,"turns":6}],"seed_played":"6143159539651341798","potions_obtained":[{"floor":1,"key":"bronze:BurnAndBuffPotion"},{"floor":8,"key":"BottledSpark"},{"floor":22,"key":"Swift Potion"},{"floor":23,"key":"ColorlessPotion"},{"floor":29,"key":"Fruit Juice"}],"is_trial":false,"path_per_floor":["M","?","$","?","?","M","M","M","T","M","R","$","R","?","R","B",null,"M","?","$","?","M","E","?","R","T","R","?","M","?","$","R","B"],"character_chosen":"MARISA","items_purchased":["Singularity","Singularity","Bronze Scales","PulseMagic","FairyDestructionRay"],"campfire_rested":3,"item_purchase_floors":[3,12,12,20,31],"current_hp_per_floor":[74,74,74,74,74,74,73,66,66,59,59,59,59,59,59,18,75,68,68,68,68,58,22,22,44,44,66,50,44,44,44,66,0,0],"gold":17,"neow_bonus":"RANDOM_COMMON_RELIC","is_daily":false,"chose_seed":false,"campfire_upgraded":3,"win_rate":0.0,"timestamp":1613940966,"path_taken":["M","?","$","?","?","M","M","M","T","M","R","?","R","?","R","BOSS","M","?","$","?","M","E","?","R","T","R","?","M","?","?","R","BOSS"],"items_purchased_type":["Card","Card","Relic","Card","Card"],"build_version":"2020-12-22","purchased_purges":0,"victory":false,"max_hp_per_floor":[75,75,75,75,75,75,75,75,75,75,75,75,75,75,75,75,75,75,75,75,75,75,75,75,75,75,75,75,75,75,75,75,80,80],"card_choices":[{"not_picked":["OpenUniverse","Singularity"],"picked":"RefractionSpark","floor":1},{"not_picked":["WitchOfGreed","AsteroidBelt"],"picked":"DoubleSpark","floor":6},{"not_picked":["MilkyWay","ShootTheMoon"],"picked":"DoubleSpark","floor":7},{"not_picked":["DC","OortCloud"],"picked":"EarthLightRay","floor":8},{"not_picked":["DarkSpark","SporeBomb"],"picked":"GrandCross","floor":10},{"not_picked":["UltimateShortwave","TreasureHunter"],"picked":"JA","floor":16},{"not_picked":["DoubleSpark","DC"],"picked":"StarBarrage+1","floor":18},{"not_picked":["IllusionStar+1","GasGiant+1","DoubleSpark"],"picked":"SKIP","floor":22},{"not_picked":["Occultation","WitchOfGreed"],"picked":"SporeBomb+1","floor":23},{"not_picked":["IllusionStar","GalacticHalo","DoubleSpark"],"picked":"SKIP","floor":29}],"player_experience":283997,"relics_obtained":[{"floor":9,"key":"Bag of Preparation"},{"floor":23,"key":"Nunchaku"},{"floor":26,"key":"Art of War"},{"floor":28,"key":"Enchiridion"}],"event_choices":[{"damage_healed":0,"gold_gain":0,"player_choice":"Grow","damage_taken":0,"max_hp_gain":0,"max_hp_loss":0,"event_name":"Living Wall","floor":2,"gold_loss":0,"cards_upgraded":["RefractionSpark"]},{"damage_healed":0,"gold_gain":100,"player_choice":"Pray","damage_taken":0,"max_hp_gain":0,"max_hp_loss":0,"event_name":"Golden Shrine","floor":4,"gold_loss":0},{"cards_removed":["Defend_MRS"],"damage_healed":0,"gold_gain":0,"player_choice":"Offered Basic","damage_taken":0,"max_hp_gain":0,"max_hp_loss":0,"event_name":"Bonfire Elementals","floor":5,"gold_loss":0},{"damage_healed":0,"gold_gain":64,"player_choice":"Gained Gold","damage_taken":0,"max_hp_gain":0,"max_hp_loss":0,"event_name":"Golden Wing","floor":14,"gold_loss":0},{"cards_removed":["Strike_MRS"],"damage_healed":0,"gold_gain":0,"player_choice":"Gave Gold","damage_taken":0,"max_hp_gain":0,"max_hp_loss":0,"event_name":"Beggar","floor":19,"gold_loss":75},{"damage_healed":0,"gold_gain":0,"player_choice":"Forge","damage_taken":0,"max_hp_gain":0,"max_hp_loss":0,"event_name":"Accursed Blacksmith","floor":21,"gold_loss":0,"cards_upgraded":["JA"]},{"damage_healed":0,"gold_gain":0,"player_choice":"Smashed Altar","damage_taken":0,"max_hp_gain":0,"max_hp_loss":0,"event_name":"Forgotten Altar","floor":24,"gold_loss":0,"cards_obtained":["Decay"]},{"damage_healed":0,"gold_gain":0,"player_choice":"Obtained Book","damage_taken":16,"max_hp_gain":0,"max_hp_loss":0,"event_name":"Cursed Tome","floor":28,"gold_loss":0},{"damage_healed":0,"gold_gain":0,"player_choice":"Obtained Relic","damage_taken":0,"relics_obtained":["Prayer Wheel"],"max_hp_gain":0,"max_hp_loss":0,"event_name":"Addict","floor":30,"gold_loss":85}],"is_beta":false,"boss_relics":[{"not_picked":["Fusion Hammer","Astrolabe"],"picked":"RampagingMagicTools"}],"items_purged_floors":[],"is_endless":false,"potions_floor_spawned":[1,8,22,23,29],"killed_by":"Champ","ascension_level":0}}