{"host":"zsnmfqgcm92hlreo","time":1613882900,"event":{"mods":["AchievementEnabler","BaseMod","Bestiary","Block Reminder","Colored Map","Colored Powertips","Filter the Spire","Minty Spire (QoL Compilation)","Permanent Neow","Quick Restart","Relic Stats","StSLib","Weighted Paths"],"gold_per_floor":[115,115,140,165,165,165,185,220,220,256,256,269,284,315,315,411,411,429,344,344,344,368,368,408,408,408,858,873,891,482,517,517,613,613,634,634,647,426,441,481,481,521,545,545,545,584,599,660,660,660,660,660,660,13,44,44,44],"floor_reached":56,"language":"ENG","playtime":2153,"items_purged":["Strike_R","Writhe"],"score":2136,"play_id":"7082b184-a131-498f-af66-998e59a0d9a4","local_time":"20210220224820","is_ascension_mode":true,"campfire_choices":[{"data":"Uppercut","floor":11.0,"key":"SMITH"},{"data":"Rampage","floor":15.0,"key":"SMITH"},{"floor":23.0,"key":"REST"},{"floor":25.0,"key":"REST"},{"floor":32.0,"key":"REST"},{"floor":41.0,"key":"REST"},{"floor":44.0,"key":"RECALL"},{"floor":49,"key":"REST"},{"floor":53,"key":"REST"}],"circlet_count":0,"master_deck":["AscendersBane","Strike_R","Defend_R","Defend_R","Defend_R","Defend_R","Bash","Uppercut+1","Fire Breathing","Twin Strike","Pommel Strike","Blood for Blood","Rampage+1","Inflame","Entrench","Twin Strike","Corruption","Clothesline","Limit Break","Perfected Strike","Limit Break","Wild Strike+1","Burning Pact+1","Inflame+1","Entrench","Entrench","Pommel Strike","Offering","Impervious","Flame Barrier","Entrench+1","Twin Strike+1","Demon Form"],"relics":["Snecko Eye","Golden Idol","Darkstone Periapt","Meat on the Bone","Sundial","Happy Flower","StrikeDummy","Fusion Hammer","Kunai","CaptainsWheel","MutagenicStrength","Eternal Feather","Nunchaku","White Beast Statue","Bottled Tornado","Astrolabe","Potion Belt","MealTicket","Blue Candle","Bird Faced Urn","Shuriken","Red Skull"],"acts_visited":["Exordium","TheCity","TheBeyond","TheEnding"],"potions_floor_usage":[46,48,50,50,51,54,56,56],"damage_taken":[{"damage":0.0,"enemies":"Small Slimes","floor":1.0,"turns":3.0},{"damage":5.0,"enemies":"2 Louse","floor":3.0,"turns":3.0},{"damage":0.0,"enemies":"Cultist","floor":4.0,"turns":3.0},{"damage":13.0,"enemies":"Blue Slaver","floor":7.0,"turns":4.0},{"damage":15.0,"enemies":"Lagavulin","floor":8.0,"turns":3.0},{"damage":6.0,"enemies":"Gremlin Nob","floor":10.0,"turns":3.0},{"damage":0.0,"enemies":"Large Slime","floor":12.0,"turns":4.0},{"damage":6.0,"enemies":"2 Fungi Beasts","floor":13.0,"turns":2.0},{"damage":20.0,"enemies":"Lagavulin","floor":14.0,"turns":6.0},{"damage":0.0,"enemies":"Slime Boss","floor":16.0,"turns":5.0},{"damage":0.0,"enemies":"Chosen","floor":18.0,"turns":3.0},{"damage":12.0,"enemies":"3 Byrds","floor":22.0,"turns":4.0},{"damage":28.0,"enemies":"Gremlin Leader","floor":24.0,"turns":6.0},{"damage":0.0,"enemies":"Cultist and Chosen","floor":28.0,"turns":3.0},{"damage":7.0,"enemies":"Chosen and Byrds","floor":29.0,"turns":4.0},{"damage":30.0,"enemies":"Slavers","floor":31.0,"turns":4.0},{"damage":22.0,"enemies":"Champ","floor":33.0,"turns":5.0},{"damage":26.0,"enemies":"3 Shapes","floor":35.0,"turns":6.0},{"damage":8.0,"enemies":"Orb Walker","floor":37.0,"turns":2.0},{"damage":12.0,"enemies":"Writhing Mass","floor":39.0,"turns":3.0},{"damage":11.0,"enemies":"Nemesis","floor":40.0,"turns":5.0},{"damage":10.0,"enemies":"Giant Head","floor":42.0,"turns":4.0},{"damage":6,"enemies":"Reptomancer","floor":46,"turns":4},{"damage":24,"enemies":"Maw","floor":47,"turns":4},{"damage":24,"enemies":"2 Orb Walkers","floor":48,"turns":4},{"damage":49,"enemies":"Donu and Deca","floor":50,"turns":6},{"damage":60,"enemies":"Time Eater","floor":51,"turns":7},{"damage":70,"enemies":"Shield and Spear","floor":55,"turns":5},{"damage":35,"enemies":"The Heart","floor":56,"turns":2}],"seed_played":"3881391500728096876","potions_obtained":[{"floor":3.0,"key":"AttackPotion"},{"floor":7.0,"key":"FearPotion"},{"floor":12.0,"key":"FearPotion"},{"floor":13.0,"key":"PowerPotion"},{"floor":28.0,"key":"ColorlessPotion"},{"floor":31.0,"key":"PowerPotion"},{"floor":33.0,"key":"BlessingOfTheForge"},{"floor":35.0,"key":"ColorlessPotion"},{"floor":39.0,"key":"LiquidMemories"},{"floor":40.0,"key":"Energy Potion"},{"floor":42.0,"key":"BloodPotion"},{"floor":46,"key":"Fruit Juice"},{"floor":47,"key":"CultistPotion"},{"floor":48,"key":"FairyPotion"},{"floor":55,"key":"Fire Potion"}],"is_trial":false,"path_per_floor":["M","?","M","M","?","?","M","E","T","E","R","M","M","E","R","B",null,"M","?","?","?","M","R","E","R","T","?","M","M","$","E","R","B",null,"M","?","M","$","M","E","R","E","T","R","?","E","M","?","R","B","B",null,"R","$","E","B"],"character_chosen":"IRONCLAD","items_purchased":["White Beast Statue","SteroidPotion","Pommel Strike","Offering","Fruit Juice","DuplicationPotion","Shuriken","LiquidBronze"],"campfire_rested":6,"item_purchase_floors":[30,30,38,38,54,54,54,54],"current_hp_per_floor":[68,68,63,63,45,45,32,17,17,23,23,35,41,33,33,45,62,62,62,68,68,56,74,46,74,74,28,40,45,45,27,61,39,65,39,39,43,43,43,44,70,60,60,70,70,69,45,48,75,40,30,64,75,80,28,0,0],"gold":44,"neow_bonus":"BOSS_RELIC","is_daily":false,"chose_seed":false,"campfire_upgraded":2,"win_rate":0.0,"timestamp":1613882900,"path_taken":["M","?","M","M","?","?","M","E","T","E","R","M","M","E","R","BOSS","M","?","?","?","M","R","E","R","T","?","?","M","$","E","R","BOSS","M","?","M","$","M","E","R","E","T","R","?","E","M","?","R","BOSS","BOSS","R","$","E","BOSS"],"items_purchased_type":["Relic","Potion","Card","Card","Potion","Potion","Relic","Potion"],"build_version":"2020-12-22","purchased_purges":2,"victory":false,"max_hp_per_floor":[75,68,68,68,68,68,68,68,68,68,68,68,68,68,68,68,68,68,68,74,74,74,74,74,74,74,74,74,74,74,74,74,74,74,74,70,70,70,70,70,70,70,70,70,70,75,75,75,75,75,75,75,75,80,80,80,80],"relic_stats":{"Darkstone Periapt":6,"Happy Flower":[32],"counters":[29,117],"Golden Idol":214,"Astrolabe":["Wild Strike","Burning Pact","Inflame"],"Blue Candle":[2],"Eternal Feather":81,"Nunchaku":[16],"Sundial":[12],"Shuriken":[4],"Bird Faced Urn":[22],"Snecko Eye":[214,226,216,181],"MealTicket":0,"Kunai":[41],"obtain_stats":[{"Darkstone Periapt":5,"Potion Belt":40,"Happy Flower":10,"Golden Idol":2,"Astrolabe":34,"Blue Candle":46,"Eternal Feather":24,"Bottled Tornado":31,"Burning Blood":0,"White Beast Statue":30,"CaptainsWheel":20,"Nunchaku":26,"Sundial":9,"Shuriken":54,"MutagenicStrength":21,"Bird Faced Urn":48,"Snecko Eye":0,"MealTicket":42,"Fusion Hammer":17,"Kunai":19,"StrikeDummy":14,"Red Skull":55,"Meat on the Bone":8},{"Darkstone Periapt":3,"Potion Belt":21,"Happy Flower":6,"Golden Idol":1,"Astrolabe":17,"Blue Candle":23,"Eternal Feather":13,"Bottled Tornado":16,"Burning Blood":0,"White Beast Statue":15,"CaptainsWheel":11,"Nunchaku":13,"Sundial":5,"Shuriken":27,"MutagenicStrength":11,"Bird Faced Urn":25,"Snecko Eye":0,"MealTicket":22,"Fusion Hammer":10,"Kunai":11,"StrikeDummy":9,"Red Skull":28,"Meat on the Bone":5},{"Darkstone Periapt":9,"Potion Belt":81,"Happy Flower":19,"Golden Idol":3,"Astrolabe":65,"Blue Candle":89,"Eternal Feather":49,"Bottled Tornado":60,"Burning Blood":0,"White Beast Statue":56,"CaptainsWheel":39,"Nunchaku":49,"Sundial":16,"Shuriken":110,"MutagenicStrength":39,"Bird Faced Urn":97,"Snecko Eye":0,"MealTicket":85,"Fusion Hammer":36,"Kunai":39,"StrikeDummy":31,"Red Skull":115,"Meat on the Bone":16}],"Meat on the Bone":180},"card_choices":[{"not_picked":["Thunderclap","Anger"],"picked":"Uppercut","floor":1.0},{"not_picked":["Flex","Clash"],"picked":"Fire Breathing","floor":3.0},{"not_picked":["Thunderclap","Clash"],"picked":"Twin Strike","floor":4.0},{"not_picked":["Flex","Burning Pact"],"picked":"Pommel Strike","floor":7.0},{"not_picked":["Shockwave","Uppercut"],"picked":"Blood for Blood","floor":8.0},{"not_picked":["Dark Embrace","Ghostly Armor"],"picked":"Rampage","floor":10.0},{"not_picked":["Cleave","Carnage"],"picked":"Inflame","floor":12.0},{"not_picked":["Headbutt","Dark Embrace"],"picked":"Entrench","floor":13.0},{"not_picked":["Rage","Feel No Pain"],"picked":"Twin Strike","floor":14.0},{"not_picked":["Offering","Berserk"],"picked":"Corruption","floor":16.0},{"not_picked":["Hemokinesis","Seeing Red"],"picked":"Clothesline","floor":18.0},{"not_picked":["Flex","Clothesline","Bloodletting"],"picked":"SKIP","floor":22.0},{"not_picked":["Perfected Strike","Pommel Strike"],"picked":"Limit Break","floor":24.0},{"not_picked":["Burning Pact","Cleave","Seeing Red"],"picked":"SKIP","floor":28.0},{"not_picked":["Carnage","Flex"],"picked":"Perfected Strike","floor":29.0},{"not_picked":["Second Wind","Thunderclap+1","Rampage"],"picked":"SKIP","floor":31.0},{"not_picked":["Corruption","Impervious"],"picked":"Limit Break","floor":33.0},{"not_picked":["Seeing Red+1","Thunderclap"],"picked":"Entrench","floor":35.0},{"not_picked":["Headbutt+1","Havoc"],"picked":"Entrench","floor":37.0},{"not_picked":["Iron Wave+1","Clothesline","Rupture"],"picked":"SKIP","floor":39.0},{"not_picked":["Warcry+1","Whirlwind"],"picked":"Impervious","floor":40.0},{"not_picked":["Hemokinesis+1","Clash+1"],"picked":"Flame Barrier","floor":42.0},{"not_picked":["Ghostly Armor+1","Cleave+1","Infernal Blade"],"picked":"SKIP","floor":46},{"not_picked":["Iron Wave","Havoc+1"],"picked":"Entrench+1","floor":47},{"not_picked":["Warcry+1","Iron Wave"],"picked":"Twin Strike+1","floor":48},{"not_picked":["Armaments","Wild Strike+1"],"picked":"Demon Form","floor":55}],"player_experience":1250340,"relics_obtained":[{"floor":8.0,"key":"Meat on the Bone"},{"floor":9.0,"key":"Sundial"},{"floor":10.0,"key":"Happy Flower"},{"floor":14.0,"key":"StrikeDummy"},{"floor":24.0,"key":"Eternal Feather"},{"floor":26.0,"key":"Nunchaku"},{"floor":31.0,"key":"Bottled Tornado"},{"floor":40.0,"key":"Potion Belt"},{"floor":42.0,"key":"MealTicket"},{"floor":46,"key":"Blue Candle"},{"floor":48,"key":"Bird Faced Urn"},{"floor":55,"key":"Red Skull"}],"event_choices":[{"damage_healed":0.0,"max_hp_gain":0.0,"max_hp_loss":7.0,"gold_gain":0.0,"event_name":"Golden Idol","player_choice":"Lose Max HP","floor":2.0,"gold_loss":0.0,"damage_taken":0.0,"relics_obtained":["Golden Idol"]},{"damage_healed":0.0,"max_hp_gain":0.0,"max_hp_loss":0.0,"gold_gain":0.0,"event_name":"Scrap Ooze","player_choice":"Success","floor":5.0,"gold_loss":0.0,"damage_taken":18.0,"relics_obtained":["Darkstone Periapt"]},{"damage_healed":0.0,"max_hp_gain":0.0,"max_hp_loss":0.0,"gold_gain":0.0,"event_name":"Shining Light","player_choice":"Ignored","floor":6.0,"gold_loss":0.0,"damage_taken":0.0},{"damage_healed":0.0,"max_hp_gain":0.0,"max_hp_loss":0.0,"gold_gain":0.0,"event_name":"Addict","player_choice":"Obtained Relic","floor":19.0,"gold_loss":85.0,"damage_taken":0.0,"relics_obtained":["Kunai"]},{"damage_healed":0.0,"max_hp_gain":0.0,"max_hp_loss":0.0,"gold_gain":0.0,"event_name":"The Mausoleum","player_choice":"Opened","floor":20.0,"gold_loss":0.0,"damage_taken":0.0,"relics_obtained":["CaptainsWheel"],"cards_obtained":["Writhe"]},{"damage_healed":0.0,"max_hp_gain":0.0,"max_hp_loss":0.0,"gold_gain":0.0,"event_name":"Drug Dealer","player_choice":"Inject Mutagens","floor":21.0,"gold_loss":0.0,"damage_taken":0.0,"relics_obtained":["MutagenicStrength"]},{"damage_healed":0.0,"max_hp_gain":0.0,"max_hp_loss":0.0,"gold_gain":450.0,"event_name":"Knowing Skull","player_choice":"GOLD GOLD GOLD GOLD GOLD ","floor":27.0,"potions_obtained":[],"gold_loss":0.0,"damage_taken":46.0,"cards_obtained":[]},{"damage_healed":0.0,"max_hp_gain":0.0,"max_hp_loss":4.0,"gold_gain":0.0,"event_name":"Winding Halls","player_choice":"Max HP","floor":36.0,"gold_loss":0.0,"damage_taken":0.0},{"damage_healed":0,"gold_gain":0,"player_choice":"Memory 1","damage_taken":0,"max_hp_gain":0,"max_hp_loss":0,"event_name":"SensoryStone","floor":45,"gold_loss":0},{"damage_healed":0,"gold_gain":0,"player_choice":"Fight","damage_taken":0,"max_hp_gain":0,"max_hp_loss":0,"event_name":"Mysterious Sphere","floor":48,"gold_loss":0}],"is_beta":false,"boss_relics":[{"not_picked":["Runic Dome","Velvet Choker"],"picked":"Fusion Hammer"},{"not_picked":["Runic Cube","Runic Pyramid"],"picked":"Astrolabe"}],"items_purged_floors":[30,54],"is_endless":false,"potions_floor_spawned":[3,7,12,13,22,28,31,33,35,37,39,40,42,46,47,48,55],"killed_by":"The Heart","ascension_level":20}}