{"host":"6406jj8da6015sxr","time":1613906298,"event":{"mods":["AchievementEnabler","BaseMod","Colored Map","DeckTracker","Keyboard Shortcuts","Minty Spire (QoL Compilation)","Permanent Neow","Relic Stats","SuperFastMode","everything is the same but u backflip on backflip"],"gold_per_floor":[12,27,27,50,68,68,83,83,83,83,102,102,120,155,155,248,248,267,307,330,330,343,343,366,366,366,58,72,92,111,11,11,107,107,125,141,141,166,187,187,409,40,63,63,81,81,81,95,95,95,95],"floor_reached":50,"language":"KOR","playtime":2071,"items_purged":["Strike_G","Strike_G","Defend_G"],"score":858,"play_id":"4e687400-4344-4163-ad88-b4db43eef72e","local_time":"20210221201818","is_ascension_mode":true,"campfire_choices":[{"data":"Corpse Explosion","floor":6.0,"key":"SMITH"},{"data":"Neutralize","floor":8.0,"key":"SMITH"},{"data":"Deadly Poison","floor":10.0,"key":"SMITH"},{"floor":15.0,"key":"REST"},{"floor":23.0,"key":"REST"},{"floor":25.0,"key":"REST"},{"floor":32.0,"key":"REST"},{"floor":40.0,"key":"REST"},{"floor":44.0,"key":"REST"},{"floor":49.0,"key":"REST"}],"circlet_count":0,"master_deck":["AscendersBane","Defend_G","Defend_G","Defend_G","Survivor","Neutralize+1","Corpse Explosion+1","Well Laid Plans","Sucker Punch","Footwork","Deadly Poison+1","Sucker Punch","Acrobatics","Backstab","Tactician","After Image","Reflex","Calculated Gamble","Tactician","Blade Dance+1","Dodge and Roll","Sadistic Nature","Acrobatics","Cloak And Dagger","PiercingWail","Burst","Expertise+1","Calculated Gamble+1","PiercingWail+1","Escape Plan+1","Acrobatics","Deflect+1","Footwork","Tactician","Calculated Gamble+1","Madness","Madness","Catalyst"],"relics":["Ring of the Snake","Golden Idol","Nunchaku","Snake Skull","Fusion Hammer","Red Mask","StoneCalendar","Astrolabe","DollysMirror","Anchor"],"acts_visited":["Exordium","TheCity","TheBeyond"],"potions_floor_usage":[],"damage_taken":[{"damage":2.0,"enemies":"Small Slimes","floor":1.0,"turns":3.0},{"damage":6.0,"enemies":"2 Louse","floor":2.0,"turns":3.0},{"damage":3.0,"enemies":"Cultist","floor":4.0,"turns":4.0},{"damage":0.0,"enemies":"3 Louse","floor":5.0,"turns":2.0},{"damage":6.0,"enemies":"Lots of Slimes","floor":7.0,"turns":2.0},{"damage":8.0,"enemies":"Looter","floor":11.0,"turns":3.0},{"damage":12.0,"enemies":"Large Slime","floor":13.0,"turns":7.0},{"damage":15.0,"enemies":"Lagavulin","floor":14.0,"turns":7.0},{"damage":24.0,"enemies":"Slime Boss","floor":16.0,"turns":6.0},{"damage":8.0,"enemies":"Spheric Guardian","floor":18.0,"turns":5.0},{"damage":9.0,"enemies":"Masked Bandits","floor":19.0,"turns":2.0},{"damage":10.0,"enemies":"Chosen","floor":20.0,"turns":5.0},{"damage":29.0,"enemies":"3 Cultists","floor":22.0,"turns":4.0},{"damage":21.0,"enemies":"Sentry and Sphere","floor":24.0,"turns":4.0},{"damage":0.0,"enemies":"Centurion and Healer","floor":28.0,"turns":2.0},{"damage":0.0,"enemies":"Snecko","floor":29.0,"turns":4.0},{"damage":0.0,"enemies":"3 Cultists","floor":30.0,"turns":2.0},{"damage":40.0,"enemies":"Automaton","floor":33.0,"turns":12.0},{"damage":28.0,"enemies":"3 Darklings","floor":35.0,"turns":3.0},{"damage":3.0,"enemies":"Orb Walker","floor":36.0,"turns":3.0},{"damage":12.0,"enemies":"Transient","floor":38.0,"turns":6.0},{"damage":3.0,"enemies":"4 Shapes","floor":39.0,"turns":2.0},{"damage":5.0,"enemies":"Writhing Mass","floor":45.0,"turns":7.0},{"damage":0.0,"enemies":"Jaw Worm Horde","floor":48.0,"turns":2.0},{"damage":42,"enemies":"Awakened One","floor":50,"turns":3}],"seed_played":"9063608719986798316","potions_obtained":[{"floor":1.0,"key":"ColorlessPotion"},{"floor":4.0,"key":"Energy Potion"},{"floor":12.0,"key":"Regen Potion"},{"floor":13.0,"key":"LiquidMemories"},{"floor":16.0,"key":"GhostInAJar"},{"floor":20.0,"key":"BlessingOfTheForge"},{"floor":22.0,"key":"DuplicationPotion"},{"floor":38.0,"key":"Explosive Potion"},{"floor":45.0,"key":"CunningPotion"}],"is_trial":false,"path_per_floor":["M","M","?","M","M","R","M","R","T","R","M","?","M","E","R","B",null,"M","?","M","?","M","R","M","R","T","$","M","M","M","$","R","B",null,"M","M","?","M","M","R","?","$","T","R","M","?","?","M","R","B"],"character_chosen":"THE_SILENT","items_purchased":["Sadistic Nature","Acrobatics","Tactician","DollysMirror"],"campfire_rested":7,"item_purchase_floors":[27,27,42,42],"current_hp_per_floor":[57,51,51,48,48,48,42,42,42,42,34,34,37,22,40,16,49,41,32,22,60,31,49,28,46,46,46,46,46,46,46,60,20,50,22,19,19,7,4,22,22,22,22,40,35,24,24,24,42,0,0],"gold":95,"neow_bonus":"THREE_RARE_CARDS","is_daily":false,"chose_seed":false,"campfire_upgraded":3,"win_rate":0.0,"timestamp":1613906298,"path_taken":["M","M","?","M","M","R","M","R","T","R","M","?","M","E","R","BOSS","M","?","M","?","M","R","M","R","T","$","M","?","M","$","R","BOSS","M","M","?","?","M","R","?","$","T","R","M","?","?","M","R","BOSS"],"items_purchased_type":["Card","Card","Card","Relic"],"build_version":"2020-12-22","purchased_purges":3,"victory":false,"max_hp_per_floor":[66,66,60,60,60,60,60,60,60,60,60,60,60,60,60,60,60,60,60,60,60,60,60,60,60,60,60,60,60,60,60,60,60,60,60,60,60,60,60,60,60,60,60,60,60,60,60,60,60,60,60],"relic_stats":{"Nunchaku":[17],"counters":[25,103],"Golden Idol":124,"Astrolabe":["Expertise","Calculated Gamble","PiercingWail"],"StoneCalendar":[68],"Snake Skull":[43],"obtain_stats":[{"Nunchaku":9,"Anchor":43,"Golden Idol":3,"DollysMirror":42,"Astrolabe":34,"StoneCalendar":26,"Snake Skull":14,"Fusion Hammer":17,"Red Mask":19,"Ring of the Snake":0},{"Nunchaku":5,"Anchor":22,"Golden Idol":2,"DollysMirror":22,"Astrolabe":18,"StoneCalendar":14,"Snake Skull":8,"Fusion Hammer":9,"Red Mask":11,"Ring of the Snake":0},{"Nunchaku":14,"Anchor":91,"Golden Idol":6,"DollysMirror":91,"Astrolabe":77,"StoneCalendar":57,"Snake Skull":31,"Fusion Hammer":37,"Red Mask":44,"Ring of the Snake":0}],"Ring of the Snake":[50]},"card_choices":[{"not_picked":["Wraith Form v2","Malaise"],"picked":"Corpse Explosion","floor":0.0},{"not_picked":["Terror","Underhanded Strike"],"picked":"Well Laid Plans","floor":1.0},{"not_picked":["Quick Slash","PiercingWail"],"picked":"Sucker Punch","floor":2.0},{"not_picked":["Finisher","Choke"],"picked":"Footwork","floor":4.0},{"not_picked":["Acrobatics","PiercingWail"],"picked":"Deadly Poison","floor":5.0},{"not_picked":["Noxious Fumes","Underhanded Strike"],"picked":"Sucker Punch","floor":7.0},{"not_picked":["Noxious Fumes","Quick Slash"],"picked":"Acrobatics","floor":11.0},{"not_picked":["Eviscerate","Dodge and Roll"],"picked":"Backstab","floor":13.0},{"not_picked":["Dagger Spray","Backstab"],"picked":"Tactician","floor":14.0},{"not_picked":["Adrenaline","Storm of Steel"],"picked":"After Image","floor":16.0},{"not_picked":["Sucker Punch+1","Crippling Poison"],"picked":"Reflex","floor":18.0},{"not_picked":["Dagger Spray","Deflect"],"picked":"Calculated Gamble","floor":19.0},{"not_picked":["Cloak And Dagger","Quick Slash+1"],"picked":"Tactician","floor":20.0},{"not_picked":["Riddle With Holes","Sucker Punch"],"picked":"Blade Dance+1","floor":22.0},{"not_picked":["Deflect","Outmaneuver"],"picked":"Dodge and Roll","floor":24.0},{"not_picked":["Flying Knee","Deflect+1"],"picked":"Cloak And Dagger","floor":28.0},{"not_picked":["Grand Finale","Underhanded Strike+1","Distraction"],"picked":"SKIP","floor":29.0},{"not_picked":["Blade Dance","Expertise"],"picked":"PiercingWail","floor":30.0},{"not_picked":["Envenom","Die Die Die"],"picked":"Burst","floor":33.0},{"not_picked":["Slice","Sucker Punch"],"picked":"Escape Plan+1","floor":35.0},{"not_picked":["Riddle With Holes+1","Well Laid Plans"],"picked":"Acrobatics","floor":36.0},{"not_picked":["Outmaneuver","Blade Dance+1"],"picked":"Deflect+1","floor":38.0},{"not_picked":["Predator+1","Slice"],"picked":"Footwork","floor":39.0},{"not_picked":["Slice","Bane","Quick Slash"],"picked":"SKIP","floor":45.0},{"not_picked":["Dagger Spray","Dodge and Roll+1"],"picked":"Catalyst","floor":48.0}],"player_experience":67590,"relics_obtained":[{"floor":9.0,"key":"Nunchaku"},{"floor":14.0,"key":"Snake Skull"},{"floor":19.0,"key":"Red Mask"},{"floor":26.0,"key":"StoneCalendar"},{"floor":43.0,"key":"Anchor"}],"event_choices":[{"damage_healed":0.0,"max_hp_gain":0.0,"max_hp_loss":6.0,"gold_gain":0.0,"event_name":"Golden Idol","player_choice":"Lose Max HP","floor":3.0,"gold_loss":0.0,"damage_taken":0.0,"relics_obtained":["Golden Idol"]},{"damage_healed":0.0,"max_hp_gain":0.0,"max_hp_loss":0.0,"gold_gain":0.0,"event_name":"Lab","player_choice":"Got Potions","floor":12.0,"gold_loss":0.0,"damage_taken":0.0},{"damage_healed":0.0,"max_hp_gain":0.0,"max_hp_loss":0.0,"gold_gain":0.0,"event_name":"Masked Bandits","player_choice":"Fought Bandits","floor":19.0,"gold_loss":0.0,"damage_taken":0.0},{"damage_healed":38.0,"max_hp_gain":0.0,"max_hp_loss":0.0,"gold_gain":0.0,"event_name":"Wheel of Change","player_choice":"Full Heal","floor":21.0,"gold_loss":0.0,"damage_taken":0.0},{"cards_removed":["Defend_G"],"damage_healed":0.0,"max_hp_gain":0.0,"max_hp_loss":0.0,"gold_gain":0.0,"event_name":"Purifier","player_choice":"Purged","floor":37.0,"gold_loss":0.0,"damage_taken":0.0},{"damage_healed":0.0,"max_hp_gain":0.0,"max_hp_loss":0.0,"gold_gain":222.0,"event_name":"Tomb of Lord Red Mask","player_choice":"Wore Mask","floor":41.0,"gold_loss":0.0,"damage_taken":0.0},{"damage_healed":0.0,"max_hp_gain":0.0,"max_hp_loss":0.0,"gold_gain":0.0,"event_name":"Winding Halls","player_choice":"Embrace Madness","floor":46.0,"gold_loss":0.0,"damage_taken":11.0,"cards_obtained":["Madness","Madness"]},{"damage_healed":0.0,"max_hp_gain":0.0,"max_hp_loss":0.0,"gold_gain":0.0,"event_name":"The Moai Head","player_choice":"Ignored","floor":47.0,"gold_loss":0.0,"damage_taken":0.0}],"is_beta":false,"boss_relics":[{"not_picked":["Calling Bell","Busted Crown"],"picked":"Fusion Hammer"},{"not_picked":["Runic Dome","Tiny House"],"picked":"Astrolabe"}],"items_purged_floors":[27,31,42],"is_endless":false,"potions_floor_spawned":[1,4,13,16,20,22,30,38,45],"killed_by":"Awakened One","ascension_level":17}}