{"host":"2uq4yl5bzsf2ox6r","time":1613945605,"event":{"mods":["AchievementEnabler","BaseMod","Colored Map","Highlight Path","Minty Spire (QoL Compilation)","Relic Stats","StSLib"],"gold_per_floor":[114,114,114,127,17,43,143,171,240,255,255,11,28,28,28,128,128,139,14,91,103,116,116,151,151,151,151,57,82,82,91,91,91,91],"floor_reached":33,"language":"ENG","playtime":1951,"items_purged":["Strike_G","Strike_G","Defend_G","Decay"],"score":370,"play_id":"cf448d8f-43a9-4981-94c4-cde340c0ad37","local_time":"20210221171325","is_ascension_mode":true,"campfire_choices":[{"data":"Blade Dance","floor":11,"key":"SMITH"},{"data":"Neutralize","floor":15,"key":"SMITH"},{"floor":23,"key":"REST"},{"floor":25,"key":"REST"},{"floor":27,"key":"REST"},{"data":"Slice","floor":30,"key":"SMITH"},{"data":"Outmaneuver","floor":32,"key":"SMITH"}],"circlet_count":0,"master_deck":["Strike_G","Strike_G","Strike_G","Defend_G+1","Defend_G","Defend_G","Defend_G","Survivor+1","Neutralize+1","Blade Dance+1","Dodge and Roll","Infinite Blades","Cloak And Dagger","Cloak And Dagger","Blade Dance+1","Blur","Wraith Form v2","Slice+1","Slice+1","Outmaneuver+1","Slice+1","Writhe"],"relics":["Ring of the Snake","NeowsBlessing","Boot","Tiny Chest","Pantograph","Pen Nib","Runic Pyramid","Matryoshka","CeramicFish","Smiling Mask","Centennial Puzzle","Anchor"],"acts_visited":["Exordium","TheCity"],"potions_floor_usage":[13,16,16,33,33],"damage_taken":[{"damage":0,"enemies":"2 Louse","floor":1,"turns":1},{"damage":0,"enemies":"Small Slimes","floor":4,"turns":1},{"damage":0,"enemies":"Lagavulin","floor":6,"turns":1},{"damage":11,"enemies":"3 Sentries","floor":8,"turns":8},{"damage":0,"enemies":"Jaw Worm","floor":10,"turns":3},{"damage":1,"enemies":"3 Louse","floor":13,"turns":3},{"damage":20,"enemies":"The Guardian","floor":16,"turns":7},{"damage":16,"enemies":"Shell Parasite","floor":18,"turns":12},{"damage":29,"enemies":"Chosen","floor":21,"turns":5},{"damage":15,"enemies":"Shelled Parasite and Fungi","floor":22,"turns":9},{"damage":10,"enemies":"Slavers","floor":24,"turns":9},{"damage":2,"enemies":"Chosen and Byrds","floor":29,"turns":7},{"damage":89,"enemies":"Collector","floor":33,"turns":13}],"seed_played":"-8539334064376793936","potions_obtained":[{"floor":1,"key":"AttackPotion"},{"floor":4,"key":"CultistPotion"},{"floor":10,"key":"Weak Potion"},{"floor":24,"key":"DistilledChaos"},{"floor":29,"key":"Weak Potion"}],"is_trial":false,"path_per_floor":["M","?","?","M","$","E","?","E","T","M","R","$","M","?","R","B",null,"M","$","T","M","M","R","E","R","T","R","$","M","R","?","R","B"],"character_chosen":"THE_SILENT","items_purchased":["Infinite Blades","Pen Nib","Outmaneuver"],"campfire_rested":3,"item_purchase_floors":[5,12,28],"current_hp_per_floor":[70,70,56,56,56,56,56,45,45,45,45,45,44,44,44,49,65,49,49,49,20,5,26,16,37,37,58,58,56,56,56,56,0,0],"gold":91,"neow_bonus":"THREE_ENEMY_KILL","is_daily":false,"chose_seed":false,"campfire_upgraded":4,"win_rate":0.0,"timestamp":1613945605,"path_taken":["M","?","?","?","$","E","?","E","T","M","R","?","M","?","R","BOSS","M","?","?","?","M","R","E","R","T","R","$","M","R","?","R","BOSS"],"items_purchased_type":["Card","Relic","Card"],"build_version":"2020-12-22","purchased_purges":4,"victory":false,"max_hp_per_floor":[70,70,70,70,70,70,70,70,70,70,70,70,70,70,70,70,70,70,70,70,70,70,70,70,70,70,70,70,70,70,70,70,70,70],"relic_stats":{"Centennial Puzzle":[6],"counters":[13,79],"Pantograph":39,"CeramicFish":36,"Tiny Chest":1,"Pen Nib":[22],"Boot":[193],"Smiling Mask":100,"obtain_stats":[{"Centennial Puzzle":26,"Anchor":31,"Matryoshka":20,"NeowsBlessing":0,"Pantograph":9,"CeramicFish":24,"Tiny Chest":8,"Pen Nib":12,"Boot":6,"Smiling Mask":26,"Ring of the Snake":0,"Runic Pyramid":17},{"Centennial Puzzle":11,"Anchor":12,"Matryoshka":8,"NeowsBlessing":0,"Pantograph":4,"CeramicFish":11,"Tiny Chest":4,"Pen Nib":5,"Boot":3,"Smiling Mask":11,"Ring of the Snake":0,"Runic Pyramid":7},{"Centennial Puzzle":59,"Anchor":66,"Matryoshka":36,"NeowsBlessing":0,"Pantograph":11,"CeramicFish":59,"Tiny Chest":11,"Pen Nib":14,"Boot":3,"Smiling Mask":59,"Ring of the Snake":0,"Runic Pyramid":24}],"Ring of the Snake":[26]},"card_choices":[{"not_picked":["Finisher","Poisoned Stab"],"picked":"Blade Dance","floor":1},{"not_picked":["Heel Hook","Riddle With Holes"],"picked":"Dodge and Roll","floor":4},{"not_picked":["Dodge and Roll","Acrobatics"],"picked":"Cloak And Dagger","floor":6},{"not_picked":["Quick Slash","Expertise"],"picked":"Cloak And Dagger","floor":8},{"not_picked":["Dodge and Roll","Prepared"],"picked":"Blade Dance","floor":10},{"not_picked":["Riddle With Holes","Quick Slash"],"picked":"Blur","floor":13},{"not_picked":["Glass Knife","Tools of the Trade"],"picked":"Wraith Form v2","floor":16},{"not_picked":["Expertise+1","Underhanded Strike"],"picked":"Slice+1","floor":18},{"not_picked":["Poisoned Stab","Underhanded Strike","Bane"],"picked":"SKIP","floor":21},{"not_picked":["Leg Sweep+1","Distraction","Poisoned Stab"],"picked":"SKIP","floor":22},{"not_picked":["Blade Dance","Backflip"],"picked":"Slice+1","floor":24},{"not_picked":["All Out Attack","Corpse Explosion"],"picked":"Slice","floor":29}],"player_experience":171171,"relics_obtained":[{"floor":6,"key":"Boot"},{"floor":8,"key":"Tiny Chest"},{"floor":9,"key":"Pantograph"},{"floor":20,"key":"Matryoshka"},{"floor":24,"key":"CeramicFish"},{"floor":26,"key":"Smiling Mask"},{"floor":26,"key":"Centennial Puzzle"}],"event_choices":[{"damage_healed":0,"gold_gain":0,"player_choice":"Grow","damage_taken":0,"max_hp_gain":0,"max_hp_loss":0,"event_name":"Living Wall","floor":2,"gold_loss":0,"cards_upgraded":["Blade Dance"]},{"damage_healed":0,"gold_gain":0,"player_choice":"Entered Light","damage_taken":14,"max_hp_gain":0,"max_hp_loss":0,"event_name":"Shining Light","floor":3,"gold_loss":0,"cards_upgraded":["Defend_G","Survivor"]},{"damage_healed":0,"gold_gain":100,"player_choice":"Pray","damage_taken":0,"max_hp_gain":0,"max_hp_loss":0,"event_name":"Golden Shrine","floor":7,"gold_loss":0},{"damage_healed":0,"gold_gain":0,"player_choice":"Cursed","damage_taken":0,"max_hp_gain":0,"max_hp_loss":0,"event_name":"Wheel of Change","floor":14,"gold_loss":0,"cards_obtained":["Decay"]},{"damage_healed":0,"gold_gain":0,"player_choice":"Opened","damage_taken":0,"relics_obtained":["Anchor"],"max_hp_gain":0,"max_hp_loss":0,"event_name":"The Mausoleum","floor":31,"gold_loss":0,"cards_obtained":["Writhe"]}],"is_beta":false,"boss_relics":[{"not_picked":["Coffee Dripper","Busted Crown"],"picked":"Runic Pyramid"}],"items_purged_floors":[5,12,19,28],"is_endless":false,"potions_floor_spawned":[1,4,10,24,29],"killed_by":"Collector","ascension_level":5}}