{"host":"8is2j71l4wmybkoi","time":1613907922,"event":{"mods":["AchievementEnabler","BaseMod","Colored Map","DeckTracker","Minty Spire (QoL Compilation)","Rare Cards Sparkle","Relic Stats","StSLib","SuperFastMode"],"gold_per_floor":[110,110,121,141,160,160,160,160],"floor_reached":7,"language":"KOR","playtime":218,"items_purged":[],"score":75,"play_id":"c02827f8-0c90-4923-be7b-4e268e3c4ad3","local_time":"20210221204522","is_ascension_mode":true,"campfire_choices":[{"floor":6,"key":"REST"}],"circlet_count":0,"master_deck":["AscendersBane","Strike_R","Strike_R","Strike_R","Strike_R","Defend_R","Defend_R","Defend_R","Defend_R","Bash","Body Slam+1","Barricade","Flame Barrier"],"relics":["Burning Blood","Molten Egg 2"],"acts_visited":["Exordium"],"potions_floor_usage":[],"damage_taken":[{"damage":10,"enemies":"Small Slimes","floor":1,"turns":5},{"damage":6,"enemies":"Cultist","floor":3,"turns":4},{"damage":7,"enemies":"Jaw Worm","floor":4,"turns":3},{"damage":45,"enemies":"Exordium Thugs","floor":5,"turns":9},{"damage":49,"enemies":"Gremlin Nob","floor":7,"turns":6}],"seed_played":"3201270139138116106","potions_obtained":[{"floor":3,"key":"Swift Potion"}],"is_trial":false,"path_per_floor":["M","?","M","M","M","R","E"],"character_chosen":"IRONCLAD","items_purchased":[],"campfire_rested":1,"item_purchase_floors":[],"current_hp_per_floor":[64,64,64,63,24,46,0,0],"gold":160,"neow_bonus":"REMOVE_CARD","is_daily":false,"chose_seed":false,"campfire_upgraded":0,"win_rate":0.0,"timestamp":1613907922,"path_taken":["M","?","M","M","?","R","E"],"items_purchased_type":[],"build_version":"2020-12-22","purchased_purges":0,"victory":false,"max_hp_per_floor":[75,75,75,75,75,75,75,75],"relic_stats":{"counters":[5,27],"obtain_stats":[{"Molten Egg 2":2,"Burning Blood":0},{"Molten Egg 2":1,"Burning Blood":0},{"Molten Egg 2":5,"Burning Blood":0}],"Burning Blood":24},"card_choices":[{"not_picked":["Iron Wave","Perfected Strike"],"picked":"Flame Barrier","floor":1},{"not_picked":["Headbutt+1","Seeing Red"],"picked":"Body Slam+1","floor":3},{"not_picked":["Inflame","Flex"],"picked":"Barricade","floor":4},{"not_picked":["Body Slam+1","Iron Wave+1"],"picked":"Flame Barrier","floor":5}],"player_experience":1283551,"relics_obtained":[],"event_choices":[{"cards_removed":["Flame Barrier"],"damage_healed":0,"gold_gain":0,"player_choice":"Gave Card","damage_taken":0,"relics_obtained":["Molten Egg 2"],"max_hp_gain":0,"max_hp_loss":0,"event_name":"WeMeetAgain","floor":2,"gold_loss":0}],"is_beta":false,"boss_relics":[],"items_purged_floors":[],"is_endless":false,"potions_floor_spawned":[3],"killed_by":"Gremlin Nob","ascension_level":15}}