{"host":"ur8591ivwt16uwtw","time":1613922608,"event":{"mods":["BaseMod","Hubris","Minty Spire (QoL Compilation)","Rare Cards Sparkle","Replay The Spire","StSLib","The Bug Knight","The Cursed","The Disciple","The Hierophant","The Runesmith"],"gold_per_floor":[117,137,154,173,193,223,223,114,114,128,128,147,167,196,196,302,302,302],"floor_reached":17,"language":"ENG","playtime":54684,"items_purged":["TheCursedMod:Strike_TheCursed"],"score":196,"play_id":"a6edfec6-fad1-4f62-b7b3-c9459b6c9858","local_time":"20210221165008","is_ascension_mode":false,"campfire_choices":[{"data":"TheCursedMod:TroublousMinions","floor":11,"key":"SMITH"},{"data":"TheCursedMod:CursedWand","floor":15,"key":"SMITH"}],"circlet_count":0,"master_deck":["TheCursedMod:Strike_TheCursed","TheCursedMod:Strike_TheCursed","TheCursedMod:Strike_TheCursed","TheCursedMod:Defend_TheCursed","TheCursedMod:Defend_TheCursed","TheCursedMod:Defend_TheCursed","TheCursedMod:Defend_TheCursed","TheCursedMod:CursedWand+1","TheCursedMod:CleanUpWorkshop","TheCursedMod:Dregs","TheCursedMod:TroublousMinions+1","TheCursedMod:SoulReap","TheCursedMod:SoulCrush","TheCursedMod:SmokeScreen+1","TheCursedMod:Evocation","TheCursedMod:DemonicPact"],"relics":["TheCursedMod:BlackMagic101","InkBottle","TungstenRod","hubris:Spice","CeramicFish","TheCursedMod:OminousMark"],"acts_visited":["Exordium","TheCity"],"potions_floor_usage":[6],"damage_taken":[{"damage":0,"enemies":"Cultist","floor":1,"turns":4},{"damage":0,"enemies":"Small Slimes","floor":2,"turns":3},{"damage":0,"enemies":"2 Louse","floor":3,"turns":2},{"damage":2,"enemies":"Blue Slaver","floor":4,"turns":3},{"damage":1,"enemies":"2 Fungi Beasts","floor":5,"turns":4},{"damage":19,"enemies":"Gremlin Nob","floor":6,"turns":4},{"damage":0,"enemies":"Lots of Slimes","floor":10,"turns":6},{"damage":1,"enemies":"Looter","floor":12,"turns":3},{"damage":0,"enemies":"3 Louse","floor":13,"turns":4},{"damage":6,"enemies":"3 Sentries","floor":14,"turns":11},{"damage":44,"enemies":"Fading Forest","floor":16,"turns":11}],"seed_played":"5838985931144915339","potions_obtained":[{"floor":2,"key":"LiquidMemories"},{"floor":12,"key":"Elixir"},{"floor":14,"key":"Swift Potion"},{"floor":16,"key":"Explosive Potion"}],"is_trial":false,"path_per_floor":["M","M","M","M","M","E","?","$","T","M","R","M","M","E","R","B",null],"character_chosen":"THE_CURSED","items_purchased":["TheCursedMod:SmokeScreen+1"],"campfire_rested":0,"item_purchase_floors":[8],"current_hp_per_floor":[82,82,82,80,82,68,68,68,76,78,78,82,87,84,84,45,90,90],"gold":302,"neow_bonus":"TEN_PERCENT_HP_BONUS","is_daily":false,"chose_seed":false,"campfire_upgraded":2,"win_rate":0.0,"timestamp":1613922608,"path_taken":["M","M","M","?","M","E","?","$","T","M","R","M","?","E","R","BOSS"],"items_purchased_type":["Card"],"build_version":"2020-12-22","purchased_purges":1,"victory":false,"max_hp_per_floor":[82,82,82,82,82,82,82,82,90,90,90,90,90,90,90,90,90,90],"card_choices":[{"not_picked":["TheCursedMod:Wield","TheCursedMod:Stretching","TheCursedMod:CircleOfFlame"],"picked":"SKIP","floor":1},{"not_picked":["TheCursedMod:Obscuration","TheCursedMod:VitalStrike"],"picked":"TheCursedMod:CursedStaff","floor":2},{"not_picked":["TheCursedMod:CursedMace","TheCursedMod:RapidMovement"],"picked":"TheCursedMod:TroublousMinions","floor":3},{"not_picked":["TheCursedMod:RavingStaff","TheCursedMod:CircleOfCorruption"],"picked":"TheCursedMod:SoulReap","floor":4},{"not_picked":["TheCursedMod:Torture","TheCursedMod:CursedShiv"],"picked":"TheCursedMod:SoulCrush","floor":5},{"not_picked":["TheCursedMod:CursedShiv","TheCursedMod:CursedMace","TheCursedMod:AshesToAshes"],"picked":"SKIP","floor":6},{"not_picked":["TheCursedMod:ParallelWorld","TheCursedMod:Wield"],"picked":"TheCursedMod:Evocation","floor":10},{"not_picked":["TheCursedMod:FleshFromBone","TheCursedMod:Stretching","TheCursedMod:ReleasedKnowledge"],"picked":"SKIP","floor":12},{"not_picked":["TheCursedMod:RavingStaff","TheCursedMod:Obscuration","TheCursedMod:RapidMovement"],"picked":"SKIP","floor":13},{"not_picked":["TheCursedMod:CircleOfCorruption","TheCursedMod:SoulCrush","TheCursedMod:FuryStrike"],"picked":"SKIP","floor":14},{"not_picked":["TheCursedMod:ForbiddenAlchemy","TheCursedMod:UltimatePain"],"picked":"TheCursedMod:DemonicPact","floor":16}],"player_experience":2379531,"relics_obtained":[{"floor":6,"key":"InkBottle"},{"floor":9,"key":"hubris:Spice"},{"floor":14,"key":"CeramicFish"}],"event_choices":[{"cards_removed":["TheCursedMod:CursedStaff"],"damage_healed":0,"gold_gain":0,"player_choice":"Gave Card","damage_taken":0,"relics_obtained":["TungstenRod"],"max_hp_gain":0,"max_hp_loss":0,"event_name":"WeMeetAgain","floor":7,"gold_loss":0}],"is_beta":false,"boss_relics":[{"not_picked":["Runic Dome","Coffee Dripper"],"picked":"TheCursedMod:OminousMark"}],"items_purged_floors":[8],"is_endless":false,"potions_floor_spawned":[2,12,14,16],"ascension_level":0}}