{"host":"kmiq0jcx6kate40j","time":1613893259,"event":{"mods":["BaseMod","Downfall","GifTheSpireLib","Hermit","Minty Spire (QoL Compilation)","Replay The Spire","StSLib","The Blackbeard","The Saiyan"],"gold_per_floor":[90,103,114,127,146,180,204,204,204,204,93,93,93,93,107,138,138,240,240,253,107,107,125,136,136,151,162,162,182,182,195,211,126,126,221,271,282,282,62,78,94,94,94,107,155,30,57,71,90,105,105,105],"floor_reached":53,"language":"ZHS","playtime":4748,"items_purged":["Saiyan:SAIYA_Strike","Saiyan:SAIYA_Strike","Saiyan:SAIYA_Defend"],"score":577,"play_id":"eace1c8a-25d3-46d6-a831-0fb6594a21af","local_time":"20210221154059","is_ascension_mode":false,"campfire_choices":[{"data":"Saiyan:MindBoom","floor":8,"key":"SMITH"},{"floor":10,"key":"REST"},{"floor":17,"key":"REST"},{"floor":25,"key":"REST"},{"floor":30,"key":"REST"},{"floor":34,"key":"REST"},{"floor":42,"key":"REST"},{"floor":51,"key":"REST"}],"circlet_count":0,"master_deck":["Saiyan:SAIYA_Strike","Saiyan:SAIYA_Strike","Saiyan:SAIYA_Defend","Saiyan:SAIYA_Defend","Saiyan:SAIYA_Defend","Saiyan:EnergyBlast+1","Saiyan:KaioKen","Saiyan:RuthlessBlow","Saiyan:FingerParry","Saiyan:CCCapsule","Saiyan:KameHameHa","Saiyan:ExpandingShockwave","Saiyan:MindBoom+1","Saiyan:KiExplosion+1","Saiyan:Fly","Saiyan:MajinSeal","Saiyan:RemoveWeights+1","Saiyan:Planning+1","Saiyan:FinalFlash","Saiyan:PressOn","Saiyan:PowerUp+1","Saiyan:MeteorDash","Saiyan:ThirstForFight","Saiyan:Rekindle","Saiyan:Flurry+1","Saiyan:Furor","Saiyan:Medicine+1","Saiyan:Furor","Saiyan:ExtremeSpeed+1"],"relics":["SaiyanSoul","SaiyanHeart","Potion Belt","Odd Mushroom","Kunai","Blood Vial","Painkiller Herb","Bottled Tornado","Bird Faced Urn","Tiny House","Bag of Preparation","Blue Candle","MealTicket","Toy Ornithopter"],"acts_visited":["Exordium","TheCity","TheBeyond"],"potions_floor_usage":[6,23,23,27,32,32,37,40,40,40,52,52,52],"damage_taken":[{"damage":0,"enemies":"2 Louse","floor":1,"turns":3},{"damage":0,"enemies":"Small Slimes","floor":2,"turns":4},{"damage":0,"enemies":"Jaw Worm","floor":3,"turns":5},{"damage":3,"enemies":"Looter","floor":4,"turns":4},{"damage":1,"enemies":"Blue Slaver","floor":5,"turns":3},{"damage":15,"enemies":"Lagavulin","floor":6,"turns":12},{"damage":2,"enemies":"The Mushroom Lair","floor":7,"turns":3},{"damage":0,"enemies":"Exordium Wildlife","floor":15,"turns":4},{"damage":19,"enemies":"Gremlin Nob","floor":16,"turns":4},{"damage":0,"enemies":"Fading Forest","floor":18,"turns":11},{"damage":27,"enemies":"3 Byrds","floor":20,"turns":5},{"damage":16,"enemies":"2 Thieves","floor":23,"turns":5},{"damage":17,"enemies":"Snake Plant","floor":24,"turns":4},{"damage":7,"enemies":"Centurion and Healer","floor":26,"turns":7},{"damage":0,"enemies":"Snecko","floor":27,"turns":6},{"damage":0,"enemies":"Snake Plant","floor":29,"turns":5},{"damage":6,"enemies":"3 Cultists","floor":31,"turns":6},{"damage":39,"enemies":"Cultist and Chosen","floor":32,"turns":6},{"damage":2,"enemies":"Automaton","floor":35,"turns":17},{"damage":51,"enemies":"3 Shapes","floor":37,"turns":5},{"damage":24,"enemies":"3 Darklings","floor":40,"turns":9},{"damage":34,"enemies":"Jaw Worm Horde","floor":41,"turns":7},{"damage":32,"enemies":"Transient","floor":44,"turns":5},{"damage":0,"enemies":"Maw","floor":48,"turns":8},{"damage":23,"enemies":"3 Darklings","floor":49,"turns":7},{"damage":85,"enemies":"Sphere and 2 Shapes","floor":50,"turns":10},{"damage":42,"enemies":"Replay:Hell Engine","floor":52,"turns":12}],"seed_played":"-1203952454192206733","potions_obtained":[{"floor":2,"key":"Elixir"},{"floor":5,"key":"ColorlessPotion"},{"floor":6,"key":"SneckoOil"},{"floor":15,"key":"SpeedPotion"},{"floor":18,"key":"Fire Potion"},{"floor":26,"key":"DistilledChaos"},{"floor":29,"key":"ColorlessPotion"},{"floor":31,"key":"LiquidMemories"},{"floor":32,"key":"Explosive Potion"},{"floor":36,"key":"Fruit Juice"},{"floor":37,"key":"Regen Potion"},{"floor":44,"key":"Strength Potion"},{"floor":50,"key":"Flashbang"}],"is_trial":false,"path_per_floor":["M","M","M","M","M","E","?","R","T","R","$","?","PTL","PTL","M","E","R","B",null,"?","T","?","?","?","T","?","?","T","?","T","?","?","?","T","B",null,"?","?","T","?","?","T","?","?","T","T","T","?","?","?","T","B",null],"character_chosen":"SAIYAJIN","items_purchased":["Saiyan:KiExplosion+1","Saiyan:Planning","Saiyan:Furor","Bag of Preparation"],"campfire_rested":7,"item_purchase_floors":[11,21,39,39],"current_hp_per_floor":[61,64,66,64,65,53,53,53,53,74,74,74,74,74,76,59,78,81,81,57,57,57,44,33,59,55,59,59,65,93,90,54,54,83,88,104,57,57,57,62,43,76,71,48,48,63,63,82,74,5,40,32],"gold":105,"neow_bonus":"UPGRADE_CARD","is_daily":false,"chose_seed":false,"campfire_upgraded":1,"win_rate":0.0,"timestamp":1613893259,"path_taken":["M","M","M","M","M","E","?","R","T","R","$","?","PTL","PTL","M","E","R","BOSS","?","T","?","?","?","T","?","?","T","?","T","?","?","?","T","BOSS","?","?","T","?","?","T","?","?","T","T","?","?","?","?","T","BOSS"],"items_purchased_type":["Card","Card","Card","Relic"],"build_version":"2020-12-22","purchased_purges":3,"victory":true,"max_hp_per_floor":[61,64,66,67,69,72,74,74,74,74,74,74,74,74,76,78,78,81,81,84,84,84,85,89,89,90,92,92,96,96,97,98,98,98,99,104,106,106,106,112,113,113,113,113,113,113,113,116,117,117,117,118],"card_choices":[{"not_picked":["Saiyan:RemoveWeights","Saiyan:Scouter"],"picked":"Saiyan:FingerParry","floor":1},{"not_picked":["Saiyan:Quickening","Saiyan:LastResort"],"picked":"Saiyan:CCCapsule","floor":2},{"not_picked":["Saiyan:Pacing","Saiyan:BackAttack"],"picked":"Saiyan:KameHameHa","floor":3},{"not_picked":["Saiyan:BigBangAttack","Saiyan:RemoveWeights","Saiyan:FingerParry"],"picked":"SKIP","floor":4},{"not_picked":["Saiyan:TransfigurationBeam","Saiyan:DoubleMasenko"],"picked":"Saiyan:ExpandingShockwave","floor":5},{"not_picked":["Saiyan:KiExplosion","Saiyan:TurtleShell"],"picked":"Saiyan:MindBoom","floor":6},{"not_picked":["Saiyan:Scouter","Saiyan:SaiyanHubris","Saiyan:MeteorDash"],"picked":"SKIP","floor":15},{"not_picked":["Saiyan:Flurry","Saiyan:Afterimage"],"picked":"Saiyan:Fly","floor":16},{"not_picked":["Saiyan:GhostAttack","Saiyan:GenkiDama"],"picked":"Saiyan:MajinSeal","floor":18},{"not_picked":["Saiyan:DragonFist","Saiyan:KameHameHa"],"picked":"Saiyan:RemoveWeights+1","floor":20},{"not_picked":["Saiyan:Scouter+1","Saiyan:Afterimage+1","Saiyan:KameHameHa+1"],"picked":"SKIP","floor":23},{"not_picked":["Saiyan:PlotArmor","Saiyan:CCCapsule"],"picked":"Saiyan:FinalFlash","floor":24},{"not_picked":["Saiyan:SaiyanHubris","Saiyan:KiExplosion"],"picked":"Saiyan:PressOn","floor":26},{"not_picked":["Saiyan:TheBomb","Saiyan:Pacing"],"picked":"Saiyan:PowerUp+1","floor":27},{"not_picked":["Saiyan:SoulSpice","Saiyan:Flurry"],"picked":"Saiyan:MeteorDash","floor":29},{"not_picked":["Saiyan:Scouter","Saiyan:Flurry"],"picked":"Saiyan:ThirstForFight","floor":31},{"not_picked":["Saiyan:TurtleShell","Saiyan:KiExplosion","Saiyan:Taunt"],"picked":"SKIP","floor":32},{"not_picked":["Saiyan:TheBomb","Saiyan:Momentum"],"picked":"Saiyan:Rekindle","floor":35},{"not_picked":["Saiyan:DragonFist+1","Saiyan:DoubleMasenko"],"picked":"Saiyan:Flurry+1","floor":37},{"not_picked":["Saiyan:PressOn","Saiyan:SaiyanHubris+1"],"picked":"Saiyan:Medicine+1","floor":40},{"not_picked":["Saiyan:DoubleMasenko","Saiyan:MajinSeal"],"picked":"Saiyan:Furor","floor":41},{"not_picked":["Saiyan:TurtleShell","Saiyan:DoubleMasenko","Saiyan:Scouter"],"picked":"SKIP","floor":44},{"not_picked":["Saiyan:Scouter+1","Saiyan:SaiyanHubris+1","Saiyan:Flurry+1"],"picked":"SKIP","floor":48},{"not_picked":["Saiyan:Endure","Saiyan:BackAttack","Saiyan:FingerParry"],"picked":"SKIP","floor":49},{"not_picked":["Saiyan:SaiyanHubris+1","Saiyan:BigBangAttack+1"],"picked":"Saiyan:ExtremeSpeed+1","floor":50}],"player_experience":49537,"relics_obtained":[{"floor":6,"key":"Potion Belt"},{"floor":7,"key":"Odd Mushroom"},{"floor":9,"key":"Kunai"},{"floor":16,"key":"Blood Vial"},{"floor":28,"key":"Bottled Tornado"},{"floor":45,"key":"MealTicket"},{"floor":47,"key":"Toy Ornithopter"}],"event_choices":[{"damage_healed":0,"gold_gain":0,"player_choice":"Fought Mushrooms","damage_taken":0,"max_hp_gain":0,"max_hp_loss":0,"event_name":"Mushrooms","floor":7,"gold_loss":0},{"damage_healed":0,"gold_gain":0,"player_choice":"Ignored","damage_taken":0,"max_hp_gain":0,"max_hp_loss":0,"event_name":"Golden Idol","floor":12,"gold_loss":0},{"damage_healed":0,"gold_gain":0,"player_choice":"Ignored","damage_taken":0,"max_hp_gain":0,"max_hp_loss":0,"event_name":"Ghosts","floor":22,"gold_loss":0},{"damage_healed":0,"gold_gain":0,"player_choice":"Obtained Relic","damage_taken":0,"relics_obtained":["Bird Faced Urn"],"max_hp_gain":0,"max_hp_loss":0,"event_name":"Addict","floor":33,"gold_loss":85}],"is_beta":false,"boss_relics":[{"not_picked":["Kintsugi","ReplayTheSpireMod:DimensionalGlitch"],"picked":"Painkiller Herb"},{"not_picked":["Replay:Drink Me","Honey Jar"],"picked":"Tiny House"}],"items_purged_floors":[11,21,46],"is_endless":false,"potions_floor_spawned":[2,5,6,15,18,26,29,31,32,37,44,50],"ascension_level":0}}