{"host":"40e4adzyl212zebh","time":1613870594,"event":{"mods":["BaseMod","Colored Map","Colored Powertips","Downfall","Minty Spire (QoL Compilation)","Quick Restart","Random Character Button","Relic Stats","StSLib"],"gold_per_floor":[99,99,99,99,99,99,125,153,153,173,10,42,61,161,171,275,275,75,95,110,121,121,150,150,165,178,178,278,109,109,109,127,226,226,126,142,142,162,162,162,186,233,258,270,432,474,486,524,536,548,560,603,35,35,35,35],"floor_reached":57,"language":"ENG","playtime":7530,"items_purged":[],"score":1340,"play_id":"0d5b8eca-36c3-491a-ba89-7cabcc9bade2","local_time":"20210221102314","is_ascension_mode":false,"campfire_choices":[{"floor":1,"key":"RECALL"},{"data":"champ:Taunt","floor":6,"key":"SMITH"},{"data":"champ:PerfectedStrike","floor":9,"key":"SMITH"},{"data":"champ:Devastate","floor":18,"key":"SMITH"},{"data":"champ:PerfectedStrike","floor":27,"key":"SMITH"},{"data":"champ:Devastate","floor":35,"key":"SMITH"},{"data":"champ:PerfectedStrike","floor":40,"key":"SMITH"},{"data":"champ:PreciseThrust","floor":44,"key":"SMITH"},{"floor":47,"key":"REST"},{"floor":54,"key":"REST"}],"circlet_count":0,"master_deck":["champ:Strike","champ:Strike","champ:Strike","champ:Strike","champ:Defend+1","champ:Defend","champ:Execute","champ:Taunt+1","champ:CalledShot","champ:Haymaker","champ:PerfectedStrike+1","champ:BerserkersShout","champ:LastStand","champ:Circumvent","champ:FancyFootwork","champ:BladeFlurry","champ:PreciseThrust+1","champ:Devastate+1","champ:PerfectedStrike+1","champ:BladeFlurry+1","champ:EnGarde+1","champ:BringItOn","J.A.X.","champ:EnGarde+1","champ:FalseCounter+1","champ:Devastate+1","champ:AdrenalArmor+1","Pride","champ:BerserkersShout+1","champ:LastStand","champ:Lariat+1","champ:PerfectedStrike+1","expansioncontent:Hexaburn","expansioncontent:GuardianWhirl","expansioncontent:GuardianWhirl","champ:CrownThrow+1","champ:EnGarde+1","champ:ShieldSlam+1","champ:StanceDance+1","champ:ShieldThrow+1"],"relics":["champ:ChampionCrown","downfall:HeartsMalice","downfall:ShatteredFragment","Oddly Smooth Stone","Toy Ornithopter","champ:BerserkersGuideToSlaughter","Sundial","WristBlade","Runic Pyramid","downfall:HeartBlessingRed","downfall:HeartBlessingGreen","Spirit Poop","Du-Vu Doll","MutagenicStrength","Potion Belt","Darkstone Periapt","Philosopher\u0027s Stone","downfall:HeartBlessingBlue","MawBank","Molten Egg 2","Thread and Needle","War Paint","Mummified Hand","Pantograph","Kunai"],"acts_visited":["Exordium","TheCity","TheBeyond","TheEnding"],"potions_floor_usage":[12,25,42,42,49,50,50,56,56,56,56,56,56],"damage_taken":[{"damage":0,"enemies":"Jaw Worm","floor":2,"turns":1},{"damage":0,"enemies":"2 Louse","floor":5,"turns":1},{"damage":0,"enemies":"Lagavulin","floor":8,"turns":1},{"damage":2,"enemies":"Cultist","floor":10,"turns":3},{"damage":31,"enemies":"downfall:FleeingMerchant","floor":11,"turns":4},{"damage":31,"enemies":"Gremlin Nob","floor":12,"turns":4},{"damage":2,"enemies":"Large Slime","floor":13,"turns":4},{"damage":23,"enemies":"Large Slime","floor":14,"turns":5},{"damage":7,"enemies":"Blue Slaver","floor":15,"turns":3},{"damage":19,"enemies":"SI_SHIV_ARCHETYPE","floor":16,"turns":6},{"damage":0,"enemies":"Spheric Guardian","floor":19,"turns":3},{"damage":0,"enemies":"Chosen","floor":20,"turns":3},{"damage":15,"enemies":"Snake Plant","floor":21,"turns":3},{"damage":31,"enemies":"Slavers","floor":23,"turns":3},{"damage":0,"enemies":"Shelled Parasite and Fungi","floor":25,"turns":2},{"damage":13,"enemies":"Centurion and Healer","floor":26,"turns":4},{"damage":36,"enemies":"downfall:Augmenter","floor":28,"turns":6},{"damage":8,"enemies":"downfall:FleeingMerchant","floor":29,"turns":4},{"damage":0,"enemies":"3 Cultists","floor":32,"turns":5},{"damage":57,"enemies":"IC_MUSHROOM_ARCHETYPE","floor":33,"turns":7},{"damage":0,"enemies":"Orb Walker","floor":36,"turns":2},{"damage":5,"enemies":"3 Shapes","floor":38,"turns":2},{"damage":72,"enemies":"Nemesis","floor":42,"turns":5},{"damage":10,"enemies":"3 Darklings","floor":43,"turns":3},{"damage":30,"enemies":"Giant Head","floor":46,"turns":7},{"damage":24,"enemies":"Reptomancer","floor":48,"turns":5},{"damage":0,"enemies":"Maw","floor":49,"turns":4},{"damage":85,"enemies":"WA_ARCHETYPE_DIVINITY","floor":50,"turns":10},{"damage":87,"enemies":"downfall:CharBossMerchant","floor":52,"turns":8},{"damage":80,"enemies":"downfall:NeowBoss","floor":55,"turns":16},{"damage":147,"enemies":"downfall:NeowBossFinal","floor":56,"turns":11}],"seed_played":"8391633091658793604","potions_obtained":[{"floor":8,"key":"ColorlessPotion"},{"floor":15,"key":"SmokeBomb"},{"floor":16,"key":"CultistPotion"},{"floor":19,"key":"Dexterity Potion"},{"floor":23,"key":"LiquidMemories"},{"floor":26,"key":"Slimebound:ThreeZeroPotion"},{"floor":32,"key":"Swift Potion"},{"floor":33,"key":"champ:OpenerPotion"},{"floor":38,"key":"FearPotion"},{"floor":48,"key":"Guardian:BlockOnCardUsePotion"}],"is_trial":false,"path_per_floor":["R","M","?","?","M","R","T","E","R","M","$","E","M","?","M","B",null,"R","M","M","M","?","E","T","M","M","R","?","$","?","?","M","B",null,"R","M","?","M","?","R","T","E","M","R","?","E","R","E","M","B",null,"E","$","R","B","B",null],"character_chosen":"THE_CHAMP","items_purchased":["champ:BerserkersGuideToSlaughter","Potion Belt","Pantograph","Kunai","EntropicBrew"],"campfire_rested":2,"item_purchase_floors":[11,29,53,53,53],"current_hp_per_floor":[90,90,90,63,65,65,65,67,67,67,68,54,64,58,68,71,90,90,90,90,75,75,61,61,78,77,77,58,57,57,63,70,35,96,106,106,106,106,96,96,96,51,63,63,63,48,79,70,80,30,106,29,29,60,65,23],"gold":35,"neow_bonus":"THREE_ENEMY_KILL","is_daily":false,"chose_seed":false,"campfire_upgraded":7,"win_rate":0.0,"timestamp":1613870594,"path_taken":["R","M","?","?","M","R","T","E","R","M","$","E","M","?","M","BOSS","R","M","M","M","?","E","T","?","M","R","?","$","?","?","M","BOSS","R","M","?","M","?","R","T","E","M","R","?","E","R","E","M","BOSS","E","$","R","BOSS","BOSS"],"items_purchased_type":["Relic","Relic","Relic","Relic","Potion"],"build_version":"2020-12-22","purchased_purges":0,"victory":true,"max_hp_per_floor":[90,90,90,90,90,90,90,90,90,90,90,90,90,90,90,90,90,90,90,90,90,90,90,90,90,90,90,90,90,90,96,96,96,96,106,106,106,106,106,106,106,106,106,106,106,106,106,106,106,106,106,106,106,106,106,106],"relic_stats":{"Darkstone Periapt":6,"counters":[31,142],"Sundial":[2],"Mummified Hand":[6],"Pantograph":50,"Kunai":[12],"War Paint":["champ:FalseCounter","champ:Defend"],"MawBank":144,"obtain_stats":[{"Darkstone Periapt":31,"Spirit Poop":22,"champ:ChampionCrown":0,"downfall:HeartBlessingGreen":18,"Blood Vial":3,"WristBlade":14,"Sundial":12,"downfall:HeartBlessingBlue":35,"Mummified Hand":52,"Pantograph":53,"Philosopher\u0027s Stone":34,"champ:BerserkersGuideToSlaughter":11,"Kunai":53,"Runic Pyramid":17,"Potion Belt":29,"downfall:ShatteredFragment":4,"downfall:HeartBlessingRed":18,"Oddly Smooth Stone":7,"downfall:HeartsMalice":0,"Thread and Needle":46,"War Paint":48,"MawBank":41,"Du-Vu Doll":23,"MutagenicStrength":28,"Molten Egg 2":42,"Toy Ornithopter":8},{"Darkstone Periapt":18,"Spirit Poop":13,"champ:ChampionCrown":0,"downfall:HeartBlessingGreen":10,"Blood Vial":1,"WristBlade":8,"Sundial":6,"downfall:HeartBlessingBlue":20,"Mummified Hand":29,"Pantograph":29,"Philosopher\u0027s Stone":20,"champ:BerserkersGuideToSlaughter":5,"Kunai":29,"Runic Pyramid":10,"Potion Belt":18,"downfall:ShatteredFragment":1,"downfall:HeartBlessingRed":10,"Oddly Smooth Stone":2,"downfall:HeartsMalice":0,"Thread and Needle":25,"War Paint":26,"MawBank":22,"Du-Vu Doll":14,"MutagenicStrength":17,"Molten Egg 2":23,"Toy Ornithopter":3},{"Darkstone Periapt":57,"Spirit Poop":38,"champ:ChampionCrown":0,"downfall:HeartBlessingGreen":29,"Blood Vial":0,"WristBlade":20,"Sundial":11,"downfall:HeartBlessingBlue":69,"Mummified Hand":115,"Pantograph":115,"Philosopher\u0027s Stone":69,"champ:BerserkersGuideToSlaughter":7,"Kunai":115,"Runic Pyramid":29,"Potion Belt":57,"downfall:ShatteredFragment":0,"downfall:HeartBlessingRed":29,"Oddly Smooth Stone":0,"downfall:HeartsMalice":0,"Thread and Needle":88,"War Paint":93,"MawBank":73,"Du-Vu Doll":41,"MutagenicStrength":53,"Molten Egg 2":78,"Toy Ornithopter":0}],"Toy Ornithopter":65},"card_choices":[{"not_picked":["champ:ShieldWall","champ:FocusedDefense"],"picked":"champ:CalledShot","floor":2},{"not_picked":["champ:BladeFlurry","champ:StanceDance"],"picked":"champ:Haymaker","floor":5},{"not_picked":["champ:Endure","champ:FancyFootwork"],"picked":"champ:PerfectedStrike","floor":8},{"not_picked":["champ:DefensiveShout","champ:CrownThrow"],"picked":"champ:BerserkersShout","floor":10},{"not_picked":["champ:UltimateStance","champ:BringItOn"],"picked":"champ:LastStand","floor":11},{"not_picked":["champ:CalledShot","champ:Shatter"],"picked":"champ:Circumvent","floor":12},{"not_picked":["champ:Shatter","champ:EnragedBash"],"picked":"champ:FancyFootwork","floor":13},{"not_picked":["champ:Haymaker","champ:FocusedDefense"],"picked":"champ:BladeFlurry","floor":14},{"not_picked":["champ:TornadoPunch","champ:Endure"],"picked":"champ:PreciseThrust","floor":15},{"not_picked":["champ:MurderStrike","champ:HoldFirm"],"picked":"champ:Devastate","floor":16},{"not_picked":["champ:FocusedDefense+1","champ:StanceDance+1"],"picked":"champ:PerfectedStrike","floor":19},{"not_picked":["champ:DeathBlow","champ:DefensiveShout"],"picked":"champ:BladeFlurry+1","floor":20},{"not_picked":["champ:PreciseThrust","champ:TornadoPunch","champ:FaceSlap"],"picked":"SKIP","floor":21},{"not_picked":["champ:Backstep","champ:ArenaPreparation"],"picked":"champ:EnGarde+1","floor":23},{"not_picked":["champ:Haymaker","champ:DefensiveShout"],"picked":"champ:RapidStrikes","floor":25},{"not_picked":["champ:FaceSlap","champ:Circumvent"],"picked":"champ:BringItOn","floor":26},{"not_picked":[],"picked":"J.A.X.","floor":28},{"not_picked":["champ:EnragedBash","champ:DeathBlow"],"picked":"champ:EnGarde+1","floor":28},{"not_picked":["champ:FanOfKnives","champ:Haymaker"],"picked":"champ:AdrenalArmor+1","floor":29},{"not_picked":["champ:RecklessLeap","champ:Shatter+1"],"picked":"champ:BerserkersShout+1","floor":32},{"not_picked":["champ:MurderStrike","champ:VampiricStrike"],"picked":"champ:LastStand","floor":33},{"not_picked":["champ:SkillfulDodge+1","champ:PreemptiveStrike"],"picked":"champ:Lariat+1","floor":36},{"not_picked":["champ:BerserkersShout","champ:Haymaker+1"],"picked":"champ:PerfectedStrike","floor":38},{"not_picked":["expansioncontent:Chronoboost","expansioncontent:InvincibleStrength"],"picked":"expansioncontent:Hexaburn","floor":39},{"not_picked":["expansioncontent:YouAreMine","expansioncontent:InvincibleStrength"],"picked":"expansioncontent:GuardianWhirl","floor":39},{"not_picked":["expansioncontent:AwakenDeath","expansioncontent:InvincibleStrength"],"picked":"expansioncontent:GuardianWhirl","floor":39},{"not_picked":["champ:TornadoPunch+1","champ:PreciseThrust+1"],"picked":"champ:CrownThrow+1","floor":42},{"not_picked":["champ:FocusedBerserking+1","champ:BerserkersShout+1"],"picked":"champ:EnGarde+1","floor":43},{"not_picked":["champ:Circumvent","champ:Parry+1"],"picked":"champ:ShieldSlam+1","floor":46},{"not_picked":["champ:Circumvent","champ:DefensiveShout"],"picked":"champ:StanceDance+1","floor":48},{"not_picked":["champ:RapidStrikes+1","champ:BerserkersShout+1"],"picked":"champ:ShieldThrow+1","floor":52}],"player_experience":648719,"relics_obtained":[{"floor":7,"key":"Oddly Smooth Stone"},{"floor":8,"key":"Toy Ornithopter"},{"floor":12,"key":"Sundial"},{"floor":14,"key":"WristBlade"},{"floor":23,"key":"Du-Vu Doll"},{"floor":28,"key":"MutagenicStrength"},{"floor":41,"key":"MawBank"},{"floor":42,"key":"Molten Egg 2"},{"floor":46,"key":"Thread and Needle"},{"floor":48,"key":"War Paint"},{"floor":52,"key":"Mummified Hand"}],"event_choices":[{"damage_healed":0,"gold_gain":0,"player_choice":"Box","damage_taken":0,"relics_obtained":["Blood Vial"],"max_hp_gain":0,"max_hp_loss":0,"event_name":"Big Fish","floor":3,"gold_loss":0,"cards_obtained":["Regret"]},{"cards_removed":["Regret"],"damage_healed":0,"gold_gain":0,"player_choice":"Offered Curse","damage_taken":0,"relics_obtained":["Spirit Poop"],"max_hp_gain":0,"max_hp_loss":0,"event_name":"Bonfire Elementals","floor":22,"gold_loss":0},{"damage_healed":0,"gold_gain":0,"player_choice":"Stole Relic","damage_taken":0,"relics_obtained":["Darkstone Periapt"],"max_hp_gain":0,"max_hp_loss":0,"event_name":"Addict","floor":31,"gold_loss":0,"cards_obtained":["Pride"]},{"cards_removed":["champ:RapidStrikes"],"damage_healed":0,"gold_gain":0,"player_choice":"Removed Attack","damage_taken":0,"max_hp_gain":0,"max_hp_loss":0,"event_name":"Falling","floor":37,"gold_loss":0}],"is_beta":false,"boss_relics":[{"not_picked":["Snecko Eye","Tiny House"],"picked":"Runic Pyramid"},{"not_picked":["Sozu","champ:ChampionCrownUpgraded"],"picked":"Philosopher\u0027s Stone"}],"items_purged_floors":[],"is_endless":false,"potions_floor_spawned":[8,15,16,19,23,26,32,33,36,38,48,49],"ascension_level":0}}