{"host":"u6i4tuckh9ieu6fx","time":1613949064,"event":{"mods":["100% Spire Juice","ATMod(阿瑾Mod)","Act Like it!","Arknights","Ascension Reborn","Aspiration","Bard","BaseMod","Better Vampires","Chen","Colored Powertips","Conspire","Decade(王小明)","Dota2Spire","Downfall","Gensokyo","GifTheSpireLib","Highlight Path","Jedi Mod","Jorbs\u0027s Wanderer Trilogy","KinomotoSakuraMod(木之本樱)","LagranYue(拉格朗・月)","Lobotomy","LobotomyExtend","Luminous","Marisa（F雨　魔理沙）","Minty Spire (QoL Compilation)","MostiFishMod","Reimu（博丽灵梦）","Remilia（蕾米莉亚）","RumiaBox-露米娅的神秘盒子","SIMod","StSLib","Td1madao Mod","TestMod","The Animator","The Bug Knight","WarShipGirlsR/战舰少女R mod","[GremlinLeader]The Maniac","[IsaacMod]以撒尖塔","【功能Mod】混沌之环修复补丁","【遗物卡牌】REMEMod","篝火指南"],"gold_per_floor":[99,317,333,333,348,359,410,410,435,452,470,498,498,498,509,604,604,404,424,424,524,534,551,551,651,682,582,582,605,605,620,634,737,737,737,748,561,628,640,640,640,640,640,672,686,750,822,492,509,509,509,509,535,448,448,448,448,448],"floor_reached":56,"language":"ZHS","playtime":4276,"items_purged":[],"score":912,"play_id":"5796719d-620f-48df-b95a-ae7f7cb5e772","local_time":"20210222071104","is_ascension_mode":true,"campfire_choices":[{"floor":1,"key":"RECALL"},{"floor":13,"key":"REST"},{"data":"champ:StrikeOfGenius","floor":18,"key":"SMITH"},{"data":"champ:CalledShot","floor":27,"key":"SMITH"},{"data":"AT_Dispersion","floor":30,"key":"SMITH"},{"data":"champ:HeavySlash","floor":35,"key":"SMITH"},{"data":"expansioncontent:DashGenerateEvil","floor":40,"key":"SMITH"},{"data":"champ:StrikeOfGenius","floor":43,"key":"SMITH"},{"data":"expansioncontent:StudyTheSpire","floor":55,"key":"SMITH"}],"circlet_count":0,"master_deck":["champ:Strike","champ:Strike","champ:Defend","champ:Defend+1","champ:Defend","champ:Execute","champ:Taunt","AT_Dispersion+1","AT_ManFootWork+1","champ:CalledShot+1","champ:GutPunch","champ:HeavySlash+1","champ:Circumvent+1","champ:BerserkersShout","champ:StrikeOfGenius+1","Bomb","champ:PreciseThrust","champ:BladeFlurry","Parasite","champ:CrownThrow+1","champ:IgnorePain","champ:IronFortress","J.A.X.","champ:StrikeOfGenius+1","champ:PerfectedStrike","champ:ShieldWall","champ:DefensiveShout+1","champ:Haymaker","champ:EndlessRage","champ:PreciseThrust","champ:FocusedBerserking","champ:BringItOn","champ:HeavySlash","champ:FanOfKnives","champ:StanceDance+1","expansioncontent:DashGenerateEvil+1","champ:CrookedStrike+1","champ:StanceDance+1","champ:PerfectedStrike+1","champ:FanOfKnives+1","expansioncontent:StudyTheSpire+1","champ:GutPunch","champ:RapidStrikes+1","expansioncontent:AwakenDeath"],"relics":["champ:ChampionCrown","HushsDoor","Void","Ornamental Fan","Dota2Spire:ArmletOfMordiggian","CombinedTypeHook","AT_RedTearstoneRing","aspiration:AnachronicSnailShell","Dota2Spire:MaskOfMadness","Dota2Spire:MantaStyle","AT_BellDemon","RedLine:ReiMu","downfall:HeartBlessingRed","downfall:HeartBlessingGreen","HonorFeather","Gaze_r","MutagenicStrength","champ:BlackKnightHelmet","Dota2Spire:BattleFury","Letter Opener","downfall:HeartBlessingBlue","Bag of Preparation","LetterFromLob","LagranYue:SoulBurningRelic","GuppysTail","AT_BladeRuinedKing","Blood Vial","conspire:DecoderRing","testmod-AssaultLearning","REME_PuzzleBoxRelic"],"acts_visited":["Exordium","TheCity","TheBeyond","TheEnding"],"potions_floor_usage":[5,19,20,37,39,46,56,56],"damage_taken":[{"damage":100000028,"enemies":"Jaw Worm","floor":2,"turns":5},{"damage":0,"enemies":"ats:Genji","floor":3,"turns":3},{"damage":0,"enemies":"Small Slimes","floor":5,"turns":2},{"damage":0,"enemies":"Blue Slaver","floor":6,"turns":2},{"damage":15,"enemies":"Gremlin Nob","floor":9,"turns":3},{"damage":9,"enemies":"Exordium Wildlife","floor":10,"turns":2},{"damage":2,"enemies":"Gremlin Gang","floor":11,"turns":2},{"damage":25,"enemies":"3 Sentries","floor":12,"turns":5},{"damage":1,"enemies":"conspire:2 RoseBushes","floor":15,"turns":2},{"damage":18,"enemies":"SI_SHIV_ARCHETYPE","floor":16,"turns":3},{"damage":1,"enemies":"Shell Parasite","floor":19,"turns":3},{"damage":28,"enemies":"Shell Parasite","floor":20,"turns":3},{"damage":10,"enemies":"Shell Parasite","floor":20,"turns":3},{"damage":49,"enemies":"downfall:Augmenter","floor":21,"turns":4},{"damage":0,"enemies":"Chosen","floor":22,"turns":3},{"damage":4,"enemies":"Shelled Parasite and Fungi","floor":23,"turns":3},{"damage":11,"enemies":"Shelled Parasite and Fungi","floor":25,"turns":5},{"damage":10,"enemies":"conspire:Head Lice","floor":26,"turns":3},{"damage":13,"enemies":"Centurion and Healer","floor":31,"turns":2},{"damage":0,"enemies":"Cultist and Chosen","floor":32,"turns":3},{"damage":29,"enemies":"DF_ARCHETYPE_CLAW","floor":33,"turns":3},{"damage":5,"enemies":"3 Shapes","floor":36,"turns":2},{"damage":9,"enemies":"downfall:FleeingMerchant","floor":37,"turns":3},{"damage":10,"enemies":"Orb Walker","floor":39,"turns":2},{"damage":23,"enemies":"Giant Head","floor":44,"turns":4},{"damage":0,"enemies":"Jaw Worm Horde","floor":45,"turns":2},{"damage":2,"enemies":"Reptomancer","floor":46,"turns":1},{"damage":4,"enemies":"4 Shapes","floor":49,"turns":2},{"damage":22,"enemies":"IC_BLOCK_ARCHETYPE","floor":50,"turns":3},{"damage":37,"enemies":"downfall:CharBossMerchant","floor":53,"turns":4},{"damage":231,"enemies":"Delirium","floor":56,"turns":10}],"seed_played":"-7818128809172576367","potions_obtained":[{"floor":2,"key":"Fire Potion"},{"floor":2,"key":"Fire Potion"},{"floor":2,"key":"champ:CounterPotion"},{"floor":3,"key":"Dota2Spire:HealingSalve"},{"floor":10,"key":"Strength Potion"},{"floor":12,"key":"BlessingOfTheForge"},{"floor":23,"key":"FearPotion"},{"floor":25,"key":"SpeedPotion"},{"floor":39,"key":"REME_GoldPotion"},{"floor":44,"key":"REME_GoldPotion"},{"floor":49,"key":"Dota2Spire:Clarity"}],"is_trial":false,"path_per_floor":["R","M","M","?","M","M","T","?","E","M","M","E","R","?","M","B",null,"R","M","?","?","M","M","T","?","E","R","?","T","R","M","M","B",null,"R","M","$","?","M","R","T","?","R","E","M","E","T","$","M","B",null,null,"E","$","R","B"],"character_chosen":"THE_CHAMP","items_purchased":["GuppysTail","expansioncontent:DashGenerateEvil","expansioncontent:StudyTheSpire","testmod-AssaultLearning","expansioncontent:AwakenDeath"],"campfire_rested":1,"item_purchase_floors":[37,37,48,48,54],"current_hp_per_floor":[99,31,31,16,24,24,24,24,25,21,19,8,37,61,60,57,99,99,98,94,75,75,71,71,65,65,109,77,77,109,96,96,77,109,109,108,109,94,93,109,109,109,109,105,105,109,109,109,109,96,96,109,77,77,109,0,0,0],"gold":448,"neow_bonus":"TEN_PERCENT_HP_BONUS","is_daily":false,"chose_seed":false,"campfire_upgraded":7,"win_rate":0.0,"timestamp":1613949064,"path_taken":["R","M","M","?","M","M","T","?","E","?","?","E","R","?","M","BOSS","R","M","?","?","?","M","T","?","E","R","?","?","R","M","M","BOSS","R","M","$","?","M","R","T","?","R","E","?","E","?","?","M","BOSS","E","$","R","BOSS"],"items_purchased_type":["Relic","Card","Card","Relic","Card"],"build_version":"2020-12-22","purchased_purges":0,"victory":false,"max_hp_per_floor":[99,99,99,99,99,99,99,99,99,99,99,99,99,99,99,99,99,99,99,99,99,99,99,99,99,99,109,109,109,109,109,109,109,109,109,109,109,109,109,109,109,109,109,109,109,109,109,109,109,109,109,109,109,109,109,109,109,109],"card_choices":[{"not_picked":[],"picked":"SuicideKing","floor":0},{"not_picked":["champ:FancyFootwork","champ:Backstep"],"picked":"champ:CalledShot","floor":2},{"not_picked":["champ:Circumvent","champ:BladeFlurry"],"picked":"champ:GutPunch","floor":2},{"not_picked":["champ:FocusedDefense","champ:Circumvent"],"picked":"Bomb","floor":2},{"not_picked":["champ:GutPunch","Bomb"],"picked":"champ:HeavySlash","floor":3},{"not_picked":["champ:Shatter","champ:RapidStrikes"],"picked":"champ:Circumvent","floor":5},{"not_picked":["champ:FlashCut","champ:AdrenalArmor"],"picked":"champ:BerserkersShout","floor":6},{"not_picked":["champ:ShieldSlam","champ:RisingSlash"],"picked":"champ:StrikeOfGenius","floor":9},{"not_picked":["champ:Circumvent","champ:EndlessRage"],"picked":"Bomb","floor":10},{"not_picked":["champ:GutPunch","champ:ShieldSlam"],"picked":"champ:PreciseThrust","floor":11},{"not_picked":["champ:AdrenalArmor","champ:FaceSlap"],"picked":"champ:BladeFlurry","floor":12},{"not_picked":["champ:Shatter","champ:FancyFootwork"],"picked":"champ:CrownThrow","floor":15},{"not_picked":["champ:HoldFirm","champ:ShieldThrow"],"picked":"champ:IgnorePain","floor":16},{"not_picked":["champ:HeartStrike","champ:ArenaPreparation"],"picked":"champ:IronFortress","floor":19},{"not_picked":[],"picked":"J.A.X.","floor":21},{"not_picked":["champ:TornadoPunch","champ:DeathBlow"],"picked":"champ:StrikeOfGenius","floor":21},{"not_picked":["champ:SkillfulDodge","champ:DeathBlow"],"picked":"champ:DefensiveShout+1","floor":22},{"not_picked":["champ:GutPunch","champ:CrownThrow"],"picked":"champ:Haymaker","floor":23},{"not_picked":["champ:TornadoPunch","champ:CrownThrow"],"picked":"champ:EndlessRage","floor":25},{"not_picked":["champ:PerfectedStrike","champ:HeartStrike"],"picked":"champ:PreciseThrust","floor":26},{"not_picked":["champ:EndlessRage","champ:AdrenalArmor"],"picked":"champ:FocusedBerserking","floor":31},{"not_picked":["champ:DefensiveShout","champ:PreciseThrust"],"picked":"champ:BringItOn","floor":32},{"not_picked":["champ:DancingMaster","champ:StrikeOfGenius"],"picked":"champ:HeavySlash","floor":33},{"not_picked":["champ:BerserkersShout+1","champ:Endure+1"],"picked":"champ:FanOfKnives","floor":36},{"not_picked":["champ:Haymaker","champ:DeathBlow"],"picked":"champ:StanceDance+1","floor":37},{"not_picked":["champ:Backstep","champ:Improvising"],"picked":"champ:CrookedStrike+1","floor":39},{"not_picked":["champ:BringItOn","champ:Shatter+1"],"picked":"champ:StanceDance+1","floor":44},{"not_picked":["champ:BladeFlurry+1","champ:CrookedStrike"],"picked":"champ:PerfectedStrike+1","floor":45},{"not_picked":["champ:ShieldWall","champ:FlashCut"],"picked":"champ:FanOfKnives+1","floor":46},{"not_picked":["champ:Circumvent+1","champ:SkillfulDodge"],"picked":"champ:GutPunch","floor":49},{"not_picked":["champ:Duel+1","champ:GutPunch+1"],"picked":"champ:RapidStrikes+1","floor":53}],"player_experience":85192,"relics_obtained":[{"floor":2,"key":"Ornamental Fan"},{"floor":2,"key":"Dota2Spire:ArmletOfMordiggian"},{"floor":2,"key":"War Paint"},{"floor":2,"key":"CombinedTypeHook"},{"floor":2,"key":"AT_RedTearstoneRing"},{"floor":2,"key":"aspiration:AnachronicSnailShell"},{"floor":2,"key":"LetterFromLob"},{"floor":7,"key":"Dota2Spire:MaskOfMadness"},{"floor":9,"key":"Dota2Spire:MantaStyle"},{"floor":12,"key":"AT_BellDemon"},{"floor":21,"key":"MutagenicStrength"},{"floor":25,"key":"champ:BlackKnightHelmet"},{"floor":25,"key":"Dota2Spire:BattleFury"},{"floor":26,"key":"Letter Opener"},{"floor":29,"key":"Bag of Preparation"},{"floor":32,"key":"LetterFromLob"},{"floor":41,"key":"testmod-BalancedPeriapt"},{"floor":44,"key":"AT_BladeRuinedKing"},{"floor":46,"key":"Blood Vial"},{"floor":47,"key":"conspire:DecoderRing"},{"floor":53,"key":"REME_PuzzleBoxRelic"}],"event_choices":[{"damage_healed":24,"gold_gain":0,"player_choice":"Healed and dodged fight","damage_taken":0,"max_hp_gain":0,"max_hp_loss":0,"event_name":"Mushrooms","floor":14,"gold_loss":0,"cards_obtained":["Parasite"]},{"damage_healed":0,"gold_gain":0,"player_choice":"Swap Relic","damage_taken":0,"relics_obtained":["testmod-TestBox"],"max_hp_gain":0,"max_hp_loss":0,"event_name":"给自己的盒子","floor":42,"relics_lost":["War Paint"],"gold_loss":0}],"is_beta":false,"boss_relics":[{"not_picked":["jedi:hotpepper","conspire:SeveredTorchhead"],"picked":"RedLine:ReiMu"},{"not_picked":[]},{"not_picked":["conspire:SpecialSausage","Philosopher\u0027s Stone"],"picked":"LagranYue:SoulBurningRelic"},{"not_picked":[]}],"items_purged_floors":[],"is_endless":false,"potions_floor_spawned":[2,3,10,12,16,20,23,25,26,32,33,39,44,49],"killed_by":"Delirium","ascension_level":0}}