{"host":"o3m6gbom0bzpc56y","time":1613934562,"event":{"mods":["2.2 Compatiblity","AchievementEnabler","BaseMod","Colored Map","Highlight Path","Minty Spire (QoL Compilation)","Rare Cards Sparkle","StSLib"],"gold_per_floor":[112,112,177,227,287,320,370,399,425,425,425],"floor_reached":10,"language":"POL","playtime":339,"items_purged":[],"score":91,"play_id":"f17bafa8-69f3-4e18-bdbc-3b34b5258465","local_time":"20210221200922","is_ascension_mode":true,"campfire_choices":[],"circlet_count":0,"master_deck":["Strike_G","Strike_G","Strike_G","Strike_G","Strike_G","Defend_G","Defend_G","Defend_G","Defend_G","Defend_G","Survivor","Neutralize+1","Flying Knee","Dagger Spray","Skewer","Regret"],"relics":["Ring of the Snake","NeowsBlessing","SsserpentHead","Vajra","Pen Nib","Paper Crane","Regal Pillow"],"acts_visited":["Exordium"],"potions_floor_usage":[6,6],"damage_taken":[{"damage":0,"enemies":"Small Slimes","floor":1,"turns":1},{"damage":0,"enemies":"Cultist","floor":3,"turns":1},{"damage":0,"enemies":"2 Louse","floor":5,"turns":1},{"damage":19,"enemies":"3 Sentries","floor":6,"turns":9},{"damage":30,"enemies":"Gremlin Nob","floor":8,"turns":5},{"damage":29,"enemies":"3 Sentries","floor":10,"turns":6}],"seed_played":"-7563023751418546275","potions_obtained":[{"floor":1,"key":"LiquidMemories"},{"floor":3,"key":"Weak Potion"}],"is_trial":false,"path_per_floor":["M","?","M","?","M","E","?","E","T","E"],"character_chosen":"THE_SILENT","items_purchased":[],"campfire_rested":0,"item_purchase_floors":[],"current_hp_per_floor":[70,70,70,70,70,51,51,21,21,0,0],"gold":425,"neow_bonus":"THREE_ENEMY_KILL","is_daily":false,"chose_seed":false,"campfire_upgraded":0,"win_rate":0.0,"timestamp":1613934562,"path_taken":["M","?","?","?","?","E","?","E","T","E"],"items_purchased_type":[],"build_version":"2020-12-22","purchased_purges":0,"victory":false,"max_hp_per_floor":[70,70,70,70,70,70,70,70,70,70,70],"card_choices":[{"not_picked":["Terror","Slice"],"picked":"Flying Knee","floor":1},{"not_picked":["Outmaneuver","Dagger Throw","Quick Slash"],"picked":"SKIP","floor":3},{"not_picked":["Outmaneuver","Deflect"],"picked":"Dagger Spray","floor":5},{"not_picked":["Blur","Deflect"],"picked":"Skewer","floor":6},{"not_picked":["PiercingWail","Setup","Bouncing Flask"],"picked":"SKIP","floor":8}],"player_experience":139176,"relics_obtained":[{"floor":6,"key":"Vajra"},{"floor":8,"key":"Paper Crane"},{"floor":9,"key":"Regal Pillow"}],"event_choices":[{"damage_healed":0,"gold_gain":0,"player_choice":"Trade","damage_taken":0,"relics_obtained":["SsserpentHead"],"max_hp_gain":0,"max_hp_loss":0,"event_name":"FaceTrader","floor":2,"gold_loss":0},{"damage_healed":0,"gold_gain":0,"player_choice":"Upgraded","damage_taken":0,"max_hp_gain":0,"max_hp_loss":0,"event_name":"Upgrade Shrine","floor":4,"gold_loss":0,"cards_upgraded":["Neutralize"]},{"damage_healed":0,"gold_gain":0,"player_choice":"Box","damage_taken":0,"relics_obtained":["Pen Nib"],"max_hp_gain":0,"max_hp_loss":0,"event_name":"Big Fish","floor":7,"gold_loss":0,"cards_obtained":["Regret"]}],"is_beta":false,"boss_relics":[],"items_purged_floors":[],"is_endless":false,"potions_floor_spawned":[1,3],"killed_by":"3 Sentries","ascension_level":4}}