{"host":"pjjzz70vl4t83ifx","time":1613927974,"event":{"mods":["AchievementEnabler","BaseMod","Card Forge","Colored Map","Colored Powertips","Highlight Path","Infinite Spire","Minty Spire (QoL Compilation)","Permanent Neow","Practice Mode","Rare Cards Sparkle","Relic Stats","StSLib","Synergy Search"],"gold_per_floor":[112,131,131,57,67,101,113,113,139,151,151,165,165,165],"floor_reached":13,"language":"ENG","playtime":696,"items_purged":[],"score":148,"play_id":"799c19b8-14dd-41e1-b3be-a41483c0fae2","local_time":"20210221091934","is_ascension_mode":true,"campfire_choices":[],"circlet_count":0,"master_deck":["AscendersBane","Strike_R","Strike_R","Strike_R","Strike_R","Strike_R","Defend_R+1","Defend_R+1","Defend_R","Defend_R","Bash","Impatience","Pommel Strike","Flex","Headbutt","Havoc","Double Tap","Second Wind"],"relics":["Burning Blood","Hammer of Thor","Seething Fire","Anvil of the Gods","Ancient Tea Set","War Paint","Red Skull","Bronze Scales"],"acts_visited":["Exordium"],"potions_floor_usage":[6,13],"damage_taken":[{"damage":11,"enemies":"Cultist","floor":1,"turns":4},{"damage":5,"enemies":"Small Slimes","floor":2,"turns":4},{"damage":0,"enemies":"2 Louse","floor":5,"turns":3},{"damage":57,"enemies":"Lagavulin","floor":6,"turns":9},{"damage":14,"enemies":"Red Slaver","floor":7,"turns":2},{"damage":4,"enemies":"Large Slime","floor":10,"turns":5},{"damage":5,"enemies":"Blue Slaver","floor":12,"turns":3},{"damage":28,"enemies":"Gremlin Nob","floor":13,"turns":2}],"seed_played":"-9164511998802460859","potions_obtained":[{"floor":5,"key":"SkillPotion"},{"floor":6,"key":"SkillPotion"}],"is_trial":false,"path_per_floor":["M","M","T","$","M","E","M","?","T","M","?","M","E"],"character_chosen":"IRONCLAD","items_purchased":["Flex","Headbutt"],"campfire_rested":0,"item_purchase_floors":[4,4],"current_hp_per_floor":[63,64,64,64,70,19,11,11,11,13,13,14,0,0],"gold":165,"neow_bonus":"RANDOM_COLORLESS","is_daily":false,"chose_seed":false,"campfire_upgraded":0,"win_rate":0.0,"timestamp":1613927974,"path_taken":["M","M","?","?","M","E","M","?","T","M","?","?","E"],"items_purchased_type":["Card","Card"],"build_version":"2020-12-22","purchased_purges":0,"victory":false,"max_hp_per_floor":[75,75,75,75,75,75,75,75,75,75,75,75,75,75],"relic_stats":{"counters":[8,32],"Bronze Scales":[15],"War Paint":["Defend_R","Defend_R"],"obtain_stats":[{"Anvil of the Gods":0,"Bronze Scales":9,"Hammer of Thor":0,"Seething Fire":0,"War Paint":6,"Ancient Tea Set":3,"Burning Blood":0,"Red Skull":8},{"Anvil of the Gods":0,"Bronze Scales":5,"Hammer of Thor":0,"Seething Fire":0,"War Paint":4,"Ancient Tea Set":2,"Burning Blood":0,"Red Skull":5},{"Anvil of the Gods":0,"Bronze Scales":22,"Hammer of Thor":0,"Seething Fire":0,"War Paint":20,"Ancient Tea Set":8,"Burning Blood":0,"Red Skull":22}],"Burning Blood":42},"card_choices":[{"not_picked":["Panacea","Trip"],"picked":"Impatience","floor":0},{"not_picked":["Sever Soul","Feel No Pain","True Grit"],"picked":"SKIP","floor":1},{"not_picked":["Ghostly Armor","Sword Boomerang"],"picked":"Pommel Strike","floor":2},{"not_picked":["Power Through","Shrug It Off"],"picked":"Havoc","floor":5},{"not_picked":["Uppercut","Pommel Strike"],"picked":"Double Tap","floor":6},{"not_picked":["Clothesline","Warcry","Pommel Strike"],"picked":"SKIP","floor":7},{"not_picked":["Iron Wave","Reckless Charge"],"picked":"Dual Wield","floor":10},{"not_picked":["Power Through","Clothesline","Pommel Strike"],"picked":"SKIP","floor":12}],"player_experience":251270,"relics_obtained":[{"floor":3,"key":"Ancient Tea Set"},{"floor":6,"key":"War Paint"},{"floor":9,"key":"Bronze Scales"}],"event_choices":[{"damage_healed":0,"gold_gain":0,"player_choice":"Searched \u00271\u0027 times","damage_taken":0,"relics_obtained":["Red Skull"],"max_hp_gain":0,"max_hp_loss":0,"event_name":"Dead Adventurer","floor":8,"gold_loss":0},{"damage_healed":0,"gold_gain":0,"cards_transformed":["Dual Wield"],"player_choice":"Transformed","damage_taken":0,"max_hp_gain":0,"max_hp_loss":0,"event_name":"Transmorgrifier","floor":11,"gold_loss":0,"cards_obtained":["Second Wind"]}],"is_beta":false,"boss_relics":[],"items_purged_floors":[],"is_endless":false,"potions_floor_spawned":[5,6],"killed_by":"Gremlin Nob","ascension_level":14}}