{"host":"fdtmcpjlr9eclyu9","time":1613903771,"event":{"mods":["Act Like it!","BaseMod","CapriCore","Downfall","Marisa（霧雨　魔理沙）","Minty Spire (QoL Compilation)","Quick Restart","Reimu（博丽灵梦）","Remilia（蕾米莉亚）","Spicy Shops","StSLib","The Immortal","The Servant 0.9.4","Waifu the Spire","Youmu（魂魄妖梦）","Yuyuko"],"gold_per_floor":[117,117,42,57,57,89,89,123,123,135,135,35,46,59,59,158,158,170,170,181,193,204,129,129,129,152,172,186,486,497,407,407,508,508,526,526,545,338,355,381,381,123,123,0,16,16,16,49,49,49,49,49,49,81,81],"floor_reached":56,"language":"ZHS","playtime":2900,"items_purged":["Strike_RM","RedMoon","Strike_RM"],"score":1527,"play_id":"6a34cb17-7166-4f39-9fdd-d0fe9a977373","local_time":"20210221183611","is_ascension_mode":true,"campfire_choices":[{"data":"ScarletShoot","floor":7.0,"key":"SMITH"},{"data":"Defend_RM","floor":11.0,"key":"PURGE"},{"data":"BombardNight","floor":15.0,"key":"SMITH"},{"data":"Defend_RM","floor":24.0,"key":"PURGE"},{"floor":32.0,"key":"REST"},{"floor":41.0,"key":"REST"},{"data":"Greed_TH","floor":44.0,"key":"PURGE"},{"data":"Defend_RM","floor":46.0,"key":"PURGE"},{"floor":49,"key":"RECALL"},{"data":"BombardNight+1","floor":52,"key":"PURGE"}],"circlet_count":0,"master_deck":["ScarletShoot+1","ForbiddenFruit","RedRainbow+1","DemonKingCradle+1","EternalNight+1","RedMagic+1","BloodAndWine+1","ForecastOfChange","ForecastOfChange","RedRainbow+1","RedMagic","RedMagic"],"relics":["ScarletHat","NeowsBlessing","Shuriken","Peace Pipe","Frozen Egg 2","Runic Dome","Kunai","RedLine:ReiMu","RedBat","Meat on the Bone","Mummified Hand","The Courier"],"acts_visited":["Exordium","TheCity","TheBeyond","TheEnding"],"potions_floor_usage":[55,55],"damage_taken":[{"damage":0.0,"enemies":"Jaw Worm","floor":1.0,"turns":1.0},{"damage":0.0,"enemies":"2 Louse","floor":4.0,"turns":1.0},{"damage":0.0,"enemies":"3 Sentries","floor":6.0,"turns":2.0},{"damage":34.0,"enemies":"Lagavulin","floor":8.0,"turns":6.0},{"damage":10.0,"enemies":"Cultist","floor":10.0,"turns":3.0},{"damage":5.0,"enemies":"Blue Slaver","floor":13.0,"turns":3.0},{"damage":0.0,"enemies":"Lots of Slimes","floor":14.0,"turns":2.0},{"damage":10.0,"enemies":"Slime Boss","floor":16.0,"turns":4.0},{"damage":1.0,"enemies":"Shell Parasite","floor":18.0,"turns":2.0},{"damage":23.0,"enemies":"2 Thieves","floor":20.0,"turns":4.0},{"damage":9.0,"enemies":"Cultist and Chosen","floor":21.0,"turns":3.0},{"damage":10.0,"enemies":"3 Cultists","floor":22.0,"turns":4.0},{"damage":21.0,"enemies":"Shelled Parasite and Fungi","floor":27.0,"turns":3.0},{"damage":13.0,"enemies":"Snecko","floor":28.0,"turns":3.0},{"damage":12.0,"enemies":"Snake Plant","floor":30.0,"turns":4.0},{"damage":5.0,"enemies":"Automaton","floor":33.0,"turns":4.0},{"damage":39.0,"enemies":"3 Shapes","floor":35.0,"turns":2.0},{"damage":10.0,"enemies":"3 Darklings","floor":37.0,"turns":2.0},{"damage":15.0,"enemies":"4 Shapes","floor":39.0,"turns":1.0},{"damage":13.0,"enemies":"Reptomancer","floor":40.0,"turns":3.0},{"damage":5.0,"enemies":"Writhing Mass","floor":45.0,"turns":1.0},{"damage":0.0,"enemies":"Giant Head","floor":48.0,"turns":2.0},{"damage":5,"enemies":"Awakened One","floor":50,"turns":2},{"damage":5,"enemies":"Shield and Spear","floor":54,"turns":1},{"damage":179,"enemies":"The Heart","floor":55,"turns":3}],"seed_played":"1295040157005002661","potions_obtained":[{"floor":6.0,"key":"Strength Potion"},{"floor":8.0,"key":"SteroidPotion"},{"floor":14.0,"key":"bronze:BurnAndBuffPotion"},{"floor":16.0,"key":"bronze:BurnAndBuffPotion"},{"floor":20.0,"key":"Block Potion"},{"floor":22.0,"key":"SneckoOil"},{"floor":33.0,"key":"EssenceOfSteel"},{"floor":39.0,"key":"bronze:BurnAndBuffPotion"}],"is_trial":false,"path_per_floor":["M","?","$","M","?","E","R","E","T","M","R","$","M","M","R","B",null,"M","?","M","M","M","?","R","?","T","M","M","?","M","?","R","B",null,"M","?","M","$","M","E","R","$","T","R","M","R","?","E","R","B",null,"R","$","E","B",null],"character_chosen":"REMILIA","items_purchased":["RedMagic","Meat on the Bone"],"campfire_rested":2,"item_purchase_floors":[38,42],"current_hp_per_floor":[75,80,80,80,73,73,73,43,43,33,33,33,29,29,29,24,80,79,79,57,49,39,39,39,39,39,26,18,18,11,6,30,28,80,41,41,34,24,9,7,31,26,26,26,36,36,36,80,80,80,80,80,80,75,64],"gold":81,"neow_bonus":"THREE_ENEMY_KILL","is_daily":false,"chose_seed":false,"campfire_upgraded":2,"win_rate":0.0,"timestamp":1613903771,"path_taken":["M","?","$","M","?","E","R","E","T","M","R","?","?","M","R","BOSS","M","?","M","?","M","?","R","?","T","M","?","?","M","?","R","BOSS","M","?","?","$","M","E","R","$","T","R","M","R","?","E","R","BOSS","R","$","E","BOSS"],"items_purchased_type":["Card","Relic"],"build_version":"2020-12-22","purchased_purges":3,"victory":true,"max_hp_per_floor":[75,80,80,80,80,80,80,80,80,80,80,80,80,80,80,80,80,80,80,80,80,80,80,80,80,80,80,80,80,80,80,80,80,80,80,80,80,80,80,80,80,80,80,80,80,80,80,80,80,80,80,80,80,80,80],"card_choices":[{"not_picked":["BlasphemousPunishment","MastersStateliness","BombardNight"],"picked":"SKIP","floor":1.0},{"not_picked":["VampireKiss","EndlessAdversity"],"picked":"ForbiddenFruit","floor":4.0},{"not_picked":["StarOfDavid","NightDance","DiffusionOfMisfortune"],"picked":"SKIP","floor":6.0},{"not_picked":["Ultimatum","VampireKiss"],"picked":"RedRainbow","floor":8.0},{"not_picked":["BloodyTrap","BloodyCatastrophe"],"picked":"BombardNight","floor":13.0},{"not_picked":["ForbiddenFruit","BloodyTrap","NightDance"],"picked":"SKIP","floor":14.0},{"not_picked":["BloodRain","CurseOfVladTepes+1"],"picked":"DemonKingCradle+1","floor":16.0},{"not_picked":["BlasphemousPunishment","BadLadyScramble+1"],"picked":"MastersStateliness+1","floor":18.0},{"not_picked":["BlasphemousPunishment","FavorOfDestiny","RedRainbow"],"picked":"SKIP","floor":18.0},{"not_picked":["EndlessAdversity","BlasphemousPunishment+1","ScarletGensokyo"],"picked":"SKIP","floor":20.0},{"not_picked":["MillenniumVampire+1","EndlessAdversity","BombardNight"],"picked":"SKIP","floor":21.0},{"not_picked":["StarOfDavid+1","RedNightlessCastle+1"],"picked":"EternalNight+1","floor":22.0},{"not_picked":["VampireClaw","DiffusionOfMisfortune"],"picked":"RedMagic+1","floor":27.0},{"not_picked":["BlasphemousPunishment","NightLord"],"picked":"BloodAndWine","floor":28.0},{"not_picked":["BlasphemousPunishment+1","BombardNight+1"],"picked":"ForecastOfChange","floor":30.0},{"not_picked":["EquivalentExchange+1","ScarletCoffin"],"picked":"ForecastOfChange","floor":33.0},{"not_picked":["BloodHunter","ScarletImprint"],"picked":"RedRainbow+1","floor":35.0},{"not_picked":["MillenniumVampire+1","FavorOfDestiny","StarOfDavid+1"],"picked":"SKIP","floor":37.0},{"not_picked":["UnderTheZenith+1","CharismaGuard+1","DiffusionOfMisfortune+1"],"picked":"SKIP","floor":39.0},{"not_picked":["VampireSweep","BlasphemousPunishment+1","DiffusionOfMisfortune+1"],"picked":"SKIP","floor":40.0},{"not_picked":["ScarletDevil+1","EternalNight+1","VampirishNight+1"],"picked":"SKIP","floor":45.0},{"not_picked":["MiserableFate","ScarletCoffin","TwelveNightmare+1"],"picked":"SKIP","floor":48.0},{"not_picked":["FavorOfDestiny+1","BlasphemousPunishment"],"picked":"RedMagic","floor":54}],"player_experience":400142,"relics_obtained":[{"floor":6.0,"key":"Shuriken"},{"floor":8.0,"key":"Peace Pipe"},{"floor":9.0,"key":"Frozen Egg 2"},{"floor":40.0,"key":"RedBat"},{"floor":43.0,"key":"Mummified Hand"},{"floor":48.0,"key":"The Courier"}],"event_choices":[{"damage_healed":0.0,"max_hp_gain":5.0,"max_hp_loss":0.0,"gold_gain":0.0,"event_name":"Big Fish","player_choice":"Donut","floor":2.0,"gold_loss":0.0,"damage_taken":0.0},{"cards_removed":["Defend_RM"],"damage_healed":0.0,"max_hp_gain":0.0,"max_hp_loss":0.0,"gold_gain":0.0,"event_name":"Golden Wing","player_choice":"Card Removal","floor":5.0,"gold_loss":0.0,"damage_taken":7.0},{"damage_healed":0.0,"max_hp_gain":0.0,"max_hp_loss":0.0,"gold_gain":0.0,"event_name":"WeMeetAgain","player_choice":"Gave Potion","floor":19.0,"gold_loss":0.0,"damage_taken":0.0,"relics_obtained":["Kunai"]},{"cards_removed":["Strike_RM"],"damage_healed":0.0,"max_hp_gain":0.0,"max_hp_loss":0.0,"gold_gain":0.0,"event_name":"Beggar","player_choice":"Gave Gold","floor":23.0,"gold_loss":75.0,"damage_taken":0.0},{"damage_healed":0.0,"max_hp_gain":0.0,"max_hp_loss":0.0,"gold_gain":0.0,"event_name":"Accursed Blacksmith","player_choice":"Forge","floor":25.0,"gold_loss":0.0,"damage_taken":0.0,"cards_upgraded":["RedRainbow"]},{"cards_removed":["Strike_RM"],"damage_healed":0.0,"max_hp_gain":0.0,"max_hp_loss":0.0,"gold_gain":0.0,"event_name":"Designer","player_choice":"Upgrade and Remove","floor":31.0,"gold_loss":90.0,"damage_taken":0.0,"cards_upgraded":["BloodAndWine"]},{"damage_healed":0.0,"max_hp_gain":0.0,"max_hp_loss":0.0,"gold_gain":0.0,"event_name":"The Woman in Blue","player_choice":"Bought 0 Potions","floor":36.0,"gold_loss":0.0,"damage_taken":0.0},{"cards_removed":["MastersStateliness"],"damage_healed":0.0,"max_hp_gain":0.0,"max_hp_loss":0.0,"gold_gain":0.0,"event_name":"Falling","player_choice":"Removed Power","floor":47.0,"gold_loss":0.0,"damage_taken":0.0}],"is_beta":false,"boss_relics":[{"not_picked":["Busted Crown","Snecko Eye"],"picked":"Runic Dome"},{"not_picked":["Fusion Hammer","SlaversCollar"],"picked":"RedLine:ReiMu"}],"items_purged_floors":[3,12,38],"is_endless":false,"potions_floor_spawned":[6,8,14,16,20,22,33,39,40],"ascension_level":1}}