{"host":"xp5rvh2jwe2ejyfm","time":1613936864,"event":{"mods":["2.2 Compatiblity","Aspiration","Bard","BaseMod","Beaked The Cultist","Better Altar","Better Match","Better Note","Better Sensory Stone","Better Skull","BetterRewards","Colored Powertips","Conspire","Downfall","GifTheSpireLib","Gremlin Mod","GungeonMod","Hermit","Hubris","Jorbs\u0027s Wanderer Trilogy","Mad Scientist","Minty Spire (QoL Compilation)","Potionbrewer","Quick Restart","Replay The Spire","Robot Space Explorer","Shade Mod","Somnambulant","StSLib","The Bug Knight","The Clintock","The Construct","The Cursed","The Disciple","The Forsaken","The Hierophant","The Marked","The Mystic","The Necromancer","The Runesmith","The Servant 0.9.4","The Valiant","The Witch","TheFirefly","TheVacant","thorton"],"gold_per_floor":[113,129,149,163,22,22,36,36,63,76,110,110,129,141,141,141,141],"floor_reached":16,"language":"ENG","playtime":816,"items_purged":[],"score":106,"play_id":"b11ea7d9-3290-4e6c-9a6b-62c557934ede","local_time":"20210221144744","is_ascension_mode":false,"campfire_choices":[{"data":"MadScienceMod:PowerArmor","floor":6,"key":"SMITH"},{"floor":8,"key":"REST"},{"floor":12,"key":"REST"},{"floor":15,"key":"RECALL"}],"circlet_count":0,"master_deck":["MadScienceMod:Strike_MadScience","MadScienceMod:Strike_MadScience","MadScienceMod:Strike_MadScience","MadScienceMod:Strike_MadScience","MadScienceMod:Defend_MadScience","MadScienceMod:Defend_MadScience","MadScienceMod:Defend_MadScience","MadScienceMod:Defend_MadScience","MadScienceMod:PoweredStrike","MadScienceMod:HideBehindJunk","MadScienceMod:AutoStrike","MadScienceMod:Virus","MadScienceMod:OmniHammer","MadScienceMod:Refuel","MadScienceMod:PowerArmor+1","MadScienceMod:SelfDestruct","MadScienceMod:AcidSpray","MadScienceMod:EnergyBarrier","MadScienceMod:FragmentationGrenade","MadScienceMod:OilDrum","MadScienceMod:ImposingConstruct"],"relics":["MadScienceMod:FuelTank","NeowsBlessing","hubris:CrystalStatue"],"acts_visited":["Exordium"],"potions_floor_usage":[11,11,14,16],"damage_taken":[{"damage":0,"enemies":"Cultist","floor":1,"turns":1},{"damage":0,"enemies":"2 Louse","floor":2,"turns":1},{"damage":0,"enemies":"Small Slimes","floor":3,"turns":1},{"damage":25,"enemies":"Exordium Wildlife","floor":4,"turns":7},{"damage":15,"enemies":"Blue Slaver","floor":7,"turns":4},{"damage":3,"enemies":"Large Slime","floor":10,"turns":5},{"damage":16,"enemies":"3 Sentries","floor":11,"turns":5},{"damage":5,"enemies":"Looter","floor":13,"turns":3},{"damage":11,"enemies":"Lots of Slimes","floor":14,"turns":4},{"damage":47,"enemies":"Hexaghost","floor":16,"turns":18}],"seed_played":"3442132770271124116","potions_obtained":[{"floor":3,"key":"potionbrewer:AcidPotion"},{"floor":4,"key":"Dexterity Potion"},{"floor":7,"key":"LiquidBronze"},{"floor":14,"key":"Languid Potion"}],"is_trial":false,"path_per_floor":["M","M","M","M","$","R","M","R","T","M","E","R","M","M","R","B"],"character_chosen":"MAD_SCIENTIST","items_purchased":["MadScienceMod:PowerArmor","MadScienceMod:SelfDestruct"],"campfire_rested":2,"item_purchase_floors":[5,5],"current_hp_per_floor":[75,75,75,50,50,50,35,57,57,54,38,60,55,44,44,0,0],"gold":141,"neow_bonus":"THREE_ENEMY_KILL","is_daily":false,"chose_seed":false,"campfire_upgraded":1,"win_rate":0.0,"timestamp":1613936864,"path_taken":["M","M","M","M","$","R","M","R","T","M","E","R","M","?","R","BOSS"],"items_purchased_type":["Card","Card"],"build_version":"2020-12-22","purchased_purges":0,"victory":false,"max_hp_per_floor":[75,75,75,75,75,75,75,75,75,75,75,75,75,75,75,75,75],"card_choices":[{"not_picked":["MadScienceMod:MechanicalClaw","MadScienceMod:LightOnFire"],"picked":"MadScienceMod:AutoStrike","floor":1},{"not_picked":["MadScienceMod:LightOnFire","MadScienceMod:Bombardment"],"picked":"MadScienceMod:Virus","floor":2},{"not_picked":["MadScienceMod:ExtractOil","MadScienceMod:AntimatterBomb"],"picked":"MadScienceMod:OmniHammer","floor":3},{"not_picked":["MadScienceMod:SoftenUp","MadScienceMod:Detonate"],"picked":"MadScienceMod:Refuel","floor":4},{"not_picked":["MadScienceMod:FlameCannon","MadScienceMod:RadioactiveSword"],"picked":"MadScienceMod:AcidSpray","floor":7},{"not_picked":["MadScienceMod:ShrinkRay","MadScienceMod:Browse"],"picked":"MadScienceMod:EnergyBarrier","floor":10},{"not_picked":["MadScienceMod:Strafe","MadScienceMod:ExploreOptions"],"picked":"MadScienceMod:FragmentationGrenade","floor":11},{"not_picked":["MadScienceMod:MechanicalClaw","MadScienceMod:Probe"],"picked":"MadScienceMod:OilDrum","floor":13},{"not_picked":["MadScienceMod:Refuel","MadScienceMod:Reconstitute"],"picked":"MadScienceMod:ImposingConstruct","floor":14}],"player_experience":552470,"relics_obtained":[{"floor":11,"key":"hubris:CrystalStatue"}],"event_choices":[],"is_beta":false,"boss_relics":[],"items_purged_floors":[],"is_endless":false,"potions_floor_spawned":[3,4,7,10,14],"killed_by":"Hexaghost","ascension_level":0}}