{"host":"osru0s4hyl5hhaol","time":1613921086,"event":{"mods":["BaseMod","Colored Map","Minty Spire (QoL Compilation)"],"gold_per_floor":[110,110,129,129,144,144,144,158,158,158,110,110,120,130,130,227,227,243,243,262,85,0,0,15,27,27,126,226,226,238,250,250,250,250],"floor_reached":33,"language":"ENG","playtime":1057,"items_purged":[],"score":264,"play_id":"081144eb-4095-4648-a56f-0442c7dc495b","local_time":"20210221092446","is_ascension_mode":false,"campfire_choices":[{"data":"Redo","floor":6,"key":"SMITH"},{"floor":10,"key":"REST"},{"floor":15,"key":"REST"},{"floor":23,"key":"REST"},{"floor":29,"key":"REST"},{"floor":32,"key":"REST"}],"circlet_count":0,"master_deck":["Strike_B","Strike_B","Strike_B","Strike_B","Defend_B","Defend_B","Defend_B","Zap","Dualcast","Ball Lightning","Chill+1","Redo+1","Lockon","Cold Snap","Auto Shields","Beam Cell","Go for the Eyes","Multi-Cast","Cold Snap","Scrape","Echo Form","Lockon","Aggregate","Scrape","Beam Cell+1","Turbo"],"relics":["Cracked Core","Pear","Oddly Smooth Stone","Nuclear Battery","Incense Burner"],"acts_visited":["Exordium","TheCity"],"potions_floor_usage":[16,16,25,33,33],"damage_taken":[{"damage":5,"enemies":"Small Slimes","floor":1,"turns":4},{"damage":6,"enemies":"Jaw Worm","floor":3,"turns":2},{"damage":0,"enemies":"Cultist","floor":5,"turns":3},{"damage":21,"enemies":"Exordium Wildlife","floor":8,"turns":5},{"damage":4,"enemies":"Blue Slaver","floor":13,"turns":3},{"damage":3,"enemies":"Red Slaver","floor":14,"turns":2},{"damage":14,"enemies":"Slime Boss","floor":16,"turns":8},{"damage":22,"enemies":"3 Byrds","floor":18,"turns":5},{"damage":19,"enemies":"Spheric Guardian","floor":20,"turns":4},{"damage":11,"enemies":"Snecko","floor":24,"turns":4},{"damage":22,"enemies":"Chosen and Byrds","floor":25,"turns":7},{"damage":24,"enemies":"Centurion and Healer","floor":30,"turns":8},{"damage":26,"enemies":"Snake Plant","floor":31,"turns":5},{"damage":48,"enemies":"Automaton","floor":33,"turns":6}],"seed_played":"-4820095677915885175","potions_obtained":[{"floor":0,"key":"EssenceOfSteel"},{"floor":0,"key":"Ancient Potion"},{"floor":0,"key":"SteroidPotion"},{"floor":24,"key":"Weak Potion"},{"floor":30,"key":"Dexterity Potion"}],"is_trial":false,"path_per_floor":["M","?","M","?","M","R","?","M","T","R","$","?","M","M","R","B",null,"M","?","M","$","?","R","M","M","T","?","?","R","M","M","R","B"],"character_chosen":"DEFECT","items_purchased":["Cold Snap","Echo Form","Lockon"],"campfire_rested":5,"item_purchase_floors":[11,21,21],"current_hp_per_floor":[70,68,62,62,62,62,67,46,46,73,73,73,69,66,90,76,90,68,65,46,46,46,73,62,40,40,40,40,67,43,17,44,0,0],"gold":250,"neow_bonus":"THREE_SMALL_POTIONS","is_daily":false,"chose_seed":false,"campfire_upgraded":1,"win_rate":0.0,"timestamp":1613921086,"path_taken":["M","?","M","?","?","R","?","M","T","R","?","?","?","M","R","BOSS","M","?","?","$","?","R","M","M","T","?","?","R","M","M","R","BOSS"],"items_purchased_type":["Card","Card","Card"],"build_version":"2020-12-22","purchased_purges":0,"victory":false,"max_hp_per_floor":[75,85,85,85,85,85,90,90,90,90,90,90,90,90,90,90,90,90,90,90,90,90,90,90,90,90,90,90,90,90,90,90,90,90],"card_choices":[{"not_picked":["Skim","Aggregate"],"picked":"Ball Lightning","floor":1},{"not_picked":["Capacitor","Steam Power"],"picked":"Chill","floor":3},{"not_picked":["Barrage","Leap"],"picked":"Redo","floor":5},{"not_picked":["Gash","Stack"],"picked":"Lockon","floor":8},{"not_picked":["Leap","Auto Shields"],"picked":"Beam Cell","floor":13},{"not_picked":["Hologram","Steam Power"],"picked":"Go for the Eyes","floor":14},{"not_picked":["Biased Cognition","Fission"],"picked":"Multi-Cast","floor":16},{"not_picked":["Hologram","Force Field+1"],"picked":"Cold Snap","floor":18},{"not_picked":["Beam Cell","Conserve Battery"],"picked":"Scrape","floor":20},{"not_picked":["Ball Lightning","Beam Cell"],"picked":"Aggregate","floor":24},{"not_picked":["Hologram","Reprogram"],"picked":"Scrape","floor":25},{"not_picked":["Reinforced Body+1","Rebound"],"picked":"Beam Cell+1","floor":30},{"not_picked":["Beam Cell","Go for the Eyes"],"picked":"Turbo","floor":31}],"player_experience":196556,"relics_obtained":[{"floor":9,"key":"Oddly Smooth Stone"},{"floor":26,"key":"Incense Burner"}],"event_choices":[{"damage_healed":0,"gold_gain":0,"player_choice":"Success","damage_taken":12,"relics_obtained":["Pear"],"max_hp_gain":0,"max_hp_loss":0,"event_name":"Scrap Ooze","floor":2,"gold_loss":0},{"damage_healed":0,"gold_gain":0,"player_choice":"Upgraded","damage_taken":0,"max_hp_gain":0,"max_hp_loss":0,"event_name":"Upgrade Shrine","floor":4,"gold_loss":0,"cards_upgraded":["Chill"]},{"damage_healed":0,"gold_gain":0,"player_choice":"Donut","damage_taken":0,"max_hp_gain":5,"max_hp_loss":0,"event_name":"Big Fish","floor":7,"gold_loss":0},{"damage_healed":0,"gold_gain":0,"cards_transformed":["Defend_B"],"player_choice":"Transformed","damage_taken":0,"max_hp_gain":0,"max_hp_loss":0,"event_name":"Transmorgrifier","floor":12,"gold_loss":0,"cards_obtained":["Auto Shields"]},{"damage_healed":0,"gold_gain":0,"player_choice":"Punched","damage_taken":3,"max_hp_gain":0,"max_hp_loss":0,"event_name":"Designer","floor":19,"gold_loss":0},{"damage_healed":0,"gold_gain":0,"player_choice":"Paid Fearfully","damage_taken":0,"max_hp_gain":0,"max_hp_loss":0,"event_name":"Masked Bandits","floor":22,"gold_loss":85},{"damage_healed":0,"gold_gain":99,"player_choice":"Stole From Cult","damage_taken":0,"max_hp_gain":0,"max_hp_loss":0,"event_name":"Nest","floor":27,"gold_loss":0},{"damage_healed":0,"gold_gain":100,"player_choice":"Pray","damage_taken":0,"max_hp_gain":0,"max_hp_loss":0,"event_name":"Golden Shrine","floor":28,"gold_loss":0}],"is_beta":false,"boss_relics":[{"not_picked":["Philosopher\u0027s Stone","Sozu"],"picked":"Nuclear Battery"}],"items_purged_floors":[],"is_endless":false,"potions_floor_spawned":[1,5,13,24,30],"killed_by":"Automaton","ascension_level":0}}