{"host":"b3fp0sgzld04crtx","time":1613887188,"event":{"mods":["AchievementEnabler","BaseMod","Colored Map","Colored Powertips","Highlight Path","Minty Spire (QoL Compilation)","Quick Restart","StSLib","The Servant 0.9.4"],"gold_per_floor":[117,117,137,137,35,65,65,97,97,117,17,36,1,27,27,128,128,144,54,66,66,77,97,128,141,166,116,116,116,66,66,66,164,214,231,34,34,34,87,87,0,11,37,87,115,115,115,130,130,130,130],"floor_reached":50,"language":"ENG","playtime":5008,"items_purged":["Defend_P","Pain","Defend_P","Writhe","Strike_P"],"score":579,"play_id":"0c4a4f2e-dca2-4f4e-aa5e-0d76902a3551","local_time":"20210220235948","is_ascension_mode":false,"campfire_choices":[{"data":"Eruption","floor":15,"key":"SMITH"},{"data":"Scrawl","floor":29,"key":"SMITH"},{"data":"Crescendo","floor":32,"key":"SMITH"},{"data":"Dark Shackles","floor":40,"key":"SMITH"},{"floor":47,"key":"RECALL"},{"data":"DevaForm","floor":49,"key":"SMITH"}],"circlet_count":0,"master_deck":["Defend_P+1","Defend_P","Eruption+1","Vigilance+1","WindmillStrike","ClearTheMind","Protect+1","Vengeance+1","Wallop","SashWhip","Scrawl+1","Consecrate+1","ReachHeaven","Crescendo+1","WheelKick+1","Protect","Ragnarok","SandsOfTime+1","Dark Shackles+1","Bandage Up","DevaForm+1"],"relics":["PureWater","NeowsBlessing","Matryoshka","WarpedTongs","Art of War","Vajra","Regal Pillow","Mercury Hourglass","Velvet Choker","Turnip","Meat on the Bone","Smiling Mask","PreservedInsect","Tiny House","Potion Belt","StoneCalendar","Red Mask","Bird Faced Urn","White Beast Statue","Shuriken"],"acts_visited":["Exordium","TheCity","TheBeyond"],"potions_floor_usage":[25,45],"damage_taken":[{"damage":0,"enemies":"Jaw Worm","floor":1,"turns":1},{"damage":0,"enemies":"2 Louse","floor":3,"turns":1},{"damage":0,"enemies":"Gremlin Nob","floor":6,"turns":1},{"damage":11,"enemies":"3 Sentries","floor":8,"turns":9},{"damage":2,"enemies":"Small Slimes","floor":10,"turns":2},{"damage":8,"enemies":"Gremlin Gang","floor":12,"turns":4},{"damage":8,"enemies":"Lagavulin","floor":14,"turns":4},{"damage":8,"enemies":"Slime Boss","floor":16,"turns":6},{"damage":0,"enemies":"Spheric Guardian","floor":18,"turns":1},{"damage":0,"enemies":"3 Byrds","floor":20,"turns":4},{"damage":2,"enemies":"Shelled Parasite and Fungi","floor":22,"turns":5},{"damage":0,"enemies":"Snecko","floor":23,"turns":2},{"damage":1,"enemies":"Gremlin Leader","floor":24,"turns":3},{"damage":6,"enemies":"Chosen and Byrds","floor":25,"turns":2},{"damage":20,"enemies":"Automaton","floor":33,"turns":6},{"damage":0,"enemies":"3 Shapes","floor":35,"turns":2},{"damage":14,"enemies":"2 Orb Walkers","floor":39,"turns":4},{"damage":0,"enemies":"3 Darklings","floor":42,"turns":3},{"damage":0,"enemies":"Mind Bloom Boss Battle","floor":44,"turns":2},{"damage":0,"enemies":"Reptomancer","floor":45,"turns":5},{"damage":0,"enemies":"Spire Growth","floor":48,"turns":3},{"damage":93,"enemies":"Time Eater","floor":50,"turns":7}],"seed_played":"789656527570794988","potions_obtained":[{"floor":1,"key":"Energy Potion"},{"floor":10,"key":"SkillPotion"},{"floor":16,"key":"Swift Potion"},{"floor":18,"key":"ColorlessPotion"},{"floor":23,"key":"SkillPotion"},{"floor":24,"key":"Strength Potion"},{"floor":34,"key":"StancePotion"},{"floor":35,"key":"StancePotion"},{"floor":39,"key":"Weak Potion"},{"floor":42,"key":"StancePotion"},{"floor":48,"key":"AttackPotion"}],"is_trial":false,"path_per_floor":["M","?","M","?","$","E","?","E","T","M","$","M","?","E","R","B",null,"M","?","M","$","M","M","E","M","T","$","?","R","$","?","R","B",null,"M","$","?","?","?","R","?","M","T","?","E","T","R","M","R","B"],"character_chosen":"WATCHER","items_purchased":["Protect","Potion Belt"],"campfire_rested":0,"item_purchase_floors":[5,36],"current_hp_per_floor":[72,58,58,51,51,51,51,40,40,38,38,30,48,40,40,32,72,72,72,72,72,70,70,69,63,63,63,63,63,63,63,63,43,77,77,77,77,72,62,62,62,68,68,68,68,68,68,72,72,0,0],"gold":130,"neow_bonus":"THREE_ENEMY_KILL","is_daily":false,"chose_seed":false,"campfire_upgraded":5,"win_rate":0.0,"timestamp":1613887188,"path_taken":["M","?","M","?","?","E","?","E","T","?","$","?","?","E","R","BOSS","M","?","M","$","M","?","E","M","T","?","?","R","$","?","R","BOSS","M","$","?","?","?","R","?","?","T","?","E","?","R","M","R","BOSS"],"items_purchased_type":["Card","Relic"],"build_version":"2020-12-22","purchased_purges":5,"victory":false,"max_hp_per_floor":[72,72,72,72,72,72,72,72,72,72,72,72,72,72,72,72,72,72,72,72,72,72,72,72,72,72,72,72,72,72,72,72,72,77,77,77,77,77,77,77,77,77,77,77,77,77,77,77,77,77,77],"card_choices":[{"not_picked":["WreathOfFlame","Nirvana"],"picked":"WindmillStrike","floor":1},{"not_picked":["Consecrate","WreathOfFlame"],"picked":"ClearTheMind","floor":3},{"not_picked":["Indignation","JustLucky"],"picked":"Vengeance","floor":6},{"not_picked":["FlyingSleeves","FlurryOfBlows"],"picked":"Wallop","floor":8},{"not_picked":["Consecrate","EmptyBody","EmptyMind"],"picked":"SKIP","floor":10},{"not_picked":["Nirvana","FearNoEvil","Crescendo"],"picked":"SKIP","floor":12},{"not_picked":["PathToVictory","CrushJoints"],"picked":"SashWhip","floor":14},{"not_picked":["ConjureBlade","Omniscience"],"picked":"Scrawl","floor":16},{"not_picked":["FlurryOfBlows","Evaluate"],"picked":"Consecrate+1","floor":18},{"not_picked":["FlurryOfBlows","Crescendo"],"picked":"ReachHeaven","floor":20},{"not_picked":["ThirdEye+1","Pray","SashWhip"],"picked":"SKIP","floor":22},{"not_picked":["BowlingBash","Evaluate"],"picked":"Crescendo","floor":23},{"not_picked":["EmptyBody","MasterReality"],"picked":"WheelKick+1","floor":24},{"not_picked":["FollowUp","Halt"],"picked":"Protect","floor":25},{"not_picked":["Omniscience","MasterReality"],"picked":"Ragnarok","floor":33},{"not_picked":["Pray+1","SashWhip"],"picked":"SandsOfTime+1","floor":35},{"not_picked":["Impatience","Good Instincts"],"picked":"Dark Shackles","floor":38},{"not_picked":["Forethought","Secret Weapon"],"picked":"Bandage Up","floor":38},{"not_picked":["CrushJoints+1","Halt","EmptyMind+1"],"picked":"SKIP","floor":42},{"not_picked":["FollowUp+1","SashWhip"],"picked":"DevaForm","floor":45},{"not_picked":["EmptyBody","ThirdEye","Evaluate"],"picked":"SKIP","floor":48}],"player_experience":333889,"relics_obtained":[{"floor":6,"key":"Matryoshka"},{"floor":8,"key":"Art of War"},{"floor":9,"key":"Vajra"},{"floor":9,"key":"Regal Pillow"},{"floor":14,"key":"Mercury Hourglass"},{"floor":24,"key":"Turnip"},{"floor":26,"key":"Meat on the Bone"},{"floor":26,"key":"Smiling Mask"},{"floor":39,"key":"StoneCalendar"},{"floor":44,"key":"Bird Faced Urn"},{"floor":45,"key":"White Beast Statue"},{"floor":46,"key":"Shuriken"}],"event_choices":[{"damage_healed":0,"gold_gain":0,"player_choice":"Entered Light","damage_taken":14,"max_hp_gain":0,"max_hp_loss":0,"event_name":"Shining Light","floor":2,"gold_loss":0,"cards_upgraded":["Defend_P","Vigilance"]},{"cards_removed":["Strike_P"],"damage_healed":0,"gold_gain":0,"player_choice":"Card Removal","damage_taken":7,"max_hp_gain":0,"max_hp_loss":0,"event_name":"Golden Wing","floor":4,"gold_loss":0},{"damage_healed":0,"gold_gain":0,"player_choice":"Rummage","damage_taken":0,"relics_obtained":["WarpedTongs"],"max_hp_gain":0,"max_hp_loss":0,"event_name":"Accursed Blacksmith","floor":7,"gold_loss":0,"cards_obtained":["Pain"]},{"damage_healed":18,"gold_gain":0,"player_choice":"Healed","damage_taken":0,"max_hp_gain":0,"max_hp_loss":0,"event_name":"The Cleric","floor":13,"gold_loss":35},{"cards_removed":["Strike_P"],"damage_healed":0,"gold_gain":0,"player_choice":"Upgrade and Remove","damage_taken":0,"max_hp_gain":0,"max_hp_loss":0,"event_name":"Designer","floor":19,"gold_loss":90,"cards_upgraded":["Protect"]},{"damage_healed":0,"gold_gain":0,"player_choice":"Opened","damage_taken":0,"relics_obtained":["PreservedInsect"],"max_hp_gain":0,"max_hp_loss":0,"event_name":"The Mausoleum","floor":28,"gold_loss":0,"cards_obtained":["Writhe"]},{"damage_healed":0,"gold_gain":0,"player_choice":"Ignored","damage_taken":0,"max_hp_gain":0,"max_hp_loss":0,"event_name":"Ghosts","floor":31,"gold_loss":0},{"cards_removed":["Strike_P"],"damage_healed":0,"gold_gain":0,"player_choice":"Removed Attack","damage_taken":0,"max_hp_gain":0,"max_hp_loss":0,"event_name":"Falling","floor":37,"gold_loss":0},{"damage_healed":0,"gold_gain":0,"player_choice":"Memory 2","damage_taken":5,"max_hp_gain":0,"max_hp_loss":0,"event_name":"SensoryStone","floor":38,"gold_loss":0},{"damage_healed":0,"gold_gain":0,"player_choice":"Fight","damage_taken":0,"max_hp_gain":0,"max_hp_loss":0,"event_name":"Mysterious Sphere","floor":39,"gold_loss":0},{"damage_healed":0,"gold_gain":0,"player_choice":"Paid","damage_taken":0,"relics_obtained":["Red Mask"],"max_hp_gain":0,"max_hp_loss":0,"event_name":"Tomb of Lord Red Mask","floor":41,"gold_loss":87},{"damage_healed":0,"gold_gain":0,"player_choice":"Fight","damage_taken":0,"max_hp_gain":0,"max_hp_loss":0,"event_name":"MindBloom","floor":44,"gold_loss":0}],"is_beta":false,"boss_relics":[{"not_picked":["Pandora\u0027s Box","Calling Bell"],"picked":"Velvet Choker"},{"not_picked":["Astrolabe","Runic Dome"],"picked":"Tiny House"}],"items_purged_floors":[5,11,27,30,36],"is_endless":false,"potions_floor_spawned":[1,10,16,18,22,23,24,35,39,42,48],"killed_by":"Time Eater","ascension_level":0}}