{"host":"zw3x6hwkln2702ol","time":1613885285,"event":{"mods":["AchievementEnabler","BaseMod","Card Forge","Colored Map","Default Mod","Minty Spire (QoL Compilation)","StSLib","TestMod"],"gold_per_floor":[152,152,152,152,197,355,429,493,520,645,23,114,305,378,378,718,718,844,493,613,767,817,817,985,265,317,527,639,639,843,76,76,496,496,619,1019,1132,2202,969,969,1311,224,224,547,559,821,21,321,321,824,3572,3572,3572,2506,2871,3730],"floor_reached":57,"language":"ZHS","playtime":3248,"items_purged":["Strike_G","Defend_G","Strike_G","Defend_G","Strike_G","Defend_G","Strike_G","Defend_G"],"score":3790,"play_id":"7ca8adf4-e302-4182-b1e5-1e68b8692f69","local_time":"20210221132805","is_ascension_mode":true,"campfire_choices":[{"floor":15,"key":"RECALL"},{"data":"Cloak And Dagger","floor":23,"key":"SMITH"},{"data":"Calculated Gamble","floor":29,"key":"SMITH"},{"data":"Phantasmal Killer","floor":32,"key":"SMITH"},{"data":"Choke","floor":40,"key":"SMITH"},{"data":"White Noise","floor":49,"key":"SMITH"},{"data":"Prepared","floor":53,"key":"SMITH"}],"circlet_count":0,"master_deck":["AscendersBane","Strike_G+1","Defend_G","Survivor","Neutralize+1","Phantasmal Killer+1","Cloak And Dagger+1","Prepared+1","Backflip","Acrobatics","Crippling Poison","Doppelganger","Choke+1","Infinite Blades","Escape Plan","Setup","Underhanded Strike","Calculated Gamble+1","Malaise","testmod-Collector","testmod-Librarian","Apotheosis","testmod-Reflect","Panacea","Accuracy+1","White Noise+1","testmod-SunMoon","The Bomb","Predator","zzy:StrongDefendSkill"],"relics":["Ring of the Snake","Hammer of Thor","Seething Fire","Anvil of the Gods","zzy:PlaceholderRelic","testmod-DeterminationOfClimber","Boot","testmod-LifeArmor","Orichalcum","Ninja Scroll","InkBottle","Gremlin Horn","HoveringKite","Art of War","Blue Candle","WingedGreaves","Anchor","testmod-CrystalShield","Letter Opener","Kunai","Toolbox","Omamori","Calling Bell","Vajra","Singing Bowl","Du-Vu Doll","testmod-TheFather","PrismaticShard","Frozen Egg 2","Chemical X","Whetstone","Pantograph","MawBank","testmod-RealStoneCalender","Snake Skull","Bronze Scales","TheAbacus","Ancient Tea Set","Pocketwatch","Mercury Hourglass","StrikeDummy","ClockworkSouvenir","testmod-RainbowHikingShoes"],"acts_visited":["Exordium","TheCity","TheBeyond","TheEnding"],"potions_floor_usage":[13,50],"damage_taken":[{"damage":0.0,"enemies":"Jaw Worm","floor":1.0,"turns":2.0},{"damage":0.0,"enemies":"2 Louse","floor":5.0,"turns":2.0},{"damage":0.0,"enemies":"3 Sentries","floor":6.0,"turns":4.0},{"damage":0,"enemies":"Cultist","floor":7,"turns":2},{"damage":0,"enemies":"Red Slaver","floor":8,"turns":3},{"damage":0,"enemies":"Gremlin Nob","floor":10,"turns":3},{"damage":0,"enemies":"Exordium Wildlife","floor":12,"turns":2},{"damage":0,"enemies":"3 Sentries","floor":13,"turns":2},{"damage":0,"enemies":"Blue Slaver","floor":14,"turns":1},{"damage":0,"enemies":"The Guardian","floor":16,"turns":5},{"damage":0,"enemies":"2 Thieves","floor":18,"turns":1},{"damage":0,"enemies":"Chosen","floor":20,"turns":1},{"damage":0,"enemies":"Snecko","floor":21,"turns":1},{"damage":0,"enemies":"Centurion and Healer","floor":24,"turns":1},{"damage":0,"enemies":"Gremlin Leader","floor":27,"turns":1},{"damage":0,"enemies":"Snake Plant","floor":28,"turns":2},{"damage":0,"enemies":"Slavers","floor":30,"turns":1},{"damage":0,"enemies":"Automaton","floor":33,"turns":1},{"damage":0,"enemies":"3 Shapes","floor":35,"turns":1},{"damage":1,"enemies":"Orb Walker","floor":37,"turns":1},{"damage":0,"enemies":"Transient","floor":38,"turns":2},{"damage":0,"enemies":"Maw","floor":41,"turns":1},{"damage":0,"enemies":"Reptomancer","floor":44,"turns":1},{"damage":0,"enemies":"Nemesis","floor":46,"turns":1},{"damage":0,"enemies":"Mind Bloom Boss Battle","floor":48,"turns":1},{"damage":0,"enemies":"Time Eater","floor":50,"turns":3},{"damage":0,"enemies":"Awakened One","floor":51,"turns":2},{"damage":0,"enemies":"Shield and Spear","floor":55,"turns":1},{"damage":1,"enemies":"The Heart","floor":56,"turns":3}],"seed_played":"1622466471962105321","potions_obtained":[{"floor":1.0,"key":"Strength Potion"},{"floor":6.0,"key":"Explosive Potion"},{"floor":13,"key":"SkillPotion"}],"is_trial":false,"path_per_floor":["M","?","?","?","M","E","M","M","T","E","$","M","E","M","R","B",null,"M","$","M","M","?","R","M","$","T","E","M","R","E","$","R","B",null,"M","?","M","M","$","R","M","$","T","E","?","E","$","?","R","B","B",null,"R","$","E","B",null],"character_chosen":"THE_SILENT","items_purchased":["Ninja Scroll","InkBottle","Infinite Blades","Art of War","Blue Candle","WingedGreaves","Kunai","Toolbox","Omamori","testmod-TheFather","PrismaticShard","testmod-Collector","Accuracy","Frozen Egg 2","testmod-Librarian","Chemical X","testmod-Reflect","Panacea","Whetstone","Pantograph","Bronze Scales","TheAbacus","Ancient Tea Set","Accuracy+1","Mercury Hourglass","StrikeDummy","ClockworkSouvenir","Predator"],"campfire_rested":0,"item_purchase_floors":[11,11,19,19,25,25,31,31,31,39,39,39,39,39,39,42,42,42,42,42,47,47,47,47,54,54,54,54],"current_hp_per_floor":[60,56,56,56,57,59,61,63,63,68,68,68,68,68,68,68,68,68,68,68,68,68,68,68,68,68,68,68,68,68,68,68,68,68,70,70,73,75,75,75,75,75,75,77,77,79,79,79,79,79,79,79,79,79,79,80],"gold":3730,"neow_bonus":"ONE_RANDOM_RARE_CARD","is_daily":false,"chose_seed":false,"campfire_upgraded":6,"win_rate":0.0,"timestamp":1613885285,"path_taken":["M","?","?","?","M","E","?","M","T","E","$","M","E","M","R","BOSS","M","$","M","M","?","R","M","$","T","E","M","R","E","$","R","BOSS","M","?","M","M","$","R","M","$","T","E","?","E","$","?","R","BOSS","BOSS","R","$","E","BOSS"],"items_purchased_type":["Relic","Relic","Card","Relic","Relic","Relic","Relic","Relic","Relic","Relic","Relic","Card","Card","Relic","Card","Relic","Card","Card","Relic","Relic","Relic","Relic","Relic","Card","Relic","Relic","Relic","Card"],"build_version":"2020-12-22","purchased_purges":8,"victory":true,"max_hp_per_floor":[66,68,68,68,68,68,68,68,68,68,68,68,68,68,68,68,68,68,68,68,68,68,68,68,68,68,68,68,68,68,68,68,68,68,70,70,73,75,75,75,75,75,75,77,77,79,79,79,79,79,79,79,79,79,79,80],"card_choices":[{"not_picked":["Flechettes","Expertise","Bouncing Flask"],"picked":"SKIP","floor":1.0},{"not_picked":["Deflect","Dodge and Roll"],"picked":"Cloak And Dagger","floor":5.0},{"not_picked":["All Out Attack","Dagger Throw","Dagger Spray"],"picked":"SKIP","floor":6.0},{"not_picked":["Masterful Stab","Infinite Blades"],"picked":"Prepared","floor":7},{"not_picked":["Poisoned Stab","Cloak And Dagger"],"picked":"Backflip","floor":8},{"not_picked":["Dagger Spray","Finisher","Deadly Poison"],"picked":"SKIP","floor":10},{"not_picked":["Phantasmal Killer","Acrobatics","Backflip"],"picked":"SKIP","floor":12},{"not_picked":["Phantasmal Killer","Backflip"],"picked":"Acrobatics","floor":12},{"not_picked":["Quick Slash","Backflip"],"picked":"Crippling Poison","floor":13},{"not_picked":["All Out Attack","Caltrops","Dodge and Roll"],"picked":"SKIP","floor":14},{"not_picked":["Unload","Venomology"],"picked":"Doppelganger","floor":16},{"not_picked":["Well Laid Plans","Blur"],"picked":"Choke","floor":18},{"not_picked":["Bane","Outmaneuver"],"picked":"Escape Plan","floor":20},{"not_picked":["PiercingWail","Dodge and Roll","Deadly Poison+1"],"picked":"SKIP","floor":21},{"not_picked":["Reflex","Slice"],"picked":"Setup","floor":24},{"not_picked":["Glass Knife","Outmaneuver"],"picked":"Underhanded Strike","floor":27},{"not_picked":["Dagger Spray","Prepared"],"picked":"Calculated Gamble","floor":28},{"not_picked":["Reflex","Deflect","Expertise"],"picked":"SKIP","floor":30},{"not_picked":["Phantasmal Killer","Grand Finale"],"picked":"Malaise","floor":33},{"not_picked":["Skewer","Bane","Backstab"],"picked":"Singing Bowl","floor":35},{"not_picked":["Cloak And Dagger","Heel Hook","Calculated Gamble"],"picked":"Singing Bowl","floor":37},{"not_picked":["Poisoned Stab","Accuracy","All Out Attack"],"picked":"Singing Bowl","floor":38},{"not_picked":["zzy:DefaultUncommonAttack","Backflip"],"picked":"Apotheosis","floor":41},{"not_picked":["Rampage","Quick Slash","WindmillStrike"],"picked":"Singing Bowl","floor":44},{"not_picked":["testmod-Mystery","Dagger Spray","Flex+1"],"picked":"Singing Bowl","floor":46},{"not_picked":["Sucker Punch+1","Rip and Tear"],"picked":"White Noise","floor":48},{"not_picked":["Slice","Consecrate+1"],"picked":"zzy:StrongDefendSkill","floor":55}],"player_experience":383513,"relics_obtained":[{"floor":6.0,"key":"testmod-LifeArmor"},{"floor":10,"key":"Orichalcum"},{"floor":13,"key":"Gremlin Horn"},{"floor":26,"key":"Anchor"},{"floor":27,"key":"testmod-CrystalShield"},{"floor":30,"key":"Letter Opener"},{"floor":34,"key":"Vajra"},{"floor":34,"key":"Singing Bowl"},{"floor":34,"key":"Du-Vu Doll"},{"floor":43,"key":"MawBank"},{"floor":44,"key":"testmod-RealStoneCalender"},{"floor":46,"key":"Snake Skull"},{"floor":48,"key":"Pocketwatch"},{"floor":55,"key":"testmod-RainbowHikingShoes"}],"event_choices":[{"damage_healed":0.0,"max_hp_gain":0.0,"max_hp_loss":0.0,"gold_gain":0.0,"event_name":"Scrap Ooze","player_choice":"Success","floor":2.0,"gold_loss":0.0,"damage_taken":11.0,"relics_obtained":["Boot"]},{"damage_healed":0.0,"max_hp_gain":0.0,"max_hp_loss":0.0,"gold_gain":0.0,"event_name":"Liars Game","player_choice":"Ignored","floor":3.0,"gold_loss":0.0,"damage_taken":0.0},{"damage_healed":0.0,"max_hp_gain":0.0,"max_hp_loss":0.0,"gold_gain":0.0,"event_name":"Wheel of Change","player_choice":"Cursed","floor":4.0,"gold_loss":0.0,"damage_taken":0.0,"cards_obtained":["Decay"]},{"damage_healed":0,"gold_gain":50,"player_choice":"Stole From Cult","damage_taken":0,"max_hp_gain":0,"max_hp_loss":0,"event_name":"Nest","floor":22,"gold_loss":0},{"damage_healed":0,"gold_gain":400,"player_choice":"Sell","damage_taken":0,"max_hp_gain":0,"max_hp_loss":0,"event_name":"¶÷ÂåË¹µÄÅÌ×Ó","floor":36,"relics_lost":["testmod-TestBox"],"gold_loss":0},{"cards_removed":["Accuracy"],"damage_healed":0,"gold_gain":0,"player_choice":"Removed Power","damage_taken":0,"max_hp_gain":0,"max_hp_loss":0,"event_name":"Falling","floor":45,"gold_loss":0},{"damage_healed":0,"gold_gain":0,"player_choice":"Fight","damage_taken":0,"max_hp_gain":0,"max_hp_loss":0,"event_name":"MindBloom","floor":48,"gold_loss":0}],"is_beta":false,"boss_relics":[{"not_picked":["testmod-BatchProcessingSystem","Runic Pyramid"],"picked":"HoveringKite"},{"not_picked":["testmod-StringDisintegrator","testmod-Prudence"],"picked":"Calling Bell"}],"items_purged_floors":[11,19,25,31,39,42,47,54],"is_endless":false,"potions_floor_spawned":[1,6,12,13,16,24,27,33,37,38,41,44,48],"ascension_level":20}}