{"host":"v86vpwf004p2esb7","time":1613900303,"event":{"mods":["AchievementEnabler","BaseMod","BetterRewards","Colored Powertips","Minty Spire (QoL Compilation)","Quick Restart","StSLib","Transform Curses"],"gold_per_floor":[119,84,101,116,135,161,161,161,161,161,181,215,226,244,244,339,339,349,264,14,14,30,55,0,0,46,60,90,90,47,64,64,166,166,180,180,180,180,198,198,209,229,229,256,256,268,268,282,282,282,282,282,24,52,52],"floor_reached":56,"language":"ENG","playtime":2147,"items_purged":[],"score":1327,"play_id":"65cd3442-cd1a-40c7-b9f9-7e0888123946","local_time":"20210221013823","is_ascension_mode":false,"campfire_choices":[{"floor":7.0,"key":"DIG"},{"floor":15.0,"key":"REST"},{"data":"Storm","floor":25.0,"key":"SMITH"},{"floor":32.0,"key":"REST"},{"floor":40.0,"key":"RECALL"},{"floor":45.0,"key":"DIG"},{"floor":47.0,"key":"REST"},{"floor":49.0,"key":"REST"},{"floor":52.0,"key":"DIG"}],"circlet_count":0,"master_deck":["Strike_B+1","Strike_B+1","Strike_B+1","Strike_B+1","Defend_B+1","Defend_B+1","Defend_B+1","Defend_B+1","Zap+1","Dualcast","Glacier","Capacitor","Defragment","Scrape","Beam Cell","Storm+1","Cold Snap","Beam Cell","Storm+1","Beam Cell","Go for the Eyes","Conserve Battery","Go for the Eyes","Gash","Gash","Streamline","Go for the Eyes","White Noise+1","Rainbow+1","Glacier+1","Defragment","Bandage Up+1","Tempest+1","Self Repair","Buffer","Decay","Cold Snap","Scrape","Reboot+1","CurseOfTheBell","Glacier+1","Madness+1","Madness+1","Redo+1","Go for the Eyes+1","FTL+1","Echo Form","Storm+1","Redo+1","Aggregate+1"],"relics":["Cracked Core","DataDisk","Shovel","The Courier","Toxic Egg 2","Odd Mushroom","War Paint","Runic Pyramid","Kunai","Happy Flower","Ancient Tea Set","MealTicket","Pen Nib","Calling Bell","Omamori","Cables","Ginger","Mercury Hourglass","Bronze Scales","CaptainsWheel","Eternal Feather","Bottled Tornado","Lizard Tail"],"acts_visited":["Exordium","TheCity","TheBeyond","TheEnding"],"potions_floor_usage":[55],"damage_taken":[{"damage":0.0,"enemies":"Jaw Worm","floor":1.0,"turns":3.0},{"damage":8.0,"enemies":"2 Louse","floor":3.0,"turns":2.0},{"damage":3.0,"enemies":"Small Slimes","floor":4.0,"turns":2.0},{"damage":0.0,"enemies":"Looter","floor":5.0,"turns":3.0},{"damage":10.0,"enemies":"3 Sentries","floor":6.0,"turns":7.0},{"damage":5.0,"enemies":"The Mushroom Lair","floor":11.0,"turns":5.0},{"damage":13.0,"enemies":"Lagavulin","floor":12.0,"turns":5.0},{"damage":0.0,"enemies":"2 Fungi Beasts","floor":13.0,"turns":3.0},{"damage":9.0,"enemies":"Large Slime","floor":14.0,"turns":5.0},{"damage":0.0,"enemies":"Slime Boss","floor":16.0,"turns":5.0},{"damage":6.0,"enemies":"Chosen","floor":18.0,"turns":3.0},{"damage":10.0,"enemies":"Spheric Guardian","floor":22.0,"turns":3.0},{"damage":22.0,"enemies":"Gremlin Leader","floor":23.0,"turns":5.0},{"damage":4.0,"enemies":"Centurion and Healer","floor":27.0,"turns":5.0},{"damage":39.0,"enemies":"Slavers","floor":28.0,"turns":4.0},{"damage":24.0,"enemies":"Snake Plant","floor":31.0,"turns":3.0},{"damage":10.0,"enemies":"Champ","floor":33.0,"turns":7.0},{"damage":17.0,"enemies":"3 Shapes","floor":35.0,"turns":3.0},{"damage":11.0,"enemies":"Orb Walker","floor":39.0,"turns":3.0},{"damage":9.0,"enemies":"4 Shapes","floor":41.0,"turns":3.0},{"damage":26.0,"enemies":"Sphere and 2 Shapes","floor":42.0,"turns":8.0},{"damage":24.0,"enemies":"Nemesis","floor":44.0,"turns":7.0},{"damage":30.0,"enemies":"Jaw Worm Horde","floor":46.0,"turns":3.0},{"damage":18.0,"enemies":"3 Darklings","floor":48.0,"turns":3.0},{"damage":28.0,"enemies":"Time Eater","floor":50.0,"turns":10.0},{"damage":31.0,"enemies":"Shield and Spear","floor":54.0,"turns":5.0},{"damage":103,"enemies":"The Heart","floor":55,"turns":8}],"seed_played":"-5538940787015025370","potions_obtained":[{"floor":3.0,"key":"Swift Potion"},{"floor":4.0,"key":"Ancient Potion"},{"floor":6.0,"key":"FearPotion"},{"floor":22.0,"key":"CultistPotion"},{"floor":31.0,"key":"FairyPotion"},{"floor":44.0,"key":"LiquidBronze"},{"floor":46.0,"key":"Explosive Potion"},{"floor":48.0,"key":"BlessingOfTheForge"}],"is_trial":false,"path_per_floor":["M","?","M","M","M","E","R","?","T","T","?","E","M","M","R","B",null,"M","?","$","?","M","E","?","R","T","M","E","?","$","M","R","B",null,"M","?","?","?","M","R","M","M","T","E","R","M","R","M","R","B",null,"R","$","E","B",null],"character_chosen":"DEFECT","items_purchased":["Glacier","Capacitor","DataDisk","Defragment","Scrape","Beam Cell","Storm","Cold Snap","Beam Cell","Happy Flower","Defragment","Bandage Up+1","Cold Snap","Bottled Tornado","DuplicationPotion"],"campfire_rested":4,"item_purchase_floors":[0,0,0,0,0,0,0,0,0,20,20,20,30,53,53],"current_hp_per_floor":[40,58,50,47,47,37,37,37,37,37,32,19,19,10,32,32,75,69,69,69,69,65,43,43,43,43,45,12,12,27,9,31,34,75,58,58,49,49,45,45,36,16,16,35,35,12,34,16,38,17,75,75,75,54,17],"gold":52,"neow_bonus":"","is_daily":false,"chose_seed":false,"campfire_upgraded":1,"win_rate":0.0,"timestamp":1613900303,"path_taken":["M","?","M","M","M","E","R","?","T","?","?","E","M","M","R","BOSS","M","?","$","?","M","E","?","R","T","M","E","?","$","M","R","BOSS","M","?","?","?","?","R","M","M","T","E","R","M","R","M","R","BOSS","R","$","E","BOSS"],"items_purchased_type":["Card","Card","Relic","Card","Card","Card","Card","Card","Card","Relic","Card","Card","Card","Relic","Potion"],"build_version":"2020-12-22","purchased_purges":0,"victory":true,"max_hp_per_floor":[75,75,75,75,75,75,75,75,75,75,75,75,75,75,75,75,75,75,75,75,75,75,75,75,75,75,75,75,75,75,75,75,75,75,75,75,75,75,75,75,75,75,75,75,75,75,75,75,75,75,75,75,75,75,75],"card_choices":[{"not_picked":["Doom and Gloom","Hologram"],"picked":"Beam Cell","floor":1.0},{"not_picked":["Stack","White Noise"],"picked":"Go for the Eyes","floor":3.0},{"not_picked":["Sweeping Beam","Skim"],"picked":"Conserve Battery","floor":4.0},{"not_picked":["Leap","Rebound"],"picked":"Go for the Eyes","floor":5.0},{"not_picked":["Leap","Fission"],"picked":"Gash","floor":6.0},{"not_picked":["Conserve Battery+1","Loop"],"picked":"Gash","floor":11.0},{"not_picked":["Compile Driver","Sunder"],"picked":"Streamline","floor":12.0},{"not_picked":["Conserve Battery+1","Fusion+1"],"picked":"Go for the Eyes","floor":13.0},{"not_picked":["Redo+1","Coolheaded+1"],"picked":"White Noise+1","floor":14.0},{"not_picked":["Core Surge","Biased Cognition"],"picked":"Rainbow+1","floor":16.0},{"not_picked":["Beam Cell","Reprogram+1"],"picked":"Glacier+1","floor":18.0},{"not_picked":["FTL","Doom and Gloom"],"picked":"Cold Snap","floor":22.0},{"not_picked":["Hologram+1","Go for the Eyes+1"],"picked":"Tempest+1","floor":23.0},{"not_picked":["Static Discharge","Auto Shields+1"],"picked":"Self Repair","floor":27.0},{"not_picked":["Coolheaded+1","Undo+1"],"picked":"Buffer","floor":28.0},{"not_picked":["Hologram+1","Steam+1"],"picked":"Scrape","floor":31.0},{"not_picked":["Seek+1","Hyperbeam"],"picked":"Reboot+1","floor":33.0},{"not_picked":["Hologram+1","Streamline+1"],"picked":"Glacier+1","floor":35.0},{"not_picked":["Barrage+1","Beam Cell"],"picked":"Redo+1","floor":39.0},{"not_picked":["Conserve Battery+1","Hello World"],"picked":"Go for the Eyes+1","floor":41.0},{"not_picked":["Hologram+1","Steam+1"],"picked":"FTL+1","floor":42.0},{"not_picked":["White Noise+1","Sweeping Beam"],"picked":"Echo Form","floor":44.0},{"not_picked":["Go for the Eyes","Blizzard"],"picked":"Storm+1","floor":46.0},{"not_picked":["Compile Driver+1","Hologram+1"],"picked":"Redo+1","floor":48.0},{"not_picked":["Rainbow+1","Leap+1"],"picked":"Aggregate+1","floor":54.0}],"player_experience":186934,"relics_obtained":[{"floor":6.0,"key":"Shovel"},{"floor":7.0,"key":"The Courier"},{"floor":9.0,"key":"Toxic Egg 2"},{"floor":11.0,"key":"Odd Mushroom"},{"floor":12.0,"key":"War Paint"},{"floor":23.0,"key":"Ancient Tea Set"},{"floor":26.0,"key":"MealTicket"},{"floor":28.0,"key":"Pen Nib"},{"floor":34.0,"key":"Omamori"},{"floor":34.0,"key":"Cables"},{"floor":34.0,"key":"Ginger"},{"floor":43.0,"key":"Mercury Hourglass"},{"floor":44.0,"key":"Bronze Scales"},{"floor":45.0,"key":"CaptainsWheel"},{"floor":52.0,"key":"Eternal Feather"},{"floor":54.0,"key":"Lizard Tail"}],"event_choices":[{"damage_healed":18.0,"max_hp_gain":0.0,"max_hp_loss":0.0,"gold_gain":0.0,"event_name":"The Cleric","player_choice":"Healed","floor":2.0,"gold_loss":35.0,"damage_taken":0.0},{"damage_healed":0.0,"max_hp_gain":0.0,"max_hp_loss":0.0,"gold_gain":0.0,"event_name":"Living Wall","player_choice":"Grow","floor":8.0,"gold_loss":0.0,"damage_taken":0.0,"cards_upgraded":["Storm"]},{"damage_healed":0.0,"max_hp_gain":0.0,"max_hp_loss":0.0,"gold_gain":0.0,"event_name":"Mushrooms","player_choice":"Fought Mushrooms","floor":11.0,"gold_loss":0.0,"damage_taken":0.0},{"damage_healed":0.0,"max_hp_gain":0.0,"max_hp_loss":0.0,"gold_gain":0.0,"event_name":"Addict","player_choice":"Obtained Relic","floor":19.0,"gold_loss":85.0,"damage_taken":0.0,"relics_obtained":["Kunai"]},{"damage_healed":0.0,"max_hp_gain":0.0,"max_hp_loss":0.0,"gold_gain":0.0,"event_name":"Back to Basics","player_choice":"Simplicity","floor":21.0,"gold_loss":0.0,"damage_taken":0.0,"cards_upgraded":["Strike_B","Strike_B","Strike_B","Strike_B","Defend_B","Defend_B","Defend_B"]},{"damage_healed":0.0,"max_hp_gain":0.0,"max_hp_loss":0.0,"gold_gain":0.0,"event_name":"Masked Bandits","player_choice":"Paid Fearfully","floor":24.0,"gold_loss":55.0,"damage_taken":0.0},{"damage_healed":0.0,"max_hp_gain":0.0,"max_hp_loss":0.0,"gold_gain":0.0,"event_name":"Forgotten Altar","player_choice":"Smashed Altar","floor":29.0,"gold_loss":0.0,"damage_taken":0.0,"cards_obtained":["Decay"]},{"cards_removed":["Cold Snap"],"damage_healed":0.0,"max_hp_gain":0.0,"max_hp_loss":0.0,"gold_gain":0.0,"event_name":"Falling","player_choice":"Removed Attack","floor":36.0,"gold_loss":0.0,"damage_taken":0.0},{"damage_healed":0.0,"max_hp_gain":0.0,"max_hp_loss":0.0,"gold_gain":0.0,"event_name":"Winding Halls","player_choice":"Embrace Madness","floor":37.0,"gold_loss":0.0,"damage_taken":9.0,"cards_obtained":["Madness","Madness"]},{"damage_healed":0.0,"max_hp_gain":0.0,"max_hp_loss":0.0,"gold_gain":0.0,"event_name":"NoteForYourself","player_choice":"Ignored","floor":38.0,"gold_loss":0.0,"damage_taken":0.0}],"is_beta":false,"boss_relics":[{"not_picked":["Astrolabe","Ectoplasm"],"picked":"Runic Pyramid"},{"not_picked":["Philosopher\u0027s Stone","Cursed Key"],"picked":"Calling Bell"}],"items_purged_floors":[],"is_endless":false,"potions_floor_spawned":[3,4,6,11,22,31,44,46,48],"ascension_level":0}}