{"host":"4lhs9mfpcz34ad49","time":1613866353,"event":{"mods":["AchievementEnabler","BaseMod","Colored Powertips","Minty Spire (QoL Compilation)","Replay The Spire","StSLib"],"gold_per_floor":[113,113,133,148,148,148,166,201,201,201,221,237,253,253,253,354,354,364,364,377,377,377,402,9,9,35,55,67,15,45,65,65,162,162,172,172,172,172,26,26,58,77,77,93,181,209,220,220,220,220],"floor_reached":51,"language":"ENG","playtime":2167,"items_purged":[],"score":1047,"play_id":"f2bbc770-62a9-42e4-b90b-0b6df7056675","local_time":"20210220221233","is_ascension_mode":false,"campfire_choices":[{"data":"Ball Lightning","floor":6.0,"key":"SMITH"},{"data":"Glacier","floor":10.0,"key":"SMITH"},{"floor":15.0,"key":"REST"},{"data":"Defragment","floor":25.0,"key":"SMITH"},{"floor":32.0,"key":"REST"},{"data":"Defragment","floor":40,"key":"SMITH"}],"circlet_count":0,"master_deck":["Defend_B","Defend_B","Defend_B","Defend_B","Zap","Dualcast","Ball Lightning+1","Glacier+1","Melter","Self Repair","Defragment+1","Core Surge+1","Conserve Battery","Conserve Battery+1","ReplaySolidLightProjector","Ball Lightning","Capacitor+1","Cold Snap+1","Conserve Battery+1","Steam","Cold Snap+1","Defragment+1","Beam Cell+1","Electrodynamics+1","ReplayTheSpireMod:Private Reserves","Loop","Stack+1","Cold Snap+1","Leap+1","Sweeping Beam+1","Glacier+1","Steam+1","Doom and Gloom"],"relics":["Cracked Core","Question Card","Golden Egg","Replay:Ringing Soul","Velvet Choker","Matryoshka","Kunai","Replay:Antivirus Software","Pet Ghost","Mummified Hand","Empty Cage","ReplayTheSpireMod:Ring of Challenge","TheAbacus","Replay:Bottled Flurry","Replay:Bottled Steam","Eternal Feather","CaptainsWheel"],"acts_visited":["Exordium","TheCity","TheBeyond"],"potions_floor_usage":[],"damage_taken":[{"damage":0.0,"enemies":"Small Slimes","floor":1.0,"turns":2.0},{"damage":2.0,"enemies":"2 Louse","floor":3.0,"turns":2.0},{"damage":1.0,"enemies":"Jaw Worm","floor":4.0,"turns":4.0},{"damage":2.0,"enemies":"2 Fungi Beasts","floor":7.0,"turns":3.0},{"damage":23.0,"enemies":"Lagavulin","floor":8.0,"turns":7.0},{"damage":8.0,"enemies":"Lots of Slimes","floor":11.0,"turns":3.0},{"damage":0.0,"enemies":"Blue Slaver","floor":12.0,"turns":3.0},{"damage":5.0,"enemies":"Looter","floor":13.0,"turns":3.0},{"damage":11.0,"enemies":"Fading Forest","floor":16.0,"turns":11.0},{"damage":17.0,"enemies":"3 Byrds","floor":18.0,"turns":4.0},{"damage":0.0,"enemies":"Spheric Guardian","floor":20.0,"turns":1.0},{"damage":45.0,"enemies":"Slavers","floor":23.0,"turns":11.0},{"damage":0.0,"enemies":"Centurion and Healer","floor":27.0,"turns":7.0},{"damage":35.0,"enemies":"3 Cultists","floor":28.0,"turns":6.0},{"damage":5.0,"enemies":"Replay:Snechameleon","floor":30.0,"turns":8.0},{"damage":1.0,"enemies":"Sentry and Sphere","floor":31.0,"turns":3.0},{"damage":19.0,"enemies":"Pondfish","floor":33.0,"turns":15.0},{"damage":20.0,"enemies":"3 Darklings","floor":35.0,"turns":5.0},{"damage":7,"enemies":"Giant Head","floor":41,"turns":14},{"damage":0,"enemies":"3 Shapes","floor":42,"turns":4},{"damage":3,"enemies":"Sphere and 2 Shapes","floor":44,"turns":5},{"damage":0,"enemies":"R_Hoarder","floor":46,"turns":12},{"damage":6,"enemies":"4 Shapes","floor":47,"turns":6},{"damage":30,"enemies":"Donu and Deca","floor":50,"turns":14}],"seed_played":"-5959853993481800076","potions_obtained":[{"floor":4.0,"key":"Fire Potion"},{"floor":8.0,"key":"Fruit Juice"},{"floor":11.0,"key":"DistilledChaos"},{"floor":12.0,"key":"EntropicBrew"},{"floor":28.0,"key":"Weak Potion"},{"floor":33.0,"key":"SkillPotion"}],"is_trial":false,"path_per_floor":["M","?","M","M","?","R","M","E","T","R","M","M","M","T","R","B",null,"M","?","M","?","?","E","$","R","T","M","M","$","E","M","R","B",null,"M","?","?","?","$","R","E","M","T","M","?","E","M","$","R","B",null],"character_chosen":"DEFECT","items_purchased":["Kunai","Capacitor","Cold Snap","Conserve Battery","Cold Snap","TheAbacus"],"campfire_rested":2,"item_purchase_floors":[24,24,24,24,29,39],"current_hp_per_floor":[82,82,80,79,79,79,77,59,59,59,51,51,53,53,79,78,90,83,83,86,89,89,54,57,57,57,67,39,42,47,56,91,82,120,107,107,107,110,110,110,113,123,123,126,129,129,132,132,135,112],"gold":220,"neow_bonus":"TEN_PERCENT_HP_BONUS","is_daily":false,"chose_seed":false,"campfire_upgraded":4,"win_rate":0.0,"timestamp":1613866353,"path_taken":["M","?","M","M","?","R","M","E","T","R","M","M","M","?","R","BOSS","M","?","?","?","?","E","$","R","T","?","M","?","E","M","R","BOSS","M","?","?","?","$","R","E","?","T","M","?","E","M","?","R","BOSS"],"items_purchased_type":["Relic","Card","Card","Card","Card","Relic"],"build_version":"2020-12-22","purchased_purges":0,"victory":true,"max_hp_per_floor":[82,82,82,82,82,82,82,87,87,87,87,87,87,87,87,90,90,93,93,96,99,99,102,105,105,105,108,108,111,114,117,117,120,120,120,120,114,117,117,117,120,123,123,126,129,129,132,132,135,135],"card_choices":[{"not_picked":["Turbo","ReplaySort","Reprogram"],"picked":"SKIP","floor":1.0},{"not_picked":["Compile Driver","Conserve Battery"],"picked":"Ball Lightning","floor":3.0},{"not_picked":["BasicCrystalCard","Sweeping Beam"],"picked":"FTL","floor":4.0},{"not_picked":["ReplaySort","Chaos"],"picked":"Glacier","floor":7.0},{"not_picked":["BasicCrystalCard","ReplaySolidLightProjector"],"picked":"Melter","floor":8.0},{"not_picked":["Scrape","Glacier","Rip and Tear"],"picked":"Gash","floor":11.0},{"not_picked":["Core Surge","Rebound","Hello World"],"picked":"Self Repair","floor":12.0},{"not_picked":["Capacitor","Ball Lightning","Recycle"],"picked":"Defragment","floor":13.0},{"not_picked":["Fission","Thunder Strike","Hyperbeam"],"picked":"Core Surge","floor":16.0},{"not_picked":["ReplayTheSpireMod:System Scan","Lockon+1","Double Energy"],"picked":"Conserve Battery","floor":18.0},{"not_picked":["Stack+1","Streamline","Cold Snap"],"picked":"Conserve Battery+1","floor":20.0},{"not_picked":["Cold Snap+1","Melter+1","Steam"],"picked":"Ball Lightning","floor":23.0},{"not_picked":["Hologram","Turbo","ReplayTheSpireMod:Reroute Power+1"],"picked":"Steam","floor":27.0},{"not_picked":["Static Discharge","Rip and Tear+1","Streamline","Panic Button"],"picked":"SKIP","floor":28.0},{"not_picked":["Reprogram","Force Field","All For One"],"picked":"Defragment","floor":30.0},{"not_picked":["Compile Driver","Leap","FIFO Queue"],"picked":"Beam Cell+1","floor":31.0},{"not_picked":["Hyperbeam","Multi-Cast","ReplayTheSpireMod:Fabricate Wheel"],"picked":"Electrodynamics","floor":33.0},{"not_picked":["Leap","Gash+1","ReplaySort","BasicCrystalCard"],"picked":"SKIP","floor":35.0},{"not_picked":["Swift Strike","Good Instincts","Secret Weapon"],"picked":"ReplayTheSpireMod:Private Reserves","floor":38},{"not_picked":["ReplayGash+1","Conserve Battery","Thunder Strike"],"picked":"Loop","floor":41},{"not_picked":["Turbo+1","Streamline","Blizzard"],"picked":"Stack+1","floor":42},{"not_picked":["Coolheaded+1","Go for the Eyes+1","Lockon+1"],"picked":"Cold Snap+1","floor":44},{"not_picked":["Streamline+1","Conserve Battery","Rebound+1"],"picked":"Leap+1","floor":45},{"not_picked":["Heatsinks","Barrage","ReplaySort+1"],"picked":"Sweeping Beam+1","floor":45},{"not_picked":["Cold Snap","Rebound+1","Storm"],"picked":"Glacier+1","floor":45},{"not_picked":["Genetic Algorithm","FTL+1","ReplaySort","Hologram+1"],"picked":"SKIP","floor":46},{"not_picked":["Storm+1","Go for the Eyes+1","Auto Shields"],"picked":"Steam+1","floor":47}],"player_experience":431329,"relics_obtained":[{"floor":8.0,"key":"Question Card"},{"floor":9.0,"key":"Golden Egg"},{"floor":14.0,"key":"Replay:Ringing Soul"},{"floor":23.0,"key":"Matryoshka"},{"floor":26.0,"key":"Replay:Antivirus Software"},{"floor":26.0,"key":"Pet Ghost"},{"floor":30.0,"key":"Mummified Hand"},{"floor":36,"key":"ReplayTheSpireMod:Ring of Challenge"},{"floor":41,"key":"Replay:Bottled Flurry"},{"floor":43,"key":"Replay:Bottled Steam"},{"floor":43,"key":"Eternal Feather"},{"floor":46,"key":"CaptainsWheel"}],"event_choices":[{"damage_healed":0.0,"max_hp_gain":0.0,"max_hp_loss":0.0,"gold_gain":0.0,"event_name":"Golden Wing","player_choice":"Ignored","floor":2.0,"gold_loss":0.0,"damage_taken":0.0},{"cards_removed":["Strike_B"],"damage_healed":0.0,"max_hp_gain":0.0,"max_hp_loss":0.0,"gold_gain":0.0,"event_name":"Purifier","player_choice":"Purged","floor":19.0,"gold_loss":0.0,"damage_taken":0.0},{"damage_healed":0.0,"max_hp_gain":0.0,"max_hp_loss":0.0,"gold_gain":0.0,"cards_transformed":["Strike_B","Strike_B"],"event_name":"Drug Dealer","player_choice":"Became Test Subject","floor":21.0,"gold_loss":0.0,"damage_taken":0.0,"cards_obtained":["ReplaySolidLightProjector","Coolheaded"]},{"damage_healed":0.0,"max_hp_gain":0.0,"max_hp_loss":0.0,"gold_gain":0.0,"event_name":"The Woman in Blue","player_choice":"Bought 0 Potions","floor":22.0,"gold_loss":0.0,"damage_taken":0.0},{"damage_healed":0,"gold_gain":0,"player_choice":"Max HP","damage_taken":0,"max_hp_gain":0,"max_hp_loss":6,"event_name":"Winding Halls","floor":37,"gold_loss":0},{"damage_healed":0,"gold_gain":0,"player_choice":"Memory 1","damage_taken":0,"max_hp_gain":0,"max_hp_loss":0,"event_name":"SensoryStone","floor":38,"gold_loss":0}],"is_beta":false,"boss_relics":[{"not_picked":["SacredBark","Kintsugi"],"picked":"Velvet Choker"},{"not_picked":["Philosopher\u0027s Stone","Snecko Eye"],"picked":"Empty Cage"}],"items_purged_floors":[],"is_endless":false,"potions_floor_spawned":[4,8,11,12,18,28,30,33,42,44],"ascension_level":0}}