{"host":"ow66nzv2xecjoor3","time":1613937749,"event":{"mods":["BaseMod","Bestiary","Block Reminder","Colored Powertips","Curses Come First","Highlight Path","Keyboard Shortcuts","Minty Spire (QoL Compilation)","Permanent Neow","Relic Stats","StSLib","UnlockEverythingMod"],"gold_per_floor":[114,133,133,158,172,172,215,215,215,233,258,258,278,46,46,142,142,158,58,76,96,112,145,145,145,145,145,184,207,231,244,244,339,339,363,382,382,406,431,471,496,539,839,839,863,887,309,344,344,344,344,344],"floor_reached":51,"language":"ENG","playtime":4094,"items_purged":["Strike_G","Strike_G","Parasite"],"score":1624,"play_id":"28cb3ded-c525-4887-abd9-fae9a7a3337c","local_time":"20210221140229","is_ascension_mode":true,"campfire_choices":[{"data":"Deadly Poison","floor":6.0,"key":"SMITH"},{"data":"Footwork","floor":12.0,"key":"SMITH"},{"data":"Blade Dance","floor":15.0,"key":"SMITH"},{"data":"1","floor":24,"key":"LIFT"},{"floor":27,"key":"REST"},{"floor":32,"key":"REST"},{"floor":44,"key":"REST"},{"floor":49,"key":"RECALL"}],"circlet_count":0,"master_deck":["AscendersBane","Defend_G","Defend_G","Defend_G","Defend_G","Defend_G","Survivor","Neutralize","Deadly Poison+1","Dagger Throw","Blade Dance+1","Dash","Dash","Finisher","Footwork+1","Backflip","Malaise","Bouncing Flask+1","Backstab+1","Flechettes+1","Well Laid Plans+1","Calculated Gamble","Flechettes","Bullet Time","Adrenaline","Backflip","Footwork+1","Flechettes+1","Dodge and Roll+1","Terror","Corpse Explosion","PiercingWail+1","Footwork+1","After Image","Crippling Poison","Noxious Fumes"],"relics":["Sozu","Golden Idol","Pocketwatch","Incense Burner","OrangePellets","Astrolabe","Girya","Enchiridion","Darkstone Periapt","Runic Pyramid","Ginger","Oddly Smooth Stone","Old Coin","Paper Crane","Orrery","Art of War"],"acts_visited":["Exordium","TheCity","TheBeyond"],"potions_floor_usage":[],"damage_taken":[{"damage":8.0,"enemies":"2 Louse","floor":1.0,"turns":4.0},{"damage":1.0,"enemies":"Cultist","floor":2.0,"turns":4.0},{"damage":0.0,"enemies":"Jaw Worm","floor":4.0,"turns":3.0},{"damage":8.0,"enemies":"Large Slime","floor":5.0,"turns":7.0},{"damage":2.0,"enemies":"Lagavulin","floor":7.0,"turns":6.0},{"damage":1.0,"enemies":"Exordium Thugs","floor":10.0,"turns":4.0},{"damage":1.0,"enemies":"2 Fungi Beasts","floor":11.0,"turns":3.0},{"damage":1.0,"enemies":"Looter","floor":13.0,"turns":3.0},{"damage":19,"enemies":"Slime Boss","floor":16,"turns":12},{"damage":0,"enemies":"3 Byrds","floor":18,"turns":6},{"damage":4,"enemies":"2 Thieves","floor":20,"turns":4},{"damage":3,"enemies":"Centurion and Healer","floor":21,"turns":8},{"damage":4,"enemies":"Snake Plant","floor":22,"turns":5},{"damage":11,"enemies":"Book of Stabbing","floor":23,"turns":8},{"damage":6,"enemies":"Gremlin Leader","floor":28,"turns":5},{"damage":0,"enemies":"Sentry and Sphere","floor":29,"turns":5},{"damage":0,"enemies":"Centurion and Healer","floor":30,"turns":7},{"damage":0,"enemies":"Snake Plant","floor":31,"turns":6},{"damage":15,"enemies":"Automaton","floor":33,"turns":9},{"damage":0,"enemies":"3 Darklings","floor":35,"turns":4},{"damage":0,"enemies":"Orb Walker","floor":36,"turns":4},{"damage":0,"enemies":"Sphere and 2 Shapes","floor":38,"turns":9},{"damage":0,"enemies":"Transient","floor":39,"turns":6},{"damage":6,"enemies":"Nemesis","floor":40,"turns":9},{"damage":15,"enemies":"Writhing Mass","floor":41,"turns":7},{"damage":27,"enemies":"Giant Head","floor":42,"turns":9},{"damage":0,"enemies":"Spire Growth","floor":45,"turns":8},{"damage":0,"enemies":"Sphere and 2 Shapes","floor":46,"turns":7},{"damage":0,"enemies":"Nemesis","floor":48,"turns":13},{"damage":10,"enemies":"Donu and Deca","floor":50,"turns":8},{"damage":24,"enemies":"Time Eater","floor":51,"turns":1}],"seed_played":"-6852706362155060377","potions_obtained":[],"is_trial":false,"path_per_floor":["M","M","?","M","M","R","E","?","T","M","M","R","M","$","R","B",null,"M","$","M","M","M","E","R","?","T","R","E","M","M","M","R","B",null,"M","M","?","M","M","E","M","E","T","R","M","M","$","E","R","B","B"],"character_chosen":"THE_SILENT","items_purchased":["OrangePellets","Paper Crane","Orrery"],"campfire_rested":3,"item_purchase_floors":[14,47,47],"current_hp_per_floor":[51,50,50,50,42,42,40,40,40,39,38,38,37,37,37,18,50,50,50,46,43,39,28,28,7,7,25,19,19,19,19,37,22,51,51,51,51,51,51,45,36,9,9,28,28,28,28,28,28,18,0,0],"gold":344,"neow_bonus":"BOSS_RELIC","is_daily":false,"chose_seed":false,"campfire_upgraded":3,"win_rate":0.0,"timestamp":1613937749,"path_taken":["M","M","?","M","M","R","E","?","T","M","?","R","M","$","R","BOSS","M","$","M","M","M","E","R","?","T","R","E","M","M","M","R","BOSS","M","M","?","M","M","E","M","E","T","R","M","M","?","E","R","BOSS","BOSS"],"items_purchased_type":["Relic","Relic","Relic"],"build_version":"2020-12-22","purchased_purges":3,"victory":false,"max_hp_per_floor":[66,66,60,60,60,60,60,60,60,60,60,60,60,60,60,60,60,60,60,60,60,60,60,60,60,60,60,60,60,60,60,60,60,60,60,60,60,60,60,60,66,66,66,66,66,66,63,63,63,63,63,63],"relic_stats":{"Sozu":14,"Darkstone Periapt":6,"OrangePellets":[17],"counters":[31,194],"Golden Idol":196,"Astrolabe":["Bouncing Flask","Backstab","Flechettes"],"Art of War":[3],"Ginger":[6],"obtain_stats":[{"Darkstone Periapt":28,"Girya":23,"Golden Idol":3,"Astrolabe":17,"Enchiridion":25,"Oddly Smooth Stone":42,"Incense Burner":9,"Ginger":40,"Paper Crane":47,"Old Coin":43,"Sozu":0,"OrangePellets":14,"Orrery":47,"Art of War":48,"Ring of the Snake":0,"Pocketwatch":7,"Runic Pyramid":34},{"Darkstone Periapt":15,"Girya":14,"Golden Idol":2,"Astrolabe":9,"Enchiridion":14,"Oddly Smooth Stone":26,"Incense Burner":5,"Ginger":24,"Paper Crane":28,"Old Coin":26,"Sozu":0,"OrangePellets":8,"Orrery":28,"Art of War":29,"Ring of the Snake":0,"Pocketwatch":5,"Runic Pyramid":19},{"Darkstone Periapt":82,"Girya":77,"Golden Idol":8,"Astrolabe":46,"Enchiridion":77,"Oddly Smooth Stone":157,"Incense Burner":24,"Ginger":141,"Paper Crane":172,"Old Coin":157,"Sozu":0,"OrangePellets":34,"Orrery":172,"Art of War":185,"Ring of the Snake":0,"Pocketwatch":24,"Runic Pyramid":109}],"Pocketwatch":[189]},"card_choices":[{"not_picked":["Prepared","Deflect"],"picked":"Deadly Poison","floor":1.0},{"not_picked":["Expertise","Backflip"],"picked":"Dagger Throw","floor":2.0},{"not_picked":["PiercingWail","Bane"],"picked":"Blade Dance","floor":4.0},{"not_picked":["Backflip","All Out Attack"],"picked":"Dash","floor":5.0},{"not_picked":["Escape Plan","Bane"],"picked":"Dash","floor":7.0},{"not_picked":["Outmaneuver","Flying Knee"],"picked":"Finisher","floor":10.0},{"not_picked":["Deadly Poison","Dodge and Roll"],"picked":"Footwork","floor":11.0},{"not_picked":["Poisoned Stab","PiercingWail"],"picked":"Backflip","floor":13.0},{"not_picked":["Venomology","Die Die Die"],"picked":"Malaise","floor":16},{"not_picked":["Dagger Throw","Leg Sweep"],"picked":"Well Laid Plans+1","floor":18},{"not_picked":["Dagger Throw","Flying Knee","Predator"],"picked":"SKIP","floor":20},{"not_picked":["Acrobatics","Tactician","Doppelganger"],"picked":"SKIP","floor":21},{"not_picked":["Riddle With Holes","Outmaneuver"],"picked":"Calculated Gamble","floor":22},{"not_picked":["Deadly Poison","Dagger Spray","Dodge and Roll"],"picked":"SKIP","floor":23},{"not_picked":["Quick Slash","Deadly Poison+1","Sucker Punch+1"],"picked":"SKIP","floor":28},{"not_picked":["Blade Dance","Dagger Throw"],"picked":"Flechettes","floor":29},{"not_picked":["Underhanded Strike","Quick Slash"],"picked":"Bullet Time","floor":30},{"not_picked":["Dagger Throw","Riddle With Holes","Bane"],"picked":"SKIP","floor":31},{"not_picked":["A Thousand Cuts","Venomology"],"picked":"Adrenaline","floor":33},{"not_picked":["Poisoned Stab","Dagger Spray+1"],"picked":"Backflip","floor":35},{"not_picked":["Leg Sweep","Venomology"],"picked":"Footwork+1","floor":36},{"not_picked":["Underhanded Strike","Slice","Dash"],"picked":"SKIP","floor":38},{"not_picked":["Prepared","Deflect"],"picked":"Dodge and Roll+1","floor":39},{"not_picked":["Prepared","Well Laid Plans"],"picked":"Terror","floor":40},{"not_picked":["Bane","Heel Hook","Quick Slash"],"picked":"SKIP","floor":41},{"not_picked":["Caltrops","Reflex","Terror"],"picked":"SKIP","floor":42},{"not_picked":["Blade Dance","Deadly Poison"],"picked":"Corpse Explosion","floor":45},{"not_picked":["Deadly Poison+1","Underhanded Strike","Endless Agony"],"picked":"SKIP","floor":46},{"not_picked":["Cloak And Dagger","Poisoned Stab"],"picked":"PiercingWail+1","floor":47},{"not_picked":["Dodge and Roll","Bane"],"picked":"Footwork+1","floor":47},{"not_picked":["Masterful Stab","Flying Knee"],"picked":"After Image","floor":47},{"not_picked":["Deadly Poison","Poisoned Stab"],"picked":"Crippling Poison","floor":47},{"not_picked":["Reflex","Quick Slash"],"picked":"Noxious Fumes","floor":48}],"player_experience":2926672,"relics_obtained":[{"floor":7.0,"key":"Pocketwatch"},{"floor":9.0,"key":"Incense Burner"},{"floor":23,"key":"Girya"},{"floor":25,"key":"Enchiridion"},{"floor":28,"key":"Darkstone Periapt"},{"floor":40,"key":"Ginger"},{"floor":42,"key":"Oddly Smooth Stone"},{"floor":43,"key":"Old Coin"},{"floor":48,"key":"Art of War"}],"event_choices":[{"damage_healed":0.0,"max_hp_gain":0.0,"max_hp_loss":6.0,"gold_gain":0.0,"event_name":"Golden Idol","player_choice":"Lose Max HP","floor":3.0,"gold_loss":0.0,"damage_taken":0.0,"relics_obtained":["Golden Idol"]},{"damage_healed":0.0,"max_hp_gain":0.0,"max_hp_loss":0.0,"gold_gain":0.0,"event_name":"Lab","player_choice":"Got Potions","floor":8.0,"gold_loss":0.0,"damage_taken":0.0},{"damage_healed":0,"gold_gain":0,"player_choice":"Obtained Book","damage_taken":21,"max_hp_gain":0,"max_hp_loss":0,"event_name":"Cursed Tome","floor":25,"gold_loss":0},{"damage_healed":0,"gold_gain":0,"player_choice":"Copied","damage_taken":0,"max_hp_gain":0,"max_hp_loss":0,"event_name":"Duplicator","floor":37,"gold_loss":0,"cards_obtained":["Flechettes"]}],"is_beta":false,"boss_relics":[{"not_picked":["Fusion Hammer","SacredBark"],"picked":"Astrolabe"},{"not_picked":["Runic Dome","WristBlade"],"picked":"Runic Pyramid"}],"items_purged_floors":[14,19,47],"is_endless":false,"potions_floor_spawned":[2,10,13,16,20,22,30,33,35,40,41,42],"killed_by":"Time Eater","ascension_level":20}}