{"host":"1ftto2vaskemldx8","time":1613932419,"event":{"mods":["BaseMod","Downfall","Minty Spire (QoL Compilation)","Replay The Spire","StSLib","Together in Spire","[功能]功能增强和修复MOD"],"gold_per_floor":[118,27,40,50,26,51,51,84,84,109,2,16,26,26,26,324,424,435,369,388,307,343,343,412,424,512,573,624,836,848,910,922,1251,1263,1292,1330,1342,1415,1487,1499,1418,1418,1418,1291,1326,1355,1355,1355,1355,1355],"floor_reached":51,"language":"ZHS","playtime":3351,"items_purged":["Strike_B","Defend_B","Strike_B","Defend_B","Strike_B","Defend_B","Defend_B","Strike_B","Zap","Redo"],"score":1122,"play_id":"39c54afb-35d5-4b1b-a8be-63888e7de3a6","local_time":"20210222023339","is_ascension_mode":true,"campfire_choices":[{"floor":7,"key":"RECALL"},{"data":"Coolheaded","floor":23,"key":"SMITH"},{"data":"Fission","floor":25,"key":"SMITH"},{"data":"Echo Form","floor":30,"key":"SMITH"},{"data":"Fusion","floor":32,"key":"SMITH"},{"data":"Coolheaded","floor":42,"key":"SMITH"},{"data":"Turbo","floor":47,"key":"SMITH"},{"floor":49,"key":"DIG"}],"circlet_count":0,"master_deck":["Dualcast","Conserve Battery","Ball Lightning","Coolheaded+1","Coolheaded+1","All For One","Conserve Battery","Sweeping Beam","Hologram","FIFO Queue","BootSequence","Turbo+1","Echo Form+1","Fission+1","HandOfGreed","Redo+1","Defragment+1","ReplayRNGCard","Fusion+1","Defragment+1","Multi-Cast","Meteor Strike","Fission+1","Conserve Battery+1","Static Discharge+1","Reinforced Body+1","Barrage","Jack Of All Trades+1","Loop+1","Turbo+1"],"relics":["Coffee Dripper","Counterbalance","MealTicket","Boot","TungstenRod","Quantum Egg","ClockworkSouvenir","Letter Opener","Replay:Wanted Poster","Prayer Wheel","Bag of Marbles","Pen Nib","Singing Bowl","MawBank","Mercury Hourglass","Anchor","Happy Flower","Darkstone Periapt","Replay:Grab Bag","Philosopher\u0027s Stone","Busted Crown","Nuclear Battery","Toy Ornithopter","ReplayTheSpireMod:Ring of Challenge","ReplayTheSpireMod:TigerMarble","Geode","Toxic Egg 2","FossilizedHelix","BargainBundle","Oddly Smooth Stone","Ancient Tea Set","PreservedInsect"],"acts_visited":["Exordium","TheCity","TheBeyond"],"potions_floor_usage":[6,6,6,10,10,10,16,16,18,24,24,27,31,33,33,34,35,40,40,45,50,50],"damage_taken":[{"damage":0,"enemies":"Cultist","floor":1,"turns":4},{"damage":1,"enemies":"2 Louse","floor":3,"turns":2},{"damage":2,"enemies":"Jaw Worm","floor":4,"turns":3},{"damage":16,"enemies":"3 Sentries","floor":6,"turns":6},{"damage":10,"enemies":"Gremlin Nob","floor":8,"turns":4},{"damage":0,"enemies":"3 Sentries","floor":10,"turns":7},{"damage":2,"enemies":"Exordium Wildlife","floor":12,"turns":5},{"damage":0,"enemies":"Large Slime","floor":13,"turns":5},{"damage":21,"enemies":"Slime Boss","floor":16,"turns":10},{"damage":12,"enemies":"3 Byrds","floor":18,"turns":4},{"damage":16,"enemies":"Shell Parasite","floor":20,"turns":6},{"damage":0,"enemies":"Chosen and Byrds","floor":22,"turns":4},{"damage":17,"enemies":"Slavers","floor":24,"turns":5},{"damage":0,"enemies":"Gremlin Leader","floor":27,"turns":4},{"damage":0,"enemies":"Snecko","floor":28,"turns":3},{"damage":16,"enemies":"Slavers","floor":31,"turns":4},{"damage":0,"enemies":"Automaton","floor":33,"turns":6},{"damage":14,"enemies":"Orb Walker","floor":35,"turns":3},{"damage":33,"enemies":"3 Darklings","floor":38,"turns":5},{"damage":42,"enemies":"Maw","floor":39,"turns":6},{"damage":3,"enemies":"Reptomancer","floor":40,"turns":2},{"damage":0,"enemies":"Jaw Worm Horde","floor":45,"turns":2},{"damage":33,"enemies":"Nemesis","floor":46,"turns":5},{"damage":17,"enemies":"Awakened One","floor":50,"turns":8}],"seed_played":"-1281013468763918598","potions_obtained":[{"floor":3,"key":"Doom Potion"},{"floor":3,"key":"SkillPotion"},{"floor":4,"key":"Adrenaline Potion"},{"floor":4,"key":"Strength Potion"},{"floor":8,"key":"champ:CounterPotion"},{"floor":8,"key":"LiquidMemories"},{"floor":8,"key":"EssenceOfSteel"},{"floor":13,"key":"LiquidMemories"},{"floor":13,"key":"Fire Potion"},{"floor":15,"key":"Weak Potion"},{"floor":16,"key":"PowerPotion"},{"floor":16,"key":"SmokeBomb"},{"floor":18,"key":"Fire Potion"},{"floor":20,"key":"champ:CounterPotion"},{"floor":22,"key":"BlessingOfTheForge"},{"floor":24,"key":"Strength Potion"},{"floor":24,"key":"Flashbang"},{"floor":28,"key":"AttackPotion"},{"floor":33,"key":"Fruit Juice"},{"floor":33,"key":"Adrenaline Potion"},{"floor":35,"key":"Cursed Concoction"},{"floor":39,"key":"Milkshake"},{"floor":39,"key":"SmokeBomb"},{"floor":46,"key":"Reflective Coating"},{"floor":46,"key":"Death Potion"},{"floor":46,"key":"BlessingOfTheForge"}],"is_trial":false,"path_per_floor":["M","$","M","M","$","E","R","E","T","E","$","M","M","$","R","B",null,"M","$","M","$","M","R","E","R","T","E","M","?","R","E","R","B",null,"M","T","?","M","M","E","$","R","T","$","M","E","R","?","R","B",null],"character_chosen":"DEFECT","items_purchased":["Counterbalance","Ball Lightning","All For One","Conserve Battery","Quantum Egg","ClockworkSouvenir","Redo","Bag of Marbles","HandOfGreed","Pen Nib","Singing Bowl","ReplayTheSpireMod:TigerMarble","Geode","Barrage","PowerPotion","FossilizedHelix","BargainBundle","Oddly Smooth Stone","Jack Of All Trades+1"],"campfire_rested":0,"item_purchase_floors":[2,2,5,5,11,11,11,19,19,21,21,41,41,41,41,44,44,44,44],"current_hp_per_floor":[75,75,74,72,72,56,56,46,46,46,61,59,59,74,74,53,75,63,75,59,74,76,76,61,61,61,63,63,63,63,47,47,47,86,74,74,74,43,3,10,25,25,25,40,45,14,14,14,14,7],"gold":1355,"neow_bonus":"BOSS_RELIC","is_daily":false,"chose_seed":false,"campfire_upgraded":6,"win_rate":0.0,"timestamp":1613932419,"path_taken":["M","$","?","M","$","E","R","E","T","E","$","M","M","$","R","BOSS","M","$","M","$","M","R","E","R","T","E","M","?","R","E","R","BOSS","M","?","?","M","M","E","?","R","T","$","?","E","R","?","R","BOSS"],"items_purchased_type":["Relic","Card","Card","Card","Relic","Relic","Card","Relic","Card","Relic","Relic","Relic","Relic","Card","Potion","Relic","Relic","Relic","Card"],"build_version":"2020-12-22","purchased_purges":10,"victory":true,"max_hp_per_floor":[75,75,75,75,75,75,75,75,75,75,75,75,75,75,75,75,75,75,75,75,75,77,77,79,79,79,81,81,81,81,81,81,81,86,88,88,88,90,92,92,92,92,92,92,92,94,94,94,94,94],"card_choices":[{"not_picked":["Turbo","Blizzard"],"picked":"Conserve Battery","floor":1},{"not_picked":["Loop","Time Bomb"],"picked":"Coolheaded","floor":3},{"not_picked":["Hologram","Beam Cell"],"picked":"Coolheaded","floor":4},{"not_picked":["Streamline","Leap"],"picked":"Sweeping Beam","floor":6},{"not_picked":["White Noise","Streamline"],"picked":"Hologram","floor":8},{"not_picked":["All For One","Go for the Eyes"],"picked":"FIFO Queue","floor":10},{"not_picked":["Cold Snap","Time Bomb"],"picked":"BootSequence","floor":12},{"not_picked":["Go for the Eyes","Ball Lightning"],"picked":"Turbo","floor":13},{"not_picked":["Multi-Cast","Seek"],"picked":"Echo Form","floor":16},{"not_picked":["Biased Cognition","Buffer"],"picked":"Fission","floor":16},{"not_picked":["ReplayRNGCard","Multi-Cast"],"picked":"ReplayTheSpireMod:Fabricate Wheel","floor":16},{"not_picked":["Beam Cell+1","Go for the Eyes","Chill"],"picked":"SKIP","floor":18},{"not_picked":["Compile Driver","ReplayTheSpireMod:Repulse","Rebound"],"picked":"SKIP","floor":18},{"not_picked":["Ball Lightning","Sweeping Beam+1"],"picked":"Redo+1","floor":20},{"not_picked":["Go for the Eyes","Ball Lightning","Gash+1"],"picked":"SKIP","floor":20},{"not_picked":["Beam Cell","Leap+1"],"picked":"Defragment+1","floor":22},{"not_picked":["Go for the Eyes","Panic Button+1","Time Bomb"],"picked":"Singing Bowl","floor":22},{"not_picked":["Rip and Tear","Genetic Algorithm","Steam"],"picked":"Singing Bowl","floor":24},{"not_picked":["Rip and Tear","Conserve Battery","Force Field"],"picked":"Singing Bowl","floor":27},{"not_picked":["BasicCrystalCard","Aggregate+1"],"picked":"ReplayRNGCard","floor":28},{"not_picked":["Barrage","Sweeping Beam"],"picked":"Fusion","floor":28},{"not_picked":["Coolheaded","Panic Button+1"],"picked":"Defragment+1","floor":31},{"not_picked":["Echo Form","Meteor Strike"],"picked":"Multi-Cast","floor":33},{"not_picked":["Hyperbeam","ReplayTheSpireMod:Omega Cannon"],"picked":"Meteor Strike","floor":33},{"not_picked":["Thunder Strike","Mirror Shield"],"picked":"Fission","floor":33},{"not_picked":["Scrape"],"picked":"Singing Bowl","floor":35},{"not_picked":[],"picked":"Conserve Battery+1","floor":35},{"not_picked":[],"picked":"Static Discharge+1","floor":38},{"not_picked":["Reinforced Body"],"picked":"Singing Bowl","floor":38},{"not_picked":[],"picked":"Reinforced Body+1","floor":39},{"not_picked":["Beam Cell"],"picked":"Singing Bowl","floor":39},{"not_picked":[],"picked":"Loop+1","floor":45},{"not_picked":[],"picked":"Turbo+1","floor":45},{"not_picked":["ReplayTheSpireMod:Reroute Power+1"],"picked":"Singing Bowl","floor":46}],"player_experience":205614,"relics_obtained":[{"floor":6,"key":"MealTicket"},{"floor":8,"key":"Boot"},{"floor":10,"key":"TungstenRod"},{"floor":16,"key":"Letter Opener"},{"floor":24,"key":"MawBank"},{"floor":26,"key":"Mercury Hourglass"},{"floor":27,"key":"Anchor"},{"floor":31,"key":"Happy Flower"},{"floor":33,"key":"Darkstone Periapt"},{"floor":36,"key":"Toy Ornithopter"},{"floor":37,"key":"ReplayTheSpireMod:Ring of Challenge"},{"floor":43,"key":"Toxic Egg 2"},{"floor":46,"key":"Ancient Tea Set"},{"floor":49,"key":"PreservedInsect"}],"event_choices":[{"damage_healed":0,"gold_gain":200,"player_choice":"Gold","damage_taken":0,"max_hp_gain":0,"max_hp_loss":0,"event_name":"Wheel of Change","floor":29,"gold_loss":0},{"damage_healed":0,"gold_gain":0,"player_choice":"Upgraded","damage_taken":0,"max_hp_gain":0,"max_hp_loss":0,"event_name":"Upgrade Shrine","floor":48,"gold_loss":0,"cards_upgraded":["Fission"]}],"is_beta":false,"boss_relics":[{"not_picked":["Abe\u0027s Treasure","SlaversCollar"],"picked":"Replay:Wanted Poster"},{"not_picked":["bronze:MakeshiftBattery","SacredBark"],"picked":"Replay:Grab Bag"},{"not_picked":["Runic Dome","Cursed Key"],"picked":"Philosopher\u0027s Stone"},{"not_picked":["Fusion Hammer","Sozu"],"picked":"Busted Crown"},{"not_picked":["Ring of Chaos","Kintsugi"],"picked":"Nuclear Battery"}],"items_purged_floors":[2,2,2,2,11,11,11,11,41,41],"is_endless":false,"potions_floor_spawned":[3,3,4,4,8,8,8,8,13,13,16,16,18,20,22,24,24,24,28,33,33,35,39,39,40,40,46,46,46],"ascension_level":4}}