{"host":"py7qdianp3jrm8dm","time":1613925975,"event":{"mods":["AchievementEnabler","BaseMod","Bestiary","Downfall","Highlight Path","Minty Spire (QoL Compilation)","StSLib"],"gold_per_floor":[110,125,144,10,27,55,55,55,80,123,142,167,167,219,219,351,351,379,408,11,33,33,33,86,86,109,109,123,166,9,23,23,23,23],"floor_reached":33,"language":"ENG","playtime":1811,"items_purged":["Strike_P"],"score":403,"play_id":"b34b8083-8829-49f4-bdef-2044129e2e73","local_time":"20210221164615","is_ascension_mode":true,"campfire_choices":[{"floor":8,"key":"REST"},{"floor":15,"key":"REST"},{"data":"Weave","floor":23,"key":"SMITH"},{"data":"Judgement","floor":25,"key":"SMITH"},{"floor":27,"key":"RECALL"},{"data":"Weave","floor":32,"key":"SMITH"}],"circlet_count":0,"master_deck":["Strike_P","Strike_P+1","Strike_P","Defend_P","Defend_P","Defend_P","Defend_P+1","Eruption+1","Vigilance+1","Crescendo","ClearTheMind+1","ThirdEye","Wireheading","Tantrum","Tantrum","WaveOfTheHand","BowlingBash","Judgement+1","DeceiveReality","ThirdEye+1","CutThroughFate","Weave+1","LessonLearned","Consecrate","ThirdEye+1","Flash of Steel","Weave+1","FollowUp","ForeignInfluence+1"],"relics":["Black Star","Whetstone","Boot","Nunchaku","CeramicFish","Pear","Golden Idol","PreservedInsect","Runic Pyramid","TeardropLocket","War Paint","Bottled Lightning","Sundial","Tiny Chest","Sling"],"acts_visited":["Exordium","TheCity"],"potions_floor_usage":[5,6,6,16,16,24,33,33],"damage_taken":[{"damage":5,"enemies":"Small Slimes","floor":1,"turns":4},{"damage":7,"enemies":"Cultist","floor":2,"turns":3},{"damage":4,"enemies":"Jaw Worm","floor":3,"turns":5},{"damage":10,"enemies":"Exordium Wildlife","floor":5,"turns":4},{"damage":23,"enemies":"3 Sentries","floor":6,"turns":8},{"damage":11,"enemies":"Gremlin Nob","floor":10,"turns":3},{"damage":16,"enemies":"Gremlin Gang","floor":11,"turns":3},{"damage":12,"enemies":"Exordium Thugs","floor":12,"turns":4},{"damage":27,"enemies":"Hexaghost","floor":16,"turns":5},{"damage":0,"enemies":"Chosen","floor":18,"turns":4},{"damage":0,"enemies":"Shell Parasite","floor":19,"turns":2},{"damage":2,"enemies":"Cultist and Chosen","floor":21,"turns":6},{"damage":0,"enemies":"Book of Stabbing","floor":24,"turns":3},{"damage":0,"enemies":"Centurion and Healer","floor":28,"turns":3},{"damage":18,"enemies":"Gremlin Leader","floor":29,"turns":3},{"damage":7,"enemies":"Chosen and Byrds","floor":31,"turns":3},{"damage":87,"enemies":"Collector","floor":33,"turns":7}],"seed_played":"-785509391757395779","potions_obtained":[{"floor":1,"key":"EntropicBrew"},{"floor":3,"key":"Weak Potion"},{"floor":6,"key":"BottledMiracle"},{"floor":12,"key":"Swift Potion"},{"floor":19,"key":"ColorlessPotion"},{"floor":21,"key":"champ:CounterPotion"}],"is_trial":false,"path_per_floor":["M","M","M","$","M","E","?","R","T","E","M","M","?","T","R","B",null,"M","M","$","M","?","R","E","R","T","R","M","E","$","M","R","B"],"character_chosen":"WATCHER","items_purchased":["Wireheading","Tantrum","TeardropLocket","Flash of Steel","Sling"],"campfire_rested":2,"item_purchase_floors":[4,4,20,20,30],"current_hp_per_floor":[67,60,56,56,46,23,23,44,44,43,27,15,15,15,37,10,60,60,60,60,58,76,76,76,76,76,76,76,58,58,51,51,0,0],"gold":23,"neow_bonus":"BOSS_RELIC","is_daily":false,"chose_seed":false,"campfire_upgraded":3,"win_rate":0.0,"timestamp":1613925975,"path_taken":["M","M","M","$","M","E","?","R","T","E","M","?","?","?","R","BOSS","M","?","$","M","?","R","E","R","T","R","M","E","?","M","R","BOSS"],"items_purchased_type":["Card","Card","Relic","Card","Relic"],"build_version":"2020-12-22","purchased_purges":1,"victory":false,"max_hp_per_floor":[72,72,72,72,72,72,72,72,72,82,82,82,76,76,76,76,76,76,76,76,76,76,76,76,76,76,76,76,76,76,76,76,76,76],"card_choices":[{"not_picked":["Vengeance","FollowUp"],"picked":"Crescendo","floor":1},{"not_picked":["Consecrate","JustLucky"],"picked":"ClearTheMind","floor":2},{"not_picked":["FlurryOfBlows","MentalFortress"],"picked":"ThirdEye","floor":3},{"not_picked":["ThirdEye","Crescendo"],"picked":"Tantrum","floor":5},{"not_picked":["MasterReality","ThirdEye"],"picked":"WaveOfTheHand","floor":6},{"not_picked":["Prostrate","Meditate"],"picked":"ThirdEye","floor":10},{"not_picked":["FlyingSleeves","SashWhip"],"picked":"CutThroughFate","floor":11},{"not_picked":["CrushJoints","FollowUp"],"picked":"Weave","floor":12},{"not_picked":["Blasphemy","Wish"],"picked":"LessonLearned","floor":16},{"not_picked":["BowlingBash","Crescendo"],"picked":"Consecrate","floor":18},{"not_picked":["BowlingBash","Crescendo"],"picked":"ThirdEye+1","floor":19},{"not_picked":["Pray","Wireheading+1"],"picked":"Weave","floor":21},{"not_picked":["Brilliance","Vengeance"],"picked":"FollowUp","floor":24},{"not_picked":["FlyingSleeves","CrushJoints+1","EmptyFist"],"picked":"SKIP","floor":28},{"not_picked":["MasterReality","BattleHymn+1"],"picked":"ForeignInfluence+1","floor":29},{"not_picked":["PathToVictory","BowlingBash","Crescendo"],"picked":"SKIP","floor":31},{"not_picked":["PathToVictory","BowlingBash","Crescendo"],"picked":"SKIP","floor":31}],"player_experience":640495,"relics_obtained":[{"floor":6,"key":"Whetstone"},{"floor":6,"key":"Boot"},{"floor":9,"key":"Nunchaku"},{"floor":10,"key":"CeramicFish"},{"floor":10,"key":"Pear"},{"floor":14,"key":"PreservedInsect"},{"floor":24,"key":"War Paint"},{"floor":24,"key":"Bottled Lightning"},{"floor":29,"key":"Sundial"},{"floor":29,"key":"Tiny Chest"}],"event_choices":[{"damage_healed":0,"gold_gain":0,"player_choice":"3 cards matched","damage_taken":0,"max_hp_gain":0,"max_hp_loss":0,"event_name":"Match and Keep!","floor":7,"gold_loss":0,"cards_obtained":["BowlingBash","Judgement","DeceiveReality"]},{"damage_healed":0,"gold_gain":0,"player_choice":"Lose Max HP","damage_taken":0,"relics_obtained":["Golden Idol"],"max_hp_gain":0,"max_hp_loss":6,"event_name":"Golden Idol","floor":13,"gold_loss":0},{"damage_healed":25,"gold_gain":0,"player_choice":"Heal","damage_taken":0,"max_hp_gain":0,"max_hp_loss":0,"event_name":"The Library","floor":22,"gold_loss":0}],"is_beta":false,"boss_relics":[{"not_picked":["SlaversCollar","Velvet Choker"],"picked":"Runic Pyramid"}],"items_purged_floors":[20],"is_endless":false,"potions_floor_spawned":[1,3,6,12,19,21],"killed_by":"Collector","ascension_level":5}}