{"host":"0kk91h4bq4kgfj0u","time":1613944564,"event":{"mods":["BaseMod","Bestiary","Block Reminder","Colored Map","Colored Powertips","Curses Come First","Highlight Path","Minty Spire (QoL Compilation)","Relic Stats","StSLib"],"gold_per_floor":[114,114,130,187,207,240,240,274,297,317,317,11,31,31,31,31,31],"floor_reached":16,"language":"ENG","playtime":441,"items_purged":[],"score":160,"play_id":"bf6c1dd4-f218-48cb-9f97-88b47b10daf4","local_time":"20210221165604","is_ascension_mode":true,"campfire_choices":[{"floor":7,"key":"RECALL"},{"floor":15,"key":"REST"}],"circlet_count":0,"master_deck":["Strike_R","Strike_R","Strike_R","Strike_R","Strike_R","Defend_R","Defend_R","Defend_R","Defend_R","Bash","Cleave","Injury","Pommel Strike","Iron Wave","Shrug It Off","Heavy Blade"],"relics":["Burning Blood","Orichalcum","Golden Idol","Omamori","Centennial Puzzle","Bag of Preparation","Pen Nib","PrismaticShard"],"acts_visited":["Exordium"],"potions_floor_usage":[8,10,10],"damage_taken":[{"damage":12,"enemies":"Small Slimes","floor":1,"turns":4},{"damage":8,"enemies":"2 Louse","floor":3,"turns":2},{"damage":4,"enemies":"Cultist","floor":5,"turns":4},{"damage":20,"enemies":"Gremlin Nob","floor":6,"turns":4},{"damage":40,"enemies":"3 Sentries","floor":8,"turns":11},{"damage":5,"enemies":"Blue Slaver","floor":10,"turns":3},{"damage":1,"enemies":"2 Fungi Beasts","floor":13,"turns":4},{"damage":68,"enemies":"The Guardian","floor":16,"turns":12}],"seed_played":"-4459269249685707270","potions_obtained":[{"floor":6,"key":"Dexterity Potion"},{"floor":8,"key":"EntropicBrew"}],"is_trial":false,"path_per_floor":["M","?","M","?","M","E","R","E","T","M","?","$","M","?","R","B"],"character_chosen":"IRONCLAD","items_purchased":["Pen Nib","PrismaticShard"],"campfire_rested":1,"item_purchase_floors":[12,12],"current_hp_per_floor":[66,66,64,64,66,52,52,18,18,19,24,24,29,29,53,0,0],"gold":31,"neow_bonus":"RANDOM_COMMON_RELIC","is_daily":false,"chose_seed":false,"campfire_upgraded":0,"win_rate":0.0,"timestamp":1613944564,"path_taken":["M","?","M","?","M","E","R","E","T","M","?","$","?","?","R","BOSS"],"items_purchased_type":["Relic","Relic"],"build_version":"2020-12-22","purchased_purges":0,"victory":false,"max_hp_per_floor":[80,80,80,80,80,80,80,80,80,80,80,80,80,80,80,80,80],"relic_stats":{"Centennial Puzzle":[9],"counters":[8,44],"Golden Idol":29,"Pen Nib":[2],"Bag of Preparation":[6],"Orichalcum":[114],"obtain_stats":[{"Centennial Puzzle":8,"Golden Idol":2,"Pen Nib":12,"Omamori":6,"Bag of Preparation":9,"Orichalcum":0,"PrismaticShard":12,"Burning Blood":0},{"Centennial Puzzle":5,"Golden Idol":1,"Pen Nib":6,"Omamori":4,"Bag of Preparation":5,"Orichalcum":0,"PrismaticShard":6,"Burning Blood":0},{"Centennial Puzzle":25,"Golden Idol":4,"Pen Nib":28,"Omamori":14,"Bag of Preparation":25,"Orichalcum":0,"PrismaticShard":28,"Burning Blood":0}],"Burning Blood":42},"card_choices":[{"not_picked":["Perfected Strike","Sword Boomerang"],"picked":"Cleave","floor":1},{"not_picked":["Double Tap","Body Slam"],"picked":"Wild Strike","floor":3},{"not_picked":["Dark Embrace","Thunderclap"],"picked":"Pommel Strike","floor":5},{"not_picked":["Rage","Twin Strike"],"picked":"Iron Wave","floor":6},{"not_picked":["Havoc","Rupture"],"picked":"Shrug It Off","floor":8},{"not_picked":["Sentinel","Intimidate","Blood for Blood"],"picked":"SKIP","floor":10},{"not_picked":["Iron Wave","FlyingSleeves"],"picked":"Heavy Blade","floor":13}],"player_experience":901200,"relics_obtained":[{"floor":6,"key":"Omamori"},{"floor":8,"key":"Centennial Puzzle"},{"floor":9,"key":"Bag of Preparation"}],"event_choices":[{"damage_healed":0,"gold_gain":0,"player_choice":"Take Wound","damage_taken":0,"relics_obtained":["Golden Idol"],"max_hp_gain":0,"max_hp_loss":0,"event_name":"Golden Idol","floor":2,"gold_loss":0,"cards_obtained":["Injury"]},{"damage_healed":0,"gold_gain":57,"player_choice":"Gained Gold","damage_taken":0,"max_hp_gain":0,"max_hp_loss":0,"event_name":"Golden Wing","floor":4,"gold_loss":0},{"cards_removed":["Wild Strike"],"damage_healed":5,"gold_gain":0,"player_choice":"Offered Common","damage_taken":0,"max_hp_gain":0,"max_hp_loss":0,"event_name":"Bonfire Elementals","floor":11,"gold_loss":0},{"cards_removed":["Wild Strike"],"damage_healed":5,"gold_gain":0,"player_choice":"Offered Special","damage_taken":0,"max_hp_gain":0,"max_hp_loss":0,"event_name":"Bonfire Elementals","floor":11,"gold_loss":0},{"damage_healed":0,"gold_gain":0,"player_choice":"Ignored","damage_taken":0,"max_hp_gain":0,"max_hp_loss":0,"event_name":"Liars Game","floor":14,"gold_loss":0}],"is_beta":false,"boss_relics":[],"items_purged_floors":[],"is_endless":false,"potions_floor_spawned":[6,8],"killed_by":"The Guardian","ascension_level":9}}