{"host":"cwd5s03r1oaxs6mx","time":1613927913,"event":{"mods":["Act Like it!","BaseMod","Better Third Choice","BetterRewards","CapriCore","Card Filter","Challenge The Spire","Colored Map","Custom Start","DeckTracker","Friendly Minions","Hubris","Infinite Spire","Minty Spire (QoL Compilation)","Quick Restart","Relic Stats","Shop Mod","Spicy Shops","StSLib","SuperFastMode","Waifu the Spire"],"gold_per_floor":[109,30,50,62,74,99,99,99,99,130,145,174,249,276,276,349,349,369,380,393,318,330,330,330,365,365,396,396,408,438,438,438,509,509,519,519,519,206,218,252,252,295,295,325,342,360,387,406,406,406,406,406,406,73,112,112],"floor_reached":57,"language":"KOR","playtime":1878,"items_purged":["Strike_R","Bash","Strike_R","Strike_R","Strike_R","Strike_R","Defend_R","Defend_R+1"],"score":4420,"play_id":"6723e205-8e16-4d74-87de-37b922700cb9","local_time":"20210222021833","is_ascension_mode":true,"campfire_choices":[{"data":"Whirlwind","floor":8.0,"key":"SMITH"},{"data":"Dual Wield","floor":15.0,"key":"SMITH"},{"data":"Deep Breath","floor":23.0,"key":"SMITH"},{"data":"Finesse","floor":32.0,"key":"SMITH"},{"floor":41,"key":"RECALL"},{"floor":49,"key":"DIG"},{"floor":53,"key":"DIG"}],"circlet_count":0,"master_deck":["AscendersBane","Dual Wield+1","Whirlwind","Impatience+1","Deep Breath+1","Whirlwind+1","Finesse+1","Dark Shackles","Shrug It Off+1","Rage","Disarm+1"],"relics":["Black Blood","Vajra","Regal Pillow","Chemical X","hubris:SlimyHat","Membership Card","Medical Kit","hubris:Zylophone","Sling","Toy Ornithopter","hubris:MysteriousPyramids","infinitespire:Satchel","Meat on the Bone","Blue Candle","Ornamental Fan","CeramicFish","War Paint","Enchiridion","hubris:Backtick","hubris:Potato","infinitespire:Burning Sword","hubris:Reverence","hubris:TenFootPole","Omamori","Boot","Potion Belt","Mercury Hourglass","Shovel","Art of War","Mummified Hand","Akabeko","hubris:PeanutButter","Bottled Lightning","Orichalcum"],"acts_visited":["Exordium","TheCity","TheBeyond","TheEnding"],"potions_floor_usage":[56],"damage_taken":[{"damage":0.0,"enemies":"Jaw Worm","floor":1.0,"turns":2.0},{"damage":0.0,"enemies":"Small Slimes","floor":3.0,"turns":1.0},{"damage":0.0,"enemies":"2 Louse","floor":4.0,"turns":1.0},{"damage":0.0,"enemies":"Blue Slaver","floor":5.0,"turns":2.0},{"damage":0.0,"enemies":"Gremlin Nob","floor":6.0,"turns":1.0},{"damage":0.0,"enemies":"3 Sentries","floor":10.0,"turns":1.0},{"damage":0.0,"enemies":"Exordium Thugs","floor":11.0,"turns":1.0},{"damage":0.0,"enemies":"Lagavulin","floor":12.0,"turns":1.0},{"damage":0.0,"enemies":"3 Sentries","floor":14.0,"turns":1.0},{"damage":48.0,"enemies":"The Guardian","floor":16.0,"turns":2.0},{"damage":0.0,"enemies":"2 Thieves","floor":18.0,"turns":1.0},{"damage":0.0,"enemies":"Spheric Guardian","floor":19.0,"turns":1.0},{"damage":0.0,"enemies":"Chosen and Byrds","floor":20.0,"turns":1.0},{"damage":1.0,"enemies":"Snake Plant","floor":22.0,"turns":1.0},{"damage":0.0,"enemies":"Gremlin Leader","floor":25.0,"turns":1.0},{"damage":0.0,"enemies":"Slavers","floor":27.0,"turns":1.0},{"damage":0.0,"enemies":"Sentry and Sphere","floor":29.0,"turns":1.0},{"damage":1.0,"enemies":"Book of Stabbing","floor":30.0,"turns":1.0},{"damage":1.0,"enemies":"Automaton","floor":33.0,"turns":1.0},{"damage":0.0,"enemies":"3 Darklings","floor":35.0,"turns":1.0},{"damage":0.0,"enemies":"3 Shapes","floor":39.0,"turns":1.0},{"damage":0,"enemies":"Nemesis","floor":40,"turns":1},{"damage":0,"enemies":"Reptomancer","floor":42,"turns":1},{"damage":0,"enemies":"Nightmare","floor":44,"turns":3},{"damage":0,"enemies":"Transient","floor":45,"turns":2},{"damage":0,"enemies":"3 Darklings","floor":46,"turns":1},{"damage":0,"enemies":"Nemesis","floor":47,"turns":1},{"damage":0,"enemies":"Jaw Worm Horde","floor":48,"turns":1},{"damage":20,"enemies":"Time Eater","floor":50,"turns":3},{"damage":0,"enemies":"Awakened One","floor":51,"turns":2},{"damage":0,"enemies":"Shield and Spear","floor":55,"turns":1},{"damage":35,"enemies":"The Heart","floor":56,"turns":6}],"seed_played":"-8222668237000912165","potions_obtained":[{"floor":4.0,"key":"Dexterity Potion"},{"floor":5.0,"key":"Explosive Potion"},{"floor":42,"key":"SpeedPotion"},{"floor":44,"key":"Block Potion"},{"floor":48,"key":"Regen Potion"}],"is_trial":false,"path_per_floor":["M","$","M","M","M","E","?","R","T","E","M","E","?","E","R","B",null,"M","M","M","?","M","R","AVR","E","T","E","?","M","E","?","R","B",null,"M","AVR","?","$","M","E","R","E","T","NM","M","M","E","M","R","B","B",null,"R","$","E","B",null],"character_chosen":"IRONCLAD","items_purchased":["Vajra","Regal Pillow","Dual Wield","Whirlwind","Impatience","Chemical X","hubris:SlimyHat","Membership Card","Medical Kit","Deep Breath","Whirlwind","Finesse","hubris:Zylophone","Sling","hubris:TenFootPole","Omamori","Dark Shackles","Akabeko","Rage","hubris:PeanutButter","Bottled Lightning"],"campfire_rested":0,"item_purchase_floors":[0,0,0,0,0,0,0,0,0,0,0,0,0,2,38,38,38,54,54,54,54],"current_hp_per_floor":[74,74,75,75,75,75,68,68,68,74,75,75,64,70,70,40,66,75,75,75,75,75,75,75,75,75,75,75,75,75,54,54,65,73,75,75,75,75,75,75,75,75,75,75,75,75,75,75,75,67,75,75,75,75,75,52],"gold":112,"neow_bonus":"","is_daily":false,"chose_seed":false,"campfire_upgraded":4,"win_rate":0.0,"timestamp":1613927913,"path_taken":["M","$","M","M","M","E","?","R","T","E","M","E","?","E","R","BOSS","M","M","M","?","M","R","AVR","E","T","E","?","M","E","?","R","BOSS","M","AVR","?","$","M","E","R","E","T","NM","M","?","E","?","R","BOSS","BOSS","R","$","E","BOSS"],"items_purchased_type":["Relic","Relic","Card","Card","Card","Relic","Relic","Relic","Relic","Card","Card","Card","Relic","Relic","Relic","Relic","Card","Relic","Card","Relic","Relic"],"build_version":"2020-12-22","purchased_purges":8,"victory":true,"max_hp_per_floor":[75,75,75,75,75,75,75,75,75,75,75,75,75,75,75,75,75,75,75,75,75,75,75,75,75,75,75,75,75,75,75,75,75,75,75,75,75,75,75,75,75,75,75,75,75,75,75,75,75,75,75,75,75,75,75,75],"relic_stats":{"Regal Pillow":0,"counters":[105,405],"Blue Candle":[7],"CeramicFish":36,"Black Blood":472,"War Paint":["Shrug It Off","Shrug It Off","Defend_R","Impatience"],"Orichalcum":[0],"Medical Kit":[32],"Boot":[0],"Mercury Hourglass":[63],"Shovel":2,"Ornamental Fan":[252],"Mummified Hand":[14],"Art of War":[1],"Chemical X":[337],"obtain_stats":[{"hubris:CrystalStatue":5,"CeramicFish":26,"Vajra":0,"Whetstone":10,"hubris:MysteriousPyramids":9,"Sling":0,"Boot":40,"Sozu":34,"Centennial Puzzle":10,"Strawberry":27,"infinitespire:Golems Mask":43,"Astrolabe":12,"Blue Candle":14,"Oddly Smooth Stone":0,"Eternal Feather":43,"infinitespire:Beetle Shell":15,"War Paint":55,"Akabeko":54,"WarpedTongs":8,"hubris:Zylophone":0,"Shuriken":18,"Bronze Scales":42,"hubris:PeanutButter":0,"Black Star":0,"hubris:ToyBattleship":4,"infinitespire:EmpoweringShard":28,"hubris:TenFootPole":38,"StrikeDummy":19,"Pocketwatch":9,"Meat on the Bone":10,"infinitespire:Cupcake":17,"hubris:Reverence":37,"Regal Pillow":18,"Black Blood":17,"Enchiridion":31,"Mango":0,"Incense Burner":13,"Juzu Bracelet":7,"Bag of Preparation":23,"hubris:SlimyHat":0,"Ancient Tea Set":17,"Burning Blood":0,"Nunchaku":16,"Dream Catcher":13,"hubris:Icosahedron":3,"hubris:Backtick":34,"Shovel":47,"Mummified Hand":11,"infinitespire:Bottled Soul":44,"Gambling Chip":34,"hubris:ScarierMask":17,"hubris:IronBody":41,"Red Mask":19,"Chemical X":1,"Runic Pyramid":6,"Paper Frog":0,"Potion Belt":16,"hubris:DisguiseKit":9,"Lee\u0027s Waffle":21,"PreservedInsect":0,"Omamori":13,"infinitespire:CheckeredPen":11,"Frozen Egg 2":15,"hubris:Towel":30,"Orichalcum":55,"Medical Kit":21,"Mercury Hourglass":44,"Calling Bell":34,"infinitespire:WardingShard":11,"hubris:Spice":17,"Ornamental Fan":25,"infinitespire:Satchel":3,"Turnip":1,"Bag of Marbles":4,"infinitespire:Burning Sword":36,"Art of War":49,"Champion Belt":5,"Membership Card":0,"Bottled Lightning":54,"Toy Ornithopter":3,"TungstenRod":4,"hubris:Potato":34,"hubris:BottledRain":34},{"hubris:CrystalStatue":3,"CeramicFish":88,"Vajra":10,"Whetstone":5,"hubris:MysteriousPyramids":78,"Sling":0,"Boot":95,"Sozu":64,"Centennial Puzzle":52,"Strawberry":60,"infinitespire:Golems Mask":68,"Astrolabe":6,"Blue Candle":82,"Oddly Smooth Stone":10,"Eternal Feather":42,"infinitespire:Beetle Shell":7,"War Paint":72,"Akabeko":103,"WarpedTongs":24,"hubris:Zylophone":73,"Shuriken":10,"Bronze Scales":68,"hubris:PeanutButter":20,"Black Star":0,"hubris:ToyBattleship":2,"infinitespire:EmpoweringShard":36,"hubris:TenFootPole":93,"StrikeDummy":31,"Pocketwatch":4,"Meat on the Bone":5,"infinitespire:Cupcake":30,"hubris:Reverence":93,"Regal Pillow":10,"Black Blood":83,"Enchiridion":91,"Mango":20,"Incense Burner":6,"Juzu Bracelet":24,"Bag of Preparation":33,"hubris:SlimyHat":73,"Ancient Tea Set":9,"Burning Blood":0,"Nunchaku":8,"Dream Catcher":18,"hubris:Icosahedron":22,"hubris:Backtick":92,"Shovel":100,"Mummified Hand":6,"infinitespire:Bottled Soul":68,"Gambling Chip":38,"hubris:ScarierMask":55,"hubris:IronBody":42,"Red Mask":57,"Chemical X":0,"Runic Pyramid":3,"Paper Frog":20,"Potion Belt":8,"hubris:DisguiseKit":15,"Lee\u0027s Waffle":58,"PreservedInsect":0,"Omamori":28,"infinitespire:CheckeredPen":26,"Frozen Egg 2":7,"hubris:Towel":62,"Orichalcum":104,"Medical Kit":58,"Mercury Hourglass":97,"Calling Bell":38,"infinitespire:WardingShard":6,"hubris:Spice":9,"Ornamental Fan":88,"infinitespire:Satchel":1,"Turnip":0,"Bag of Marbles":2,"infinitespire:Burning Sword":93,"Art of War":101,"Champion Belt":3,"Membership Card":73,"Bottled Lightning":103,"Toy Ornithopter":1,"TungstenRod":22,"hubris:Potato":92,"hubris:BottledRain":38},{"hubris:CrystalStatue":8,"CeramicFish":377,"Vajra":35,"Whetstone":12,"hubris:MysteriousPyramids":366,"Sling":0,"Boot":384,"Sozu":305,"Centennial Puzzle":232,"Strawberry":280,"infinitespire:Golems Mask":328,"Astrolabe":15,"Blue Candle":370,"Oddly Smooth Stone":35,"Eternal Feather":174,"infinitespire:Beetle Shell":18,"War Paint":349,"Akabeko":398,"WarpedTongs":89,"hubris:Zylophone":359,"Shuriken":35,"Bronze Scales":328,"hubris:PeanutButter":76,"Black Star":0,"hubris:ToyBattleship":6,"infinitespire:EmpoweringShard":149,"hubris:TenFootPole":382,"StrikeDummy":131,"Pocketwatch":11,"Meat on the Bone":12,"infinitespire:Cupcake":126,"hubris:Reverence":382,"Regal Pillow":35,"Black Blood":372,"Enchiridion":380,"Mango":76,"Incense Burner":15,"Juzu Bracelet":89,"Bag of Preparation":139,"hubris:SlimyHat":359,"Ancient Tea Set":30,"Burning Blood":0,"Nunchaku":25,"Dream Catcher":67,"hubris:Icosahedron":82,"hubris:Backtick":381,"Shovel":392,"Mummified Hand":15,"infinitespire:Bottled Soul":328,"Gambling Chip":159,"hubris:ScarierMask":255,"hubris:IronBody":174,"Red Mask":266,"Chemical X":0,"Runic Pyramid":8,"Paper Frog":76,"Potion Belt":25,"hubris:DisguiseKit":58,"Lee\u0027s Waffle":269,"PreservedInsect":0,"Omamori":112,"infinitespire:CheckeredPen":99,"Frozen Egg 2":18,"hubris:Towel":293,"Orichalcum":399,"Medical Kit":269,"Mercury Hourglass":388,"Calling Bell":159,"infinitespire:WardingShard":15,"hubris:Spice":30,"Ornamental Fan":377,"infinitespire:Satchel":4,"Turnip":0,"Bag of Marbles":6,"infinitespire:Burning Sword":382,"Art of War":393,"Champion Belt":8,"Membership Card":359,"Bottled Lightning":398,"Toy Ornithopter":4,"TungstenRod":82,"hubris:Potato":381,"hubris:BottledRain":159}],"Toy Ornithopter":0,"Meat on the Bone":12},"card_choices":[{"not_picked":["Disarm","Body Slam","Heavy Blade"],"picked":"SKIP","floor":1.0},{"not_picked":["Clothesline","Cleave","Iron Wave"],"picked":"SKIP","floor":3.0},{"not_picked":["Rampage","Dark Embrace","Heavy Blade"],"picked":"SKIP","floor":4.0},{"not_picked":["Heavy Blade","Thunderclap","Headbutt"],"picked":"SKIP","floor":5.0},{"not_picked":["Searing Blow","Body Slam","Armaments"],"picked":"SKIP","floor":6.0},{"not_picked":["Rupture","Perfected Strike","Rage"],"picked":"SKIP","floor":10.0},{"not_picked":["Body Slam","True Grit","Armaments"],"picked":"SKIP","floor":11.0},{"not_picked":["Rupture","Intimidate","Demon Form"],"picked":"SKIP","floor":12.0},{"not_picked":["Infernal Blade","Thunderclap","Metallicize"],"picked":"SKIP","floor":14.0},{"not_picked":["Reckless Charge","Blood for Blood","Cleave"],"picked":"SKIP","floor":18.0},{"not_picked":["Clash","True Grit","Shrug It Off+1"],"picked":"SKIP","floor":19.0},{"not_picked":["Burning Pact","Flex","Perfected Strike"],"picked":"SKIP","floor":20.0},{"not_picked":["Cleave","Armaments","Headbutt"],"picked":"SKIP","floor":22.0},{"not_picked":["Headbutt","Burning Pact","infinitespire:OneForAll"],"picked":"SKIP","floor":25.0},{"not_picked":["Whirlwind+1","Flame Barrier+1","Armaments"],"picked":"SKIP","floor":27.0},{"not_picked":["Perfected Strike","Flex","Juggernaut"],"picked":"SKIP","floor":29.0},{"not_picked":["Wild Strike","Armaments","Cleave"],"picked":"SKIP","floor":30.0},{"not_picked":["Headbutt","Dual Wield","Body Slam"],"picked":"SKIP","floor":35.0},{"not_picked":["Ghostly Armor","Whirlwind","Wild Strike+1"],"picked":"SKIP","floor":39},{"not_picked":["Feel No Pain+1","Spot Weakness","Flame Barrier+1"],"picked":"SKIP","floor":40},{"not_picked":["Shrug It Off+1","Anger+1","Hemokinesis"],"picked":"SKIP","floor":42},{"not_picked":["Shrug It Off+1","Anger+1","Hemokinesis"],"picked":"SKIP","floor":42},{"not_picked":["Anger+1","Hemokinesis"],"picked":"Shrug It Off+1","floor":42},{"not_picked":["Offering","Wild Strike+1","Pommel Strike"],"picked":"SKIP","floor":44},{"not_picked":["Pommel Strike","Rupture","Feel No Pain+1"],"picked":"SKIP","floor":45},{"not_picked":["Perfected Strike+1","True Grit+1","Inflame"],"picked":"SKIP","floor":46},{"not_picked":["Shrug It Off","Second Wind","Anger"],"picked":"SKIP","floor":47},{"not_picked":["Bloodletting","Intimidate+1","Shrug It Off+1"],"picked":"SKIP","floor":48},{"not_picked":["Iron Wave+1","Fire Breathing+1"],"picked":"Disarm+1","floor":55}],"player_experience":1004641,"relics_obtained":[{"floor":6.0,"key":"Toy Ornithopter"},{"floor":9.0,"key":"hubris:MysteriousPyramids"},{"floor":10.0,"key":"infinitespire:Satchel"},{"floor":12.0,"key":"Meat on the Bone"},{"floor":14.0,"key":"Blue Candle"},{"floor":25.0,"key":"Ornamental Fan"},{"floor":26.0,"key":"CeramicFish"},{"floor":27.0,"key":"War Paint"},{"floor":31.0,"key":"Enchiridion"},{"floor":40,"key":"Boot"},{"floor":42,"key":"Potion Belt"},{"floor":44,"key":"Mercury Hourglass"},{"floor":47,"key":"Shovel"},{"floor":49,"key":"Art of War"},{"floor":53,"key":"Mummified Hand"},{"floor":55,"key":"Orichalcum"}],"event_choices":[{"cards_removed":["Defend_R"],"damage_healed":0.0,"max_hp_gain":0.0,"max_hp_loss":0.0,"gold_gain":0.0,"event_name":"Golden Wing","player_choice":"Card Removal","floor":7.0,"gold_loss":0.0,"damage_taken":7.0},{"damage_healed":0.0,"max_hp_gain":0.0,"max_hp_loss":0.0,"gold_gain":75.0,"event_name":"betterThird:BetterGoop","player_choice":"Gold","floor":13.0,"gold_loss":0.0,"damage_taken":11.0},{"cards_removed":["Defend_R"],"damage_healed":0.0,"max_hp_gain":0.0,"max_hp_loss":0.0,"gold_gain":0.0,"event_name":"Beggar","player_choice":"Gave Gold","floor":21.0,"gold_loss":75.0,"damage_taken":0.0},{"damage_healed":0.0,"max_hp_gain":0.0,"max_hp_loss":0.0,"gold_gain":0.0,"event_name":"Ghosts","player_choice":"Ignored","floor":28.0,"gold_loss":0.0,"damage_taken":0.0},{"damage_healed":0.0,"max_hp_gain":0.0,"max_hp_loss":0.0,"gold_gain":0.0,"event_name":"Cursed Tome","player_choice":"Obtained Book","floor":31.0,"gold_loss":0.0,"damage_taken":21.0},{"damage_healed":0.0,"max_hp_gain":0.0,"max_hp_loss":0.0,"gold_gain":0.0,"event_name":"WeMeetAgain","player_choice":"Gave Potion","floor":37.0,"gold_loss":0.0,"damage_taken":0.0,"relics_obtained":["hubris:Reverence"]}],"is_beta":false,"boss_relics":[{"not_picked":["SacredBark","Coffee Dripper"],"picked":"Black Blood"},{"not_picked":["Black Star","hubris:Stopwatch"],"picked":"hubris:Backtick"}],"items_purged_floors":[0,0,0,0,0,0,24,38],"is_endless":false,"potions_floor_spawned":[4,5,14,16,18,20,27,29,42,44,48,55],"ascension_level":20}}