{"host":"mu5qkq7030l6349q","time":1613930681,"event":{"mods":["AchievementEnabler","BaseMod","Colored Powertips","Downfall","Highlight Path","Minty Spire (QoL Compilation)","Permanent Neow","Rare Cards Sparkle","Relic Sorter","Relic Stats","StSLib"],"gold_per_floor":[99,116,135,135,135,45,94,112,112,112,112],"floor_reached":9,"language":"ENG","playtime":334,"items_purged":["Regret"],"score":51,"play_id":"665fb20e-34c6-437b-b774-dbd91069b481","local_time":"20210221190441","is_ascension_mode":false,"campfire_choices":[{"data":"champ:Taunt","floor":1.0,"key":"SMITH"}],"circlet_count":0,"master_deck":["champ:Strike","champ:Strike","champ:Strike","champ:Strike","champ:Defend","champ:Defend","champ:Defend","champ:Defend","champ:Execute","champ:Taunt+1","champ:BerserkersShout","champ:Backstep","champ:DefensiveStyle+1","champ:SetATrap"],"relics":["champ:ChampionCrown","Ginger","Frozen Egg 2","Orichalcum"],"acts_visited":["Exordium"],"potions_floor_usage":[],"damage_taken":[{"damage":10.0,"enemies":"2 Louse","floor":2.0,"turns":2.0},{"damage":52.0,"enemies":"Jaw Worm","floor":3.0,"turns":5.0},{"damage":36,"enemies":"downfall:FleeingMerchant","floor":6,"turns":4},{"damage":19,"enemies":"Cultist","floor":8,"turns":4},{"damage":15,"enemies":"3 Sentries","floor":9,"turns":4}],"seed_played":"3676577679837300862","potions_obtained":[{"floor":2.0,"key":"SpeedPotion"},{"floor":3.0,"key":"FairyPotion"}],"is_trial":false,"path_per_floor":["R","M","M","?","?","$","T","M","E"],"character_chosen":"THE_CHAMP","items_purchased":[],"campfire_rested":0,"item_purchase_floors":[],"current_hp_per_floor":[81,81,69,69,69,63,63,59,44,44,44],"gold":112,"neow_bonus":"ONE_RARE_RELIC","is_daily":false,"chose_seed":false,"campfire_upgraded":1,"win_rate":0.0,"timestamp":1613930681,"path_taken":["R","M","M","?","?","$","T","M","E"],"items_purchased_type":[],"build_version":"2020-12-22","purchased_purges":1,"victory":false,"max_hp_per_floor":[81,81,81,81,81,81,81,81,81,81,81],"relic_stats":{"counters":[5,19],"Ginger":[2],"Orichalcum":[6],"obtain_stats":[{"champ:ChampionCrown":0,"Ginger":0,"Frozen Egg 2":4,"Orichalcum":7},{"champ:ChampionCrown":0,"Ginger":0,"Frozen Egg 2":2,"Orichalcum":3},{"champ:ChampionCrown":0,"Ginger":0,"Frozen Egg 2":7,"Orichalcum":11}]},"card_choices":[{"not_picked":["champ:FlashCut","champ:IronFortress"],"picked":"champ:BerserkersShout","floor":2.0},{"not_picked":["champ:FancyFootwork","champ:SkillfulDodge"],"picked":"champ:Backstep","floor":3.0},{"not_picked":["champ:TornadoPunch","champ:GladiatorStyle+1"],"picked":"champ:DefensiveStyle+1","floor":6},{"not_picked":["champ:Lariat","champ:Shatter"],"picked":"champ:SetATrap","floor":8}],"player_experience":75285,"relics_obtained":[{"floor":7,"key":"Orichalcum"}],"event_choices":[{"damage_healed":0.0,"max_hp_gain":0.0,"max_hp_loss":0.0,"gold_gain":0.0,"event_name":"Big Fish","player_choice":"Box","floor":4.0,"gold_loss":0.0,"damage_taken":0.0,"relics_obtained":["Frozen Egg 2"],"cards_obtained":["Regret"]}],"is_beta":false,"boss_relics":[],"items_purged_floors":[6],"is_endless":false,"potions_floor_spawned":[2,3],"killed_by":"3 Sentries","ascension_level":0}}