{"host":"21o28mgl9u9ntir2","time":1613928571,"event":{"mods":["BaseMod","BetterRewards","Colored Powertips","Minty Spire (QoL Compilation)","Quick Restart","Remove Card Discount Mod","SOS（斯巴达之子）","Spicy Shops","StSLib","SuperFastMode","[IsaacMod]以撒尖塔","【遗物卡牌】REMEMod","残留之物"],"gold_per_floor":[114,108,122,132,148,180,180,207,207,207,234,247,247,267,267,362,362,377,395,448,468,478,178,190,208,277,131,141,137,148,180,180,276,276,296,347,357,367,377,412,412,412,412,4,17,17,36,36,36,49,67,0,77,96,122,122,140,140,158,158,172,201,121,121,121,121,121,121,149,149],"floor_reached":56,"language":"ZHS","playtime":1583,"items_purged":["PlaceholderMod:BaseStrike","PlaceholderMod:BaseStrike","PlaceholderMod:BaseDefend","PlaceholderMod:BaseStrike","PlaceholderMod:PoisonWhip","PlaceholderMod:PoisonExcitation","PlaceholderMod:BaseStrike","PlaceholderMod:BaseDefend","PlaceholderMod:BaseDefend","PlaceholderMod:BaseStrike","PlaceholderMod:BaseDefend","PlaceholderMod:BaseDefend","PlaceholderMod:Crystal"],"score":2193,"play_id":"82c35ef8-98aa-4e64-bd48-f01249379895","local_time":"20210222012931","is_ascension_mode":true,"campfire_choices":[{"data":"PlaceholderMod:DiffusionPoison","floor":7.0,"key":"SMITH"},{"data":"Sadistic Nature","floor":13.0,"key":"SMITH"},{"floor":15.0,"key":"REST"},{"floor":32,"key":"REST"},{"data":"PlaceholderMod:FinalSpray","floor":41,"key":"SMITH"},{"floor":49,"key":"RECALL"},{"data":"PlaceholderMod:DirectingGroup","floor":41,"key":"SMITH"},{"floor":45,"key":"REST"},{"floor":49,"key":"REST"},{"floor":52,"key":"REST"}],"circlet_count":0,"master_deck":["Sadistic Nature+1","PlaceholderMod:DirectingGroup+1","PlaceholderMod:DiffusionPoison+1","PlaceholderMod:FinalSpray+1","PlaceholderMod:PoisonExcitation+1","PlaceholderMod:PoisonAbsorb+1","PlaceholderMod:HardStinger+1","PlaceholderMod:FinalSpray+1","PlaceholderMod:CorePoison+1","PlaceholderMod:DirectingGroup+1","PlaceholderMod:FinalSpray+1"],"relics":["PlaceholderMod:Tancle","HushsDoor","REME_ComplimentaryCards","GuppysTail","Unceasing Top","PlaceholderMod:Abhoth","Mercury Hourglass","Bottled Tornado","Letter Opener","Strawberry","Oddly Smooth Stone","Toy Ornithopter","Gremlin Horn","PillsDrop","PlaceholderMod:LiveLive","GuppysPaw","RottenBaby","Toxic Egg 2","DollysMirror","Anchor","SlaversCollar","Centennial Puzzle","White Beast Statue","REME_HourglassOfDeath","Bag of Preparation","Bronze Scales","Red Mask","Mummified Hand","Gambling Chip","Boot","Du-Vu Doll","BloodDonationBag"],"acts_visited":["Exordium","TheCity","TheBeyond","TheEnding"],"potions_floor_usage":[33,40,55],"damage_taken":[{"damage":0.0,"enemies":"Small Slimes","floor":1.0,"turns":4.0},{"damage":0.0,"enemies":"Cultist","floor":3.0,"turns":3.0},{"damage":1.0,"enemies":"2 Louse","floor":4.0,"turns":2.0},{"damage":0.0,"enemies":"Red Slaver","floor":5.0,"turns":3.0},{"damage":2.0,"enemies":"Gremlin Nob","floor":6.0,"turns":3.0},{"damage":0.0,"enemies":"3 Sentries","floor":8.0,"turns":3.0},{"damage":0.0,"enemies":"Gremlin Nob","floor":11.0,"turns":3.0},{"damage":10.0,"enemies":"Large Slime","floor":12.0,"turns":3.0},{"damage":2.0,"enemies":"2 Fungi Beasts","floor":14.0,"turns":2.0},{"damage":0.0,"enemies":"Hexaghost","floor":16.0,"turns":5.0},{"damage":0.0,"enemies":"2 Thieves","floor":18.0,"turns":2.0},{"damage":11.0,"enemies":"Chosen","floor":19.0,"turns":2.0},{"damage":11.0,"enemies":"Centurion and Healer","floor":21.0,"turns":2.0},{"damage":0.0,"enemies":"Sentry and Sphere","floor":22.0,"turns":3.0},{"damage":0.0,"enemies":"Snake Plant","floor":24.0,"turns":2.0},{"damage":0.0,"enemies":"Cultist and Chosen","floor":25.0,"turns":2.0},{"damage":0,"enemies":"Snecko","floor":28,"turns":2},{"damage":0,"enemies":"Shelled Parasite and Fungi","floor":30,"turns":2},{"damage":15,"enemies":"Book of Stabbing","floor":31,"turns":3},{"damage":0,"enemies":"Collector","floor":33,"turns":3},{"damage":0,"enemies":"3 Darklings","floor":35,"turns":1},{"damage":0,"enemies":"2 Orb Walkers","floor":36,"turns":2},{"damage":0,"enemies":"Orb Walker","floor":37,"turns":2},{"damage":0,"enemies":"Jaw Worm Horde","floor":38,"turns":2},{"damage":0,"enemies":"Writhing Mass","floor":39,"turns":2},{"damage":0,"enemies":"Giant Head","floor":40,"turns":3},{"damage":0,"enemies":"Spire Growth","floor":45,"turns":3},{"damage":0,"enemies":"Sphere and 2 Shapes","floor":47,"turns":2},{"damage":0,"enemies":"Orb Walker","floor":35,"turns":1},{"damage":0,"enemies":"3 Darklings","floor":36,"turns":1},{"damage":0,"enemies":"Sphere and 2 Shapes","floor":39,"turns":1},{"damage":0,"enemies":"Reptomancer","floor":40,"turns":1},{"damage":0,"enemies":"Spire Growth","floor":42,"turns":1},{"damage":0,"enemies":"4 Shapes","floor":44,"turns":1},{"damage":0,"enemies":"Writhing Mass","floor":46,"turns":1},{"damage":0,"enemies":"Nemesis","floor":47,"turns":1},{"damage":0,"enemies":"Donu and Deca","floor":50,"turns":1},{"damage":0,"enemies":"Shield and Spear","floor":54,"turns":1},{"damage":0,"enemies":"LittleHush","floor":55,"turns":10}],"seed_played":"-5436538546701902839","potions_obtained":[{"floor":3.0,"key":"GamblersBrew"},{"floor":5.0,"key":"GamblersBrew"},{"floor":6.0,"key":"PlaceholderMod:PlaceholderPotion"},{"floor":10.0,"key":"SkillPotion"},{"floor":10.0,"key":"FairyPotion"},{"floor":12.0,"key":"SpeedPotion"},{"floor":22.0,"key":"BlessingOfTheForge"},{"floor":36,"key":"Explosive Potion"},{"floor":40,"key":"SpeedPotion"},{"floor":42,"key":"Swift Potion"}],"is_trial":false,"path_per_floor":["M","$","M","M","M","E","R","E","T","?","E","M","R","M","R","B",null,"M","M","?","M","M","$","M","M","T","$","M","$","M","E","R","B",null,"M","?","M","M","M","E","R","?","T","$","M","$","M","?","R","M","M","?","T","M","E","R","M","T","M","R","M","E","$","R","B",null,"R","$","E","B",null],"character_chosen":"THE_PLACEHOLDER","items_purchased":["Sadistic Nature","PlaceholderMod:DirectingGroup","PlaceholderMod:PoisonExcitation","Unceasing Top","PlaceholderMod:Abhoth","Mercury Hourglass","Bottled Tornado","Letter Opener","Strawberry","GuppysPaw","RottenBaby","Toxic Egg 2","PlaceholderMod:PoisonAbsorb+1","DollysMirror","PlaceholderMod:CorePoison+1","REME_HourglassOfDeath","Bag of Preparation","Du-Vu Doll"],"campfire_rested":5,"item_purchase_floors":[0,0,0,0,0,0,0,0,0,17,17,23,23,27,34,44,44,48],"current_hp_per_floor":[29,29,29,28,28,26,26,26,26,26,31,21,21,22,48,48,59,59,48,33,22,25,25,25,25,25,25,25,25,25,10,29,34,54,57,57,60,60,60,60,60,60,60,60,57,57,57,42,53,53,53,53,53,53,60,60,60,60,60,60,60,60,49,60,60,60,60,60,60,60],"gold":149,"neow_bonus":"","is_daily":false,"chose_seed":false,"campfire_upgraded":4,"win_rate":0.0,"timestamp":1613928571,"path_taken":["M","$","M","M","M","E","R","E","T","?","E","M","R","M","R","BOSS","M","M","?","?","M","$","M","M","T","$","M","$","M","E","R","BOSS","M","?","M","M","M","E","R","?","T","$","M","$","M","?","R","M","M","?","?","M","E","R","M","T","?","R","M","E","$","R","BOSS","R","$","E","BOSS"],"items_purchased_type":["Card","Card","Card","Relic","Relic","Relic","Relic","Relic","Relic","Relic","Relic","Relic","Card","Relic","Card","Relic","Relic","Relic"],"build_version":"2020-12-22","purchased_purges":13,"victory":true,"max_hp_per_floor":[85,85,85,85,85,85,85,85,85,85,85,85,85,88,88,88,62,62,62,62,62,65,65,65,65,65,65,65,65,65,65,65,65,61,64,64,67,62,62,62,62,62,62,62,57,57,57,57,57,57,57,57,57,57,60,60,60,60,60,60,60,60,60,60,60,60,60,60,60,60],"card_choices":[{"not_picked":["PlaceholderMod:ConsolidateHit","PlaceholderMod:HardStrike","PlaceholderMod:StressReaction"],"picked":"SKIP","floor":1.0},{"not_picked":["PlaceholderMod:ParasiteChange","PlaceholderMod:ConsolidateHit"],"picked":"Bomb","floor":3.0},{"not_picked":["PlaceholderMod:FastReaction","PlaceholderMod:OHStrongAttack","PlaceholderMod:Sweep"],"picked":"SKIP","floor":4.0},{"not_picked":["PlaceholderMod:ConsolidateHit","PlaceholderMod:Corrosion","PlaceholderMod:OHStrongAttack"],"picked":"SKIP","floor":5.0},{"not_picked":["PlaceholderMod:SeverePoisonStrike","PlaceholderMod:CycleAttack"],"picked":"PlaceholderMod:DiffusionPoison","floor":6.0},{"not_picked":["PlaceholderMod:Stable","PlaceholderMod:SubstitutionNucleophilic1","PlaceholderMod:TriggerStrike"],"picked":"SKIP","floor":8.0},{"not_picked":["PlaceholderMod:Turn","PlaceholderMod:Eat","PlaceholderMod:Stable"],"picked":"SKIP","floor":11.0},{"not_picked":["PlaceholderMod:ParasiteChange","PlaceholderMod:ChainPoly","PlaceholderMod:ComplexForm"],"picked":"SKIP","floor":12.0},{"not_picked":["PlaceholderMod:ChainPoly","PlaceholderMod:Break","PlaceholderMod:SprayAttack"],"picked":"SKIP","floor":14.0},{"not_picked":["PlaceholderMod:Eat","PlaceholderMod:AbsorbTouch"],"picked":"PlaceholderMod:FinalSpray","floor":16.0},{"not_picked":["PlaceholderMod:DiffusionChemical+1","PlaceholderMod:PoisonExcitation","PlaceholderMod:ChainPoly+1"],"picked":"SKIP","floor":18.0},{"not_picked":["PlaceholderMod:StressReaction+1","PlaceholderMod:OHStrongAttack","PlaceholderMod:DissolvingSpikes"],"picked":"SKIP","floor":19.0},{"not_picked":["PlaceholderMod:HornyBlast","PlaceholderMod:Polyp+1"],"picked":"PlaceholderMod:PoisonExcitation+1","floor":21.0},{"not_picked":["PlaceholderMod:Activation","PlaceholderMod:StrongAcid","PlaceholderMod:ParasiteChange"],"picked":"SKIP","floor":22.0},{"not_picked":["PlaceholderMod:Stratification+1","PlaceholderMod:UnpureUse","PlaceholderMod:Stable"],"picked":"SKIP","floor":24.0},{"not_picked":["PlaceholderMod:ComplexForm","PlaceholderMod:SprayAttack"],"picked":"PlaceholderMod:HardStinger+1","floor":25.0},{"not_picked":["PlaceholderMod:HardStrike","PlaceholderMod:Colorful+1","PlaceholderMod:CrystallizationStrike"],"picked":"SKIP","floor":28},{"not_picked":["PlaceholderMod:ConsolidateHit","PlaceholderMod:Sweep","PlaceholderMod:DissolvingSpikes"],"picked":"SKIP","floor":30},{"not_picked":["PlaceholderMod:FastReaction+1","PlaceholderMod:ParasiteChange+1","PlaceholderMod:CrystallizationStrike"],"picked":"SKIP","floor":31},{"not_picked":["PlaceholderMod:ConsolidateHit+1","PlaceholderMod:HardStrike","PlaceholderMod:DissolvingSpikes+1"],"picked":"SKIP","floor":35},{"not_picked":["PlaceholderMod:DissolvingSpikes","PlaceholderMod:HardStrike+1","PlaceholderMod:CrystallizationStrike"],"picked":"SKIP","floor":37},{"not_picked":["PlaceholderMod:PoisonAbsorb+1","PlaceholderMod:Stratification+1","PlaceholderMod:DoublePoint+1"],"picked":"SKIP","floor":38},{"not_picked":["PlaceholderMod:Colorful","PlaceholderMod:StrongAcid+1","PlaceholderMod:Polyp+1"],"picked":"SKIP","floor":39},{"not_picked":["PlaceholderMod:ReactionCatalyze+1","PlaceholderMod:HornyBlast","PlaceholderMod:AttackAsDefend"],"picked":"SKIP","floor":40},{"not_picked":["PlaceholderMod:CycleAttack","PlaceholderMod:Sweep+1","PlaceholderMod:SeverePoisonStrike+1"],"picked":"SKIP","floor":45},{"not_picked":["PlaceholderMod:CycleAttack+1","PlaceholderMod:PoisonExcitation","PlaceholderMod:DirectingGroup+1"],"picked":"SKIP","floor":47},{"not_picked":["PlaceholderMod:CycleAttack+1","PlaceholderMod:PoisonExcitation"],"picked":"PlaceholderMod:DirectingGroup+1","floor":47},{"not_picked":["PlaceholderMod:SelfCoupling","PlaceholderMod:HornyBlast+1","PlaceholderMod:PoisonAbsorb+1"],"picked":"SKIP","floor":35},{"not_picked":["PlaceholderMod:Internalization+1","PlaceholderMod:SprayAttack+1","PlaceholderMod:HardStrike"],"picked":"SKIP","floor":36},{"not_picked":["PlaceholderMod:StrongAcid+1","PlaceholderMod:HornyBlast","PlaceholderMod:Hard+1"],"picked":"SKIP","floor":39},{"not_picked":["PlaceholderMod:PoisonBlast+1","PlaceholderMod:HornyBlast+1"],"picked":"PlaceholderMod:FinalSpray+1","floor":40},{"not_picked":["PlaceholderMod:DirectingGroup+1","PlaceholderMod:ComplexForm+1","PlaceholderMod:CycleAttack"],"picked":"SKIP","floor":42},{"not_picked":["PlaceholderMod:NearChange+1","PlaceholderMod:ProliferateStrike+1","PlaceholderMod:SprayAttack+1"],"picked":"SKIP","floor":44},{"not_picked":["PlaceholderMod:ProliferateStrike+1","PlaceholderMod:AttackAsDefend+1","PlaceholderMod:Stable"],"picked":"SKIP","floor":46},{"not_picked":["PlaceholderMod:HornyCollision","PlaceholderMod:HornyBlast+1","PlaceholderMod:MultipleOxi+1"],"picked":"SKIP","floor":47},{"not_picked":["PlaceholderMod:StrongAcid+1","PlaceholderMod:AttackAsDefend","PlaceholderMod:HardStrike"],"picked":"SKIP","floor":54}],"player_experience":760612,"relics_obtained":[{"floor":6.0,"key":"Oddly Smooth Stone"},{"floor":8.0,"key":"Toy Ornithopter"},{"floor":9.0,"key":"Gremlin Horn"},{"floor":11.0,"key":"PillsDrop"},{"floor":31,"key":"Anchor"},{"floor":36,"key":"ForgetMeNow"},{"floor":40,"key":"Centennial Puzzle"},{"floor":43,"key":"White Beast Statue"},{"floor":38,"key":"Mummified Hand"},{"floor":40,"key":"BloodDonationMachine"},{"floor":43,"key":"Gambling Chip"},{"floor":47,"key":"Boot"}],"event_choices":[{"damage_healed":0.0,"max_hp_gain":0.0,"max_hp_loss":0.0,"gold_gain":0.0,"event_name":"Lab","player_choice":"Got Potions","floor":10.0,"gold_loss":0.0,"damage_taken":0.0},{"damage_healed":0,"gold_gain":0,"player_choice":"Fight","damage_taken":0,"max_hp_gain":0,"max_hp_loss":0,"event_name":"Mysterious Sphere","floor":36,"gold_loss":0},{"damage_healed":0,"gold_gain":0,"player_choice":"Ignored","damage_taken":0,"max_hp_gain":0,"max_hp_loss":0,"event_name":"Tomb of Lord Red Mask","floor":42,"gold_loss":0},{"damage_healed":0,"gold_gain":0,"player_choice":"Paid","damage_taken":0,"relics_obtained":["Red Mask"],"max_hp_gain":0,"max_hp_loss":0,"event_name":"Tomb of Lord Red Mask","floor":37,"gold_loss":67}],"is_beta":false,"boss_relics":[{"not_picked":["REME_ChargedStone","Sozu"],"picked":"PlaceholderMod:LiveLive"},{"not_picked":[]},{"not_picked":["Coffee Dripper","REME_DuelDisc"],"picked":"SlaversCollar"},{"not_picked":[]}],"items_purged_floors":[2,2,2,23,23,23,23,23,23,23,23,29,29],"is_endless":false,"potions_floor_spawned":[3,5,6,12,18,19,22,24,28,36,39,45,47,35,36,39,40,42,44,46,47,54],"ascension_level":7}}