{"host":"t5kis9necmbui802","time":1613893982,"event":{"mods":["100% Spire Juice","Act Like it!","BaseMod","CapriCore","Chen","Colored Powertips","Downfall","Gensokyo","HololiveMod","Koishi","KomeijiMod","Lobotomy","LobotomyExtend","Minty Spire (QoL Compilation)","MostiFishMod","Replay The Spire","Robot Space Explorer","Shop Mod","Spicy Shops","StSLib","The Alterego","The Immortal","TheWitcher","Uncapped","Yuri Mod","noobMod"],"gold_per_floor":[99,109,122,122,222,248,248,259,285,3,22,22,7,7,27,126,126,26,36,50,50,63,83,83,68,88,101,112,12,37,52,64,167,167,67,81,101,61,61,61,61,80,115,130,159,176,195,195,207,207,207,207,232,40,40,40,40],"floor_reached":58,"language":"ZHS","playtime":3190,"items_purged":["Guardian:Strike_Guardian","Guardian:Strike_Guardian"],"score":1432,"play_id":"ecf94ba3-b776-4bbd-abf1-21e848655833","local_time":"20210221155302","is_ascension_mode":true,"campfire_choices":[{"floor":1,"key":"RECALL"},{"data":"Guardian:PrismaticBeam","floor":18,"key":"SMITH"},{"data":"Guardian:Orbwalk","floor":29,"key":"SMITH"},{"data":"Guardian:Strike_Guardian","floor":35,"key":"PURGE"},{"data":"Guardian:RefractedBeam+2","floor":55,"key":"SMITH"}],"circlet_count":0,"master_deck":["Guardian:Defend_Guardian+1","Guardian:Defend_Guardian+1","Guardian:Defend_Guardian+1","Guardian:CurlUp","Guardian:TwinSlam+1","Dramatic Entrance","Guardian:PiercingHide+1","Guardian:HyperBeam_Guardian","Guardian:SentryBeam","Guardian:WalkerClaw","Guardian:PolyBeam+1","Guardian:HyperBeam_Guardian+1","Guardian:ArmoredProtocol","Guardian:PrismaticBeam+1","Guardian:ConstructionForm+1","Guardian:Orbwalk+1","Guardian:TimeCapacitor","Guardian:PrismaticBarrier","Guardian:Clone+1","Guardian:TimeCapacitor","Guardian:ConstructionForm+1","Guardian:Reroute+1","Guardian:FierceBash+1","Guardian:EvasiveProtocol+1","Guardian:Preprogram+1","ReplayTheSpireMod:Private Reserves+1","expansioncontent:QuickStudy+1","Guardian:FloatingOrbs","Guardian:RollAttack","Guardian:RollAttack","Guardian:RefractedBeam+3","Exhaustion","Guardian:BronzeArmor+1","Guardian:ConstructionForm+1","Guardian:Planning+1","Guardian:DecasProtection+1","Guardian:BronzeArmor+1","Guardian:DecasProtection+1","MostiFishMod:Kaleido+1"],"relics":["Guardian:ModeShifter","DaveBox","ice","RhineCircuit","LetterFromLob","Blue Doll","BrkXgEgg","ChewingGum","downfall:HeartBlessingRed","Replay:Accelerometer","downfall:HeartBlessingBlue","Orichalcum","ChiXiaoBlade","downfall:HeartBlessingGreen","MerchantsRug","Frozen Egg 2","Toxic Egg 2","Lizard Tail","Bag of Preparation","Garlic"],"acts_visited":["Exordium","TheCity","TheBeyond","TheEnding"],"potions_floor_usage":[5,9,16,16,25,33,33,38,50,56,57],"damage_taken":[{"damage":0,"enemies":"2 Louse","floor":2,"turns":2},{"damage":6,"enemies":"Jaw Worm","floor":3,"turns":4},{"damage":19,"enemies":"downfall:Heads","floor":5,"turns":6},{"damage":4,"enemies":"3 Sentries","floor":6,"turns":2},{"damage":0,"enemies":"Small Slimes","floor":8,"turns":2},{"damage":20,"enemies":"Gremlin Nob","floor":9,"turns":4},{"damage":2,"enemies":"downfall:FleeingMerchant","floor":10,"turns":4},{"damage":0,"enemies":"Red Slaver","floor":11,"turns":2},{"damage":0,"enemies":"Red Slaver","floor":12,"turns":2},{"damage":2,"enemies":"downfall:FleeingMerchant","floor":13,"turns":4},{"damage":7,"enemies":"Gremlin Gang","floor":15,"turns":2},{"damage":6,"enemies":"WA_ARCHETYPE_RETAIN","floor":16,"turns":4},{"damage":0,"enemies":"Spheric Guardian","floor":19,"turns":3},{"damage":0,"enemies":"Chosen","floor":20,"turns":2},{"damage":15,"enemies":"Snecko","floor":22,"turns":4},{"damage":0,"enemies":"Sentry and Sphere","floor":23,"turns":2},{"damage":4,"enemies":"downfall:FleeingMerchant","floor":25,"turns":4},{"damage":0,"enemies":"3 Cultists","floor":26,"turns":3},{"damage":0,"enemies":"Shelled Parasite and Fungi","floor":27,"turns":1},{"damage":12,"enemies":"Snecko","floor":28,"turns":4},{"damage":14,"enemies":"Replay:Snechameleon","floor":30,"turns":3},{"damage":0,"enemies":"Centurion and Healer","floor":31,"turns":3},{"damage":0,"enemies":"Cultist and Chosen","floor":32,"turns":3},{"damage":12,"enemies":"IC_MUSHROOM_ARCHETYPE","floor":33,"turns":10},{"damage":5,"enemies":"Orb Walker","floor":36,"turns":2},{"damage":0,"enemies":"3 Darklings","floor":37,"turns":2},{"damage":0,"enemies":"downfall:FleeingMerchant","floor":38,"turns":1},{"damage":10,"enemies":"Spire Growth","floor":42,"turns":3},{"damage":0,"enemies":"R_Hoarder","floor":43,"turns":5},{"damage":0,"enemies":"Transient","floor":44,"turns":5},{"damage":0,"enemies":"Giant Head","floor":45,"turns":6},{"damage":7,"enemies":"Writhing Mass","floor":46,"turns":2},{"damage":19,"enemies":"3 Darklings","floor":47,"turns":4},{"damage":0,"enemies":"Transient","floor":49,"turns":5},{"damage":16,"enemies":"DF_ARCHETYPE_ORBS","floor":50,"turns":7},{"damage":0,"enemies":"downfall:CharBossMerchant","floor":53,"turns":6},{"damage":0,"enemies":"downfall:NeowBoss","floor":56,"turns":7},{"damage":31,"enemies":"downfall:NeowBossFinal","floor":57,"turns":7}],"seed_played":"-8950941938919296980","potions_obtained":[{"floor":3,"key":"Fire Potion"},{"floor":8,"key":"bronze:BurnAndBuffPotion"},{"floor":11,"key":"SteroidPotion"},{"floor":15,"key":"FearPotion"},{"floor":16,"key":"GamblersBrew"},{"floor":20,"key":"Fire Potion"},{"floor":26,"key":"SpeedPotion"},{"floor":28,"key":"EssenceOfSteel"},{"floor":30,"key":"PowerPotion"},{"floor":31,"key":"Fire Potion"},{"floor":42,"key":"FairyPotion"},{"floor":46,"key":"LiquidBronze"},{"floor":49,"key":"Swift Potion"},{"floor":53,"key":"Swift Potion"}],"is_trial":false,"path_per_floor":["R","M","M","?","?","E","T","M","E","$","M","?","$","M","M","B",null,"R","M","M","?","M","M","T","$","M","M","M","R","E","M","M","B",null,"R","M","M","$","$","?","T","M","E","M","E","M","M","?","M","B",null,null,"E","$","R","B","B",null],"character_chosen":"GUARDIAN","items_purchased":["BrkXgEgg","Guardian:PolyBeam+1","BargainBundle","ReplayTheSpireMod:Private Reserves+1","expansioncontent:QuickStudy","Guardian:FloatingOrbs","Guardian:Gem_Fragmented","Guardian:Gem_White","Guardian:RollAttack","Guardian:RefractedBeam","MerchantsRug","Death Potion","EntropicBrew","Fire Potion","Fire Potion","Frozen Egg 2","MostiFishMod:Kaleido+1","Elixir"],"campfire_rested":0,"item_purchase_floors":[10,10,38,38,38,38,38,38,38,38,38,38,38,38,38,38,54,54],"current_hp_per_floor":[80,80,74,80,61,57,57,57,37,35,35,29,27,27,20,14,80,80,80,80,56,41,41,41,37,37,37,25,35,21,21,21,89,91,91,86,86,86,86,86,86,76,76,76,76,69,50,50,50,34,34,136,136,136,136,136,105],"gold":40,"neow_bonus":"RANDOM_COLORLESS","is_daily":false,"chose_seed":false,"campfire_upgraded":3,"win_rate":0.0,"timestamp":1613893982,"path_taken":["R","M","M","?","?","E","T","M","E","$","M","?","$","?","M","BOSS","R","M","M","?","M","?","T","$","M","M","M","R","E","M","M","BOSS","R","M","?","?","$","?","T","?","E","M","E","?","M","?","M","BOSS","E","$","R","BOSS","BOSS"],"items_purchased_type":["Relic","Card","Relic","Card","Card","Card","Card","Card","Card","Card","Relic","Potion","Potion","Potion","Potion","Relic","Card","Potion"],"build_version":"2020-12-22","purchased_purges":2,"victory":true,"max_hp_per_floor":[80,80,80,80,80,80,80,80,80,80,80,80,80,80,80,80,80,80,80,80,80,80,80,80,80,80,80,80,90,90,90,90,91,91,91,92,93,93,93,93,93,94,97,102,105,108,117,117,122,136,136,136,141,141,141,147,155],"card_choices":[{"not_picked":["Trip","Dark Shackles"],"picked":"Dramatic Entrance","floor":0},{"not_picked":["Guardian:Planning","Guardian:Recover"],"picked":"Guardian:PiercingHide","floor":2},{"not_picked":["Guardian:CrystalBeam","Guardian:RollAttack","Guardian:Gem_Red"],"picked":"SKIP","floor":3},{"not_picked":["Guardian:TemporalStrike","Guardian:Gem_Green"],"picked":"Guardian:Gem_Lightblue","floor":6},{"not_picked":["Guardian:BronzeOrb","Guardian:Reroute"],"picked":"Guardian:SentryBeam","floor":8},{"not_picked":["Guardian:Suspension","Guardian:Planning"],"picked":"Guardian:WalkerClaw","floor":9},{"not_picked":["Guardian:ShieldSpikes","Guardian:Gem_Blue","Guardian:TemporalStrike"],"picked":"SKIP","floor":10},{"not_picked":["Guardian:GuardianWhirl","Guardian:Recover"],"picked":"Guardian:HyperBeam_Guardian+1","floor":11},{"not_picked":["Guardian:ChargeUp","Guardian:Gem_Purple"],"picked":"Guardian:ArmoredProtocol","floor":13},{"not_picked":["Guardian:TemporalStrike","Guardian:PrimingBeam"],"picked":"Guardian:PrismaticBeam","floor":15},{"not_picked":["Guardian:GatlingBeam+1","Guardian:HyperBeam_Guardian+1"],"picked":"Guardian:ConstructionForm+1","floor":16},{"not_picked":["Guardian:ArmoredProtocol","Guardian:VentSteam+1"],"picked":"Guardian:Orbwalk","floor":19},{"not_picked":["Guardian:Planning+1","Guardian:CrystalBeam"],"picked":"Guardian:TimeCapacitor","floor":20},{"not_picked":["Guardian:Gem_Green","Guardian:GuardianWhirl"],"picked":"Guardian:PrismaticBarrier","floor":22},{"not_picked":["Guardian:Recover","Guardian:TemporalShield","Guardian:PiercingHide"],"picked":"SKIP","floor":23},{"not_picked":["Guardian:Gem_Blue","Guardian:PolyBeam"],"picked":"Guardian:Gem_Synthetic","floor":25},{"not_picked":["Guardian:Gem_Cyan","Guardian:RollAttack"],"picked":"Guardian:Clone","floor":26},{"not_picked":["Guardian:Reroute","Guardian:TimeBomb"],"picked":"Guardian:Gem_Yellow","floor":27},{"not_picked":["Guardian:CrystalBeam","Guardian:Gem_Green"],"picked":"Guardian:TimeCapacitor","floor":28},{"not_picked":["Guardian:RollAttack","Guardian:Suspension"],"picked":"Guardian:ConstructionForm+1","floor":30},{"not_picked":["Guardian:GuardianWhirl","Guardian:Suspension"],"picked":"Guardian:Gem_Lightblue","floor":31},{"not_picked":["Guardian:BronzeArmor+1","Guardian:TemporalStrike+1"],"picked":"Guardian:Reroute+1","floor":32},{"not_picked":["Guardian:Gem_Orange","Guardian:Gem_Synthetic"],"picked":"Guardian:FierceBash+1","floor":33},{"not_picked":["Guardian:Gem_Crimson","Guardian:Repulse+1"],"picked":"Guardian:EvasiveProtocol+1","floor":36},{"not_picked":["Guardian:Suspension+1","Guardian:TemporalShield"],"picked":"Guardian:Gem_Red","floor":37},{"not_picked":["Guardian:RollAttack+1","Guardian:Gem_Cyan"],"picked":"Guardian:Preprogram+1","floor":38},{"not_picked":["Guardian:Suspension+1","Guardian:Reroute","Guardian:TemporalShield+1"],"picked":"SKIP","floor":42},{"not_picked":["Guardian:Gem_Lightblue","Guardian:CrystalBeam"],"picked":"Guardian:BronzeArmor+1","floor":43},{"not_picked":["Guardian:Suspension+1","Guardian:RollAttack"],"picked":"Guardian:ConstructionForm+1","floor":44},{"not_picked":["Guardian:Gem_White","Guardian:RollAttack"],"picked":"Guardian:Planning+1","floor":45},{"not_picked":["Guardian:PiercingHide+1","Guardian:ChargeUp+1"],"picked":"Guardian:DecasProtection+1","floor":46},{"not_picked":["Guardian:Recover+1","Guardian:PrimingBeam"],"picked":"Guardian:Gem_Red","floor":47},{"not_picked":["Guardian:Reroute","Guardian:Suspension+1"],"picked":"Guardian:BronzeArmor+1","floor":49},{"not_picked":["Guardian:StasisField+1","Guardian:Repulse+1"],"picked":"Guardian:DecasProtection+1","floor":53}],"player_experience":417070,"relics_obtained":[{"floor":2,"key":"LetterFromLob"},{"floor":6,"key":"Blue Doll"},{"floor":9,"key":"Replay:Bottled Eggs"},{"floor":24,"key":"Replay:Accelerometer"},{"floor":30,"key":"Orichalcum"},{"floor":41,"key":"Toxic Egg 2"},{"floor":43,"key":"Lizard Tail"},{"floor":45,"key":"Bag of Preparation"},{"floor":48,"key":"Garlic"},{"floor":53,"key":"War Paint"}],"event_choices":[],"is_beta":false,"boss_relics":[{"not_picked":["JellyFishMachine","Hololive_ChaosS"],"picked":"ChewingGum"},{"not_picked":["bronze:MakeshiftBattery","Empty Cage"],"picked":"ChiXiaoBlade"}],"items_purged_floors":[10,38],"is_endless":false,"potions_floor_spawned":[3,8,11,15,16,20,26,28,30,31,42,46,49,53],"ascension_level":1}}