{"host":"b5616rc011fmdz76","time":1613934552,"event":{"mods":["AchievementEnabler","BaseMod","Duelist Mod","GifTheSpireLib","Hermit","Infinite Spire","Minty Spire (QoL Compilation)","Replay The Spire","SOS???????","StSLib","The Animator","The Cursed","The Necromancer","The Servant 0.9.4","???Mod??????Boss"],"gold_per_floor":[142,152,152,169,183,183,183],"floor_reached":6,"language":"PTB","playtime":573,"items_purged":[],"score":38,"play_id":"37fbadbd-cb73-4785-9314-96039cbe8b4a","local_time":"20210221160912","is_ascension_mode":false,"campfire_choices":[],"circlet_count":0,"master_deck":["theDuelist:BeaverWarrior","theDuelist:BeaverWarrior","theDuelist:CastleWalls","theDuelist:CastleWalls","theDuelist:FinalFlame","theDuelist:GiantSoldier","theDuelist:GiantSoldier","theDuelist:ScrapFactory","theDuelist:Sparks","theDuelist:Sparks","theDuelist:InfernoFireBlast+1","theDuelist:BigFire","theDuelist:DeltaAttacker","theDuelist:VampireKingdom"],"relics":["theDuelist:MillenniumPuzzle","theDuelist:CardPoolRelic","theDuelist:CardPoolBasicRelic","theDuelist:BoosterPackPoolRelic","theDuelist:CardPoolAddRelic","theDuelist:CardPoolMinusRelic","theDuelist:CardPoolSaveRelic","theDuelist:CardPoolOptionsRelic","NeowsBlessing"],"acts_visited":["Exordium"],"potions_floor_usage":[],"damage_taken":[{"damage":0,"enemies":"2 Louse","floor":1,"turns":2},{"damage":0,"enemies":"Cultist","floor":2,"turns":1},{"damage":0,"enemies":"Jaw Worm","floor":4,"turns":1},{"damage":0,"enemies":"2 Fungi Beasts","floor":5,"turns":2},{"damage":0,"enemies":"Replay:BlueRogue","floor":6,"turns":7}],"seed_played":"-8958727048822997024","potions_obtained":[{"floor":1,"key":"theDuelist:ExtraOrbsBottle"},{"floor":2,"key":"Swift Potion"}],"is_trial":false,"path_per_floor":["M","M","?","M","M","E"],"character_chosen":"THE_DUELIST","items_purchased":[],"campfire_rested":0,"item_purchase_floors":[],"current_hp_per_floor":[80,80,80,80,80,80,80],"gold":183,"neow_bonus":"THREE_ENEMY_KILL","is_daily":false,"chose_seed":false,"campfire_upgraded":0,"win_rate":0.0,"timestamp":1613934552,"path_taken":["M","M","?","?","M","E"],"items_purchased_type":[],"build_version":"2020-12-22","purchased_purges":0,"victory":false,"max_hp_per_floor":[80,80,80,80,80,80,80],"card_choices":[{"not_picked":["theDuelist:SparkBlaster+1","theDuelist:MeteorDestruction+1","theDuelist:MagicalStone+1","theDuelist:Hinotama+1"],"picked":"theDuelist:InfernoFireBlast+1","floor":1},{"not_picked":["theDuelist:Downbeat","theDuelist:Eva","theDuelist:MeteorDestruction","theDuelist:Invigoration"],"picked":"theDuelist:BigFire","floor":2},{"not_picked":["theDuelist:BigFire","theDuelist:ScrapFactory","theDuelist:SpiritHarp","theDuelist:DarkBurningAttack"],"picked":"theDuelist:DeltaAttacker","floor":4},{"not_picked":["theDuelist:FusionWeapon","theDuelist:PotDuality","theDuelist:ElectromagneticShield","theDuelist:ScrapFactory"],"picked":"theDuelist:VampireKingdom","floor":5}],"player_experience":159429,"relics_obtained":[],"event_choices":[{"damage_healed":0,"gold_gain":0,"player_choice":"Ignored","damage_taken":0,"max_hp_gain":0,"max_hp_loss":0,"event_name":"NoteForYourself","floor":3,"gold_loss":0}],"is_beta":false,"boss_relics":[],"items_purged_floors":[],"is_endless":false,"potions_floor_spawned":[1,2],"killed_by":"Replay:BlueRogue","ascension_level":0}}