{"host":"u1dfzl6o6mfmauc3","time":1613890262,"event":{"mods":["2.2 Compatiblity","AchievementEnabler","BaseMod","Bestiary","Block Reminder","Challenge The Spire","Colored Map","Dark Map","Hermit","Highlight Path","Minty Spire (QoL Compilation)","Random Character Button","Rare Cards Sparkle","Relic Stats","Robot Space Explorer","StSLib","The Disciple"],"gold_per_floor":[212,212,230,249,0,0,32,32,48,74,102,119,19,29,48,48,48,144,144,159,177,190,207,207,207,237,8,43,70,70,80,80,80,93,93,118,118,118,218,218,238,238,248,44,59,59,59,73,73,90,125,142,142,161,161,161],"floor_reached":57,"language":"ENG","playtime":2308,"items_purged":["Strike_G","Strike_G"],"score":1019,"play_id":"afd6813a-795b-4e8a-b0b4-533b36b9a3b3","local_time":"20210221015102","is_ascension_mode":true,"campfire_choices":[{"data":"Footwork","floor":8,"key":"SMITH"},{"data":"Catalyst","floor":16,"key":"SMITH"},{"floor":17,"key":"REST"},{"floor":25,"key":"REST"},{"data":"1","floor":32,"key":"LIFT"},{"data":"2","floor":35,"key":"LIFT"},{"data":"Footwork","floor":37,"key":"SMITH"},{"data":"3","floor":38,"key":"LIFT"},{"data":"Malaise","floor":46,"key":"SMITH"},{"data":"Noxious Fumes","floor":53,"key":"SMITH"},{"data":"Corpse Explosion","floor":55,"key":"SMITH"}],"circlet_count":0,"master_deck":["Strike_G","Defend_G","Defend_G","Defend_G","Defend_G","Survivor","Neutralize","PiercingWail","Backstab","Noxious Fumes+1","Catalyst+1","Bane","Footwork+1","Dash","Deadly Poison","Footwork+1","Corpse Explosion+1","Calculated Gamble","Poisoned Stab+1","PiercingWail","Footwork","Neutralize","Phantasmal Killer","Malaise+1","Leg Sweep+1","Footwork","Crippling Poison+1"],"relics":["Ring of the Snake","Anchor","Orichalcum","Nunchaku","Runic Pyramid","Pantograph","Bag of Preparation","Pen Nib","Akabeko","Girya","Bag of Marbles","Coffee Dripper","TwistedFunnel","Mango","Mercury Hourglass"],"acts_visited":["Exordium","TheCity","TheBeyond"],"potions_floor_usage":[11,39,41,56,56],"damage_taken":[{"damage":0,"enemies":"Small Slimes","floor":1,"turns":4},{"damage":0,"enemies":"2 Louse","floor":3,"turns":3},{"damage":0,"enemies":"Cultist","floor":4,"turns":5},{"damage":14,"enemies":"3 Sentries","floor":7,"turns":8},{"damage":10,"enemies":"Large Slime","floor":9,"turns":6},{"damage":7,"enemies":"Gremlin Nob","floor":11,"turns":4},{"damage":3,"enemies":"Exordium Thugs","floor":12,"turns":5},{"damage":0,"enemies":"Exordium Wildlife","floor":14,"turns":2},{"damage":0,"enemies":"Large Slime","floor":15,"turns":6},{"damage":6,"enemies":"The Guardian","floor":18,"turns":9},{"damage":19,"enemies":"2 Thieves","floor":20,"turns":4},{"damage":3,"enemies":"Shell Parasite","floor":21,"turns":4},{"damage":5,"enemies":"Centurion and Healer","floor":22,"turns":4},{"damage":0,"enemies":"3 Cultists","floor":23,"turns":3},{"damage":5,"enemies":"Gremlin Leader","floor":26,"turns":6},{"damage":14,"enemies":"Book of Stabbing","floor":28,"turns":6},{"damage":0,"enemies":"Sentry and Sphere","floor":31,"turns":4},{"damage":0,"enemies":"Snecko","floor":34,"turns":4},{"damage":12,"enemies":"Slavers","floor":36,"turns":4},{"damage":33,"enemies":"Automaton","floor":39,"turns":9},{"damage":38,"enemies":"3 Darklings","floor":41,"turns":4},{"damage":0,"enemies":"3 Shapes","floor":43,"turns":4},{"damage":0,"enemies":"Sphere and 2 Shapes","floor":45,"turns":4},{"damage":5,"enemies":"Transient","floor":48,"turns":5},{"damage":0,"enemies":"Spire Growth","floor":50,"turns":4},{"damage":1,"enemies":"Giant Head","floor":51,"turns":9},{"damage":0,"enemies":"Maw","floor":52,"turns":6},{"damage":0,"enemies":"4 Shapes","floor":54,"turns":2},{"damage":25,"enemies":"Time Eater","floor":56,"turns":11}],"seed_played":"-629308777214455891","potions_obtained":[{"floor":9,"key":"Poison Potion"},{"floor":14,"key":"SneckoOil"},{"floor":15,"key":"Swift Potion"},{"floor":18,"key":"SteroidPotion"},{"floor":39,"key":"Fruit Juice"},{"floor":41,"key":"BlessingOfTheForge"}],"is_trial":false,"path_per_floor":["M","?","M","M","$","?","E","R","M","T","E","M","$","M","M","R","R","B",null,"M","M","M","M","?","R","E","$","E","T","T","M","R","?","M","R","E","R","R","B",null,"M","?","M","$","M","R","?","M","T","M","E","M","R","M","R","B",null],"character_chosen":"THE_SILENT","items_purchased":["Noxious Fumes","Catalyst","Bane","Bag of Preparation","Footwork","TwistedFunnel","Poison Potion"],"campfire_rested":2,"item_purchase_floors":[5,5,5,27,27,44,44],"current_hp_per_floor":[70,63,63,63,63,63,49,49,39,39,32,29,29,29,29,29,50,44,64,45,42,37,37,37,58,53,53,39,39,39,39,39,39,39,39,27,27,27,24,62,24,24,24,24,24,24,24,19,33,33,32,32,32,32,32,32],"gold":161,"neow_bonus":"HUNDRED_GOLD","is_daily":false,"chose_seed":false,"campfire_upgraded":6,"win_rate":0.0,"timestamp":1613890262,"path_taken":["M","?","M","M","$","?","E","R","M","T","E","M","$","M","M","R","R","BOSS","M","M","M","M","?","R","E","$","E","T","T","M","R","?","?","R","E","R","R","BOSS","M","?","M","$","M","R","?","M","T","M","E","M","R","M","R","BOSS"],"items_purchased_type":["Card","Card","Card","Relic","Card","Relic","Potion"],"build_version":"2020-12-22","purchased_purges":2,"victory":true,"max_hp_per_floor":[70,70,70,70,70,70,70,70,70,70,70,70,70,70,70,70,70,70,70,70,70,70,70,70,70,70,70,70,70,70,70,70,70,70,70,70,70,70,75,75,75,75,75,75,75,75,75,75,89,89,89,89,89,89,89,89],"relic_stats":{"Nunchaku":[16],"counters":[29,149],"Pantograph":50,"Pen Nib":[10],"Bag of Preparation":[28],"Orichalcum":[270],"obtain_stats":[{"TwistedFunnel":44,"Girya":30,"Mango":49,"Pen Nib":28,"Bag of Preparation":27,"Orichalcum":10,"Akabeko":29,"Mercury Hourglass":51,"Anchor":7,"Nunchaku":11,"Pantograph":26,"Bag of Marbles":36,"Coffee Dripper":40,"Ring of the Snake":0,"Runic Pyramid":19},{"TwistedFunnel":22,"Girya":16,"Mango":24,"Pen Nib":16,"Bag of Preparation":15,"Orichalcum":5,"Akabeko":16,"Mercury Hourglass":26,"Anchor":4,"Nunchaku":6,"Pantograph":15,"Bag of Marbles":19,"Coffee Dripper":20,"Ring of the Snake":0,"Runic Pyramid":10},{"TwistedFunnel":108,"Girya":79,"Mango":117,"Pen Nib":79,"Bag of Preparation":73,"Orichalcum":26,"Akabeko":79,"Mercury Hourglass":130,"Anchor":20,"Nunchaku":30,"Pantograph":73,"Bag of Marbles":91,"Coffee Dripper":100,"Ring of the Snake":0,"Runic Pyramid":52}],"Ring of the Snake":[58],"Mercury Hourglass":[63]},"card_choices":[{"not_picked":["Bane","Acrobatics"],"picked":"PiercingWail","floor":1},{"not_picked":["Calculated Gamble","Deflect","Quick Slash"],"picked":"SKIP","floor":3},{"not_picked":["Reflex","Backflip"],"picked":"Backstab","floor":4},{"not_picked":["Dash","Accuracy"],"picked":"Footwork","floor":7},{"not_picked":["Unload","Bouncing Flask"],"picked":"Dash","floor":9},{"not_picked":["Masterful Stab","Acrobatics"],"picked":"Deadly Poison","floor":11},{"not_picked":["Dagger Throw","Underhanded Strike","Predator"],"picked":"SKIP","floor":12},{"not_picked":["Dash","Cloak And Dagger"],"picked":"Footwork","floor":14},{"not_picked":["Sucker Punch","Finisher","Distraction"],"picked":"SKIP","floor":15},{"not_picked":["Glass Knife","A Thousand Cuts"],"picked":"Corpse Explosion","floor":18},{"not_picked":["Deadly Poison","Acrobatics"],"picked":"Calculated Gamble","floor":20},{"not_picked":["Backflip","Dodge and Roll"],"picked":"Poisoned Stab+1","floor":21},{"not_picked":["Slice","Deadly Poison+1","Heel Hook+1"],"picked":"SKIP","floor":22},{"not_picked":["Well Laid Plans","Accuracy","Calculated Gamble"],"picked":"SKIP","floor":23},{"not_picked":["Cloak And Dagger+1","Riddle With Holes"],"picked":"PiercingWail","floor":26},{"not_picked":["Underhanded Strike","Deflect","Blade Dance"],"picked":"SKIP","floor":28},{"not_picked":["Eviscerate","Prepared","Infinite Blades"],"picked":"SKIP","floor":31},{"not_picked":["PiercingWail","Acrobatics","Flying Knee"],"picked":"SKIP","floor":34},{"not_picked":["Quick Slash","Distraction"],"picked":"Phantasmal Killer","floor":36},{"not_picked":["Storm of Steel","Grand Finale"],"picked":"Malaise","floor":39},{"not_picked":["Tactician","All Out Attack+1"],"picked":"Leg Sweep+1","floor":41},{"not_picked":["Infinite Blades","Poisoned Stab+1","Cloak And Dagger"],"picked":"SKIP","floor":43},{"not_picked":["Predator","Flying Knee+1","Deadly Poison"],"picked":"SKIP","floor":45},{"not_picked":["Outmaneuver","Acrobatics","Endless Agony"],"picked":"SKIP","floor":48},{"not_picked":["Blade Dance","Sucker Punch","Infinite Blades"],"picked":"SKIP","floor":50},{"not_picked":["Sucker Punch+1","Choke+1"],"picked":"Footwork","floor":51},{"not_picked":["Finisher","Night Terror"],"picked":"Crippling Poison+1","floor":52},{"not_picked":["Accuracy+1","Choke","Quick Slash"],"picked":"SKIP","floor":54}],"player_experience":266335,"relics_obtained":[{"floor":7,"key":"Anchor"},{"floor":10,"key":"Orichalcum"},{"floor":11,"key":"Nunchaku"},{"floor":26,"key":"Pantograph"},{"floor":28,"key":"Pen Nib"},{"floor":29,"key":"Akabeko"},{"floor":30,"key":"Girya"},{"floor":36,"key":"Bag of Marbles"},{"floor":49,"key":"Mango"},{"floor":51,"key":"Mercury Hourglass"}],"event_choices":[{"cards_removed":["Defend_G"],"damage_healed":0,"gold_gain":0,"player_choice":"Card Removal","damage_taken":7,"max_hp_gain":0,"max_hp_loss":0,"event_name":"Golden Wing","floor":2,"gold_loss":0},{"cards_removed":["Strike_G"],"damage_healed":0,"gold_gain":0,"player_choice":"Offered Basic","damage_taken":0,"max_hp_gain":0,"max_hp_loss":0,"event_name":"Bonfire Elementals","floor":6,"gold_loss":0},{"damage_healed":0,"gold_gain":0,"player_choice":"Ignored","damage_taken":0,"max_hp_gain":0,"max_hp_loss":0,"event_name":"Vampires","floor":24,"gold_loss":0},{"damage_healed":0,"gold_gain":0,"player_choice":"1 cards matched","damage_taken":0,"max_hp_gain":0,"max_hp_loss":0,"event_name":"Match and Keep!","floor":33,"gold_loss":0,"cards_obtained":["Neutralize"]},{"damage_healed":0,"gold_gain":0,"player_choice":"Ignored","damage_taken":0,"max_hp_gain":0,"max_hp_loss":0,"event_name":"Tomb of Lord Red Mask","floor":42,"gold_loss":0},{"cards_removed":["Strike_G"],"damage_healed":0,"gold_gain":0,"player_choice":"Removed Attack","damage_taken":0,"max_hp_gain":0,"max_hp_loss":0,"event_name":"Falling","floor":47,"gold_loss":0}],"is_beta":false,"boss_relics":[{"not_picked":["Fusion Hammer","SacredBark"],"picked":"Runic Pyramid"},{"not_picked":["Sozu","Cursed Key"],"picked":"Coffee Dripper"}],"items_purged_floors":[5,13],"is_endless":false,"potions_floor_spawned":[9,14,15,18,20,21,26,31,39,41],"ascension_level":5}}