{"host":"ve5hox67eka4rdnb","time":1613883875,"event":{"mods":["ATMod(°¢èªMod)","AchievementEnabler","Act Like it!","BaseMod","Downfall","Lobotomy","LobotomyExtend","Minty Spire (QoL Compilation)","Quick Restart","Replay The Spire","Shop Mod","StSLib"],"gold_per_floor":[118,43,59,59,59,59,93,93,93,93,176,203,215,233,233,233,233],"floor_reached":16,"language":"ZHS","playtime":451,"items_purged":["Strike_G"],"score":160,"play_id":"dc71982f-0a65-4c59-8658-ead324741644","local_time":"20210221130435","is_ascension_mode":true,"campfire_choices":[{"data":"AT_EmpoweredMortalDraw","floor":6,"key":"SMITH"},{"data":"ReplayTheSpireMod:Tripwire","floor":8,"key":"SMITH"},{"data":"Beam Cell","floor":10,"key":"SMITH"},{"data":"Strike_G","floor":15,"key":"PURGE"}],"circlet_count":0,"master_deck":["Strike_G","Strike_G","Strike_G","Defend_G","Defend_G","Defend_G","Defend_G","Defend_G","AT_EmpoweredMortalDraw+1","ReplayTheSpireMod:Tripwire+1","Backflip","Leap","Beam Cell+1","Backflip","Backflip","Storm of Steel"],"relics":["Ring of the Snake","AT_ATBox","NeowsBlessing","LetterFromLob","Singing Bowl","AT_GuinsooRageblade"],"acts_visited":["Exordium"],"potions_floor_usage":[],"damage_taken":[{"damage":0.0,"enemies":"2 Louse","floor":1.0,"turns":1.0},{"damage":0.0,"enemies":"Small Slimes","floor":3.0,"turns":1.0},{"damage":0,"enemies":"Gremlin Nob","floor":7,"turns":1},{"damage":1,"enemies":"3 Sentries","floor":12,"turns":2},{"damage":2,"enemies":"Cultist","floor":13,"turns":3},{"damage":10,"enemies":"3 Louse","floor":14,"turns":3},{"damage":21,"enemies":"Fading Forest","floor":16,"turns":7}],"seed_played":"-7230567291648001596","potions_obtained":[{"floor":1.0,"key":"DuplicationPotion"},{"floor":7,"key":"Fruit Juice"},{"floor":13,"key":"CultistPotion"}],"is_trial":false,"path_per_floor":["M","$","M","?","?","R","E","R","T","R","?","E","M","M","R","B"],"character_chosen":"THE_SILENT","items_purchased":[],"campfire_rested":0,"item_purchase_floors":[],"current_hp_per_floor":[70,70,70,70,70,70,72,72,72,72,56,57,55,47,47,34,34],"gold":233,"neow_bonus":"THREE_ENEMY_KILL","is_daily":false,"chose_seed":false,"campfire_upgraded":3,"win_rate":0.0,"timestamp":1613883875,"path_taken":["M","$","M","?","?","R","E","R","T","R","?","E","M","M","R","BOSS"],"items_purchased_type":[],"build_version":"2020-12-22","purchased_purges":1,"victory":false,"max_hp_per_floor":[70,70,70,70,70,70,72,72,72,72,74,76,76,78,78,78,78],"card_choices":[{"not_picked":["ReplayTheSpireMod:Scrap Shanks","Quick Slash"],"picked":"ReplayTheSpireMod:Tripwire","floor":1.0},{"not_picked":["Deflect","Blur"],"picked":"Backflip","floor":3.0},{"not_picked":["Prepared","Sucker Punch","Replay:Poison Smokescreen"],"picked":"Singing Bowl","floor":7},{"not_picked":["Caltrops","Dagger Throw"],"picked":"Backflip","floor":11},{"not_picked":["Deadly Poison","Quick Slash"],"picked":"Backflip","floor":11},{"not_picked":["Backflip","Outmaneuver","Poisoned Stab"],"picked":"Singing Bowl","floor":11},{"not_picked":["ReplayTheSpireMod:The Works","Deadly Poison","Hidden Blade"],"picked":"Singing Bowl","floor":12},{"not_picked":["Skewer","Masterful Stab"],"picked":"Storm of Steel","floor":13},{"not_picked":["Expertise","Hidden Blade","Deflect"],"picked":"Singing Bowl","floor":14}],"player_experience":215847,"relics_obtained":[{"floor":1.0,"key":"LetterFromLob"},{"floor":7,"key":"Singing Bowl"},{"floor":12,"key":"AT_GuinsooRageblade"}],"event_choices":[],"is_beta":false,"boss_relics":[],"items_purged_floors":[2],"is_endless":false,"potions_floor_spawned":[1,7,13],"killed_by":"Fading Forest","ascension_level":4}}