{"host":"72n3jwtrlpjobydj","time":1613885520,"event":{"mods":["AchievementEnabler","BaseMod","CapriCore","DeckTracker","Hermit","Koishi","KomeijiMod","Lobotomy","Marisa£¨Ùöéë¡¡Øª×âÞÞ£©","Minty Spire (QoL Compilation)","Permanent Neow","StSLib","SuperFastMode","The Cursed","The Hierophant","The Immortal"],"gold_per_floor":[112,43,61,61,61,93,107,107,107,126,59,59,59,79,79,178,178,195,212,137,157,157,157,177,177,204,219,72,72,84,84,84,84,84],"floor_reached":33,"language":"KOR","playtime":1128,"items_purged":["Strike_G"],"score":286,"play_id":"656c025e-ad22-4c59-a307-20d46a7fe8c0","local_time":"20210221143200","is_ascension_mode":true,"campfire_choices":[{"floor":8,"key":"REST"},{"floor":12,"key":"REST"},{"floor":15,"key":"REST"},{"floor":23,"key":"REST"},{"floor":25,"key":"RECALL"},{"floor":29,"key":"REST"},{"data":"Corpse Explosion","floor":32,"key":"SMITH"}],"circlet_count":0,"master_deck":["Strike_G","Strike_G","Strike_G","Strike_G","Defend_G","Defend_G","Defend_G","Defend_G","Survivor","Neutralize","Crippling Poison","Deflect","Poisoned Stab","Dodge and Roll","Blur","Footwork","PiercingWail","Corpse Explosion","Deadly Poison","Deflect+1","Corpse Explosion+1","Bane"],"relics":["Ring of the Snake","Matryoshka","Vajra","Sundial","Philosopher\u0027s Stone","Snake Skull","Pen Nib","Toolbox"],"acts_visited":["Exordium","TheCity"],"potions_floor_usage":[6,6,16,18,21,21,27,33],"damage_taken":[{"damage":1,"enemies":"Cultist","floor":1,"turns":4},{"damage":3,"enemies":"Jaw Worm","floor":3,"turns":5},{"damage":76,"enemies":"Gremlin Nob","floor":6,"turns":7},{"damage":3,"enemies":"Small Slimes","floor":7,"turns":2},{"damage":0,"enemies":"Red Slaver","floor":10,"turns":5},{"damage":3,"enemies":"Exordium Thugs","floor":14,"turns":5},{"damage":64,"enemies":"Slime Boss","floor":16,"turns":25},{"damage":5,"enemies":"Shell Parasite","floor":18,"turns":5},{"damage":19,"enemies":"2 Thieves","floor":19,"turns":4},{"damage":12,"enemies":"Snecko","floor":21,"turns":7},{"damage":9,"enemies":"Centurion and Healer","floor":24,"turns":5},{"damage":0,"enemies":"Snake Plant","floor":27,"turns":4},{"damage":6,"enemies":"Snecko","floor":30,"turns":4},{"damage":68,"enemies":"Champ","floor":33,"turns":9}],"seed_played":"3062521368458741406","potions_obtained":[{"floor":1,"key":"Swift Potion"},{"floor":3,"key":"Regen Potion"},{"floor":6,"key":"CunningPotion"},{"floor":16,"key":"BlessingOfTheForge"},{"floor":18,"key":"DuplicationPotion"},{"floor":19,"key":"Energy Potion"},{"floor":24,"key":"Energy Potion"},{"floor":27,"key":"CalmPotion"}],"is_trial":false,"path_per_floor":["M","$","M","T","?","E","M","R","T","M","$","R","?","M","R","B",null,"M","M","$","M","?","R","M","R","T","M","$","R","M","?","R","B"],"character_chosen":"THE_SILENT","items_purchased":["Crippling Poison","Footwork","Toolbox"],"campfire_rested":5,"item_purchase_floors":[2,11,28],"current_hp_per_floor":[76,76,73,73,73,11,8,31,31,31,31,54,54,51,74,10,77,72,53,53,41,35,58,49,49,49,49,49,72,66,66,66,0,0],"gold":84,"neow_bonus":"TEN_PERCENT_HP_BONUS","is_daily":false,"chose_seed":false,"campfire_upgraded":1,"win_rate":0.0,"timestamp":1613885520,"path_taken":["M","$","M","?","?","E","M","R","T","M","$","R","?","?","R","BOSS","M","M","$","M","?","R","M","R","T","M","$","R","?","?","R","BOSS"],"items_purchased_type":["Card","Card","Relic"],"build_version":"2020-12-22","purchased_purges":1,"victory":false,"max_hp_per_floor":[77,77,77,77,77,77,77,77,77,77,77,77,77,77,77,77,77,77,77,77,77,77,77,77,77,77,77,77,77,77,77,77,77,77],"card_choices":[{"not_picked":["Calculated Gamble","Outmaneuver","Acrobatics"],"picked":"SKIP","floor":1},{"not_picked":["Flying Knee","Tactician"],"picked":"Deflect","floor":3},{"not_picked":["Phantasmal Killer","Slice"],"picked":"Poisoned Stab","floor":6},{"not_picked":["Skewer","Dagger Spray"],"picked":"Dodge and Roll","floor":7},{"not_picked":["Dagger Throw","Eviscerate"],"picked":"Blur","floor":10},{"not_picked":["Malaise","Backflip"],"picked":"PiercingWail","floor":14},{"not_picked":["Venomology","Doppelganger"],"picked":"Corpse Explosion","floor":16},{"not_picked":["Dash","Dagger Throw","Riddle With Holes"],"picked":"SKIP","floor":18},{"not_picked":["Dagger Spray","Blade Dance+1","Prepared"],"picked":"SKIP","floor":19},{"not_picked":["Flying Knee","Riddle With Holes"],"picked":"Deadly Poison","floor":21},{"not_picked":["Escape Plan","Riddle With Holes+1","Skewer"],"picked":"SKIP","floor":24},{"not_picked":["Well Laid Plans","Caltrops"],"picked":"Deflect+1","floor":27},{"not_picked":["Eviscerate","Skewer","Outmaneuver+1"],"picked":"SKIP","floor":30}],"player_experience":107554,"relics_obtained":[{"floor":4,"key":"Matryoshka"},{"floor":6,"key":"Vajra"},{"floor":9,"key":"Sundial"},{"floor":26,"key":"Snake Skull"},{"floor":26,"key":"Pen Nib"}],"event_choices":[{"damage_healed":0,"gold_gain":0,"player_choice":"Ignored","damage_taken":0,"max_hp_gain":0,"max_hp_loss":0,"event_name":"Liars Game","floor":5,"gold_loss":0},{"cards_removed":["Defend_G"],"damage_healed":0,"gold_gain":0,"player_choice":"Offered Basic","damage_taken":0,"max_hp_gain":0,"max_hp_loss":0,"event_name":"Bonfire Elementals","floor":13,"gold_loss":0},{"damage_healed":0,"gold_gain":0,"player_choice":"","damage_taken":6,"max_hp_gain":0,"max_hp_loss":0,"event_name":"Knowing Skull","floor":22,"potions_obtained":[],"gold_loss":0,"cards_obtained":[]},{"damage_healed":0,"gold_gain":0,"player_choice":"2 cards matched","damage_taken":0,"max_hp_gain":0,"max_hp_loss":0,"event_name":"Match and Keep!","floor":31,"gold_loss":0,"cards_obtained":["Corpse Explosion","Bane"]}],"is_beta":false,"boss_relics":[{"not_picked":["Ring of the Serpent","Empty Cage"],"picked":"Philosopher\u0027s Stone"}],"items_purged_floors":[20],"is_endless":false,"potions_floor_spawned":[1,3,6,16,18,19,24,27],"killed_by":"Champ","ascension_level":1}}