{"host":"1n4zh8skucxnzijq","time":1613901988,"event":{"mods":["AchievementEnabler","BaseMod","Minty Spire (QoL Compilation)","Quick Restart"],"gold_per_floor":[115,265,19,19,19,19,44,44,44,44,57,83,83,111,111,188,188,201,220,234,234,234,263,263,276,276,276,276],"floor_reached":27,"language":"ENG","playtime":805,"items_purged":["Doubt"],"score":524,"play_id":"85b4089d-c227-47d4-a95c-192c6a11aaaf","local_time":"20210221100628","is_ascension_mode":true,"campfire_choices":[{"data":"Noxious Fumes","floor":6.0,"key":"SMITH"},{"data":"Neutralize","floor":8.0,"key":"SMITH"},{"data":"Noxious Fumes","floor":15.0,"key":"SMITH"},{"floor":24.0,"key":"REST"}],"circlet_count":0,"master_deck":["AscendersBane","Strike_G","Strike_G+1","Strike_G","Strike_G+1","Defend_G","Defend_G","Defend_G","Defend_G","Defend_G","Survivor","Neutralize+1","Noxious Fumes+1","Noxious Fumes+1","Catalyst","Burst","Night Terror","Backflip+1","Pain","Deflect","Footwork+1"],"relics":["Ring of the Snake","NeowsBlessing","Anchor","Lantern","Matryoshka","Incense Burner","Snake Skull","Sozu","WarpedTongs","Mercury Hourglass","Juzu Bracelet","Molten Egg 2"],"acts_visited":["Exordium","TheCity"],"potions_floor_usage":[],"damage_taken":[{"damage":0.0,"enemies":"Cultist","floor":1.0,"turns":1.0},{"damage":0.0,"enemies":"Small Slimes","floor":11.0,"turns":1.0},{"damage":0.0,"enemies":"3 Sentries","floor":12.0,"turns":2.0},{"damage":18.0,"enemies":"Lagavulin","floor":14.0,"turns":6.0},{"damage":28.0,"enemies":"Slime Boss","floor":16.0,"turns":9.0},{"damage":0.0,"enemies":"Spheric Guardian","floor":18.0,"turns":5.0},{"damage":6.0,"enemies":"Chosen","floor":19.0,"turns":4.0},{"damage":27.0,"enemies":"Centurion and Healer","floor":20.0,"turns":8.0},{"damage":20.0,"enemies":"Slavers","floor":23.0,"turns":5.0},{"damage":15.0,"enemies":"Snecko","floor":25.0,"turns":6.0},{"damage":10,"enemies":"Gremlin Leader","floor":27,"turns":2}],"seed_played":"5991765946042532953","potions_obtained":[{"floor":11.0,"key":"Regen Potion"},{"floor":14.0,"key":"ColorlessPotion"}],"is_trial":false,"path_per_floor":["M","?","$","?","?","R","T","R","T","?","M","E","$","E","R","B",null,"M","M","M","?","?","E","R","M","T","E"],"character_chosen":"THE_SILENT","items_purchased":["Anchor"],"campfire_rested":1,"item_purchase_floors":[3],"current_hp_per_floor":[59,59,59,39,61,61,61,61,61,61,61,61,61,43,43,30,57,57,51,24,24,24,4,23,8,8,0,0],"gold":276,"neow_bonus":"THREE_ENEMY_KILL","is_daily":false,"chose_seed":false,"campfire_upgraded":3,"win_rate":0.0,"timestamp":1613901988,"path_taken":["M","?","$","?","?","R","?","R","T","?","?","E","$","E","R","BOSS","M","M","M","?","?","E","R","M","T","E"],"items_purchased_type":["Relic"],"build_version":"2020-12-22","purchased_purges":1,"victory":false,"max_hp_per_floor":[66,66,66,66,66,66,66,66,66,66,66,66,66,66,66,66,66,66,66,66,66,66,66,66,66,66,66,66],"card_choices":[{"not_picked":["Underhanded Strike","Catalyst"],"picked":"Noxious Fumes","floor":1.0},{"not_picked":["Dagger Spray","Acrobatics"],"picked":"Noxious Fumes","floor":11.0},{"not_picked":["Deadly Poison","Setup"],"picked":"Catalyst","floor":12.0},{"not_picked":["Deflect","Backflip"],"picked":"Burst","floor":14.0},{"not_picked":["Glass Knife","Malaise"],"picked":"Night Terror","floor":16.0},{"not_picked":["Bouncing Flask","Outmaneuver"],"picked":"Backflip+1","floor":18.0},{"not_picked":["Sucker Punch","Flying Knee","Blade Dance"],"picked":"SKIP","floor":19.0},{"not_picked":["Slice","Acrobatics","Blade Dance"],"picked":"SKIP","floor":20.0},{"not_picked":["Setup","Sucker Punch"],"picked":"Deflect","floor":23.0},{"not_picked":["Poisoned Stab","Heel Hook"],"picked":"Footwork+1","floor":25.0}],"player_experience":1125904,"relics_obtained":[{"floor":7.0,"key":"Lantern"},{"floor":9.0,"key":"Matryoshka"},{"floor":12.0,"key":"Incense Burner"},{"floor":14.0,"key":"Snake Skull"},{"floor":23.0,"key":"Mercury Hourglass"},{"floor":26.0,"key":"Juzu Bracelet"},{"floor":26.0,"key":"Molten Egg 2"}],"event_choices":[{"damage_healed":0.0,"max_hp_gain":0.0,"max_hp_loss":0.0,"gold_gain":150.0,"event_name":"Liars Game","player_choice":"AGREE","floor":2.0,"gold_loss":0.0,"damage_taken":0.0,"cards_obtained":["Doubt"]},{"damage_healed":0.0,"max_hp_gain":0.0,"max_hp_loss":0.0,"gold_gain":0.0,"event_name":"Shining Light","player_choice":"Entered Light","floor":4.0,"gold_loss":0.0,"damage_taken":20.0,"cards_upgraded":["Strike_G","Strike_G"]},{"damage_healed":22.0,"max_hp_gain":0.0,"max_hp_loss":0.0,"gold_gain":0.0,"event_name":"Big Fish","player_choice":"Banana","floor":5.0,"gold_loss":0.0,"damage_taken":0.0},{"cards_removed":["Strike_G"],"damage_healed":0.0,"max_hp_gain":0.0,"max_hp_loss":0.0,"gold_gain":0.0,"event_name":"Purifier","player_choice":"Purged","floor":10.0,"gold_loss":0.0,"damage_taken":0.0},{"damage_healed":0.0,"max_hp_gain":0.0,"max_hp_loss":0.0,"gold_gain":0.0,"event_name":"Vampires","player_choice":"Ignored","floor":21.0,"gold_loss":0.0,"damage_taken":0.0},{"damage_healed":0.0,"max_hp_gain":0.0,"max_hp_loss":0.0,"gold_gain":0.0,"event_name":"Accursed Blacksmith","player_choice":"Rummage","floor":22.0,"gold_loss":0.0,"damage_taken":0.0,"relics_obtained":["WarpedTongs"],"cards_obtained":["Pain"]}],"is_beta":false,"boss_relics":[{"not_picked":["Tiny House","SacredBark"],"picked":"Sozu"}],"items_purged_floors":[3],"is_endless":false,"potions_floor_spawned":[11,14,23,25],"killed_by":"Gremlin Leader","ascension_level":20}}