{"host":"6pic12dj9p7186mz","time":1613906862,"event":{"mods":["BaseMod","Minty Spire (QoL Compilation)","Permanent Neow","Relic Stats","StSLib"],"gold_per_floor":[114,39,49,67,17,17,35,65,65,83,96,131,131,159,159,254,254,265,190,190,202,222,257,257,257,257,282,282,37,54,87,87,189,189,209,260,278,278,292,323,323,353,404,404,155,169,218,235,235,235,235,235,113,148,148],"floor_reached":56,"language":"ENG","playtime":3124,"items_purged":["Strike_G","Flechettes"],"score":1458,"play_id":"2577f660-e588-43f9-ac86-356743bbc042","local_time":"20210221052742","is_ascension_mode":true,"campfire_choices":[{"data":"Neutralize","floor":6,"key":"SMITH"},{"data":"Noxious Fumes","floor":13,"key":"SMITH"},{"data":"Footwork","floor":15,"key":"SMITH"},{"data":"Malaise","floor":24,"key":"SMITH"},{"data":"After Image","floor":28,"key":"SMITH"},{"data":"Blade Dance","floor":32,"key":"SMITH"},{"data":"A Thousand Cuts","floor":41,"key":"SMITH"},{"floor":49,"key":"RECALL"},{"data":"Phantasmal Killer","floor":52,"key":"SMITH"}],"circlet_count":0,"master_deck":["Defend_G","Defend_G","Defend_G","Defend_G","Defend_G","Survivor","Neutralize+1","Noxious Fumes+1","Sucker Punch","Blade Dance","Backstab","Backflip","Footwork+1","Dagger Spray","Quick Slash","Malaise+1","Blade Dance+1","Cloak And Dagger+1","PiercingWail","Dodge and Roll","After Image+1","Skewer+1","Finisher","A Thousand Cuts+1","Deflect+1","Footwork+1","Finesse","Flash of Steel","Backflip+1","Phantasmal Killer+1","Doubt","A Thousand Cuts","Footwork","Deflect+1","Well Laid Plans+1","Blade Dance","Blade Dance"],"relics":["Ring of the Serpent","Pen Nib","Gremlin Horn","Paper Crane","Bottled Tornado","Coffee Dripper","Toy Ornithopter","The Courier","Boot","Shuriken","Snake Skull","Prayer Wheel","Blood Vial","Dream Catcher","Vajra","Ninja Scroll"],"acts_visited":["Exordium","TheCity","TheBeyond","TheEnding"],"potions_floor_usage":[12,16,23,31,36,36,48],"damage_taken":[{"damage":1,"enemies":"Small Slimes","floor":1,"turns":4},{"damage":3,"enemies":"2 Louse","floor":3,"turns":3},{"damage":2,"enemies":"Jaw Worm","floor":4,"turns":5},{"damage":3,"enemies":"Looter","floor":7,"turns":3},{"damage":7,"enemies":"3 Sentries","floor":8,"turns":8},{"damage":6,"enemies":"Exordium Wildlife","floor":10,"turns":4},{"damage":0,"enemies":"3 Louse","floor":11,"turns":2},{"damage":14,"enemies":"Gremlin Nob","floor":12,"turns":4},{"damage":22,"enemies":"Lagavulin","floor":14,"turns":9},{"damage":1,"enemies":"Slime Boss","floor":16,"turns":9},{"damage":6,"enemies":"3 Byrds","floor":18,"turns":4},{"damage":6,"enemies":"Chosen","floor":21,"turns":4},{"damage":7,"enemies":"Shelled Parasite and Fungi","floor":22,"turns":5},{"damage":10,"enemies":"Book of Stabbing","floor":23,"turns":5},{"damage":0,"enemies":"Gremlin Leader","floor":27,"turns":5},{"damage":0,"enemies":"Centurion and Healer","floor":30,"turns":4},{"damage":3,"enemies":"Book of Stabbing","floor":31,"turns":4},{"damage":17,"enemies":"Collector","floor":33,"turns":7},{"damage":12,"enemies":"Orb Walker","floor":35,"turns":4},{"damage":19,"enemies":"2 Orb Walkers","floor":36,"turns":3},{"damage":0,"enemies":"3 Darklings","floor":37,"turns":3},{"damage":11,"enemies":"Sphere and 2 Shapes","floor":39,"turns":6},{"damage":11,"enemies":"Nemesis","floor":40,"turns":5},{"damage":18,"enemies":"Giant Head","floor":42,"turns":6},{"damage":0,"enemies":"Maw","floor":46,"turns":6},{"damage":7,"enemies":"3 Darklings","floor":48,"turns":4},{"damage":27,"enemies":"Awakened One","floor":50,"turns":9},{"damage":42,"enemies":"Shield and Spear","floor":54,"turns":7},{"damage":43,"enemies":"The Heart","floor":55,"turns":10}],"seed_played":"-4067115578909651912","potions_obtained":[{"floor":1,"key":"Strength Potion"},{"floor":4,"key":"LiquidMemories"},{"floor":11,"key":"Dexterity Potion"},{"floor":12,"key":"BlessingOfTheForge"},{"floor":14,"key":"FairyPotion"},{"floor":16,"key":"BlessingOfTheForge"},{"floor":18,"key":"LiquidBronze"},{"floor":27,"key":"Poison Potion"},{"floor":31,"key":"DuplicationPotion"},{"floor":37,"key":"ColorlessPotion"},{"floor":39,"key":"FairyPotion"}],"is_trial":false,"path_per_floor":["M","$","M","M","?","R","M","E","T","M","M","E","R","E","R","B",null,"M","?","?","M","M","E","R","?","T","E","R","$","M","E","R","B",null,"M","?","M","?","M","E","R","E","T","?","$","M","T","M","R","B",null,"R","$","E","B",null],"character_chosen":"THE_SILENT","items_purchased":["Shuriken","SteroidPotion","A Thousand Cuts","Footwork","Blade Dance","FairyPotion"],"campfire_rested":0,"item_purchase_floors":[29,29,45,45,53,53],"current_hp_per_floor":[76,76,73,71,71,71,68,61,61,55,55,41,41,19,19,18,77,71,71,71,65,58,48,48,48,48,48,48,48,48,50,50,33,77,65,56,56,46,35,24,24,8,8,77,77,77,77,72,72,47,77,77,77,35,22],"gold":148,"neow_bonus":"TEN_PERCENT_HP_BONUS","is_daily":false,"chose_seed":false,"campfire_upgraded":8,"win_rate":0.0,"timestamp":1613906862,"path_taken":["M","$","M","M","?","R","M","E","T","M","M","E","R","E","R","BOSS","M","?","?","M","M","E","R","?","T","E","R","?","?","E","R","BOSS","M","?","M","?","M","E","R","E","T","?","$","?","?","M","R","BOSS","R","$","E","BOSS"],"items_purchased_type":["Relic","Potion","Card","Card","Card","Potion"],"build_version":"2020-12-22","purchased_purges":2,"victory":true,"max_hp_per_floor":[77,77,77,77,77,77,77,77,77,77,77,77,77,77,77,77,77,77,77,77,77,77,77,77,77,77,77,77,77,77,77,77,77,77,77,77,77,77,77,77,77,77,77,77,77,77,77,77,77,77,77,77,77,77,77],"relic_stats":{"Blood Vial":6,"Dream Catcher":0,"Gremlin Horn":[30,30],"counters":[29,152],"Shuriken":[66],"Prayer Wheel":4,"Pen Nib":[43],"Snake Skull":[92],"Boot":[42],"obtain_stats":[{"Gremlin Horn":9,"Vajra":43,"Pen Nib":8,"The Courier":26,"Snake Skull":31,"Paper Crane":12,"Bottled Tornado":14,"Boot":27,"Blood Vial":40,"Dream Catcher":42,"Shuriken":29,"Ninja Scroll":54,"Prayer Wheel":36,"Coffee Dripper":17,"Toy Ornithopter":23,"Ring of the Serpent":34,"Ring of the Snake":0},{"Gremlin Horn":5,"Vajra":24,"Pen Nib":5,"The Courier":14,"Snake Skull":17,"Paper Crane":8,"Bottled Tornado":9,"Boot":15,"Blood Vial":23,"Dream Catcher":24,"Shuriken":15,"Ninja Scroll":28,"Prayer Wheel":20,"Coffee Dripper":10,"Toy Ornithopter":14,"Ring of the Serpent":18,"Ring of the Snake":0},{"Gremlin Horn":23,"Vajra":116,"Pen Nib":23,"The Courier":69,"Snake Skull":82,"Paper Crane":33,"Bottled Tornado":42,"Boot":74,"Blood Vial":110,"Dream Catcher":116,"Shuriken":74,"Ninja Scroll":142,"Prayer Wheel":96,"Coffee Dripper":51,"Toy Ornithopter":69,"Ring of the Serpent":89,"Ring of the Snake":0}],"Toy Ornithopter":17},"card_choices":[{"not_picked":["Quick Slash","Backstab"],"picked":"Noxious Fumes","floor":1},{"not_picked":["Deflect","Bouncing Flask"],"picked":"Sucker Punch","floor":3},{"not_picked":["All Out Attack","Quick Slash"],"picked":"Blade Dance","floor":4},{"not_picked":["Cloak And Dagger","Sucker Punch"],"picked":"Backstab","floor":7},{"not_picked":["Prepared","Expertise","Tactician"],"picked":"SKIP","floor":8},{"not_picked":["Quick Slash","Reflex"],"picked":"Backflip","floor":10},{"not_picked":["Dodge and Roll","Accuracy"],"picked":"Footwork","floor":11},{"not_picked":["Night Terror","Calculated Gamble"],"picked":"Dagger Spray","floor":12},{"not_picked":["Heel Hook","Night Terror"],"picked":"Quick Slash","floor":14},{"not_picked":["Bullet Time","Night Terror"],"picked":"Malaise","floor":16},{"not_picked":["Outmaneuver","Backstab+1"],"picked":"Blade Dance","floor":18},{"not_picked":["Deadly Poison","Escape Plan"],"picked":"Cloak And Dagger+1","floor":21},{"not_picked":["Prepared+1","Dagger Spray"],"picked":"Flechettes","floor":22},{"not_picked":["Bane","Die Die Die"],"picked":"PiercingWail","floor":23},{"not_picked":["Storm of Steel","Reflex"],"picked":"Skewer+1","floor":27},{"not_picked":["Quick Slash","Deadly Poison"],"picked":"Finisher","floor":30},{"not_picked":["Unload","Prepared","Flying Knee"],"picked":"SKIP","floor":31},{"not_picked":["Malaise","Corpse Explosion"],"picked":"A Thousand Cuts","floor":33},{"not_picked":["Dagger Throw+1","Sucker Punch","Dagger Spray+1"],"picked":"SKIP","floor":35},{"not_picked":["Slice","Dodge and Roll"],"picked":"Deflect+1","floor":36},{"not_picked":["Endless Agony+1","Flying Knee"],"picked":"Footwork+1","floor":37},{"not_picked":["Eviscerate+1","Accuracy","Deadly Poison"],"picked":"SKIP","floor":37},{"not_picked":["Deep Breath","HandOfGreed"],"picked":"Finesse","floor":38},{"not_picked":["Thinking Ahead","Metamorphosis"],"picked":"Flash of Steel","floor":38},{"not_picked":["All Out Attack","Quick Slash"],"picked":"Backflip+1","floor":39},{"not_picked":["Dagger Throw+1","Dash+1","Poisoned Stab+1"],"picked":"SKIP","floor":39},{"not_picked":["Accuracy+1","Escape Plan"],"picked":"Phantasmal Killer","floor":40},{"not_picked":["Reflex+1","Prepared+1","All Out Attack+1"],"picked":"SKIP","floor":42},{"not_picked":["Cloak And Dagger","Deadly Poison+1"],"picked":"Deflect+1","floor":46},{"not_picked":["Venomology","Prepared","Dagger Throw+1"],"picked":"SKIP","floor":46},{"not_picked":["PiercingWail","Dagger Throw+1"],"picked":"Well Laid Plans+1","floor":48},{"not_picked":["Flying Knee","Quick Slash","Deadly Poison+1"],"picked":"SKIP","floor":48},{"not_picked":["Masterful Stab+1","Dagger Spray+1"],"picked":"Blade Dance","floor":54}],"player_experience":43270,"relics_obtained":[{"floor":8,"key":"Pen Nib"},{"floor":9,"key":"Gremlin Horn"},{"floor":12,"key":"Paper Crane"},{"floor":14,"key":"Bottled Tornado"},{"floor":23,"key":"Toy Ornithopter"},{"floor":26,"key":"The Courier"},{"floor":27,"key":"Boot"},{"floor":31,"key":"Snake Skull"},{"floor":36,"key":"Prayer Wheel"},{"floor":40,"key":"Blood Vial"},{"floor":42,"key":"Dream Catcher"},{"floor":43,"key":"Vajra"},{"floor":54,"key":"Ninja Scroll"}],"event_choices":[{"cards_removed":["Strike_G"],"damage_healed":0,"gold_gain":0,"player_choice":"Card Removal","damage_taken":0,"max_hp_gain":0,"max_hp_loss":0,"event_name":"The Cleric","floor":5,"gold_loss":50},{"cards_removed":["Strike_G"],"damage_healed":0,"gold_gain":0,"player_choice":"Gave Gold","damage_taken":0,"max_hp_gain":0,"max_hp_loss":0,"event_name":"Beggar","floor":19,"gold_loss":75},{"damage_healed":0,"gold_gain":0,"player_choice":"Ignored","damage_taken":0,"max_hp_gain":0,"max_hp_loss":0,"event_name":"Ghosts","floor":20,"gold_loss":0},{"damage_healed":0,"gold_gain":0,"cards_transformed":["Strike_G","Strike_G"],"player_choice":"Became Test Subject","damage_taken":0,"max_hp_gain":0,"max_hp_loss":0,"event_name":"Drug Dealer","floor":25,"gold_loss":0,"cards_obtained":["Dodge and Roll","After Image"]},{"damage_healed":0,"gold_gain":0,"player_choice":"Fight","damage_taken":0,"max_hp_gain":0,"max_hp_loss":0,"event_name":"Mysterious Sphere","floor":36,"gold_loss":0},{"damage_healed":0,"gold_gain":0,"player_choice":"Memory 3","damage_taken":10,"max_hp_gain":0,"max_hp_loss":0,"event_name":"SensoryStone","floor":38,"gold_loss":0},{"damage_healed":69,"gold_gain":0,"player_choice":"Heal","damage_taken":0,"max_hp_gain":0,"max_hp_loss":0,"event_name":"MindBloom","floor":44,"gold_loss":0,"cards_obtained":["Doubt"]}],"is_beta":false,"boss_relics":[{"not_picked":["Ectoplasm","Empty Cage"],"picked":"Coffee Dripper"},{"not_picked":["Fusion Hammer","HoveringKite"],"picked":"Ring of the Serpent"}],"items_purged_floors":[2,45],"is_endless":false,"potions_floor_spawned":[1,4,11,12,14,16,18,27,31,33,37,39,40,46],"ascension_level":3}}