{"host":"iv24d026eac8pm4e","time":1613867465,"event":{"mods":["BaseMod","Minty Spire (QoL Compilation)"],"gold_per_floor":[119,133,143,162,437,464,464,481,481,495,505,505,520,537,537,612,612,630,630,644,694,694,694,708,708,780,695,695,709,709,741,741,741,741],"floor_reached":33,"language":"ENG","playtime":1094,"items_purged":[],"score":642,"play_id":"f0941023-e2e7-47b5-8b36-5bf95f5f9a14","local_time":"20210220163105","is_ascension_mode":true,"campfire_choices":[{"data":"Terror","floor":7,"key":"SMITH"},{"data":"Blade Dance","floor":12,"key":"SMITH"},{"data":"Infinite Blades","floor":15,"key":"SMITH"},{"floor":23,"key":"REST"},{"data":"Venomology","floor":25,"key":"SMITH"},{"floor":30,"key":"REST"},{"floor":32,"key":"REST"}],"circlet_count":0,"master_deck":["AscendersBane","Strike_G","Strike_G","Strike_G","Strike_G","Defend_G","Defend_G","Defend_G","Defend_G","Defend_G","Survivor","Neutralize","Blade Dance+1","Dagger Throw","Dodge and Roll","Finisher","Terror+1","Deflect","Blur","Infinite Blades+1","Footwork","Corpse Explosion","Blade Dance+1","Venomology+1","Accuracy","Leg Sweep+1"],"relics":["Ring of the Snake","Pen Nib","Oddly Smooth Stone","Pocketwatch","Empty Cage","Mercury Hourglass","Kunai","Tough Bandages"],"acts_visited":["Exordium","TheCity"],"potions_floor_usage":[6,14,16,20,29,29,29,31,33],"damage_taken":[{"damage":0,"enemies":"2 Louse","floor":1,"turns":4},{"damage":0,"enemies":"Cultist","floor":2,"turns":3},{"damage":1,"enemies":"Small Slimes","floor":3,"turns":3},{"damage":16,"enemies":"Exordium Wildlife","floor":4,"turns":5},{"damage":11,"enemies":"Gremlin Nob","floor":6,"turns":3},{"damage":1,"enemies":"2 Fungi Beasts","floor":8,"turns":2},{"damage":9,"enemies":"Large Slime","floor":10,"turns":5},{"damage":2,"enemies":"Looter","floor":11,"turns":3},{"damage":2,"enemies":"2 Fungi Beasts","floor":13,"turns":3},{"damage":0,"enemies":"Exordium Thugs","floor":14,"turns":4},{"damage":3,"enemies":"Slime Boss","floor":16,"turns":3},{"damage":19,"enemies":"Spheric Guardian","floor":18,"turns":6},{"damage":14,"enemies":"2 Thieves","floor":20,"turns":3},{"damage":2,"enemies":"Centurion and Healer","floor":24,"turns":4},{"damage":9,"enemies":"Snake Plant","floor":29,"turns":4},{"damage":8,"enemies":"Book of Stabbing","floor":31,"turns":5},{"damage":56,"enemies":"Collector","floor":33,"turns":6}],"seed_played":"-1025537154942041594","potions_obtained":[{"floor":4,"key":"Fire Potion"},{"floor":10,"key":"Energy Potion"},{"floor":13,"key":"DistilledChaos"},{"floor":14,"key":"PowerPotion"},{"floor":20,"key":"Dexterity Potion"},{"floor":29,"key":"CunningPotion"}],"is_trial":false,"path_per_floor":["M","M","M","M","?","E","R","M","T","M","M","R","M","M","R","B",null,"M","?","M","?","?","R","M","R","T","?","T","M","R","E","R","B"],"character_chosen":"THE_SILENT","items_purchased":[],"campfire_rested":3,"item_purchase_floors":[],"current_hp_per_floor":[59,59,58,42,42,31,31,30,30,21,19,19,17,17,17,14,53,34,16,2,2,2,23,21,21,21,21,21,12,33,25,46,0,0],"gold":741,"neow_bonus":"RANDOM_COMMON_RELIC","is_daily":false,"chose_seed":false,"campfire_upgraded":4,"win_rate":0.0,"timestamp":1613867465,"path_taken":["M","M","M","M","?","E","R","M","T","?","M","R","M","M","R","BOSS","M","?","M","?","?","R","M","R","T","?","?","M","R","E","R","BOSS"],"items_purchased_type":[],"build_version":"2020-12-22","purchased_purges":0,"victory":false,"max_hp_per_floor":[66,66,66,66,66,66,66,66,66,66,66,66,66,66,66,66,66,66,71,71,71,71,71,71,71,71,71,71,71,71,71,71,71,71],"card_choices":[{"not_picked":["Prepared","Poisoned Stab"],"picked":"Blade Dance","floor":1},{"not_picked":["Sucker Punch","Backflip"],"picked":"Dagger Throw","floor":2},{"not_picked":["Dagger Throw","Riddle With Holes"],"picked":"Dodge and Roll","floor":3},{"not_picked":["Cloak And Dagger","Acrobatics"],"picked":"Finisher","floor":4},{"not_picked":["Dodge and Roll","Grand Finale"],"picked":"Terror","floor":6},{"not_picked":["Masterful Stab","Underhanded Strike","Outmaneuver"],"picked":"SKIP","floor":8},{"not_picked":["Bane","Quick Slash"],"picked":"Deflect","floor":10},{"not_picked":["Sucker Punch","PiercingWail"],"picked":"Blur","floor":11},{"not_picked":["Concentrate","Dagger Spray"],"picked":"Infinite Blades","floor":13},{"not_picked":["Unload","Finisher"],"picked":"Footwork","floor":14},{"not_picked":["Unload","Glass Knife"],"picked":"Corpse Explosion","floor":16},{"not_picked":["Backflip","Blur"],"picked":"Blade Dance+1","floor":18},{"not_picked":["Outmaneuver","Backflip"],"picked":"Venomology","floor":20},{"not_picked":["Bane","Slice","Poisoned Stab"],"picked":"SKIP","floor":24},{"not_picked":["Flying Knee+1","Predator","Tactician"],"picked":"SKIP","floor":29},{"not_picked":["Bouncing Flask","Crippling Poison"],"picked":"Leg Sweep+1","floor":31}],"player_experience":2541807,"relics_obtained":[{"floor":6,"key":"Oddly Smooth Stone"},{"floor":9,"key":"Pocketwatch"},{"floor":26,"key":"Mercury Hourglass"},{"floor":31,"key":"Tough Bandages"}],"event_choices":[{"damage_healed":0,"gold_gain":275,"player_choice":"Desecrate","damage_taken":0,"max_hp_gain":0,"max_hp_loss":0,"event_name":"Golden Shrine","floor":5,"gold_loss":0,"cards_obtained":["Regret"]},{"damage_healed":0,"gold_gain":0,"player_choice":"Shed Blood","damage_taken":23,"max_hp_gain":5,"max_hp_loss":0,"event_name":"Forgotten Altar","floor":19,"gold_loss":0},{"damage_healed":0,"gold_gain":50,"player_choice":"Stole From Cult","damage_taken":0,"max_hp_gain":0,"max_hp_loss":0,"event_name":"Nest","floor":21,"gold_loss":0},{"damage_healed":0,"gold_gain":0,"player_choice":"Read","damage_taken":0,"max_hp_gain":0,"max_hp_loss":0,"event_name":"The Library","floor":22,"gold_loss":0,"cards_obtained":["Accuracy"]},{"damage_healed":0,"gold_gain":0,"player_choice":"Obtained Relic","damage_taken":0,"relics_obtained":["Kunai"],"max_hp_gain":0,"max_hp_loss":0,"event_name":"Addict","floor":27,"gold_loss":85}],"is_beta":false,"boss_relics":[{"not_picked":["Busted Crown","Philosopher\u0027s Stone"],"picked":"Empty Cage"}],"items_purged_floors":[],"is_endless":false,"potions_floor_spawned":[4,10,13,14,20,24,29],"killed_by":"Collector","ascension_level":20}}