{"host":"w4b7hmige5bnqipq","time":1613938509,"event":{"mods":["2.2 Compatiblity","BaseMod","Colored Map","DeckTracker","Keyboard Shortcuts","Minty Spire (QoL Compilation)","Permanent Neow","Rare Cards Sparkle","SuperFastMode","everything is the same but u backflip on backflip","slay the spire mod where everything is the same but ironclad has a cowboy hat"],"gold_per_floor":[111,186,200,211,231,231,259,259,259,259,274,331,331,331],"floor_reached":13,"language":"KOR","playtime":256,"items_purged":[],"score":166,"play_id":"ee400016-4356-4978-b7e2-004303b3ef8e","local_time":"20210222051509","is_ascension_mode":true,"campfire_choices":[{"data":"Doom and Gloom","floor":6,"key":"SMITH"},{"floor":10,"key":"REST"}],"circlet_count":0,"master_deck":["AscendersBane","Strike_B","Strike_B","Strike_B","Strike_B","Defend_B","Defend_B","Defend_B","Defend_B","Zap","Dualcast","Skim","Melter","Streamline","Doom and Gloom+1","Hologram","Aggregate","Darkness"],"relics":["Inserter","White Beast Statue","Bottled Flame","Symbiotic Virus"],"acts_visited":["Exordium"],"potions_floor_usage":[7,12,12,13],"damage_taken":[{"damage":4,"enemies":"2 Louse","floor":1,"turns":3},{"damage":4,"enemies":"Jaw Worm","floor":3,"turns":4},{"damage":4,"enemies":"Small Slimes","floor":4,"turns":4},{"damage":12,"enemies":"Looter","floor":5,"turns":4},{"damage":25,"enemies":"3 Sentries","floor":7,"turns":5},{"damage":0,"enemies":"3 Louse","floor":11,"turns":1},{"damage":23,"enemies":"Lagavulin Event","floor":12,"turns":5},{"damage":0,"enemies":"Gremlin Nob","floor":13,"turns":2}],"seed_played":"-8975063832416187986","potions_obtained":[{"floor":1,"key":"PotionOfCapacity"},{"floor":3,"key":"LiquidBronze"},{"floor":5,"key":"Weak Potion"},{"floor":11,"key":"Energy Potion"},{"floor":12,"key":"LiquidMemories"}],"is_trial":false,"path_per_floor":["M","?","M","M","M","R","E","?","T","R","M","?","E"],"character_chosen":"DEFECT","items_purchased":[],"campfire_rested":1,"item_purchase_floors":[],"current_hp_per_floor":[60,49,45,41,29,29,4,4,4,25,25,2,2,2],"gold":331,"neow_bonus":"BOSS_RELIC","is_daily":false,"chose_seed":false,"campfire_upgraded":1,"win_rate":0.0,"timestamp":1613938509,"path_taken":["M","?","M","M","M","R","E","?","T","R","M","?","E"],"items_purchased_type":[],"build_version":"2020-12-22","purchased_purges":0,"victory":false,"max_hp_per_floor":[71,71,71,71,71,71,71,71,71,71,71,71,71,71],"card_choices":[{"not_picked":["Darkness","Beam Cell"],"picked":"Skim","floor":1},{"not_picked":["Storm","Compile Driver"],"picked":"Melter","floor":3},{"not_picked":["Reprogram","Compile Driver"],"picked":"Streamline","floor":4},{"not_picked":["Hello World","Hologram"],"picked":"Doom and Gloom","floor":5},{"not_picked":["Redo","Thunder Strike"],"picked":"Hologram","floor":7},{"not_picked":["Steam","Hologram"],"picked":"Aggregate","floor":11},{"not_picked":["Hologram","Cold Snap"],"picked":"Darkness","floor":12}],"player_experience":794400,"relics_obtained":[{"floor":7,"key":"White Beast Statue"},{"floor":9,"key":"Bottled Flame"},{"floor":12,"key":"Symbiotic Virus"}],"event_choices":[{"damage_healed":0,"gold_gain":75,"player_choice":"Gather Gold","damage_taken":11,"max_hp_gain":0,"max_hp_loss":0,"event_name":"World of Goop","floor":2,"gold_loss":0},{"damage_healed":0,"gold_gain":0,"player_choice":"Ignored","damage_taken":0,"max_hp_gain":0,"max_hp_loss":0,"event_name":"Shining Light","floor":8,"gold_loss":0},{"damage_healed":0,"gold_gain":30,"player_choice":"Searched \u00272\u0027 times","damage_taken":0,"max_hp_gain":0,"max_hp_loss":0,"event_name":"Dead Adventurer","floor":12,"gold_loss":0}],"is_beta":false,"boss_relics":[],"items_purged_floors":[],"is_endless":false,"potions_floor_spawned":[1,3,5,11,12],"killed_by":"Gremlin Nob","ascension_level":19}}