{"host":"x730sfaw5rd1mxd8","time":1613874051,"event":{"mods":["BaseMod","BetterRewards","Colored Powertips","Downfall","Highlight Path","Minty Spire (QoL Compilation)","Relic Sorter","Relic Stats","Replay The Spire","StSLib"],"gold_per_floor":[99,111,46,46,58,84,138,69,69,79,99,127,27,352,364,468,468,468,488,507,525,535,570,570,570,570,470,505,405,431,451,471,570,570,570,582,593,593,643,643,643,672,672,700,700,720,166,196,216,216,216,250,17,17,17,17],"floor_reached":57,"language":"ENG","playtime":7050,"items_purged":["Guardian:Defend_Guardian"],"score":1580,"play_id":"3bce6d93-5191-4f37-9b65-0630b0d637fa","local_time":"20210220212051","is_ascension_mode":true,"campfire_choices":[{"data":"Guardian:TwinSlam","floor":1,"key":"SMITH"},{"data":"Guardian:ChargeUp","floor":13,"key":"SMITH"},{"data":"Guardian:FloatingOrbs","floor":18,"key":"SMITH"},{"floor":27,"key":"RECALL"},{"data":"Guardian:ChargeUp","floor":29,"key":"SMITH"},{"data":"Guardian:FloatingOrbs","floor":35,"key":"SMITH"},{"data":"Guardian:Preprogram","floor":40,"key":"SMITH"},{"data":"Guardian:FloatingOrbs","floor":45,"key":"SMITH"},{"data":"Guardian:BodySlam","floor":54,"key":"SMITH"}],"circlet_count":0,"master_deck":["Guardian:Defend_Guardian","Guardian:Defend_Guardian","Guardian:Defend_Guardian","Guardian:CurlUp","Guardian:TwinSlam+1","Guardian:ChargeUp+1","Guardian:PiercingHide","Guardian:Planning","Guardian:ChargeUp+1","Guardian:Recover","Guardian:FloatingOrbs+1","Guardian:FloatingOrbs+1","Guardian:BronzeOrb","Guardian:Preprogram+1","Guardian:TemporalShield","Guardian:Repulse+1","Guardian:Gem_White","Guardian:TimeSifter","Guardian:CompilePackage","Guardian:StasisEngine","Guardian:Incinerate+1","Guardian:FloatingOrbs+1","Guardian:TimeCapacitor+1","Guardian:DonusPower+1","Guardian:BodySlam+1","Guardian:Gem_White"],"relics":["Guardian:ModeShifter","Replay:Ringing Soul","MealTicket","Omamori","downfall:HeartBlessingGreen","Old Coin","Replay:Drink Me","Replay:Bottled Flurry","downfall:HeartBlessingBlue","Oddly Smooth Stone","downfall:HeartBlessingRed","ReplayTheSpireMod:Lightbulb","Philosopher\u0027s Stone","Ice Cream","Iron Hammer","Gremlin Food","Du-Vu Doll","ReplayTheSpireMod:Ninjato","Torii","Replay:WaspNest","ReplayTheSpireMod:Shallot"],"acts_visited":["Exordium","TheCity","TheBeyond","TheEnding"],"potions_floor_usage":[6,14,14,56,56,56],"damage_taken":[{"damage":2,"enemies":"Cultist","floor":2,"turns":5},{"damage":0,"enemies":"downfall:FleeingMerchant","floor":3,"turns":4},{"damage":5,"enemies":"Small Slimes","floor":5,"turns":4},{"damage":0,"enemies":"Gremlin Nob","floor":6,"turns":3},{"damage":2,"enemies":"downfall:FleeingMerchant","floor":8,"turns":4},{"damage":1,"enemies":"2 Louse","floor":10,"turns":3},{"damage":5,"enemies":"Lots of Slimes","floor":11,"turns":4},{"damage":9,"enemies":"3 Sentries","floor":12,"turns":8},{"damage":4,"enemies":"Gremlin Nob","floor":14,"turns":4},{"damage":0,"enemies":"2 Fungi Beasts","floor":15,"turns":4},{"damage":4,"enemies":"WA_ARCHETYPE_RETAIN","floor":16,"turns":7},{"damage":0,"enemies":"downfall:LooterAlt2","floor":19,"turns":6},{"damage":0,"enemies":"Spheric Guardian","floor":20,"turns":4},{"damage":0,"enemies":"Shelled Parasite and Fungi","floor":21,"turns":4},{"damage":0,"enemies":"3 Cultists","floor":22,"turns":6},{"damage":2,"enemies":"Slavers","floor":23,"turns":7},{"damage":0,"enemies":"Book of Stabbing","floor":28,"turns":6},{"damage":0,"enemies":"Replay:Snechameleon","floor":30,"turns":5},{"damage":0,"enemies":"Sentry and Sphere","floor":31,"turns":5},{"damage":0,"enemies":"Centurion and Healer","floor":32,"turns":6},{"damage":3,"enemies":"SI_MIRROR_ARCHETYPE","floor":33,"turns":11},{"damage":0,"enemies":"3 Shapes","floor":36,"turns":5},{"damage":0,"enemies":"3 Darklings","floor":37,"turns":6},{"damage":0,"enemies":"2 Orb Walkers","floor":39,"turns":6},{"damage":0,"enemies":"R_Hoarder","floor":42,"turns":7},{"damage":14,"enemies":"Reptomancer","floor":44,"turns":5},{"damage":0,"enemies":"Sphere and 2 Shapes","floor":46,"turns":4},{"damage":0,"enemies":"downfall:FleeingMerchant","floor":47,"turns":4},{"damage":0,"enemies":"R_Hoarder","floor":48,"turns":5},{"damage":0,"enemies":"Transient","floor":49,"turns":5},{"damage":0,"enemies":"DF_ARCHETYPE_ORBS","floor":50,"turns":5},{"damage":5,"enemies":"downfall:CharBossMerchant","floor":52,"turns":8},{"damage":0,"enemies":"downfall:NeowBoss","floor":55,"turns":7},{"damage":7,"enemies":"downfall:NeowBossFinal","floor":56,"turns":7}],"seed_played":"-6024765973088029802","potions_obtained":[{"floor":2,"key":"champ:CounterPotion"},{"floor":9,"key":"Cursed Concoction"},{"floor":9,"key":"Block Potion"},{"floor":9,"key":"Guardian:AcceleratePotion"},{"floor":10,"key":"hexamod:SoulburnPotion"},{"floor":14,"key":"CultistPotion"},{"floor":15,"key":"Slimebound:ThreeZeroPotion"},{"floor":16,"key":"Dexterity Potion"},{"floor":23,"key":"Strength Potion"},{"floor":36,"key":"Strength Potion"}],"is_trial":false,"path_per_floor":["R","M","$","?","M","E","T","$","?","M","M","E","R","E","M","B",null,"R","M","M","M","M","E","T","?","?","R","E","R","E","M","M","B",null,"R","M","M","?","?","R","T","E","?","E","R","M","$","E","M","B",null,"E","$","R","B","B",null],"character_chosen":"GUARDIAN","items_purchased":["Guardian:Planning","Guardian:FloatingOrbs","ReplayTheSpireMod:Ninjato","Torii","Guardian:BodySlam","Guardian:Gem_White"],"campfire_rested":0,"item_purchase_floors":[3,8,47,47,53,53],"current_hp_per_floor":[88,86,86,86,81,84,84,92,92,94,89,83,83,82,85,84,82,82,82,82,82,85,86,86,86,86,96,99,99,102,102,105,105,110,110,113,113,113,116,116,116,119,119,108,108,108,122,122,125,125,125,123,131,131,131,124],"gold":17,"neow_bonus":"TEN_PERCENT_HP_BONUS","is_daily":false,"chose_seed":false,"campfire_upgraded":8,"win_rate":0.0,"timestamp":1613874051,"path_taken":["R","M","?","?","M","E","T","$","?","M","M","E","R","E","M","BOSS","R","M","M","M","?","E","T","?","?","R","E","R","E","M","M","BOSS","R","M","M","?","?","R","T","E","?","E","R","M","?","E","M","BOSS","E","$","R","BOSS","BOSS"],"items_purchased_type":["Card","Card","Relic","Relic","Card","Card"],"build_version":"2020-12-22","purchased_purges":1,"victory":true,"max_hp_per_floor":[88,88,88,88,88,91,91,94,94,97,97,100,100,103,106,109,82,82,82,82,82,85,88,88,88,88,98,101,101,104,104,107,110,110,110,113,113,113,116,116,116,119,119,122,122,122,122,122,125,125,125,128,131,131,131,131],"relic_stats":{"Torii":0,"counters":[34,184],"MealTicket":26,"obtain_stats":[{"Ice Cream":39,"Gremlin Food":42,"ReplayTheSpireMod:Ninjato":47,"downfall:HeartBlessingRed":29,"Torii":47,"Guardian:ModeShifter":0,"Oddly Smooth Stone":28,"downfall:HeartBlessingGreen":13,"Replay:WaspNest":48,"Omamori":12,"Old Coin":14,"Du-Vu Doll":44,"Replay:Ringing Soul":6,"ReplayTheSpireMod:Shallot":52,"downfall:HeartBlessingBlue":27,"MealTicket":7,"Philosopher\u0027s Stone":34,"Iron Hammer":41,"Replay:Bottled Flurry":23,"Replay:Drink Me":17,"ReplayTheSpireMod:Lightbulb":30},{"Ice Cream":24,"Gremlin Food":25,"ReplayTheSpireMod:Ninjato":28,"downfall:HeartBlessingRed":17,"Torii":28,"Guardian:ModeShifter":0,"Oddly Smooth Stone":17,"downfall:HeartBlessingGreen":8,"Replay:WaspNest":29,"Omamori":8,"Old Coin":9,"Du-Vu Doll":26,"Replay:Ringing Soul":4,"ReplayTheSpireMod:Shallot":32,"downfall:HeartBlessingBlue":16,"MealTicket":4,"Philosopher\u0027s Stone":21,"Iron Hammer":24,"Replay:Bottled Flurry":16,"Replay:Drink Me":11,"ReplayTheSpireMod:Lightbulb":18},{"Ice Cream":127,"Gremlin Food":134,"ReplayTheSpireMod:Ninjato":147,"downfall:HeartBlessingRed":83,"Torii":147,"Guardian:ModeShifter":0,"Oddly Smooth Stone":83,"downfall:HeartBlessingGreen":35,"Replay:WaspNest":152,"Omamori":35,"Old Coin":39,"Du-Vu Doll":139,"Replay:Ringing Soul":16,"ReplayTheSpireMod:Shallot":170,"downfall:HeartBlessingBlue":77,"MealTicket":16,"Philosopher\u0027s Stone":110,"Iron Hammer":127,"Replay:Bottled Flurry":77,"Replay:Drink Me":50,"ReplayTheSpireMod:Lightbulb":88}]},"card_choices":[{"not_picked":["Guardian:Harden","Guardian:Preprogram"],"picked":"Guardian:ChargeUp","floor":2},{"not_picked":["Guardian:Reroute","Guardian:WalkerClaw"],"picked":"Guardian:PiercingHide","floor":3},{"not_picked":["Guardian:ShieldSpikes","Guardian:TemporalShield"],"picked":"Guardian:ChargeUp","floor":5},{"not_picked":["Guardian:WalkerClaw","Guardian:Gem_Lightblue"],"picked":"Guardian:Recover","floor":6},{"not_picked":["Guardian:PrismaticBeam","Guardian:PiercingHide"],"picked":"Guardian:Gem_Yellow","floor":8},{"not_picked":["Guardian:Reroute","Guardian:BaubleBeam"],"picked":"Guardian:BronzeOrb","floor":10},{"not_picked":["Guardian:Reroute","Guardian:TimeBomb","Guardian:ChargeCore"],"picked":"SKIP","floor":11},{"not_picked":["Guardian:Gem_Green","Guardian:ShieldCharger"],"picked":"Guardian:Preprogram","floor":12},{"not_picked":["Guardian:Gem_Green","Guardian:GatlingBeam"],"picked":"Guardian:Gem_White","floor":14},{"not_picked":["Guardian:ArmoredProtocol","Guardian:Planning"],"picked":"Guardian:TemporalShield","floor":15},{"not_picked":["Guardian:CompilePackage","Guardian:BaubleBeam"],"picked":"Guardian:Gem_Orange","floor":16},{"not_picked":["Guardian:VentSteam+1","Guardian:BronzeArmor","Guardian:ArmoredProtocol+1"],"picked":"SKIP","floor":19},{"not_picked":["Guardian:ShieldCharger+1","Guardian:ChargeCore","Guardian:CrystalBeam"],"picked":"SKIP","floor":20},{"not_picked":["Guardian:AncientConstruct","Guardian:TemporalShield","Guardian:ChargeCore"],"picked":"SKIP","floor":21},{"not_picked":["Guardian:Emergency","Guardian:PolyBeam"],"picked":"Guardian:Repulse+1","floor":22},{"not_picked":["Guardian:PrismaticBarrier","Guardian:TemporalShield"],"picked":"Guardian:Gem_White","floor":23},{"not_picked":["Guardian:VentSteam","Guardian:Harden+1"],"picked":"Guardian:TimeSifter","floor":28},{"not_picked":["Guardian:Reroute","Guardian:Gem_Cyan"],"picked":"Guardian:CompilePackage","floor":30},{"not_picked":["Guardian:BronzeOrb","Guardian:VentSteam","Guardian:Recover"],"picked":"SKIP","floor":31},{"not_picked":["Guardian:Planning","Guardian:Reroute+1"],"picked":"Guardian:Gem_Purple","floor":32},{"not_picked":["Guardian:SphericShield","Guardian:TimeSifter"],"picked":"Guardian:StasisEngine","floor":33},{"not_picked":["Guardian:Incinerate","Guardian:CrystalBeam+1"],"picked":"Guardian:Gem_Cyan","floor":36},{"not_picked":["Guardian:CrystalBeam","Guardian:PrimingBeam+1","Guardian:Repulse+1"],"picked":"SKIP","floor":37},{"not_picked":["Guardian:Planning","Guardian:Gem_Lightblue"],"picked":"Guardian:Incinerate+1","floor":39},{"not_picked":["Guardian:ShieldCharger+1","Guardian:Incinerate+1"],"picked":"Guardian:FloatingOrbs","floor":42},{"not_picked":["Guardian:RollAttack+1","Guardian:Planning+1"],"picked":"Guardian:Gem_Purple","floor":44},{"not_picked":["Guardian:RollAttack","Guardian:Recover","Guardian:ArmoredProtocol"],"picked":"SKIP","floor":46},{"not_picked":["Guardian:Gem_Purple","Guardian:SphericShield","Guardian:DecasProtection"],"picked":"SKIP","floor":47},{"not_picked":["Guardian:Gem_Cyan","Guardian:ExploitGems","Guardian:Gem_White"],"picked":"SKIP","floor":48},{"not_picked":["Guardian:TemporalStrike","Guardian:ShieldSpikes+1"],"picked":"Guardian:TimeCapacitor+1","floor":49},{"not_picked":["Guardian:Gem_Synthetic","Guardian:RollAttack"],"picked":"Guardian:DonusPower+1","floor":52}],"player_experience":4249515,"relics_obtained":[{"floor":6,"key":"Replay:Ringing Soul"},{"floor":7,"key":"MealTicket"},{"floor":12,"key":"Omamori"},{"floor":14,"key":"Old Coin"},{"floor":23,"key":"Replay:Bottled Flurry"},{"floor":28,"key":"Oddly Smooth Stone"},{"floor":30,"key":"ReplayTheSpireMod:Lightbulb"},{"floor":39,"key":"Ice Cream"},{"floor":41,"key":"Iron Hammer"},{"floor":42,"key":"Gremlin Food"},{"floor":44,"key":"Du-Vu Doll"},{"floor":48,"key":"Replay:WaspNest"},{"floor":52,"key":"ReplayTheSpireMod:Shallot"}],"event_choices":[{"damage_healed":0,"gold_gain":0,"player_choice":"Got Potions","damage_taken":0,"max_hp_gain":0,"max_hp_loss":0,"event_name":"Lab","floor":9,"gold_loss":0},{"damage_healed":0,"gold_gain":0,"player_choice":"Ignored","damage_taken":0,"max_hp_gain":0,"max_hp_loss":0,"event_name":"Vampires","floor":25,"gold_loss":0},{"damage_healed":0,"gold_gain":0,"player_choice":"Ignored","damage_taken":0,"max_hp_gain":0,"max_hp_loss":0,"event_name":"Ghosts","floor":26,"gold_loss":0},{"damage_healed":0,"gold_gain":0,"player_choice":"Fight","damage_taken":0,"max_hp_gain":0,"max_hp_loss":0,"event_name":"Mysterious Sphere","floor":39,"gold_loss":0}],"is_beta":false,"boss_relics":[{"not_picked":["SlaversCollar","SacredBark"],"picked":"Replay:Drink Me"},{"not_picked":["Replay:Bronze Core","Guardian:ModeShifterPlus"],"picked":"Philosopher\u0027s Stone"}],"items_purged_floors":[53],"is_endless":false,"potions_floor_spawned":[2,10,11,12,14,15,16,22,23,28,31,36,37,39,48,52],"ascension_level":1}}