{"host":"nbofzmb1hl9rnais","time":1613947131,"event":{"mods":["BaseMod","Colored Map","Minty Spire (QoL Compilation)","StSLib"],"gold_per_floor":[163,174,53,128,28,63,63,83,83,83,83,83],"floor_reached":11,"language":"ENG","playtime":509,"items_purged":["Strike_R","Strike_R"],"score":82,"play_id":"a63ddd33-4246-41ff-9e36-ae5d9661e868","local_time":"20210221143851","is_ascension_mode":true,"campfire_choices":[{"data":"Armaments","floor":7,"key":"SMITH"}],"circlet_count":0,"master_deck":["Strike_R","Strike_R","Strike_R","Defend_R","Defend_R","Defend_R","Defend_R","Bash+1","Evolve","Pummel","Sever Soul","Armaments+1","Fire Breathing","Battle Trance"],"relics":["Tiny House","Mummified Hand"],"acts_visited":["Exordium"],"potions_floor_usage":[11,11,11,11],"damage_taken":[{"damage":1,"enemies":"Cultist","floor":1,"turns":3},{"damage":3,"enemies":"2 Louse","floor":2,"turns":2},{"damage":50,"enemies":"3 Sentries","floor":6,"turns":9},{"damage":7,"enemies":"Jaw Worm","floor":8,"turns":4},{"damage":19,"enemies":"Gremlin Nob","floor":11,"turns":3}],"seed_played":"-8600637763431456228","potions_obtained":[{"floor":0,"key":"Weak Potion"},{"floor":1,"key":"EntropicBrew"},{"floor":2,"key":"Ancient Potion"}],"is_trial":false,"path_per_floor":["M","M","$","?","$","E","R","M","T","?","E"],"character_chosen":"IRONCLAD","items_purchased":["Armaments"],"campfire_rested":0,"item_purchase_floors":[3],"current_hp_per_floor":[84,81,81,70,70,20,20,13,13,13,0,0],"gold":83,"neow_bonus":"BOSS_RELIC","is_daily":false,"chose_seed":false,"campfire_upgraded":1,"win_rate":0.0,"timestamp":1613947131,"path_taken":["M","M","$","?","$","E","R","M","T","?","E"],"items_purchased_type":["Card"],"build_version":"2020-12-22","purchased_purges":2,"victory":false,"max_hp_per_floor":[85,85,85,85,85,85,85,85,85,85,85,85],"card_choices":[{"not_picked":["Seeing Red","Dropkick"],"picked":"Evolve","floor":0},{"not_picked":["Havoc","Perfected Strike"],"picked":"Pummel","floor":1},{"not_picked":["Havoc","Evolve"],"picked":"Sever Soul","floor":2},{"not_picked":["Heavy Blade","Thunderclap"],"picked":"Fire Breathing","floor":6},{"not_picked":["Anger","Perfected Strike"],"picked":"Battle Trance","floor":8}],"player_experience":137677,"relics_obtained":[{"floor":6,"key":"Mummified Hand"}],"event_choices":[{"damage_healed":0,"gold_gain":75,"player_choice":"Gather Gold","damage_taken":11,"max_hp_gain":0,"max_hp_loss":0,"event_name":"World of Goop","floor":4,"gold_loss":0},{"damage_healed":0,"gold_gain":0,"player_choice":"Bought 0 Potions","damage_taken":0,"max_hp_gain":0,"max_hp_loss":0,"event_name":"The Woman in Blue","floor":10,"gold_loss":0}],"is_beta":false,"boss_relics":[],"items_purged_floors":[3,5],"is_endless":false,"potions_floor_spawned":[1,2],"killed_by":"Gremlin Nob","ascension_level":3}}