{"host":"p8bnstsjdxjza4jm","time":1613898159,"event":{"mods":["BaseMod","Colored Powertips","Minty Spire (QoL Compilation)","Quick Restart","StSLib","Together in Spire"],"gold_per_floor":[116,66,18,18,18,18,51,51,51,80,97,116,129,139,139,239,239,254,254,268,283,72,72,72],"floor_reached":23,"language":"KOR","playtime":495,"items_purged":["Strike_R"],"score":289,"play_id":"c7cf9b1f-5c3c-49de-9048-b2e6eb20085f","local_time":"20210221180239","is_ascension_mode":true,"campfire_choices":[{"data":"1","floor":6,"key":"LIFT"},{"data":"2","floor":8,"key":"LIFT"},{"data":"3","floor":15,"key":"LIFT"}],"circlet_count":0,"master_deck":["Strike_R","Strike_R","Strike_R","Defend_R","Defend_R","Defend_R","Defend_R","Bash","Rupture","Sword Boomerang","Regret","Bloodletting","Seeing Red","Double Tap","Combust","Brutality"],"relics":["Burning Blood","NeowsBlessing","Girya","Potion Belt","Lantern","Eternal Feather"],"acts_visited":["Exordium","TheCity"],"potions_floor_usage":[13,14,16,21,23],"damage_taken":[{"damage":0,"enemies":"Jaw Worm","floor":1,"turns":1},{"damage":0,"enemies":"Gremlin Nob","floor":7,"turns":1},{"damage":0,"enemies":"Lagavulin","floor":10,"turns":1},{"damage":9,"enemies":"Small Slimes","floor":11,"turns":2},{"damage":3,"enemies":"2 Louse","floor":12,"turns":3},{"damage":0,"enemies":"Exordium Wildlife","floor":13,"turns":1},{"damage":14,"enemies":"2 Fungi Beasts","floor":14,"turns":3},{"damage":72,"enemies":"Hexaghost","floor":16,"turns":10},{"damage":27,"enemies":"Shell Parasite","floor":18,"turns":4},{"damage":22,"enemies":"Chosen","floor":20,"turns":5},{"damage":20,"enemies":"Centurion and Healer","floor":21,"turns":4},{"damage":29,"enemies":"Slavers","floor":23,"turns":1}],"seed_played":"4143791288842740063","potions_obtained":[{"floor":7,"key":"Block Potion"},{"floor":11,"key":"SkillPotion"},{"floor":12,"key":"AttackPotion"},{"floor":13,"key":"SpeedPotion"},{"floor":21,"key":"DistilledChaos"}],"is_trial":false,"path_per_floor":["M","?","$","?","$","R","E","R","T","E","M","M","M","M","R","B",null,"M","?","M","M","$","E"],"character_chosen":"IRONCLAD","items_purchased":["Sword Boomerang","Brutality"],"campfire_rested":0,"item_purchase_floors":[3,22],"current_hp_per_floor":[80,80,80,80,80,80,80,80,80,80,77,80,80,72,78,12,80,59,59,43,29,29,0,0],"gold":72,"neow_bonus":"THREE_ENEMY_KILL","is_daily":false,"chose_seed":false,"campfire_upgraded":0,"win_rate":0.0,"timestamp":1613898159,"path_taken":["M","?","$","?","$","R","E","R","T","E","M","M","M","M","R","BOSS","M","?","M","M","$","E"],"items_purchased_type":["Card","Card"],"build_version":"2020-12-22","purchased_purges":1,"victory":false,"max_hp_per_floor":[80,80,80,80,80,80,80,80,80,80,80,80,80,80,80,80,80,80,80,80,80,80,80,80],"card_choices":[{"not_picked":["Shrug It Off","Searing Blow"],"picked":"Rupture","floor":1},{"not_picked":["Havoc","Sword Boomerang","Spot Weakness"],"picked":"SKIP","floor":7},{"not_picked":["Dual Wield","Fire Breathing"],"picked":"Bloodletting","floor":10},{"not_picked":["True Grit","Headbutt","Iron Wave"],"picked":"SKIP","floor":11},{"not_picked":["Perfected Strike","Shrug It Off","Pommel Strike"],"picked":"SKIP","floor":12},{"not_picked":["Havoc","Sword Boomerang"],"picked":"Seeing Red","floor":13},{"not_picked":["Heavy Blade","Cleave","Body Slam"],"picked":"SKIP","floor":14},{"not_picked":["Limit Break","Demon Form"],"picked":"Double Tap","floor":16},{"not_picked":["Sentinel+1","Anger","Warcry"],"picked":"SKIP","floor":18},{"not_picked":["Warcry+1","Headbutt","Feel No Pain"],"picked":"SKIP","floor":20},{"not_picked":["Shockwave","Wild Strike+1","Power Through+1"],"picked":"SKIP","floor":21}],"player_experience":103774,"relics_obtained":[{"floor":7,"key":"Potion Belt"},{"floor":9,"key":"Lantern"},{"floor":10,"key":"Eternal Feather"}],"event_choices":[{"cards_removed":["Strike_R"],"damage_healed":0,"gold_gain":0,"player_choice":"Card Removal","damage_taken":0,"max_hp_gain":0,"max_hp_loss":0,"event_name":"The Cleric","floor":2,"gold_loss":50},{"damage_healed":0,"gold_gain":0,"player_choice":"Box","damage_taken":0,"relics_obtained":["Girya"],"max_hp_gain":0,"max_hp_loss":0,"event_name":"Big Fish","floor":4,"gold_loss":0,"cards_obtained":["Regret"]},{"damage_healed":0,"gold_gain":0,"player_choice":"Read","damage_taken":0,"max_hp_gain":0,"max_hp_loss":0,"event_name":"The Library","floor":19,"gold_loss":0,"cards_obtained":["Combust"]}],"is_beta":false,"boss_relics":[{"not_picked":["Astrolabe","Snecko Eye","Coffee Dripper"]}],"items_purged_floors":[22],"is_endless":false,"potions_floor_spawned":[7,11,12,13,21],"killed_by":"Slavers","ascension_level":3}}