{"host":"hjajo0rafoe1e6c4","time":1613869853,"event":{"mods":["AchievementEnabler","BaseMod","Colored Map","Colored Powertips","Highlight Path","Minty Spire (QoL Compilation)","Relic Stats","Slay the Relics Exporter","StSLib"],"gold_per_floor":[117,117,117,44,67,67,105,105,105,120,120,134,175,188,188,316,316,334,86,11,11,30,30,44,65,92,119,44,44,88,108,108,108,108],"floor_reached":33,"language":"ENG","playtime":1690,"items_purged":["Shame"],"score":383,"play_id":"bee0947e-da07-44af-80eb-6da75f2a2016","local_time":"20210220201053","is_ascension_mode":true,"campfire_choices":[{"data":"Shockwave","floor":6,"key":"SMITH"},{"data":"Uppercut","floor":8,"key":"SMITH"},{"data":"Battle Trance","floor":11,"key":"SMITH"},{"data":"True Grit","floor":15,"key":"SMITH"},{"data":"Feed","floor":23,"key":"SMITH"},{"data":"Anger","floor":29,"key":"SMITH"},{"data":"Metallicize","floor":32,"key":"SMITH"}],"circlet_count":0,"master_deck":["Strike_R","Strike_R","Strike_R","Defend_R","Defend_R","Defend_R","Defend_R","Bash","Shrug It Off","Injury","Uppercut+1","Battle Trance+1","Shockwave+1","Hemokinesis","True Grit+1","Feed+1","Shrug It Off+1","Metallicize+1","Anger+1","Anger+1","Shrug It Off+1"],"relics":["Coffee Dripper","Golden Idol","Torii","Thread and Needle","Boot","Philosopher\u0027s Stone","Gremlin Horn","Singing Bowl","PreservedInsect","The Courier"],"acts_visited":["Exordium","TheCity"],"potions_floor_usage":[16,18,25],"damage_taken":[{"damage":0,"enemies":"Cultist","floor":1,"turns":2},{"damage":0,"enemies":"2 Louse","floor":5,"turns":2},{"damage":20,"enemies":"Gremlin Nob","floor":7,"turns":4},{"damage":0,"enemies":"Jaw Worm","floor":10,"turns":3},{"damage":1,"enemies":"Gremlin Gang","floor":12,"turns":4},{"damage":3,"enemies":"Lagavulin","floor":13,"turns":6},{"damage":3,"enemies":"Lots of Slimes","floor":14,"turns":4},{"damage":7,"enemies":"Hexaghost","floor":16,"turns":11},{"damage":10,"enemies":"3 Byrds","floor":18,"turns":4},{"damage":9,"enemies":"Shell Parasite","floor":22,"turns":7},{"damage":18,"enemies":"Centurion and Healer","floor":24,"turns":5},{"damage":27,"enemies":"Chosen and Byrds","floor":25,"turns":6},{"damage":3,"enemies":"Book of Stabbing","floor":30,"turns":4},{"damage":1,"enemies":"Shelled Parasite and Fungi","floor":31,"turns":5},{"damage":37,"enemies":"Collector","floor":33,"turns":7}],"seed_played":"-7081942744264269562","potions_obtained":[{"floor":10,"key":"AttackPotion"},{"floor":13,"key":"BlessingOfTheForge"},{"floor":14,"key":"SmokeBomb"},{"floor":16,"key":"Weak Potion"},{"floor":22,"key":"Energy Potion"},{"floor":24,"key":"Regen Potion"}],"is_trial":false,"path_per_floor":["M","?","?","$","M","R","E","R","T","M","R","M","E","M","R","B",null,"M","$","?","?","M","R","M","M","T","T","$","R","E","M","R","B"],"character_chosen":"IRONCLAD","items_purchased":["Battle Trance","Gremlin Horn"],"campfire_rested":0,"item_purchase_floors":[4,19],"current_hp_per_floor":[72,72,72,72,72,72,52,52,52,52,52,51,48,45,45,38,70,63,63,63,63,57,57,43,35,35,35,35,35,32,37,37,0,0],"gold":108,"neow_bonus":"BOSS_RELIC","is_daily":false,"chose_seed":false,"campfire_upgraded":7,"win_rate":0.0,"timestamp":1613869853,"path_taken":["M","?","?","?","M","R","E","R","T","?","R","M","E","M","R","BOSS","M","?","?","?","M","R","M","M","T","?","?","R","E","M","R","BOSS"],"items_purchased_type":["Card","Relic"],"build_version":"2020-12-22","purchased_purges":1,"victory":false,"max_hp_per_floor":[80,80,80,80,80,80,80,80,80,80,80,80,80,80,80,80,80,83,83,83,83,86,86,90,94,94,94,94,94,94,100,100,100,100],"relic_stats":{"Torii":20,"Gremlin Horn":[3,5],"Singing Bowl":2,"counters":[15,74],"Golden Idol":84,"PreservedInsect":41,"Boot":[16],"obtain_stats":[{"Torii":7,"Gremlin Horn":19,"Singing Bowl":21,"Golden Idol":2,"Thread and Needle":9,"Philosopher\u0027s Stone":17,"PreservedInsect":26,"The Courier":30,"Coffee Dripper":0,"Boot":13,"Burning Blood":0},{"Torii":3,"Gremlin Horn":9,"Singing Bowl":9,"Golden Idol":1,"Thread and Needle":3,"Philosopher\u0027s Stone":8,"PreservedInsect":12,"The Courier":13,"Coffee Dripper":0,"Boot":6,"Burning Blood":0},{"Torii":8,"Gremlin Horn":40,"Singing Bowl":40,"Golden Idol":2,"Thread and Needle":8,"Philosopher\u0027s Stone":36,"PreservedInsect":58,"The Courier":62,"Coffee Dripper":0,"Boot":21,"Burning Blood":0}]},"card_choices":[{"not_picked":["Heavy Blade","Bloodletting"],"picked":"Shrug It Off","floor":1},{"not_picked":["Feel No Pain","Clash"],"picked":"Shockwave","floor":5},{"not_picked":["Twin Strike","Havoc","Power Through"],"picked":"SKIP","floor":7},{"not_picked":["Clash","Blood for Blood","Perfected Strike"],"picked":"SKIP","floor":10},{"not_picked":["Thunderclap","Warcry"],"picked":"Hemokinesis","floor":12},{"not_picked":["Infernal Blade","Heavy Blade"],"picked":"True Grit","floor":13},{"not_picked":["Rage","Twin Strike","Cleave"],"picked":"SKIP","floor":14},{"not_picked":["Barricade","Exhume"],"picked":"Feed","floor":16},{"not_picked":["True Grit","Wild Strike"],"picked":"Shrug It Off+1","floor":18},{"not_picked":["Burning Pact","Flex+1"],"picked":"Metallicize","floor":22},{"not_picked":["Iron Wave","Pommel Strike"],"picked":"Anger","floor":24},{"not_picked":["Sword Boomerang","Cleave"],"picked":"Anger+1","floor":25},{"not_picked":["Iron Wave","Headbutt"],"picked":"Shrug It Off+1","floor":30},{"not_picked":["Double Tap","Sentinel+1","Havoc"],"picked":"Singing Bowl","floor":31}],"player_experience":227522,"relics_obtained":[{"floor":7,"key":"Torii"},{"floor":9,"key":"Thread and Needle"},{"floor":13,"key":"Boot"},{"floor":26,"key":"PreservedInsect"},{"floor":30,"key":"The Courier"}],"event_choices":[{"damage_healed":0,"gold_gain":0,"player_choice":"Take Wound","damage_taken":0,"relics_obtained":["Golden Idol"],"max_hp_gain":0,"max_hp_loss":0,"event_name":"Golden Idol","floor":2,"gold_loss":0,"cards_obtained":["Injury"]},{"damage_healed":0,"gold_gain":0,"cards_transformed":["Strike_R"],"player_choice":"Change","damage_taken":0,"max_hp_gain":0,"max_hp_loss":0,"event_name":"Living Wall","floor":3,"gold_loss":0,"cards_obtained":["Uppercut"]},{"cards_removed":["Strike_R"],"damage_healed":0,"gold_gain":0,"player_choice":"Gave Gold","damage_taken":0,"max_hp_gain":0,"max_hp_loss":0,"event_name":"Beggar","floor":20,"gold_loss":75},{"damage_healed":0,"gold_gain":0,"player_choice":"Stole Relic","damage_taken":0,"relics_obtained":["Singing Bowl"],"max_hp_gain":0,"max_hp_loss":0,"event_name":"Addict","floor":21,"gold_loss":0,"cards_obtained":["Shame"]}],"is_beta":false,"boss_relics":[{"not_picked":["Velvet Choker","Tiny House"],"picked":"Philosopher\u0027s Stone"}],"items_purged_floors":[28],"is_endless":false,"potions_floor_spawned":[10,13,14,16,22,24],"killed_by":"Collector","ascension_level":6}}