{"host":"vl1k6yl86fnmnemm","time":1613920409,"event":{"mods":["BaseMod","Colored Map","Minty Spire (QoL Compilation)","StSLib","Together in Spire"],"gold_per_floor":[114,125,125,50,60,93,93,93,93,107,107,118,147,148,148,253,253,272,272,272,291,39,39,58,92,92,108,127,127,47,64,64,161,161,172,172,172,272,286,316,316,28,51,51,69,83,83,83],"floor_reached":47,"language":"ENG","playtime":2350,"items_purged":["Defend_G","Defend_G"],"score":337,"play_id":"f09f83fd-8dfc-4400-893d-ee8a88938689","local_time":"20210221161329","is_ascension_mode":false,"campfire_choices":[{"data":"Poisoned Stab","floor":7,"key":"SMITH"},{"floor":11,"key":"REST"},{"data":"Survivor","floor":15,"key":"SMITH"},{"data":"Backflip","floor":23,"key":"SMITH"},{"floor":32,"key":"REST"},{"floor":41,"key":"REST"}],"circlet_count":0,"master_deck":["Strike_G","Strike_G","Defend_G","Defend_G","Defend_G","Survivor+1","Neutralize+1","Poisoned Stab","Poisoned Stab+1","Backflip+1","Poisoned Stab","Deadly Poison","Backflip","Die Die Die","Deflect","Master of Strategy","Slice+1","Catalyst+1","Corpse Explosion","Catalyst+1"],"relics":["Ring of the Snake","NeowsBlessing","Lizard Tail","Torii","Happy Flower","HoveringKite","Snake Skull","Anchor","Ornamental Fan","Philosopher\u0027s Stone","InkBottle","DollysMirror","Potion Belt"],"acts_visited":["Exordium","TheCity","TheBeyond"],"potions_floor_usage":[16,16,33,33],"damage_taken":[{"damage":0,"enemies":"Cultist","floor":1,"turns":1},{"damage":0,"enemies":"Jaw Worm","floor":2,"turns":1},{"damage":0,"enemies":"Small Slimes","floor":5,"turns":1},{"damage":13,"enemies":"Lagavulin","floor":6,"turns":4},{"damage":0,"enemies":"2 Fungi Beasts","floor":10,"turns":2},{"damage":0,"enemies":"Large Slime","floor":12,"turns":2},{"damage":13,"enemies":"Gremlin Nob","floor":13,"turns":3},{"damage":0,"enemies":"Looter","floor":14,"turns":2},{"damage":0,"enemies":"Hexaghost","floor":16,"turns":6},{"damage":1,"enemies":"Shell Parasite","floor":18,"turns":4},{"damage":12,"enemies":"Spheric Guardian","floor":21,"turns":5},{"damage":1,"enemies":"3 Cultists","floor":24,"turns":4},{"damage":17,"enemies":"Book of Stabbing","floor":25,"turns":4},{"damage":0,"enemies":"Snecko","floor":27,"turns":3},{"damage":8,"enemies":"Centurion and Healer","floor":28,"turns":5},{"damage":7,"enemies":"Snake Plant","floor":31,"turns":5},{"damage":52,"enemies":"Automaton","floor":33,"turns":8},{"damage":0,"enemies":"3 Darklings","floor":35,"turns":5},{"damage":0,"enemies":"Orb Walker","floor":39,"turns":2},{"damage":45,"enemies":"Nemesis","floor":40,"turns":7},{"damage":2,"enemies":"Writhing Mass","floor":45,"turns":2},{"damage":0,"enemies":"Jaw Worm Horde","floor":46,"turns":1},{"damage":139,"enemies":"Transient","floor":47,"turns":3}],"seed_played":"-6808095904255835674","potions_obtained":[{"floor":6,"key":"Dexterity Potion"},{"floor":10,"key":"Strength Potion"},{"floor":16,"key":"SteroidPotion"},{"floor":25,"key":"Ancient Potion"},{"floor":31,"key":"Swift Potion"},{"floor":33,"key":"AttackPotion"},{"floor":40,"key":"SpeedPotion"}],"is_trial":false,"path_per_floor":["M","M","?","$","M","E","R","?","T","M","R","M","E","M","R","B",null,"M","?","?","M","$","R","M","E","T","M","M","?","$","M","R","B",null,"M","?","?","?","M","E","R","$","T","?","M","M","M"],"character_chosen":"THE_SILENT","items_purchased":["Snake Skull","Footwork","Corpse Explosion","DollysMirror"],"campfire_rested":3,"item_purchase_floors":[22,30,42,42],"current_hp_per_floor":[70,70,70,70,70,57,57,50,50,50,70,70,57,57,57,57,70,69,69,69,57,57,57,56,39,39,39,31,31,31,24,45,35,70,70,70,70,70,70,25,46,46,46,46,44,44,0,0],"gold":83,"neow_bonus":"THREE_ENEMY_KILL","is_daily":false,"chose_seed":false,"campfire_upgraded":3,"win_rate":0.0,"timestamp":1613920409,"path_taken":["M","?","?","$","M","E","R","?","T","M","R","M","E","M","R","BOSS","M","?","?","M","$","R","M","E","T","M","M","?","$","?","R","BOSS","M","?","?","?","?","E","R","?","T","?","M","M","M"],"items_purchased_type":["Relic","Card","Card","Relic"],"build_version":"2020-12-22","purchased_purges":2,"victory":false,"max_hp_per_floor":[70,70,70,70,70,70,70,70,70,70,70,70,70,70,70,70,70,70,70,70,70,70,70,70,70,70,70,70,70,70,70,70,70,70,70,70,70,70,70,70,70,70,70,70,70,70,70,70],"card_choices":[{"not_picked":["Slice","Dagger Throw"],"picked":"Poisoned Stab","floor":1},{"not_picked":["Night Terror","Slice"],"picked":"Poisoned Stab","floor":2},{"not_picked":["Choke","Caltrops","Blade Dance"],"picked":"SKIP","floor":5},{"not_picked":["Bane","All Out Attack"],"picked":"Backflip","floor":6},{"not_picked":["Outmaneuver","Dagger Spray"],"picked":"Poisoned Stab","floor":10},{"not_picked":["Dodge and Roll","Expertise"],"picked":"Deadly Poison","floor":12},{"not_picked":["Deflect","Accuracy"],"picked":"Backflip","floor":13},{"not_picked":["Deflect","Dagger Spray","Unload"],"picked":"SKIP","floor":14},{"not_picked":["Prepared","Sucker Punch","Deflect"],"picked":"SKIP","floor":18},{"not_picked":["Reflex","Blade Dance","Distraction"],"picked":"SKIP","floor":21},{"not_picked":["Slice","Calculated Gamble","Quick Slash"],"picked":"SKIP","floor":24},{"not_picked":["Dodge and Roll","Choke","Leg Sweep"],"picked":"SKIP","floor":25},{"not_picked":["Reflex","Blade Dance","Backflip"],"picked":"SKIP","floor":27},{"not_picked":["Blade Dance","Backflip"],"picked":"Die Die Die","floor":28},{"not_picked":["Masterful Stab","Prepared"],"picked":"Deflect","floor":31},{"not_picked":["Escape Plan+1","Cloak And Dagger","PiercingWail"],"picked":"SKIP","floor":35},{"not_picked":["Forethought","Trip"],"picked":"Master of Strategy","floor":37},{"not_picked":["Reflex","Accuracy"],"picked":"Slice+1","floor":39},{"not_picked":["Poisoned Stab+1","Dagger Throw"],"picked":"Catalyst+1","floor":40},{"not_picked":["PiercingWail","Heel Hook","Quick Slash"],"picked":"SKIP","floor":45},{"not_picked":["Sucker Punch+1","Night Terror","Prepared"],"picked":"SKIP","floor":46}],"player_experience":36668,"relics_obtained":[{"floor":6,"key":"Lizard Tail"},{"floor":9,"key":"Torii"},{"floor":13,"key":"Happy Flower"},{"floor":25,"key":"Anchor"},{"floor":26,"key":"Ornamental Fan"},{"floor":40,"key":"InkBottle"},{"floor":43,"key":"Potion Belt"}],"event_choices":[{"damage_healed":0,"gold_gain":0,"player_choice":"Grow","damage_taken":0,"max_hp_gain":0,"max_hp_loss":0,"event_name":"Living Wall","floor":3,"gold_loss":0,"cards_upgraded":["Neutralize"]},{"cards_removed":["Strike_G"],"damage_healed":0,"gold_gain":0,"player_choice":"Card Removal","damage_taken":7,"max_hp_gain":0,"max_hp_loss":0,"event_name":"Golden Wing","floor":8,"gold_loss":0},{"damage_healed":0,"gold_gain":0,"player_choice":"Ignored","damage_taken":0,"max_hp_gain":0,"max_hp_loss":0,"event_name":"Ghosts","floor":19,"gold_loss":0},{"cards_removed":["Strike_G"],"damage_healed":0,"gold_gain":0,"player_choice":"Elegance","damage_taken":0,"max_hp_gain":0,"max_hp_loss":0,"event_name":"Back to Basics","floor":20,"gold_loss":0},{"cards_removed":["Strike_G"],"damage_healed":0,"gold_gain":0,"player_choice":"Purged","damage_taken":0,"max_hp_gain":0,"max_hp_loss":0,"event_name":"Purifier","floor":29,"gold_loss":0},{"cards_removed":["Footwork"],"damage_healed":0,"gold_gain":0,"player_choice":"Removed Power","damage_taken":0,"max_hp_gain":0,"max_hp_loss":0,"event_name":"Falling","floor":36,"gold_loss":0},{"damage_healed":0,"gold_gain":0,"player_choice":"Memory 1","damage_taken":0,"max_hp_gain":0,"max_hp_loss":0,"event_name":"SensoryStone","floor":37,"gold_loss":0},{"damage_healed":0,"gold_gain":100,"player_choice":"Pray","damage_taken":0,"max_hp_gain":0,"max_hp_loss":0,"event_name":"Golden Shrine","floor":38,"gold_loss":0},{"damage_healed":0,"gold_gain":0,"player_choice":"Ignored","damage_taken":0,"max_hp_gain":0,"max_hp_loss":0,"event_name":"SecretPortal","floor":44,"gold_loss":0}],"is_beta":false,"boss_relics":[{"not_picked":["Runic Dome","Fusion Hammer"],"picked":"HoveringKite"},{"not_picked":["Calling Bell","Ring of the Serpent"],"picked":"Philosopher\u0027s Stone"}],"items_purged_floors":[4,22],"is_endless":false,"potions_floor_spawned":[6,10,16,25,31,33,40],"killed_by":"Transient","ascension_level":0}}