{"host":"8ztb9kwpjc2zof9s","time":1613886331,"event":{"mods":["BaseMod","Block Reminder","Curses Come First","Minty Spire (QoL Compilation)","Relic Stats","StSLib"],"gold_per_floor":[115,130,130,405,69,69,94,106,106,138,138,173,193,220,220,297,297,314,314,61,73,73,73,105,122,122,122,122,133,133,149,149,222,222,234,244,269,281,25,25,56,73,126,142,142,142,171,191,191,191],"floor_reached":51,"language":"ENG","playtime":4731,"items_purged":["Regret","Strike_G"],"score":1271,"play_id":"2ee4bed9-d07f-463e-8706-84d34139dfbd","local_time":"20210220214531","is_ascension_mode":true,"campfire_choices":[{"data":"Noxious Fumes","floor":6,"key":"SMITH"},{"floor":11,"key":"DIG"},{"floor":15,"key":"REST"},{"floor":23,"key":"DIG"},{"floor":28,"key":"DIG"},{"floor":30,"key":"REST"},{"floor":32,"key":"DIG"},{"floor":40,"key":"DIG"},{"data":"Envenom","floor":45,"key":"SMITH"},{"floor":49,"key":"REST"}],"circlet_count":0,"master_deck":["AscendersBane","Strike_G","Strike_G","Strike_G","Strike_G","Defend_G","Defend_G","Defend_G","Defend_G","Defend_G","Survivor","Neutralize","PiercingWail","Noxious Fumes+1","Deadly Poison","Flying Knee","Acrobatics","Blur","Envenom+1","Backstab","Catalyst","Well Laid Plans","Backflip","Crippling Poison","Footwork","Crippling Poison+1","Blade Dance","Accuracy","Adrenaline","Reflex","Prepared+1","Calculated Gamble","Outmaneuver+1","Escape Plan+1","Prepared+1"],"relics":["Ring of the Snake","NeowsBlessing","Unceasing Top","Paper Crane","Shovel","FossilizedHelix","Bag of Marbles","Shuriken","Vajra","Mercury Hourglass","HoveringKite","Orichalcum","Nunchaku","Akabeko","Omamori","MealTicket","Sozu","Bird Faced Urn","Kunai","Toxic Egg 2","Mango","Smiling Mask","Tingsha"],"acts_visited":["Exordium","TheCity","TheBeyond"],"potions_floor_usage":[8,10,13,14,16,25,29,33],"damage_taken":[{"damage":0,"enemies":"Jaw Worm","floor":1,"turns":1},{"damage":0,"enemies":"Small Slimes","floor":2,"turns":2},{"damage":0,"enemies":"Gremlin Nob","floor":7,"turns":1},{"damage":1,"enemies":"Cultist","floor":8,"turns":3},{"damage":8,"enemies":"3 Sentries","floor":10,"turns":7},{"damage":30,"enemies":"Lagavulin","floor":12,"turns":6},{"damage":0,"enemies":"2 Fungi Beasts","floor":13,"turns":3},{"damage":0,"enemies":"3 Sentries","floor":14,"turns":6},{"damage":16,"enemies":"Slime Boss","floor":16,"turns":10},{"damage":6,"enemies":"Chosen","floor":18,"turns":5},{"damage":3,"enemies":"Spheric Guardian","floor":21,"turns":5},{"damage":29,"enemies":"Gremlin Leader","floor":24,"turns":8},{"damage":0,"enemies":"3 Cultists","floor":25,"turns":5},{"damage":22,"enemies":"Snake Plant","floor":29,"turns":3},{"damage":5,"enemies":"Centurion and Healer","floor":31,"turns":7},{"damage":32,"enemies":"Collector","floor":33,"turns":11},{"damage":0,"enemies":"3 Shapes","floor":35,"turns":4},{"damage":6,"enemies":"Orb Walker","floor":36,"turns":5},{"damage":20,"enemies":"Mind Bloom Boss Battle","floor":37,"turns":6},{"damage":6,"enemies":"Sphere and 2 Shapes","floor":38,"turns":5},{"damage":7,"enemies":"Giant Head","floor":41,"turns":9},{"damage":9,"enemies":"3 Darklings","floor":42,"turns":5},{"damage":3,"enemies":"Writhing Mass","floor":44,"turns":6},{"damage":62,"enemies":"Reptomancer","floor":47,"turns":7},{"damage":0,"enemies":"4 Shapes","floor":48,"turns":5},{"damage":40,"enemies":"Time Eater","floor":50,"turns":14}],"seed_played":"-6559322113352244815","potions_obtained":[{"floor":7,"key":"Fire Potion"},{"floor":8,"key":"AttackPotion"},{"floor":12,"key":"Explosive Potion"},{"floor":13,"key":"Energy Potion"},{"floor":14,"key":"ColorlessPotion"},{"floor":24,"key":"Block Potion"},{"floor":25,"key":"AttackPotion"},{"floor":31,"key":"Fire Potion"}],"is_trial":false,"path_per_floor":["M","M","?","?","$","R","E","M","T","E","R","E","M","E","R","B",null,"M","?","$","M","$","R","E","M","T","?","R","M","R","M","R","B",null,"M","M","?","M","$","R","E","M","T","M","R","?","E","M","R","B",null],"character_chosen":"THE_SILENT","items_purchased":["Paper Crane","Catalyst","Well Laid Plans","Backflip","Kunai"],"campfire_rested":3,"item_purchase_floors":[5,20,20,20,39],"current_hp_per_floor":[63,63,56,56,56,56,56,55,55,47,47,17,17,17,38,22,58,52,52,52,49,49,49,20,20,20,43,43,21,42,37,37,5,54,54,48,28,28,43,43,60,59,59,66,66,58,6,16,41,11],"gold":191,"neow_bonus":"THREE_ENEMY_KILL","is_daily":false,"chose_seed":false,"campfire_upgraded":2,"win_rate":0.0,"timestamp":1613886331,"path_taken":["M","M","?","?","$","R","E","?","T","E","R","E","M","E","R","BOSS","M","?","$","?","$","R","E","M","T","?","R","M","R","M","R","BOSS","M","M","?","M","$","R","E","M","T","M","R","?","E","M","R","BOSS"],"items_purchased_type":["Relic","Card","Card","Card","Relic"],"build_version":"2020-12-22","purchased_purges":2,"victory":true,"max_hp_per_floor":[70,70,70,70,70,70,70,70,70,70,70,70,70,70,70,70,70,70,70,70,70,70,70,70,70,70,70,70,70,70,70,70,70,70,70,70,70,70,70,70,84,84,84,84,84,84,84,84,84,84],"relic_stats":{"counters":[26,149],"HoveringKite":[51],"Tingsha":[84],"Orichalcum":[114],"Smiling Mask":0,"Mercury Hourglass":[504],"Sozu":4,"Nunchaku":[16],"Shovel":5,"Shuriken":[32],"Bird Faced Urn":[64],"MealTicket":15,"Kunai":[16],"obtain_stats":[{"NeowsBlessing":0,"Vajra":12,"HoveringKite":17,"Mango":41,"Tingsha":47,"Omamori":28,"Paper Crane":5,"Orichalcum":23,"Smiling Mask":43,"Akabeko":26,"Mercury Hourglass":14,"Sozu":34,"Nunchaku":24,"Shovel":7,"Shuriken":11,"Bird Faced Urn":37,"MealTicket":32,"Bag of Marbles":10,"Kunai":39,"Toxic Egg 2":40,"Unceasing Top":3,"FossilizedHelix":9,"Ring of the Snake":0},{"NeowsBlessing":0,"Vajra":6,"HoveringKite":9,"Mango":21,"Tingsha":24,"Omamori":13,"Paper Crane":2,"Orichalcum":11,"Smiling Mask":22,"Akabeko":13,"Mercury Hourglass":8,"Sozu":16,"Nunchaku":12,"Shovel":3,"Shuriken":5,"Bird Faced Urn":19,"MealTicket":15,"Bag of Marbles":5,"Kunai":20,"Toxic Egg 2":20,"Unceasing Top":2,"FossilizedHelix":4,"Ring of the Snake":0},{"NeowsBlessing":0,"Vajra":20,"HoveringKite":39,"Mango":112,"Tingsha":130,"Omamori":62,"Paper Crane":3,"Orichalcum":49,"Smiling Mask":117,"Akabeko":62,"Mercury Hourglass":29,"Sozu":83,"Nunchaku":57,"Shovel":4,"Shuriken":14,"Bird Faced Urn":98,"MealTicket":72,"Bag of Marbles":14,"Kunai":103,"Toxic Egg 2":103,"Unceasing Top":3,"FossilizedHelix":7,"Ring of the Snake":0}],"Unceasing Top":[24],"Ring of the Snake":[52]},"card_choices":[{"not_picked":["Dagger Throw","Quick Slash"],"picked":"PiercingWail","floor":1},{"not_picked":["Dodge and Roll","Acrobatics"],"picked":"Noxious Fumes","floor":2},{"not_picked":["Dodge and Roll","Calculated Gamble","Setup"],"picked":"SKIP","floor":7},{"not_picked":["Riddle With Holes","Poisoned Stab"],"picked":"Deadly Poison","floor":8},{"not_picked":["Tactician","Burst"],"picked":"Flying Knee","floor":10},{"not_picked":["Slice","Masterful Stab"],"picked":"Acrobatics","floor":12},{"not_picked":["Flying Knee","Grand Finale"],"picked":"Blur","floor":13},{"not_picked":["Underhanded Strike","Concentrate","Grand Finale"],"picked":"SKIP","floor":14},{"not_picked":["Wraith Form v2","Venomology"],"picked":"Envenom","floor":16},{"not_picked":["Skewer","Dagger Throw"],"picked":"Backstab","floor":18},{"not_picked":["Skewer+1","Bouncing Flask"],"picked":"Crippling Poison","floor":21},{"not_picked":["Accuracy","Setup"],"picked":"Footwork","floor":24},{"not_picked":["Underhanded Strike","Deflect+1"],"picked":"Crippling Poison+1","floor":25},{"not_picked":["Cloak And Dagger","All Out Attack"],"picked":"Blade Dance","floor":29},{"not_picked":["Blade Dance","Dagger Throw"],"picked":"Accuracy","floor":31},{"not_picked":["Malaise","Grand Finale"],"picked":"Adrenaline","floor":33},{"not_picked":["Sucker Punch","Dagger Spray","PiercingWail"],"picked":"SKIP","floor":35},{"not_picked":["Caltrops+1","Backflip"],"picked":"Reflex","floor":36},{"not_picked":["Slice","Cloak And Dagger"],"picked":"Prepared+1","floor":37},{"not_picked":["Deadly Poison","Quick Slash"],"picked":"Calculated Gamble","floor":38},{"not_picked":["Prepared+1","Acrobatics+1"],"picked":"Outmaneuver+1","floor":41},{"not_picked":["Outmaneuver+1","Deadly Poison+1","Bouncing Flask+1"],"picked":"SKIP","floor":42},{"not_picked":["PiercingWail+1","Backflip+1"],"picked":"Escape Plan+1","floor":44},{"not_picked":["Well Laid Plans","Footwork"],"picked":"Prepared+1","floor":47},{"not_picked":["Die Die Die","Cloak And Dagger+1","Blade Dance+1"],"picked":"SKIP","floor":48}],"player_experience":364065,"relics_obtained":[{"floor":7,"key":"Shovel"},{"floor":9,"key":"FossilizedHelix"},{"floor":10,"key":"Bag of Marbles"},{"floor":11,"key":"Shuriken"},{"floor":12,"key":"Vajra"},{"floor":14,"key":"Mercury Hourglass"},{"floor":23,"key":"Orichalcum"},{"floor":24,"key":"Nunchaku"},{"floor":26,"key":"Akabeko"},{"floor":28,"key":"Omamori"},{"floor":32,"key":"MealTicket"},{"floor":37,"key":"Bird Faced Urn"},{"floor":40,"key":"Toxic Egg 2"},{"floor":41,"key":"Mango"},{"floor":43,"key":"Smiling Mask"},{"floor":47,"key":"Tingsha"}],"event_choices":[{"damage_healed":0,"gold_gain":0,"player_choice":"Success","damage_taken":7,"relics_obtained":["Unceasing Top"],"max_hp_gain":0,"max_hp_loss":0,"event_name":"Scrap Ooze","floor":3,"gold_loss":0},{"damage_healed":0,"gold_gain":275,"player_choice":"Desecrate","damage_taken":0,"max_hp_gain":0,"max_hp_loss":0,"event_name":"Golden Shrine","floor":4,"gold_loss":0,"cards_obtained":["Regret"]},{"damage_healed":0,"gold_gain":0,"player_choice":"Ignored","damage_taken":0,"max_hp_gain":0,"max_hp_loss":0,"event_name":"Transmorgrifier","floor":19,"gold_loss":0},{"damage_healed":23,"gold_gain":0,"player_choice":"Heal","damage_taken":0,"max_hp_gain":0,"max_hp_loss":0,"event_name":"The Library","floor":27,"gold_loss":0},{"damage_healed":0,"gold_gain":0,"player_choice":"Fight","damage_taken":0,"max_hp_gain":0,"max_hp_loss":0,"event_name":"MindBloom","floor":37,"gold_loss":0},{"damage_healed":0,"gold_gain":0,"player_choice":"Damaged","damage_taken":8,"max_hp_gain":0,"max_hp_loss":0,"event_name":"Wheel of Change","floor":46,"gold_loss":0}],"is_beta":false,"boss_relics":[{"not_picked":["Black Star","Coffee Dripper"],"picked":"HoveringKite"},{"not_picked":["Philosopher\u0027s Stone","Astrolabe"],"picked":"Sozu"}],"items_purged_floors":[5,20],"is_endless":false,"potions_floor_spawned":[7,8,12,13,14,24,25,31,35,38,42,44],"ascension_level":13}}