{"host":"nv1rw0372aj1kj6e","time":1613934666,"event":{"mods":["AchievementEnabler","BaseMod","Minty Spire (QoL Compilation)","Rare Cards Sparkle","Replay The Spire","StSLib","everything is the same but u backflip on backflip"],"gold_per_floor":[114,114,133,58,72,98,98,125,125,125,4,4,4,22,22,22,22],"floor_reached":16,"language":"ENG","playtime":1020,"items_purged":["Strike_R"],"score":130,"play_id":"273e82f6-4b50-4d88-87e7-414f6fde4b69","local_time":"20210221201106","is_ascension_mode":true,"campfire_choices":[{"data":"Shrug It Off","floor":7,"key":"SMITH"},{"data":"ReplayTheSpireMod:Necrogeddon","floor":13,"key":"SMITH"},{"floor":15,"key":"DIG"}],"circlet_count":0,"master_deck":["Strike_R","Strike_R","Strike_R","Strike_R","Defend_R","Defend_R","Defend_R","Defend_R","Cleave","ReplayTheSpireMod:Strike From Hell","ReplayTheSpireMod:Limb From Limb","Shrug It Off+1","Dark Embrace","Bandage Up","ReplayTheSpireMod:Necrogeddon+1"],"relics":["Burning Blood","NeowsBlessing","FaceOfCleric","Shuriken","Replay:Multitool","Charon\u0027s Ashes","ReplayTheSpireMod:ShopPack","Omamori","Vajra"],"acts_visited":["Exordium"],"potions_floor_usage":[6,14],"damage_taken":[{"damage":0,"enemies":"2 Louse","floor":1,"turns":1},{"damage":0,"enemies":"Cultist","floor":3,"turns":1},{"damage":0,"enemies":"Jaw Worm","floor":5,"turns":1},{"damage":30,"enemies":"3 Sentries","floor":6,"turns":8},{"damage":24,"enemies":"Lagavulin","floor":8,"turns":5},{"damage":1,"enemies":"Exordium Wildlife","floor":14,"turns":2},{"damage":59,"enemies":"The Guardian","floor":16,"turns":14}],"seed_played":"-6596096440008913397","potions_obtained":[{"floor":3,"key":"Toxic Potion"},{"floor":5,"key":"Flashbang"}],"is_trial":false,"path_per_floor":["M","?","M","$","M","E","R","E","T","?","$","?","R","M","R","B"],"character_chosen":"IRONCLAD","items_purchased":["ReplayTheSpireMod:ShopPack"],"campfire_rested":0,"item_purchase_floors":[11],"current_hp_per_floor":[80,80,81,81,82,59,59,42,42,42,42,42,42,52,52,0,0],"gold":22,"neow_bonus":"THREE_ENEMY_KILL","is_daily":false,"chose_seed":false,"campfire_upgraded":2,"win_rate":0.0,"timestamp":1613934666,"path_taken":["M","?","M","$","?","E","R","E","T","?","?","?","R","?","R","BOSS"],"items_purchased_type":["Relic"],"build_version":"2020-12-22","purchased_purges":1,"victory":false,"max_hp_per_floor":[80,80,81,81,82,83,83,84,84,84,84,84,84,85,85,85,85],"card_choices":[{"not_picked":["Twin Strike","Metallicize"],"picked":"Cleave","floor":1},{"not_picked":["Clash","Pommel Strike"],"picked":"ReplayTheSpireMod:Strike From Hell","floor":3},{"not_picked":["Iron Wave","Sword Boomerang"],"picked":"ReplayTheSpireMod:Limb From Limb","floor":5},{"not_picked":["Pommel Strike","Immolate"],"picked":"Shrug It Off","floor":6},{"not_picked":["Power Through","Havoc"],"picked":"Dark Embrace","floor":8},{"not_picked":["Panache","Metamorphosis"],"picked":"Thinking Ahead","floor":11},{"not_picked":["Trip","Thinking Ahead"],"picked":"Bandage Up","floor":11},{"not_picked":["Jack Of All Trades","Swift Strike"],"picked":"ReplayTheSpireMod:Necrogeddon","floor":11},{"not_picked":["ReplayReversal","Anger","Warcry"],"picked":"SKIP","floor":14}],"player_experience":227248,"relics_obtained":[{"floor":6,"key":"Shuriken"},{"floor":8,"key":"Replay:Multitool"},{"floor":9,"key":"Charon\u0027s Ashes"},{"floor":15,"key":"Vajra"}],"event_choices":[{"damage_healed":0,"gold_gain":0,"player_choice":"Trade","damage_taken":0,"relics_obtained":["FaceOfCleric"],"max_hp_gain":0,"max_hp_loss":0,"event_name":"FaceTrader","floor":2,"gold_loss":0},{"cards_removed":["Thinking Ahead"],"damage_healed":0,"gold_gain":0,"player_choice":"Gave Card","damage_taken":0,"relics_obtained":["Omamori"],"max_hp_gain":0,"max_hp_loss":0,"event_name":"WeMeetAgain","floor":12,"gold_loss":0}],"is_beta":false,"boss_relics":[],"items_purged_floors":[4],"is_endless":false,"potions_floor_spawned":[3,5],"killed_by":"The Guardian","ascension_level":4}}