{"host":"2820e8i2y38gm4bp","time":1613867973,"event":{"mods":["2.2 Compatiblity","Act Like it!","BaseMod","Better Note","BetterRewards","Downfall","Elementarium","Gensokyo","GungeonMod","Hermit","Hubris","Marisa????????","Minty Spire (QoL Compilation)","Rare Cards Sparkle","Replay The Spire","StSLib","The Cursed","The Jungle","The Servant 0.9.4"],"gold_per_floor":[110,128,128,18,35,35,66,66,66,66,82,82,97,111,111,216,216,200,200,213,213,32,32,43,59,59,59,59,59,59,159,159,175,175,277,277,291,303,8,8,8],"floor_reached":40,"language":"ENG","playtime":2779,"items_purged":[],"score":411,"play_id":"d26dee17-701c-43f0-9420-1c673c84ddef","local_time":"20210220193933","is_ascension_mode":false,"campfire_choices":[{"data":"KidneyShot","floor":6.0,"key":"SMITH"},{"data":"Deny","floor":8.0,"key":"SMITH"},{"data":"GearUp","floor":10.0,"key":"SMITH"},{"data":"SurpressingFire","floor":12.0,"key":"SMITH"},{"floor":15.0,"key":"REST"},{"data":"MurderousAura","floor":23.0,"key":"SMITH"},{"data":"Initiator","floor":32.0,"key":"SMITH"},{"floor":34.0,"key":"REST"}],"circlet_count":0,"master_deck":["Strike_S","Strike_S","Strike_S","Strike_S","Defend_S","Defend_S","Defend_S","Defend_S","KidneyShot+1","Exchange","Ricochet","Rearm","GearUp+1","SurpressingFire+1","Ricochet","Deny+1","TimeWarp","Barrier","MurderousAura+1","BottledTime","Potential","Luminosity","InstantArmor","DoubleEdge+1","FanOfKnives","downfall:Bewildered","Initiator+1","Desolation","TheWorld","Starlight+1","TheWorld"],"relics":["SplendidAttire","Strawberry","DemoMod:ClearGuonStone","ReplayTheSpireMod:DimensionalGlitch","Nloth\u0027s Gift","Bag of Preparation","sneckomod:BabySnecko","StoneCalendar","Pear","Bronze Scales","Toolbox"],"acts_visited":["Exordium","TheCity","TheBeyond"],"potions_floor_usage":[],"damage_taken":[{"damage":6.0,"enemies":"Jaw Worm","floor":1.0,"turns":4.0},{"damage":0.0,"enemies":"Cultist","floor":2.0,"turns":4.0},{"damage":0.0,"enemies":"Small Slimes","floor":5.0,"turns":4.0},{"damage":27.0,"enemies":"Gremlin Nob","floor":7.0,"turns":6.0},{"damage":3.0,"enemies":"Exordium Thugs","floor":11.0,"turns":3.0},{"damage":0.0,"enemies":"2 Fungi Beasts","floor":13.0,"turns":2.0},{"damage":1.0,"enemies":"Red Slaver","floor":14.0,"turns":6.0},{"damage":9.0,"enemies":"Hexaghost","floor":16.0,"turns":21.0},{"damage":14.0,"enemies":"2 Thieves","floor":18.0,"turns":4.0},{"damage":9.0,"enemies":"Shell Parasite","floor":20.0,"turns":7.0},{"damage":16.0,"enemies":"Shelled Parasite and Fungi","floor":24.0,"turns":6.0},{"damage":0.0,"enemies":"Snecko","floor":25.0,"turns":5.0},{"damage":9.0,"enemies":"Colosseum Slavers","floor":31.0,"turns":4.0},{"damage":0.0,"enemies":"Colosseum Nobs","floor":31.0,"turns":4.0},{"damage":12.0,"enemies":"Centurion and Healer","floor":33.0,"turns":5.0},{"damage":28.0,"enemies":"Automaton","floor":35.0,"turns":10.0},{"damage":41.0,"enemies":"3 Shapes","floor":37.0,"turns":3.0},{"damage":0.0,"enemies":"3 Darklings","floor":38.0,"turns":4.0},{"damage":49,"enemies":"Sphere and 2 Shapes","floor":40,"turns":3}],"seed_played":"-4812946533714929782","potions_obtained":[{"floor":1.0,"key":"GamblersBrew"},{"floor":2.0,"key":"SpeedPotion"},{"floor":11.0,"key":"EssenceOfSteel"},{"floor":20.0,"key":"ColorlessPotion"},{"floor":25.0,"key":"Fire Potion"},{"floor":37.0,"key":"Weak Potion"},{"floor":38.0,"key":"DuplicationPotion"}],"is_trial":false,"path_per_floor":["M","M","?","$","M","R","E","R","T","R","M","R","M","M","R","B",null,"M","?","M","?","$","R","M","M","T","$","?","PTL","PTL","?","R","M","R","B",null,"M","M","$","M"],"character_chosen":"THE_SERVANT","items_purchased":["GearUp","SurpressingFire","Luminosity","InstantArmor","DoubleEdge+1","Bronze Scales","Toolbox"],"campfire_rested":2,"item_purchase_floors":[4,4,22,22,22,39,39],"current_hp_per_floor":[65,65,65,65,65,65,45,45,45,45,42,42,42,41,64,55,78,64,64,55,55,55,55,39,39,39,39,39,39,39,40,40,28,54,26,88,47,47,47,0,0],"gold":8,"neow_bonus":"TEN_PERCENT_HP_BONUS","is_daily":false,"chose_seed":false,"campfire_upgraded":6,"win_rate":0.0,"timestamp":1613867973,"path_taken":["M","M","?","?","M","R","E","R","T","R","M","R","?","M","R","BOSS","M","?","M","?","$","R","M","?","T","$","?","PTL","PTL","?","R","M","R","BOSS","M","M","$","M"],"items_purchased_type":["Card","Card","Card","Card","Card","Relic","Relic"],"build_version":"2020-12-22","purchased_purges":0,"victory":false,"max_hp_per_floor":[71,71,71,71,71,71,78,78,78,78,78,78,78,78,78,78,78,78,78,78,78,78,78,78,78,78,78,78,78,78,88,88,88,88,88,88,88,88,88,88,88],"card_choices":[{"not_picked":["Collapse","ShatteredReality"],"picked":"Ricochet","floor":1.0},{"not_picked":["Alleviate","Replace"],"picked":"Rearm","floor":2.0},{"not_picked":["Collapse","TimeWarp"],"picked":"Ricochet","floor":5.0},{"not_picked":["Rewind","Shuttle"],"picked":"Deny","floor":7.0},{"not_picked":["SpecialFormula","DualDimension","Rearm"],"picked":"SKIP","floor":11.0},{"not_picked":["Alleviate","Replace"],"picked":"TimeWarp","floor":13.0},{"not_picked":["Ricochet","Unruled"],"picked":"Barrier","floor":14.0},{"not_picked":["LightFlow","Deny"],"picked":"MurderousAura","floor":16.0},{"not_picked":["Potential","FastForward"],"picked":"BottledTime","floor":18.0},{"not_picked":["Starlight","SurpressingFire"],"picked":"Potential","floor":20.0},{"not_picked":["BestPractice","DoubleEdge"],"picked":"FanOfKnives","floor":24.0},{"not_picked":["ShiftingGears","Shuttle+1","Ricochet+1"],"picked":"SKIP","floor":25.0},{"not_picked":["Deny","DoubleEdge"],"picked":"Initiator","floor":31.0},{"not_picked":["Defy","Spin+1"],"picked":"Desolation","floor":33.0},{"not_picked":["MurderousAura","Dilation"],"picked":"TheWorld","floor":35.0},{"not_picked":["TimeWarp+1","ReturningBlade+1"],"picked":"Starlight+1","floor":37.0},{"not_picked":["Spin+1","ShiftingGears"],"picked":"TheWorld","floor":38.0}],"player_experience":565511,"relics_obtained":[{"floor":7.0,"key":"Strawberry"},{"floor":9.0,"key":"DemoMod:ClearGuonStone"},{"floor":26.0,"key":"Bag of Preparation"},{"floor":31.0,"key":"StoneCalendar"},{"floor":31.0,"key":"Pear"}],"event_choices":[{"damage_healed":0.0,"max_hp_gain":0.0,"max_hp_loss":0.0,"gold_gain":0.0,"event_name":"The Cleric","player_choice":"Leave","floor":3.0,"gold_loss":0.0,"damage_taken":0.0},{"cards_removed":["BottledTime"],"damage_healed":0.0,"max_hp_gain":0.0,"max_hp_loss":0.0,"gold_gain":0.0,"event_name":"betterNote:BetterNote","player_choice":"Give","floor":19.0,"gold_loss":0.0,"damage_taken":0.0,"cards_obtained":["Strike_MRS"]},{"damage_healed":0.0,"max_hp_gain":0.0,"max_hp_loss":0.0,"gold_gain":0.0,"event_name":"N\u0027loth","player_choice":"Traded Relic","floor":21.0,"relics_lost":["DemoMod:GlassGuonStoneRelic"],"gold_loss":0.0,"damage_taken":0.0,"relics_obtained":["Nloth\u0027s Gift"]},{"damage_healed":0.0,"max_hp_gain":0.0,"max_hp_loss":0.0,"gold_gain":0.0,"event_name":"Colosseum","player_choice":"Fight","floor":31.0,"gold_loss":0.0,"damage_taken":0.0},{"damage_healed":0.0,"max_hp_gain":0.0,"max_hp_loss":0.0,"gold_gain":0.0,"event_name":"Colosseum","player_choice":"Fought Nobs","floor":31.0,"gold_loss":0.0,"damage_taken":0.0}],"is_beta":false,"boss_relics":[{"not_picked":["Snecko Eye","hubris:Stopwatch"],"picked":"ReplayTheSpireMod:DimensionalGlitch"},{"not_picked":["MysterySword","Coffee Dripper"],"picked":"SplendidAttire"}],"items_purged_floors":[],"is_endless":false,"potions_floor_spawned":[1,2,11,20,25,31,37,38],"killed_by":"Sphere and 2 Shapes","ascension_level":0}}