{"host":"fnndj664xgd3vavt","time":1613868244,"event":{"mods":["AchievementEnabler","BaseMod","Colored Powertips","DeckTracker","Downfall","Hermit","Highlight Path","Infinite Spire","Marisa????????","Minty Spire (QoL Compilation)","Quick Restart","Random Character Button","Replay The Spire","StSLib","The Cursed","The Servant 0.9.4"],"gold_per_floor":[99,117,164,164,184,184,184,216,234,251,270,285,295,357,371,371,371,371],"floor_reached":16,"language":"ENG","playtime":1066,"items_purged":[],"score":131,"play_id":"c5de7a85-7b10-498d-a6f6-84791df6fa7e","local_time":"20210220194404","is_ascension_mode":false,"campfire_choices":[{"data":"sneckomod:TailWhip","floor":1.0,"key":"SMITH"},{"data":"sneckomod:SerpentIdol","floor":6.0,"key":"SMITH"}],"circlet_count":0,"master_deck":["sneckomod:Strike","sneckomod:Strike","sneckomod:Strike","sneckomod:Defend","sneckomod:Defend","sneckomod:Defend","sneckomod:TailWhip+1","sneckomod:SnekBite","sneckomod:Unknown","sneckomod:Unknown","sneckomod:UnknownUncommonSkill","sneckomod:SerpentIdol+1","sneckomod:UnknownDraw","sneckomod:TrashToTreasure","sneckomod:SlitherStrike","sneckomod:Cheat","sneckomod:Unknown1Cost","sneckomod:RainOfDice","sneckomod:UnknownClassBLUE","sneckomod:ImprovisedAttack","sneckomod:Unknown1Cost","sneckomod:UnknownUncommonSkill","sneckomod:UnknownRareSkill","sneckomod:UnknownClassTHE_BRONZE_AUTOMATON","sneckomod:MasterEye","sneckomod:UnknownBlock","sneckomod:UnknownClassTHE_CURSED_PURPLE"],"relics":["sneckomod:SneckoSoul","Prayer Wheel","Slimebound:PreparedRelic","Replay:Bottled Snecko","Onion Ring","Strawberry"],"acts_visited":["Exordium"],"potions_floor_usage":[16],"damage_taken":[{"damage":0.0,"enemies":"Small Slimes","floor":2.0,"turns":2.0},{"damage":0.0,"enemies":"Cultist","floor":5.0,"turns":2.0},{"damage":17.0,"enemies":"3 Sentries","floor":8.0,"turns":8.0},{"damage":11,"enemies":"Jaw Worm","floor":9,"turns":3},{"damage":5,"enemies":"Blue Slaver","floor":10,"turns":2},{"damage":7,"enemies":"Red Slaver","floor":11,"turns":2},{"damage":11,"enemies":"3 Louse","floor":12,"turns":3},{"damage":5,"enemies":"downfall:LooterAlt","floor":13,"turns":2},{"damage":27,"enemies":"3 Sentries","floor":14,"turns":5},{"damage":5,"enemies":"Gremlin Gang","floor":15,"turns":4},{"damage":25,"enemies":"WA_ARCHETYPE_RETAIN","floor":16,"turns":4}],"seed_played":"-3517663991402441741","potions_obtained":[{"floor":3.0,"key":"infinitespire:BlackPotion"},{"floor":5.0,"key":"infinitespire:BlackPotion"},{"floor":9,"key":"SteroidPotion"}],"is_trial":false,"path_per_floor":["R","M","?","?","M","R","T","E","M","M","M","M","M","?","M","B"],"character_chosen":"THE_SNECKO","items_purchased":[],"campfire_rested":0,"item_purchase_floors":[],"current_hp_per_floor":[99,99,99,99,99,99,99,82,71,66,59,48,43,23,18,0,0,0],"gold":371,"neow_bonus":"TEN_PERCENT_HP_BONUS","is_daily":false,"chose_seed":false,"campfire_upgraded":2,"win_rate":0.0,"timestamp":1613868244,"path_taken":["R","M","?","?","?","R","T","E","M","M","M","M","M","?","M","BOSS"],"items_purchased_type":[],"build_version":"2020-12-22","purchased_purges":0,"victory":false,"max_hp_per_floor":[99,99,99,99,99,99,99,99,99,99,99,99,99,106,106,106,106,106],"card_choices":[{"not_picked":["sneckomod:DiceCrush","sneckomod:SoulRoll"],"picked":"sneckomod:UnknownUncommonSkill","floor":2.0},{"not_picked":["sneckomod:SlitherStrike","sneckomod:QuickBite"],"picked":"sneckomod:SerpentIdol","floor":2.0},{"not_picked":["sneckomod:DiceCrush","sneckomod:QuickBite"],"picked":"sneckomod:UnknownDraw","floor":3.0},{"not_picked":["sneckomod:IronFang","sneckomod:UnknownVulnerable"],"picked":"sneckomod:TrashToTreasure","floor":5.0},{"not_picked":["sneckomod:SoulRoll","sneckomod:QuickBite"],"picked":"sneckomod:SlitherStrike","floor":5.0},{"not_picked":["sneckomod:PureSnecko","sneckomod:Unknown3Cost"],"picked":"sneckomod:Cheat","floor":8},{"not_picked":["sneckomod:QuickBite","sneckomod:SerpentIdol"],"picked":"sneckomod:Unknown1Cost","floor":9},{"not_picked":["sneckomod:SlitherStrike","sneckomod:SoulDraw"],"picked":"sneckomod:RainOfDice","floor":9},{"not_picked":["sneckomod:QuickBite","sneckomod:RainOfDice"],"picked":"sneckomod:UnknownClassBLUE","floor":10},{"not_picked":["sneckomod:SoulRoll","sneckomod:DiceCrush"],"picked":"sneckomod:ImprovisedAttack","floor":10},{"not_picked":["sneckomod:SnakeSap","sneckomod:SnekBeam"],"picked":"sneckomod:Unknown1Cost","floor":11},{"not_picked":["sneckomod:Rotation","sneckomod:TrashToTreasure"],"picked":"sneckomod:UnknownUncommonSkill","floor":11},{"not_picked":["sneckomod:SoulDraw","sneckomod:UnknownClassTHE_CURSED_PURPLE"],"picked":"sneckomod:UnknownRareSkill","floor":12},{"not_picked":["sneckomod:QuickBite","sneckomod:QuickMove"],"picked":"sneckomod:UnknownClassTHE_BRONZE_AUTOMATON","floor":12},{"not_picked":["sneckomod:UnknownVulnerable","sneckomod:Nope"],"picked":"sneckomod:MasterEye","floor":13},{"not_picked":["sneckomod:QuickBite","sneckomod:Rotation"],"picked":"sneckomod:UnknownBlock","floor":13},{"not_picked":["sneckomod:UnknownBlock","sneckomod:QuickMove"],"picked":"sneckomod:UnknownClassTHE_CURSED_PURPLE","floor":14},{"not_picked":["sneckomod:UnknownCommonSkill","sneckomod:UnknownClassBLUE","sneckomod:UnknownClassTHE_BRONZE_AUTOMATON"],"picked":"SKIP","floor":15},{"not_picked":["sneckomod:SerpentMind","sneckomod:UnendingSupply","sneckomod:UnknownClassTHE_CURSED_PURPLE"],"picked":"SKIP","floor":15}],"player_experience":337899,"relics_obtained":[{"floor":3.0,"key":"Slimebound:PreparedRelic"},{"floor":7.0,"key":"Replay:Bottled Snecko"},{"floor":8,"key":"Onion Ring"},{"floor":14,"key":"Strawberry"}],"event_choices":[],"is_beta":false,"boss_relics":[],"items_purged_floors":[],"is_endless":false,"potions_floor_spawned":[5,9,10,14,15],"killed_by":"WA_ARCHETYPE_RETAIN","ascension_level":0}}