{"host":"1n4zh8skucxnzijq","time":1613933522,"event":{"mods":["AchievementEnabler","BaseMod","Minty Spire (QoL Compilation)","Quick Restart"],"gold_per_floor":[118,193,207,207,207,232,252,286,311,311,97,22,41,51,51,127,127,140,55,55,55,65,93,93,110,110,126,24,49,49,49,49],"floor_reached":31,"language":"ENG","playtime":3349,"items_purged":["Strike_G"],"score":616,"play_id":"3e72c2c7-f4d7-43b6-9df2-53aab17b1d7c","local_time":"20210221185202","is_ascension_mode":true,"campfire_choices":[{"floor":10.0,"key":"REST"},{"data":"Footwork","floor":15.0,"key":"SMITH"},{"floor":24,"key":"REST"}],"circlet_count":0,"master_deck":["AscendersBane","Defend_G+1","Defend_G+1","Survivor","Neutralize","Poisoned Stab+1","Cloak And Dagger","Slice+1","Footwork+1","Cloak And Dagger+1","Backstab","Envenom","Tactician+1","Dash+1","Expertise+1","Deadly Poison","Expertise+1","Backstab","Concentrate","Finesse","Underhanded Strike","Grand Finale"],"relics":["Ring of the Snake","NeowsBlessing","Akabeko","Smiling Mask","Bag of Preparation","Whetstone","Astrolabe","Happy Flower","Singing Bowl","War Paint","Sundial","Pen Nib"],"acts_visited":["Exordium","TheCity"],"potions_floor_usage":[23,23,31],"damage_taken":[{"damage":0.0,"enemies":"Small Slimes","floor":1.0,"turns":1.0},{"damage":0.0,"enemies":"2 Louse","floor":3.0,"turns":1.0},{"damage":0.0,"enemies":"Gremlin Nob","floor":6.0,"turns":1.0},{"damage":0.0,"enemies":"Jaw Worm","floor":7.0,"turns":4.0},{"damage":17.0,"enemies":"3 Sentries","floor":8.0,"turns":8.0},{"damage":0.0,"enemies":"Large Slime","floor":13.0,"turns":5.0},{"damage":0.0,"enemies":"Blue Slaver","floor":14.0,"turns":3.0},{"damage":2.0,"enemies":"Hexaghost","floor":16.0,"turns":7.0},{"damage":4,"enemies":"Spheric Guardian","floor":18,"turns":4},{"damage":0,"enemies":"Chosen","floor":22,"turns":3},{"damage":36,"enemies":"Gremlin Leader","floor":23,"turns":11},{"damage":5,"enemies":"Sentry and Sphere","floor":25,"turns":4},{"damage":0,"enemies":"Snecko","floor":27,"turns":4},{"damage":28,"enemies":"Slavers","floor":29,"turns":6},{"damage":9,"enemies":"Cultist and Chosen","floor":31,"turns":4}],"seed_played":"8388997052935786317","potions_obtained":[{"floor":1.0,"key":"Block Potion"},{"floor":3.0,"key":"Swift Potion"},{"floor":7.0,"key":"CultistPotion"},{"floor":8.0,"key":"PowerPotion"},{"floor":13.0,"key":"Block Potion"},{"floor":18,"key":"CunningPotion"},{"floor":29,"key":"GamblersBrew"}],"is_trial":false,"path_per_floor":["M","?","M","?","?","E","M","E","T","R","$","?","M","M","R","B",null,"M","?","?","T","M","E","R","M","T","M","$","E","?","M"],"character_chosen":"THE_SILENT","items_purchased":["Whetstone","Finesse"],"campfire_rested":2,"item_purchase_floors":[11,28],"current_hp_per_floor":[59,48,48,28,21,21,21,4,4,23,23,23,23,23,23,21,55,51,51,51,51,51,17,37,32,32,34,34,6,6,0,0],"gold":49,"neow_bonus":"THREE_ENEMY_KILL","is_daily":false,"chose_seed":false,"campfire_upgraded":1,"win_rate":0.0,"timestamp":1613933522,"path_taken":["M","?","M","?","?","E","M","E","T","R","?","?","?","M","R","BOSS","M","?","?","?","M","E","R","M","T","M","?","E","?","?"],"items_purchased_type":["Relic","Card"],"build_version":"2020-12-22","purchased_purges":1,"victory":false,"max_hp_per_floor":[66,66,66,66,66,66,66,66,66,66,66,66,66,66,66,66,66,66,66,66,66,66,68,68,68,68,70,70,70,70,70,70],"card_choices":[{"not_picked":["Well Laid Plans","Dagger Spray"],"picked":"Poisoned Stab","floor":1.0},{"not_picked":["Finisher","Sucker Punch"],"picked":"Poisoned Stab","floor":3.0},{"not_picked":["Crippling Poison","Reflex"],"picked":"Cloak And Dagger","floor":6.0},{"not_picked":["Dodge and Roll","Quick Slash"],"picked":"Slice","floor":7.0},{"not_picked":["Die Die Die","Doppelganger"],"picked":"Footwork","floor":8.0},{"not_picked":["Underhanded Strike","Acrobatics"],"picked":"Cloak And Dagger","floor":13.0},{"not_picked":["Slice","Finisher"],"picked":"Backstab","floor":14.0},{"not_picked":["Unload","Doppelganger"],"picked":"Envenom","floor":16.0},{"not_picked":["Infinite Blades","Well Laid Plans","Leg Sweep"],"picked":"SKIP","floor":18},{"not_picked":["Skewer","Crippling Poison"],"picked":"Backstab","floor":22},{"not_picked":["Deadly Poison","Tactician","Caltrops"],"picked":"Singing Bowl","floor":23},{"not_picked":["Riddle With Holes","Prepared"],"picked":"Concentrate","floor":25},{"not_picked":["Leg Sweep","Dodge and Roll","Dagger Throw"],"picked":"Singing Bowl","floor":27},{"not_picked":["Well Laid Plans","Masterful Stab"],"picked":"Underhanded Strike","floor":29}],"player_experience":1126709,"relics_obtained":[{"floor":6.0,"key":"Akabeko"},{"floor":8.0,"key":"Smiling Mask"},{"floor":9.0,"key":"Bag of Preparation"},{"floor":21,"key":"Singing Bowl"},{"floor":23,"key":"War Paint"},{"floor":26,"key":"Sundial"},{"floor":29,"key":"Pen Nib"}],"event_choices":[{"damage_healed":0.0,"max_hp_gain":0.0,"max_hp_loss":0.0,"gold_gain":75.0,"event_name":"World of Goop","player_choice":"Gather Gold","floor":2.0,"gold_loss":0.0,"damage_taken":11.0},{"damage_healed":0.0,"max_hp_gain":0.0,"max_hp_loss":0.0,"gold_gain":0.0,"event_name":"Shining Light","player_choice":"Entered Light","floor":4.0,"gold_loss":0.0,"damage_taken":20.0,"cards_upgraded":["Defend_G","Defend_G"]},{"cards_removed":["Strike_G"],"damage_healed":0.0,"max_hp_gain":0.0,"max_hp_loss":0.0,"gold_gain":0.0,"event_name":"Golden Wing","player_choice":"Card Removal","floor":5.0,"gold_loss":0.0,"damage_taken":7.0},{"cards_removed":["Strike_G"],"damage_healed":0.0,"max_hp_gain":0.0,"max_hp_loss":0.0,"gold_gain":0.0,"event_name":"The Cleric","player_choice":"Card Removal","floor":12.0,"gold_loss":75.0,"damage_taken":0.0},{"damage_healed":0,"gold_gain":0,"player_choice":"Obtained Relic","damage_taken":0,"relics_obtained":["Happy Flower"],"max_hp_gain":0,"max_hp_loss":0,"event_name":"Addict","floor":19,"gold_loss":85},{"damage_healed":0,"gold_gain":0,"cards_transformed":["Defend_G","Defend_G"],"player_choice":"Became Test Subject","damage_taken":0,"max_hp_gain":0,"max_hp_loss":0,"event_name":"Drug Dealer","floor":20,"gold_loss":0,"cards_obtained":["Deadly Poison","Expertise"]},{"damage_healed":0,"gold_gain":0,"cards_transformed":["Poisoned Stab"],"player_choice":"Transformed","damage_taken":0,"max_hp_gain":0,"max_hp_loss":0,"event_name":"Transmorgrifier","floor":30,"gold_loss":0,"cards_obtained":["Grand Finale"]}],"is_beta":false,"boss_relics":[{"not_picked":["Tiny House","Runic Dome"],"picked":"Astrolabe"}],"items_purged_floors":[11],"is_endless":false,"potions_floor_spawned":[1,3,7,8,13,18,29],"killed_by":"Cultist and Chosen","ascension_level":20}}