{"host":"rw1trt79hfpl7pom","time":1613904935,"event":{"mods":["BaseMod","Bestiary","Colored Map","Jorbs\u0027s Wanderer Trilogy","Minty Spire (QoL Compilation)","Relic Stats","StSLib","SuperFastMode"],"gold_per_floor":[109,109,109,123,103,132,56,76,102,102,132,158,168,186,186,260,260,272,272,26,26,38,64,64,94,145,178,205,216,260,273,273,356,356,366,379,398,407,460,469,487,514,514,552,566,566,73,91,91,91,91],"floor_reached":50,"language":"ENG","playtime":6875,"items_purged":["stsjorbsmod:Strike_Wanderer"],"score":1303,"play_id":"d70d5391-0015-468f-b4cf-ec66b3b51863","local_time":"20210221025535","is_ascension_mode":true,"campfire_choices":[{"data":"stsjorbsmod:TrueStrike","floor":10.0,"key":"SMITH"},{"data":"stsjorbsmod:Inferno","floor":15.0,"key":"SMITH"},{"floor":24.0,"key":"REST"},{"data":"stsjorbsmod:Inferno","floor":32.0,"key":"SMITH"},{"floor":40.0,"key":"REST"},{"floor":49.0,"key":"RECALL"}],"circlet_count":0,"master_deck":["AscendersBane","stsjorbsmod:ForbiddenGrimoire+1","stsjorbsmod:Strike_Wanderer+1","stsjorbsmod:Strike_Wanderer+1","stsjorbsmod:Defend_Wanderer+1","stsjorbsmod:Defend_Wanderer","stsjorbsmod:Defend_Wanderer","stsjorbsmod:Defend_Wanderer","stsjorbsmod:FreshAdventure","stsjorbsmod:EyeOfTheStorm","stsjorbsmod:Hibernate","stsjorbsmod:TrueStrike+1","stsjorbsmod:Materialize","stsjorbsmod:Inferno+1","stsjorbsmod:Feast","stsjorbsmod:Firebolt","stsjorbsmod:Inferno+1","stsjorbsmod:BurningFlask","stsjorbsmod:TinyHut","stsjorbsmod:PurgeMind","stsjorbsmod:DeathThroes","stsjorbsmod:Inferno","stsjorbsmod:Materialize","stsjorbsmod:BurningFlask","stsjorbsmod:LoseGrip","stsjorbsmod:HoldMonster","stsjorbsmod:ThirstingSword","Finesse","stsjorbsmod:Message","Madness","Madness","stsjorbsmod:Message","stsjorbsmod:Withdraw"],"relics":["stsjorbsmod:GrimoireRelic","NeowsBlessing","Eternal Feather","Dream Catcher","Ancient Tea Set","Bronze Scales","Black Star","Anchor","Bag of Preparation","Whetstone","White Beast Statue","CeramicFish","Nunchaku","Mercury Hourglass","Blue Candle","Pantograph","Runic Pyramid","Turnip","Regal Pillow","PreservedInsect","Sundial","Torii"],"acts_visited":["Exordium","TheCity","TheBeyond"],"potions_floor_usage":[50,50],"damage_taken":[{"damage":0.0,"enemies":"2 Louse","floor":1.0,"turns":1.0},{"damage":0.0,"enemies":"Jaw Worm","floor":4.0,"turns":1.0},{"damage":0.0,"enemies":"Lagavulin","floor":6.0,"turns":1.0},{"damage":1.0,"enemies":"Cultist","floor":8.0,"turns":3.0},{"damage":0.0,"enemies":"2 Fungi Beasts","floor":11.0,"turns":5.0},{"damage":25.0,"enemies":"3 Sentries","floor":12.0,"turns":8.0},{"damage":3.0,"enemies":"Exordium Thugs","floor":13.0,"turns":6.0},{"damage":13.0,"enemies":"Blue Slaver","floor":14.0,"turns":4.0},{"damage":29.0,"enemies":"Hexaghost","floor":16.0,"turns":8.0},{"damage":21.0,"enemies":"3 Byrds","floor":18.0,"turns":3.0},{"damage":0.0,"enemies":"Chosen","floor":22.0,"turns":2.0},{"damage":12.0,"enemies":"Gremlin Leader","floor":23.0,"turns":5.0},{"damage":21.0,"enemies":"Book of Stabbing","floor":25.0,"turns":3.0},{"damage":15.0,"enemies":"Slavers","floor":27.0,"turns":4.0},{"damage":0.0,"enemies":"Snecko","floor":28.0,"turns":2.0},{"damage":10.0,"enemies":"Centurion and Healer","floor":29.0,"turns":6.0},{"damage":0.0,"enemies":"Gremlin Leader","floor":30.0,"turns":7.0},{"damage":5.0,"enemies":"Shelled Parasite and Fungi","floor":31.0,"turns":4.0},{"damage":62.0,"enemies":"Collector","floor":33.0,"turns":5.0},{"damage":24.0,"enemies":"3 Darklings","floor":35.0,"turns":5.0},{"damage":0.0,"enemies":"Orb Walker","floor":36.0,"turns":1.0},{"damage":30.0,"enemies":"Maw","floor":37.0,"turns":5.0},{"damage":21.0,"enemies":"2 Orb Walkers","floor":39.0,"turns":3.0},{"damage":56.0,"enemies":"Reptomancer","floor":42.0,"turns":5.0},{"damage":16.0,"enemies":"Writhing Mass","floor":44.0,"turns":4.0},{"damage":36.0,"enemies":"3 Darklings","floor":45.0,"turns":7.0},{"damage":29.0,"enemies":"Transient","floor":48.0,"turns":6.0},{"damage":163,"enemies":"Donu and Deca","floor":50,"turns":10}],"seed_played":"-7422524145932475607","potions_obtained":[{"floor":1.0,"key":"Swift Potion"},{"floor":5.0,"key":"DuplicationPotion"},{"floor":6.0,"key":"BlessingOfTheForge"},{"floor":22.0,"key":"DuplicationPotion"},{"floor":27.0,"key":"AttackPotion"},{"floor":28.0,"key":"Fire Potion"},{"floor":30.0,"key":"SkillPotion"},{"floor":31.0,"key":"Fruit Juice"},{"floor":33.0,"key":"Energy Potion"},{"floor":35.0,"key":"Regen Potion"},{"floor":37.0,"key":"Strength Potion"},{"floor":39.0,"key":"Regen Potion"},{"floor":42.0,"key":"LiquidMemories"},{"floor":44.0,"key":"Dexterity Potion"},{"floor":45.0,"key":"SkillPotion"},{"floor":48.0,"key":"AttackPotion"}],"is_trial":false,"path_per_floor":["M","?","T","M","?","E","$","M","T","R","M","E","M","M","R","B",null,"M","?","$","?","M","E","R","E","T","E","M","M","E","M","R","B",null,"M","M","M","?","?","R","?","E","T","M","M","?","$","M","R","B"],"character_chosen":"WANDERER","items_purchased":["stsjorbsmod:Inferno","Anchor","stsjorbsmod:Withdraw","Torii"],"campfire_rested":2,"item_purchase_floors":[7,20,47,47],"current_hp_per_floor":[59,59,59,62,62,63,63,63,63,66,70,47,48,36,48,19,60,45,45,45,45,45,33,69,48,48,33,33,30,32,33,48,16,74,50,50,35,35,14,56,39,69,69,58,42,42,42,88,88,0,0],"gold":91,"neow_bonus":"THREE_ENEMY_KILL","is_daily":false,"chose_seed":false,"campfire_upgraded":3,"win_rate":0.0,"timestamp":1613904935,"path_taken":["M","?","?","M","?","E","$","M","T","R","?","E","M","M","R","BOSS","M","?","?","?","M","E","R","E","T","E","?","M","E","M","R","BOSS","M","M","M","?","?","R","?","E","T","M","M","?","$","M","R","BOSS"],"items_purchased_type":["Card","Relic","Card","Relic"],"build_version":"2020-12-22","purchased_purges":1,"victory":false,"max_hp_per_floor":[64,64,64,66,66,66,66,66,66,66,70,72,74,74,74,74,74,80,80,80,80,80,80,80,80,80,80,80,84,84,88,88,93,93,93,93,93,93,93,93,93,92,92,94,91,91,91,88,88,86,86],"relic_stats":{"Regal Pillow":0,"Torii":4,"counters":[28,124],"CeramicFish":81,"Blue Candle":[0],"Eternal Feather":57,"PreservedInsect":0,"Bag of Preparation":[32],"Whetstone":["stsjorbsmod:Strike_Wanderer","stsjorbsmod:Strike_Wanderer"],"Mercury Hourglass":[301],"Dream Catcher":2,"Nunchaku":[6],"Sundial":[0],"Bronze Scales":[351],"Pantograph":25,"Turnip":[0],"Black Star":5,"obtain_stats":[{"Regal Pillow":42,"NeowsBlessing":0,"Torii":47,"CeramicFish":26,"Blue Candle":30,"stsjorbsmod:GrimoireRelic":0,"Eternal Feather":3,"PreservedInsect":42,"Bag of Preparation":23,"Whetstone":23,"Ancient Tea Set":9,"White Beast Statue":25,"Mercury Hourglass":27,"Dream Catcher":6,"Anchor":20,"Nunchaku":27,"Sundial":46,"Bronze Scales":12,"Pantograph":30,"Turnip":39,"Black Star":17,"Runic Pyramid":34},{"Regal Pillow":24,"NeowsBlessing":0,"Torii":26,"CeramicFish":13,"Blue Candle":17,"stsjorbsmod:GrimoireRelic":0,"Eternal Feather":1,"PreservedInsect":24,"Bag of Preparation":12,"Whetstone":12,"Ancient Tea Set":4,"White Beast Statue":13,"Mercury Hourglass":14,"Dream Catcher":3,"Anchor":10,"Nunchaku":14,"Sundial":26,"Bronze Scales":6,"Pantograph":17,"Turnip":23,"Black Star":9,"Runic Pyramid":19},{"Regal Pillow":97,"NeowsBlessing":0,"Torii":108,"CeramicFish":50,"Blue Candle":69,"stsjorbsmod:GrimoireRelic":0,"Eternal Feather":1,"PreservedInsect":97,"Bag of Preparation":47,"Whetstone":47,"Ancient Tea Set":6,"White Beast Statue":50,"Mercury Hourglass":54,"Dream Catcher":3,"Anchor":40,"Nunchaku":54,"Sundial":108,"Bronze Scales":19,"Pantograph":69,"Turnip":92,"Black Star":37,"Runic Pyramid":78}]},"card_choices":[{"not_picked":["stsjorbsmod:HedgeWizard","stsjorbsmod:DoubleCheck"],"picked":"stsjorbsmod:Hibernate","floor":1.0},{"not_picked":["stsjorbsmod:BurningFlask","stsjorbsmod:MageArmor"],"picked":"stsjorbsmod:TrueStrike","floor":4.0},{"not_picked":["stsjorbsmod:Mindworm","stsjorbsmod:Will"],"picked":"stsjorbsmod:Materialize","floor":6.0},{"not_picked":["stsjorbsmod:LoseGrip","stsjorbsmod:Will"],"picked":"stsjorbsmod:Feast","floor":8.0},{"not_picked":["stsjorbsmod:ArcaneWeapon","stsjorbsmod:Index"],"picked":"stsjorbsmod:Firebolt","floor":11.0},{"not_picked":["stsjorbsmod:WeightOfMemory","stsjorbsmod:Materialize"],"picked":"stsjorbsmod:Inferno","floor":12.0},{"not_picked":["stsjorbsmod:TollTheDead","stsjorbsmod:Prestidigitation"],"picked":"stsjorbsmod:BurningFlask","floor":13.0},{"not_picked":["stsjorbsmod:TrueStrike","stsjorbsmod:Prestidigitation"],"picked":"stsjorbsmod:TinyHut","floor":14.0},{"not_picked":["stsjorbsmod:CorrodingBarrier","stsjorbsmod:ArcaneForm"],"picked":"stsjorbsmod:PurgeMind","floor":16.0},{"not_picked":["stsjorbsmod:WeightOfMemory","stsjorbsmod:ArcaneWeapon"],"picked":"stsjorbsmod:Index","floor":18.0},{"not_picked":["stsjorbsmod:Hurt","stsjorbsmod:MagicMissiles","stsjorbsmod:OldPocket"],"picked":"SKIP","floor":22.0},{"not_picked":["stsjorbsmod:AnimateObjects","stsjorbsmod:TrueStrike"],"picked":"stsjorbsmod:Inferno","floor":23.0},{"not_picked":["stsjorbsmod:Hurt+1","stsjorbsmod:ChatteringStrike"],"picked":"stsjorbsmod:Materialize","floor":24.0},{"not_picked":["stsjorbsmod:MagicMirror","stsjorbsmod:WeightOfMemory"],"picked":"stsjorbsmod:BurningFlask","floor":25.0},{"not_picked":["stsjorbsmod:ParryingBlow","stsjorbsmod:WanderingMind","stsjorbsmod:FaerieFire"],"picked":"SKIP","floor":27.0},{"not_picked":["stsjorbsmod:RayOfFrost","stsjorbsmod:ArcaneWeapon"],"picked":"stsjorbsmod:LoseGrip","floor":28.0},{"not_picked":["stsjorbsmod:Will","stsjorbsmod:MagicMirror","stsjorbsmod:Hibernate"],"picked":"SKIP","floor":29.0},{"not_picked":["stsjorbsmod:Mindworm","stsjorbsmod:RayOfFrost"],"picked":"stsjorbsmod:HoldMonster","floor":30.0},{"not_picked":["stsjorbsmod:AnimateObjects","stsjorbsmod:Channel","stsjorbsmod:Mania"],"picked":"SKIP","floor":31.0},{"not_picked":["stsjorbsmod:Withdraw","stsjorbsmod:MirrorImage"],"picked":"stsjorbsmod:ThirstingSword","floor":33.0},{"not_picked":["stsjorbsmod:ChatteringStrike+1","stsjorbsmod:DoubleCheck+1","stsjorbsmod:SmithingStrike+1"],"picked":"SKIP","floor":35.0},{"not_picked":["stsjorbsmod:WanderingMind+1","stsjorbsmod:ArcaneWeapon","stsjorbsmod:WeightOfMemory"],"picked":"SKIP","floor":36.0},{"not_picked":["stsjorbsmod:Index","stsjorbsmod:ChatteringStrike","stsjorbsmod:ColorSpray+1"],"picked":"SKIP","floor":37.0},{"not_picked":["Forethought","Enlightenment"],"picked":"Finesse","floor":38.0},{"not_picked":["stsjorbsmod:FracturedMind","stsjorbsmod:ParryingBlow"],"picked":"stsjorbsmod:Message","floor":40.0},{"not_picked":["stsjorbsmod:LoseGrip","stsjorbsmod:Message","stsjorbsmod:ArcaneForm"],"picked":"SKIP","floor":42.0},{"not_picked":["stsjorbsmod:Materialize","stsjorbsmod:Prestidigitation"],"picked":"stsjorbsmod:Message","floor":44.0},{"not_picked":["stsjorbsmod:MagicMirror","stsjorbsmod:WanderingMind+1","stsjorbsmod:MageArmor+1"],"picked":"SKIP","floor":45.0},{"not_picked":["stsjorbsmod:Hurt","stsjorbsmod:Index","stsjorbsmod:Materialize+1"],"picked":"SKIP","floor":48.0}],"player_experience":2845468,"relics_obtained":[{"floor":3.0,"key":"Eternal Feather"},{"floor":6.0,"key":"Dream Catcher"},{"floor":9.0,"key":"Ancient Tea Set"},{"floor":12.0,"key":"Bronze Scales"},{"floor":23.0,"key":"Bag of Preparation"},{"floor":23.0,"key":"Whetstone"},{"floor":25.0,"key":"White Beast Statue"},{"floor":26.0,"key":"CeramicFish"},{"floor":27.0,"key":"Nunchaku"},{"floor":27.0,"key":"Mercury Hourglass"},{"floor":30.0,"key":"Blue Candle"},{"floor":30.0,"key":"Pantograph"},{"floor":39.0,"key":"Turnip"},{"floor":42.0,"key":"Regal Pillow"},{"floor":42.0,"key":"PreservedInsect"}],"event_choices":[{"damage_healed":0.0,"max_hp_gain":0.0,"max_hp_loss":0.0,"gold_gain":0.0,"event_name":"Liars Game","player_choice":"Ignored","floor":2.0,"gold_loss":0.0,"damage_taken":0.0},{"damage_healed":0.0,"max_hp_gain":0.0,"max_hp_loss":0.0,"gold_gain":0.0,"event_name":"The Woman in Blue","player_choice":"Bought 1 Potion","floor":5.0,"gold_loss":0.0,"damage_taken":0.0},{"cards_removed":["stsjorbsmod:Strike_Wanderer"],"damage_healed":0.0,"max_hp_gain":0.0,"max_hp_loss":0.0,"gold_gain":0.0,"event_name":"Purifier","player_choice":"Purged","floor":19.0,"gold_loss":0.0,"damage_taken":0.0},{"damage_healed":0.0,"max_hp_gain":0.0,"max_hp_loss":0.0,"gold_gain":0.0,"event_name":"Match and Keep!","player_choice":"1 cards matched","floor":21.0,"gold_loss":0.0,"damage_taken":0.0,"cards_obtained":["stsjorbsmod:DeathThroes"]},{"damage_healed":0.0,"max_hp_gain":0.0,"max_hp_loss":0.0,"gold_gain":0.0,"event_name":"SensoryStone","player_choice":"Memory 1","floor":38.0,"gold_loss":0.0,"damage_taken":0.0},{"damage_healed":0.0,"max_hp_gain":0.0,"max_hp_loss":0.0,"gold_gain":0.0,"event_name":"Mysterious Sphere","player_choice":"Fight","floor":39.0,"gold_loss":0.0,"damage_taken":0.0},{"damage_healed":0.0,"max_hp_gain":0.0,"max_hp_loss":0.0,"gold_gain":0.0,"event_name":"Winding Halls","player_choice":"Embrace Madness","floor":41.0,"gold_loss":0.0,"damage_taken":17.0,"cards_obtained":["Madness","Madness"]},{"cards_removed":["stsjorbsmod:Index"],"damage_healed":0.0,"max_hp_gain":0.0,"max_hp_loss":0.0,"gold_gain":0.0,"event_name":"WeMeetAgain","player_choice":"Gave Card","floor":46.0,"gold_loss":0.0,"damage_taken":0.0,"relics_obtained":["Sundial"]}],"is_beta":false,"boss_relics":[{"not_picked":["Astrolabe","Sozu"],"picked":"Black Star"},{"not_picked":["SacredBark","Tiny House"],"picked":"Runic Pyramid"}],"items_purged_floors":[20],"is_endless":false,"potions_floor_spawned":[1,6,11,12,14,22,25,27,28,29,30,31,33,35,36,37,39,42,44,45,48],"killed_by":"Donu and Deca","ascension_level":20}}