{"host":"d2gh6suihlstufn7","time":1613900335,"event":{"mods":["AchievementEnabler","BaseMod","Colored Map","Colored Powertips","Minty Spire (QoL Compilation)","Permanent Neow","Quick Restart"],"gold_per_floor":[119,138,156,7,24,24,51,51,51,51,65,100,165,179,179,276,276,287,287,304,304,304],"floor_reached":21,"language":"KOR","playtime":778,"items_purged":[],"score":191,"play_id":"4fee97a0-3746-492c-b2d4-556e974fb40d","local_time":"20210221183855","is_ascension_mode":false,"campfire_choices":[{"data":"Evolve","floor":6,"key":"SMITH"},{"data":"Fire Breathing","floor":8,"key":"SMITH"},{"data":"Immolate","floor":10,"key":"SMITH"},{"data":"Fire Breathing","floor":15,"key":"SMITH"}],"circlet_count":0,"master_deck":["Bash","Inflame","Flame Barrier","Searing Blow","Immolate+1","Reckless Charge","Spot Weakness","Sentinel","Fire Breathing+1","Pommel Strike","Evolve+1","Wild Strike","Dark Embrace","Fire Breathing+1","Armaments","Intimidate","Headbutt","Shockwave","Wild Strike","Immolate","Fire Breathing+1"],"relics":["Pandora\u0027s Box","Orrery","Bird Faced Urn","Meat on the Bone","The Courier","Darkstone Periapt","SlaversCollar"],"acts_visited":["Exordium","TheCity"],"potions_floor_usage":[7,7,12],"damage_taken":[{"damage":0,"enemies":"Cultist","floor":1,"turns":4},{"damage":0,"enemies":"Jaw Worm","floor":2,"turns":3},{"damage":12,"enemies":"2 Louse","floor":3,"turns":2},{"damage":0,"enemies":"Large Slime","floor":5,"turns":4},{"damage":28,"enemies":"Gremlin Nob","floor":7,"turns":4},{"damage":1,"enemies":"2 Fungi Beasts","floor":11,"turns":2},{"damage":19,"enemies":"3 Sentries","floor":12,"turns":5},{"damage":27,"enemies":"Gremlin Nob","floor":13,"turns":4},{"damage":0,"enemies":"Lots of Slimes","floor":14,"turns":1},{"damage":26,"enemies":"Slime Boss","floor":16,"turns":5},{"damage":38,"enemies":"Shell Parasite","floor":18,"turns":5},{"damage":28,"enemies":"3 Byrds","floor":20,"turns":4},{"damage":29,"enemies":"Centurion and Healer","floor":21,"turns":5}],"seed_played":"6954553949429540366","potions_obtained":[{"floor":1,"key":"Fire Potion"},{"floor":2,"key":"SneckoOil"},{"floor":5,"key":"ColorlessPotion"},{"floor":7,"key":"FairyPotion"},{"floor":14,"key":"Strength Potion"},{"floor":18,"key":"Weak Potion"}],"is_trial":false,"path_per_floor":["M","M","M","$","M","R","E","R","T","R","M","E","?","M","R","B",null,"M","?","M","M"],"character_chosen":"IRONCLAD","items_purchased":["Orrery"],"campfire_rested":0,"item_purchase_floors":[4],"current_hp_per_floor":[80,80,68,68,68,68,40,40,40,40,41,44,35,47,47,43,80,46,46,34,13,13],"gold":304,"neow_bonus":"BOSS_RELIC","is_daily":false,"chose_seed":false,"campfire_upgraded":4,"win_rate":0.0,"timestamp":1613900335,"path_taken":["M","M","?","?","M","R","E","R","T","R","M","E","?","M","R","BOSS","M","?","?","M"],"items_purchased_type":["Relic"],"build_version":"2020-12-22","purchased_purges":0,"victory":false,"max_hp_per_floor":[80,80,80,80,80,80,80,80,80,80,80,80,80,80,80,80,80,80,80,80,80,80],"card_choices":[{"not_picked":["Entrench","Seeing Red"],"picked":"Evolve","floor":1},{"not_picked":["Headbutt","Rage","Burning Pact"],"picked":"SKIP","floor":2},{"not_picked":["Warcry","Bloodletting","Twin Strike"],"picked":"SKIP","floor":3},{"not_picked":["Shrug It Off","Uppercut"],"picked":"Wild Strike","floor":4},{"not_picked":["Evolve","Entrench"],"picked":"Dark Embrace","floor":4},{"not_picked":["Infernal Blade","Clash"],"picked":"Fire Breathing","floor":4},{"not_picked":["Flex","True Grit"],"picked":"Armaments","floor":4},{"not_picked":["Warcry","Offering","Anger"],"picked":"SKIP","floor":5},{"not_picked":["Pummel","Iron Wave"],"picked":"Intimidate","floor":7},{"not_picked":["Intimidate","Clothesline"],"picked":"Headbutt","floor":11},{"not_picked":["Armaments","Clothesline"],"picked":"Shockwave","floor":12},{"not_picked":["Bloodletting","Metallicize"],"picked":"Wild Strike","floor":13},{"not_picked":["Thunderclap","Warcry","Offering"],"picked":"SKIP","floor":14},{"not_picked":["Barricade","Offering"],"picked":"Immolate","floor":16},{"not_picked":["Armaments","Sword Boomerang","Thunderclap"],"picked":"SKIP","floor":18},{"not_picked":["Shrug It Off","Clash"],"picked":"Fire Breathing+1","floor":20}],"player_experience":184153,"relics_obtained":[{"floor":7,"key":"Bird Faced Urn"},{"floor":9,"key":"Meat on the Bone"},{"floor":12,"key":"The Courier"},{"floor":13,"key":"Darkstone Periapt"}],"event_choices":[{"damage_healed":0,"gold_gain":0,"player_choice":"Searched \u00272\u0027 times","damage_taken":0,"max_hp_gain":0,"max_hp_loss":0,"event_name":"Dead Adventurer","floor":13,"gold_loss":0},{"damage_healed":0,"gold_gain":0,"player_choice":"Bought 0 Potions","damage_taken":0,"max_hp_gain":0,"max_hp_loss":0,"event_name":"The Woman in Blue","floor":19,"gold_loss":0}],"is_beta":false,"boss_relics":[{"not_picked":["Empty Cage","Astrolabe"],"picked":"SlaversCollar"}],"items_purged_floors":[],"is_endless":false,"potions_floor_spawned":[1,2,5,7,14,18],"killed_by":"Centurion and Healer","ascension_level":0}}