{"host":"April","time":1613899753,"event":{"mods":["BaseMod","Minty Spire (QoL Compilation)"],"gold_per_floor":[209,225,74,74,74,107,107,134,181,194,206,223,223,256,256,361,361,361,361,35,35,35,35,35,35,35,35,35,35,35,35],"floor_reached":30,"language":"ENG","playtime":1619,"items_purged":[],"score":312,"play_id":"eb0cff65-e8a4-4b98-bb04-0c8d2830b2e5","local_time":"20210221012913","is_ascension_mode":true,"campfire_choices":[{"floor":13.0,"key":"REST"},{"data":"Buffer","floor":15.0,"key":"SMITH"},{"floor":25.0,"key":"REST"}],"circlet_count":0,"master_deck":["Strike_B","Strike_B","Strike_B","Strike_B","Defend_B","Defend_B","Defend_B","Defend_B","Zap","Dualcast","Barrage","Glacier","Buffer+1","Ball Lightning","Compile Driver","Thunder Strike","Hologram","Turbo","Conserve Battery","Amplify","Blizzard","Steam","Double Energy","Echo Form","Biased Cognition","Auto Shields+1","Ball Lightning","Core Surge","Static Discharge+1","Cold Snap"],"relics":["Cracked Core","Orrery","PreservedInsect","Emotion Chip","Kunai","Omamori","Smiling Mask","Ectoplasm","Eternal Feather","Boot","Calipers","Question Card"],"acts_visited":["Exordium","TheCity"],"potions_floor_usage":[],"damage_taken":[{"damage":0.0,"enemies":"Small Slimes","floor":1.0,"turns":2.0},{"damage":0.0,"enemies":"2 Louse","floor":2.0,"turns":2.0},{"damage":11.0,"enemies":"Lagavulin","floor":6.0,"turns":7.0},{"damage":19.0,"enemies":"3 Sentries","floor":8.0,"turns":6.0},{"damage":0.0,"enemies":"Jaw Worm","floor":10.0,"turns":3.0},{"damage":0.0,"enemies":"Red Slaver","floor":11.0,"turns":2.0},{"damage":9.0,"enemies":"Gremlin Gang","floor":12.0,"turns":4.0},{"damage":0.0,"enemies":"Lagavulin","floor":14.0,"turns":6.0},{"damage":23.0,"enemies":"Slime Boss","floor":16.0,"turns":12.0},{"damage":0.0,"enemies":"3 Byrds","floor":18.0,"turns":8.0},{"damage":0.0,"enemies":"Chosen","floor":19.0,"turns":6.0},{"damage":5.0,"enemies":"Snake Plant","floor":22.0,"turns":4.0},{"damage":58.0,"enemies":"Slavers","floor":23.0,"turns":4.0},{"damage":11.0,"enemies":"3 Cultists","floor":24.0,"turns":7.0},{"damage":12,"enemies":"Chosen and Byrds","floor":28,"turns":5},{"damage":14,"enemies":"Snake Plant","floor":29,"turns":2},{"damage":21,"enemies":"Shelled Parasite and Fungi","floor":30,"turns":2}],"seed_played":"5998322043776477252","potions_obtained":[{"floor":2.0,"key":"DuplicationPotion"},{"floor":12.0,"key":"LiquidMemories"},{"floor":14.0,"key":"AttackPotion"},{"floor":16.0,"key":"PotionOfCapacity"},{"floor":18.0,"key":"DuplicationPotion"},{"floor":19.0,"key":"Weak Potion"},{"floor":28,"key":"Explosive Potion"}],"is_trial":false,"path_per_floor":["M","M","$","?","?","E","?","E","T","M","M","M","R","E","R","B",null,"M","M","$","?","M","E","M","R","T","?","M","M","M"],"character_chosen":"DEFECT","items_purchased":["Orrery","Eternal Feather","Biased Cognition"],"campfire_rested":2,"item_purchase_floors":[3,20,20],"current_hp_per_floor":[75,75,75,68,68,57,62,43,43,43,43,34,58,58,58,35,80,80,80,80,80,75,17,6,45,45,45,33,19,0,0],"gold":35,"neow_bonus":"HUNDRED_GOLD","is_daily":false,"chose_seed":false,"campfire_upgraded":1,"win_rate":0.0,"timestamp":1613899753,"path_taken":["M","M","$","?","?","E","?","E","T","M","M","M","R","E","R","BOSS","M","M","$","?","M","E","M","R","T","?","M","M","?"],"items_purchased_type":["Relic","Relic","Card"],"build_version":"2020-12-18","purchased_purges":0,"victory":false,"max_hp_per_floor":[75,75,75,75,75,75,80,80,80,80,80,80,80,80,80,80,80,80,80,80,80,80,80,80,80,80,80,80,80,80,80],"card_choices":[{"not_picked":["Redo","Turbo"],"picked":"Barrage","floor":1.0},{"not_picked":["Gash","Coolheaded"],"picked":"Glacier","floor":2.0},{"not_picked":["Tempest","Gash"],"picked":"Buffer","floor":3.0},{"not_picked":["Steam","Double Energy"],"picked":"Ball Lightning","floor":3.0},{"not_picked":["Go for the Eyes","Steam Power"],"picked":"Compile Driver","floor":3.0},{"not_picked":["Steam Power","Auto Shields"],"picked":"Thunder Strike","floor":3.0},{"not_picked":["Rebound","Coolheaded"],"picked":"Hologram","floor":3.0},{"not_picked":["Leap","Compile Driver"],"picked":"Turbo","floor":6.0},{"not_picked":["Skim","Streamline"],"picked":"Conserve Battery","floor":8.0},{"not_picked":["BootSequence","Lockon"],"picked":"Amplify","floor":10.0},{"not_picked":["Compile Driver","Reprogram"],"picked":"Blizzard","floor":11.0},{"not_picked":["Coolheaded","Scrape"],"picked":"Steam","floor":12.0},{"not_picked":["BootSequence","Hologram"],"picked":"Double Energy","floor":14.0},{"not_picked":["Buffer","Seek"],"picked":"Echo Form","floor":16.0},{"not_picked":["Conserve Battery","Leap","Streamline"],"picked":"SKIP","floor":18.0},{"not_picked":["Hello World+1","Rebound","Streamline"],"picked":"SKIP","floor":19.0},{"not_picked":["Rip and Tear","Streamline"],"picked":"Auto Shields+1","floor":22.0},{"not_picked":["Ball Lightning","Streamline+1","Stack"],"picked":"SKIP","floor":23.0},{"not_picked":["Streamline+1","Stack"],"picked":"Ball Lightning","floor":23.0},{"not_picked":["Melter","Coolheaded"],"picked":"Core Surge","floor":24.0},{"not_picked":["Streamline","Gash","Tempest"],"picked":"Static Discharge+1","floor":28},{"not_picked":["Steam","Rebound","Reprogram"],"picked":"Cold Snap","floor":29}],"player_experience":2691057,"relics_obtained":[{"floor":6.0,"key":"Emotion Chip"},{"floor":8.0,"key":"Kunai"},{"floor":9.0,"key":"Omamori"},{"floor":14.0,"key":"Smiling Mask"},{"floor":23.0,"key":"Calipers"},{"floor":26.0,"key":"Question Card"}],"event_choices":[{"damage_healed":0.0,"max_hp_gain":0.0,"max_hp_loss":0.0,"gold_gain":0.0,"event_name":"Scrap Ooze","player_choice":"Success","floor":4.0,"gold_loss":0.0,"damage_taken":7.0,"relics_obtained":["PreservedInsect"]},{"damage_healed":0.0,"max_hp_gain":0.0,"max_hp_loss":0.0,"gold_gain":0.0,"event_name":"Golden Wing","player_choice":"Ignored","floor":5.0,"gold_loss":0.0,"damage_taken":0.0},{"damage_healed":0.0,"max_hp_gain":5.0,"max_hp_loss":0.0,"gold_gain":0.0,"event_name":"Big Fish","player_choice":"Donut","floor":7.0,"gold_loss":0.0,"damage_taken":0.0},{"damage_healed":0.0,"max_hp_gain":0.0,"max_hp_loss":0.0,"gold_gain":0.0,"event_name":"Addict","player_choice":"Stole Relic","floor":21.0,"gold_loss":0.0,"damage_taken":0.0,"relics_obtained":["Boot"],"cards_obtained":["Shame"]},{"damage_healed":0,"gold_gain":100,"player_choice":"Pray","damage_taken":0,"max_hp_gain":0,"max_hp_loss":0,"event_name":"Golden Shrine","floor":27,"gold_loss":0}],"is_beta":true,"boss_relics":[{"not_picked":["Pandora\u0027s Box","Nuclear Battery"],"picked":"Ectoplasm"}],"items_purged_floors":[],"is_endless":false,"potions_floor_spawned":[2,12,14,16,18,19,28],"killed_by":"Shelled Parasite and Fungi","ascension_level":1}}