{"host":"fuszjwm6fqgjjp4d","time":1613932764,"event":{"mods":["BaseMod","Colored Map","Minty Spire (QoL Compilation)","Permanent Neow","Relic Sorter","Relic Stats","StSLib"],"gold_per_floor":[113,113,9,24,42,71,71,71,71,141,172,6,37,61,61,155,155,176,176,191,27,27,63,81,102,102,102,135,135,166,181,181,274,274,299,632,649,94,111,145,145,175,175,175,13,13,13,48,48,48,48,48],"floor_reached":51,"language":"ENG","playtime":1093,"items_purged":["Strike_R"],"score":1643,"play_id":"1aedf28a-a950-4178-bd9a-4008d9684ce6","local_time":"20210221123924","is_ascension_mode":true,"campfire_choices":[{"data":"Whirlwind","floor":8.0,"key":"SMITH"},{"data":"Shockwave","floor":15.0,"key":"SMITH"},{"floor":29.0,"key":"REST"},{"data":"Disarm","floor":32.0,"key":"SMITH"},{"data":"Limit Break","floor":41.0,"key":"SMITH"},{"data":"Double Tap","floor":44.0,"key":"SMITH"},{"data":"Inflame","floor":46.0,"key":"SMITH"},{"floor":49.0,"key":"RECALL"}],"circlet_count":0,"master_deck":["AscendersBane","Strike_R","Strike_R","Strike_R+1","Strike_R","Defend_R","Defend_R","Defend_R","Defend_R","Bash","Clothesline","Double Tap+1","Flex","Whirlwind+1","Pommel Strike","Shockwave+1","Whirlwind+1","Pommel Strike","Bludgeon+1","Carnage","Spot Weakness","Disarm+1","Limit Break+1","Inflame+1","Inflame","Demon Form+1"],"relics":["Burning Blood","Juzu Bracelet","CaptainsWheel","Torii","Blood Vial","Matryoshka","DollysMirror","Happy Flower","Busted Crown","Chemical X","MutagenicStrength","Sundial","StrikeDummy","Smiling Mask","Gremlin Horn","Pen Nib","Snecko Eye","Whetstone","Toolbox","Frozen Egg 2","CeramicFish","Nunchaku","Anchor","Letter Opener"],"acts_visited":["Exordium","TheCity","TheBeyond"],"potions_floor_usage":[51],"damage_taken":[{"damage":2.0,"enemies":"Cultist","floor":1.0,"turns":4.0},{"damage":8.0,"enemies":"2 Louse","floor":4.0,"turns":3.0},{"damage":5.0,"enemies":"Small Slimes","floor":5.0,"turns":4.0},{"damage":30.0,"enemies":"3 Sentries","floor":6.0,"turns":7.0},{"damage":13.0,"enemies":"3 Sentries","floor":10.0,"turns":7.0},{"damage":21.0,"enemies":"Lagavulin","floor":11.0,"turns":6.0},{"damage":6.0,"enemies":"Gremlin Nob","floor":13.0,"turns":4.0},{"damage":0.0,"enemies":"2 Fungi Beasts","floor":14.0,"turns":1.0},{"damage":22.0,"enemies":"Hexaghost","floor":16.0,"turns":9.0},{"damage":27.0,"enemies":"2 Thieves","floor":18.0,"turns":3.0},{"damage":0.0,"enemies":"Spheric Guardian","floor":20.0,"turns":2.0},{"damage":18.0,"enemies":"Gremlin Leader","floor":23.0,"turns":3.0},{"damage":21.0,"enemies":"Shelled Parasite and Fungi","floor":24.0,"turns":2.0},{"damage":18.0,"enemies":"Snake Plant","floor":25.0,"turns":2.0},{"damage":0.0,"enemies":"Slavers","floor":28.0,"turns":1.0},{"damage":14.0,"enemies":"Book of Stabbing","floor":30.0,"turns":2.0},{"damage":0.0,"enemies":"3 Cultists","floor":31.0,"turns":2.0},{"damage":41.0,"enemies":"Automaton","floor":33.0,"turns":6.0},{"damage":0.0,"enemies":"3 Darklings","floor":35.0,"turns":2.0},{"damage":23.0,"enemies":"3 Shapes","floor":37.0,"turns":1.0},{"damage":0.0,"enemies":"3 Darklings","floor":39.0,"turns":1.0},{"damage":0.0,"enemies":"Nemesis","floor":40.0,"turns":1.0},{"damage":2.0,"enemies":"Giant Head","floor":42.0,"turns":3.0},{"damage":26.0,"enemies":"Nemesis","floor":48.0,"turns":3.0},{"damage":37,"enemies":"Awakened One","floor":50,"turns":4},{"damage":40,"enemies":"Time Eater","floor":51,"turns":4}],"seed_played":"7509887859866680663","potions_obtained":[{"floor":5.0,"key":"SkillPotion"},{"floor":11.0,"key":"EssenceOfSteel"},{"floor":14.0,"key":"LiquidMemories"},{"floor":18.0,"key":"SteroidPotion"},{"floor":20.0,"key":"ElixirPotion"},{"floor":23.0,"key":"Ancient Potion"},{"floor":33.0,"key":"AttackPotion"},{"floor":40.0,"key":"Regen Potion"}],"is_trial":false,"path_per_floor":["M","?","$","M","M","E","?","R","T","?","E","$","E","M","R","B",null,"M","?","M","$","?","E","M","M","T","?","E","R","E","M","R","B",null,"M","?","M","$","M","E","R","E","T","R","$","R","$","E","R","B","B"],"character_chosen":"IRONCLAD","items_purchased":["Flex","Whirlwind","DollysMirror","Chemical X","Inflame","Whetstone","Toolbox","LiquidMemories","Anchor"],"campfire_rested":1,"item_purchase_floors":[3,3,12,21,38,38,38,38,45],"current_hp_per_floor":[72,72,72,70,71,47,47,47,47,40,27,27,29,37,37,23,57,38,38,46,46,46,36,23,13,13,13,21,41,35,43,43,10,54,62,62,47,47,55,63,63,68,68,68,68,68,68,48,48,19,0,0],"gold":48,"neow_bonus":"RANDOM_COMMON_RELIC","is_daily":false,"chose_seed":false,"campfire_upgraded":6,"win_rate":0.0,"timestamp":1613932764,"path_taken":["M","?","?","M","M","E","?","R","T","?","E","$","E","M","R","BOSS","M","?","M","$","?","E","M","M","T","?","E","R","E","M","R","BOSS","M","?","M","$","M","E","R","E","T","R","$","R","$","E","R","BOSS","BOSS"],"items_purchased_type":["Card","Card","Relic","Relic","Card","Relic","Relic","Potion","Relic"],"build_version":"2020-12-22","purchased_purges":1,"victory":false,"max_hp_per_floor":[75,75,75,75,75,75,68,68,68,68,68,68,68,68,68,68,68,68,68,68,68,68,68,68,68,68,68,68,68,68,68,68,68,68,68,68,68,68,68,68,68,68,68,68,68,68,68,68,68,68,68,68],"relic_stats":{"Torii":44,"Happy Flower":[17],"Gremlin Horn":[7,7],"counters":[26,87],"CeramicFish":9,"Pen Nib":[5],"Juzu Bracelet":1,"Whetstone":["Bludgeon","Strike_R"],"Letter Opener":[15],"Smiling Mask":25,"Burning Blood":149,"Blood Vial":40,"Nunchaku":[2],"Busted Crown":30,"Sundial":[2],"Snecko Eye":[38,28,30,28],"Chemical X":[31],"obtain_stats":[{"Torii":9,"Gremlin Horn":28,"CeramicFish":42,"Juzu Bracelet":0,"Whetstone":38,"Smiling Mask":26,"Burning Blood":0,"Blood Vial":10,"Nunchaku":43,"Matryoshka":11,"DollysMirror":12,"Sundial":23,"Toolbox":38,"Chemical X":21,"Happy Flower":13,"Golden Idol":7,"Pen Nib":30,"Letter Opener":48,"Frozen Egg 2":40,"CaptainsWheel":6,"Anchor":45,"Busted Crown":17,"MutagenicStrength":22,"Snecko Eye":34,"StrikeDummy":26},{"Torii":4,"Gremlin Horn":15,"CeramicFish":23,"Juzu Bracelet":0,"Whetstone":20,"Smiling Mask":14,"Burning Blood":0,"Blood Vial":5,"Nunchaku":23,"Matryoshka":6,"DollysMirror":6,"Sundial":12,"Toolbox":20,"Chemical X":11,"Happy Flower":7,"Golden Idol":4,"Pen Nib":16,"Letter Opener":24,"Frozen Egg 2":22,"CaptainsWheel":4,"Anchor":23,"Busted Crown":9,"MutagenicStrength":11,"Snecko Eye":18,"StrikeDummy":14},{"Torii":18,"Gremlin Horn":58,"CeramicFish":76,"Juzu Bracelet":0,"Whetstone":71,"Smiling Mask":57,"Burning Blood":0,"Blood Vial":25,"Nunchaku":76,"Matryoshka":31,"DollysMirror":31,"Sundial":53,"Toolbox":71,"Chemical X":50,"Happy Flower":35,"Golden Idol":18,"Pen Nib":60,"Letter Opener":79,"Frozen Egg 2":73,"CaptainsWheel":18,"Anchor":76,"Busted Crown":45,"MutagenicStrength":50,"Snecko Eye":68,"StrikeDummy":57}]},"card_choices":[{"not_picked":["Wild Strike","Armaments"],"picked":"Clothesline","floor":1.0},{"not_picked":["Flex","Entrench","Hemokinesis"],"picked":"SKIP","floor":4.0},{"not_picked":["Armaments","Rage"],"picked":"Pommel Strike","floor":5.0},{"not_picked":["Body Slam","Rage","Reckless Charge"],"picked":"SKIP","floor":6.0},{"not_picked":["Ghostly Armor","Flex"],"picked":"Shockwave","floor":10.0},{"not_picked":["True Grit","Warcry","Clash"],"picked":"SKIP","floor":11.0},{"not_picked":["Blood for Blood","Rage"],"picked":"Pommel Strike","floor":13.0},{"not_picked":["Shockwave","Flame Barrier","Pommel Strike"],"picked":"SKIP","floor":14.0},{"not_picked":["Corruption","Exhume"],"picked":"Bludgeon","floor":16.0},{"not_picked":[],"picked":"Carnage","floor":18.0},{"not_picked":["Cleave+1"],"picked":"SKIP","floor":20.0},{"not_picked":["Dark Embrace"],"picked":"SKIP","floor":23.0},{"not_picked":[],"picked":"Disarm","floor":24.0},{"not_picked":["Perfected Strike+1"],"picked":"SKIP","floor":25.0},{"not_picked":["Armaments"],"picked":"SKIP","floor":28.0},{"not_picked":["Iron Wave"],"picked":"SKIP","floor":30.0},{"not_picked":["Body Slam+1"],"picked":"SKIP","floor":31.0},{"not_picked":[],"picked":"Limit Break","floor":33.0},{"not_picked":[],"picked":"Inflame","floor":35.0},{"not_picked":["Metallicize"],"picked":"SKIP","floor":37.0},{"not_picked":["Intimidate"],"picked":"SKIP","floor":39.0},{"not_picked":["Warcry+1"],"picked":"SKIP","floor":40.0},{"not_picked":["Body Slam"],"picked":"SKIP","floor":42.0},{"not_picked":[],"picked":"Demon Form+1","floor":48.0}],"player_experience":1508675,"relics_obtained":[{"floor":6.0,"key":"CaptainsWheel"},{"floor":9.0,"key":"Torii"},{"floor":10.0,"key":"Blood Vial"},{"floor":11.0,"key":"Matryoshka"},{"floor":13.0,"key":"Happy Flower"},{"floor":23.0,"key":"Sundial"},{"floor":26.0,"key":"StrikeDummy"},{"floor":26.0,"key":"Smiling Mask"},{"floor":28.0,"key":"Gremlin Horn"},{"floor":30.0,"key":"Pen Nib"},{"floor":40.0,"key":"Frozen Egg 2"},{"floor":42.0,"key":"CeramicFish"},{"floor":43.0,"key":"Nunchaku"},{"floor":48.0,"key":"Letter Opener"}],"event_choices":[{"damage_healed":0.0,"max_hp_gain":0.0,"max_hp_loss":0.0,"gold_gain":0.0,"event_name":"Match and Keep!","player_choice":"1 cards matched","floor":2.0,"gold_loss":0.0,"damage_taken":0.0,"cards_obtained":["Double Tap"]},{"damage_healed":0.0,"max_hp_gain":0.0,"max_hp_loss":7.0,"gold_gain":0.0,"event_name":"Golden Idol","player_choice":"Lose Max HP","floor":7.0,"gold_loss":0.0,"damage_taken":0.0,"relics_obtained":["Golden Idol"]},{"damage_healed":0.0,"max_hp_gain":0.0,"max_hp_loss":0.0,"gold_gain":30.0,"event_name":"Dead Adventurer","player_choice":"Searched \u00272\u0027 times","floor":10.0,"gold_loss":0.0,"damage_taken":0.0},{"damage_healed":0.0,"max_hp_gain":0.0,"max_hp_loss":0.0,"gold_gain":0.0,"event_name":"The Library","player_choice":"Read","floor":19.0,"gold_loss":0.0,"damage_taken":0.0,"cards_obtained":["Spot Weakness"]},{"damage_healed":0.0,"max_hp_gain":0.0,"max_hp_loss":0.0,"gold_gain":0.0,"event_name":"Drug Dealer","player_choice":"Inject Mutagens","floor":22.0,"gold_loss":0.0,"damage_taken":0.0,"relics_obtained":["MutagenicStrength"]},{"damage_healed":0.0,"max_hp_gain":0.0,"max_hp_loss":0.0,"gold_gain":0.0,"event_name":"The Mausoleum","player_choice":"Ignored","floor":27.0,"gold_loss":0.0,"damage_taken":0.0},{"damage_healed":0.0,"max_hp_gain":0.0,"max_hp_loss":0.0,"gold_gain":333.0,"event_name":"The Moai Head","player_choice":"Gave Idol","floor":36.0,"relics_lost":["Golden Idol"],"gold_loss":0.0,"damage_taken":0.0}],"is_beta":false,"boss_relics":[{"not_picked":["Ectoplasm","Mark of Pain"],"picked":"Busted Crown"},{"not_picked":["Fusion Hammer","SlaversCollar"],"picked":"Snecko Eye"}],"items_purged_floors":[38],"is_endless":false,"potions_floor_spawned":[5,11,14,18,20,23,33,39,40],"killed_by":"Time Eater","ascension_level":20}}