{"host":"kh6fvhxn285ncg0o","time":1613945338,"event":{"mods":["Act Like it!","BaseMod","Colored Map","Friendly Minions","Keyboard Shortcuts","Minty Spire (QoL Compilation)","Quick Restart","Relic Stats","StSLib","SuperFastMode","UnlockEverythingMod"],"gold_per_floor":[20,32,32,46,46,77,77,112,185,220,243,223,223,242,242,325,325,346,362,18,18,33,75,75,101,128,170,194,194,40,58,58,131,131,141,19,19,19,44,79,93,123,174,174,199,123,133,133,133,133,133,133,133,42,80,80],"floor_reached":57,"language":"KOR","playtime":2104,"items_purged":["Strike_R","Second Wind","Defend_R","Hemokinesis"],"score":3428,"play_id":"b9e300b7-e104-42e7-b6ae-8905900e07b1","local_time":"20210222070858","is_ascension_mode":true,"campfire_choices":[{"data":"Fiend Fire","floor":7.0,"key":"SMITH"},{"data":"Uppercut","floor":13.0,"key":"SMITH"},{"data":"Spot Weakness","floor":15.0,"key":"SMITH"},{"data":"Rage","floor":29.0,"key":"SMITH"},{"data":"Power Through","floor":32.0,"key":"SMITH"},{"data":"Entrench","floor":44.0,"key":"SMITH"},{"floor":49.0,"key":"RECALL"},{"data":"Second Wind","floor":53,"key":"SMITH"}],"circlet_count":0,"master_deck":["AscendersBane","Defend_R","Defend_R","Defend_R","Seeing Red","Uppercut+1","Fiend Fire+1","Shrug It Off","Battle Trance","Spot Weakness+1","Feed+1","Power Through+1","Shockwave+1","Rage+1","Second Wind+1","Barricade+1","Pummel+1","Entrench+1","Finesse","Swift Strike+1","Offering"],"relics":["Burning Blood","Unceasing Top","Centennial Puzzle","Molten Egg 2","CeramicFish","Sozu","Membership Card","Sundial","Pen Nib","MealTicket","Tiny Chest","TheAbacus","Runic Pyramid","Orrery","Smiling Mask","Ginger","Red Skull","Toy Ornithopter","MawBank","Vajra"],"acts_visited":["Exordium","TheCity","TheBeyond","TheEnding"],"potions_floor_usage":[56],"damage_taken":[{"damage":2.0,"enemies":"Cultist","floor":1.0,"turns":3.0},{"damage":2.0,"enemies":"Small Slimes","floor":2.0,"turns":3.0},{"damage":4.0,"enemies":"2 Louse","floor":4.0,"turns":2.0},{"damage":35.0,"enemies":"3 Sentries","floor":6.0,"turns":7.0},{"damage":10.0,"enemies":"Gremlin Nob","floor":8.0,"turns":3.0},{"damage":2.0,"enemies":"Lagavulin","floor":10.0,"turns":4.0},{"damage":2.0,"enemies":"Exordium Thugs","floor":11.0,"turns":1.0},{"damage":0.0,"enemies":"3 Louse","floor":14.0,"turns":3.0},{"damage":11.0,"enemies":"The Guardian","floor":16.0,"turns":8.0},{"damage":12.0,"enemies":"2 Thieves","floor":18.0,"turns":4.0},{"damage":0.0,"enemies":"Spheric Guardian","floor":19.0,"turns":2.0},{"damage":7.0,"enemies":"Cultist and Chosen","floor":22.0,"turns":4.0},{"damage":29.0,"enemies":"Gremlin Leader","floor":23.0,"turns":5.0},{"damage":28.0,"enemies":"Slavers","floor":25.0,"turns":6.0},{"damage":2.0,"enemies":"Book of Stabbing","floor":27.0,"turns":3.0},{"damage":8.0,"enemies":"Sentry and Sphere","floor":28.0,"turns":4.0},{"damage":6.0,"enemies":"Collector","floor":33.0,"turns":12.0},{"damage":0.0,"enemies":"Orb Walker","floor":35.0,"turns":3.0},{"damage":7.0,"enemies":"Nemesis","floor":40.0,"turns":7.0},{"damage":2.0,"enemies":"3 Shapes","floor":41.0,"turns":8.0},{"damage":4.0,"enemies":"Giant Head","floor":42.0,"turns":12.0},{"damage":6.0,"enemies":"Nemesis","floor":45.0,"turns":15.0},{"damage":3.0,"enemies":"Transient","floor":47.0,"turns":6.0},{"damage":30.0,"enemies":"Time Eater","floor":50.0,"turns":14.0},{"damage":2,"enemies":"Donu and Deca","floor":51,"turns":12},{"damage":50,"enemies":"Shield and Spear","floor":55,"turns":8},{"damage":24,"enemies":"The Heart","floor":56,"turns":11}],"seed_played":"7716592823104477264","potions_obtained":[{"floor":1.0,"key":"ColorlessPotion"},{"floor":2.0,"key":"BlessingOfTheForge"},{"floor":11.0,"key":"LiquidMemories"},{"floor":12.0,"key":"FairyPotion"},{"floor":14.0,"key":"LiquidMemories"}],"is_trial":false,"path_per_floor":["M","M","?","M","$","E","R","E","T","E","M","?","R","M","R","B",null,"M","M","$","?","M","E","?","E","T","E","M","R","$","?","R","B",null,"M","$","?","$","T","E","M","E","T","R","E","$","M","?","R","B","B",null,"R","$","E","B",null],"character_chosen":"IRONCLAD","items_purchased":["Membership Card","Sundial","TheAbacus","Barricade","Orrery","Finesse","Swift Strike+1"],"campfire_rested":0,"item_purchase_floors":[20,20,30,30,36,46,54],"current_hp_per_floor":[72,75,68,70,70,41,41,37,37,41,45,45,45,51,51,46,68,66,72,72,72,71,52,52,34,34,38,36,36,51,51,51,51,78,88,91,91,91,91,94,99,103,103,103,103,103,103,103,103,83,87,102,102,107,63,50],"gold":80,"neow_bonus":"TRANSFORM_TWO_CARDS","is_daily":false,"chose_seed":false,"campfire_upgraded":7,"win_rate":0.0,"timestamp":1613945338,"path_taken":["M","?","?","M","$","E","R","E","T","E","M","?","R","M","R","BOSS","M","?","$","?","?","E","?","E","T","E","M","R","$","?","R","BOSS","M","$","?","?","?","E","M","E","T","R","E","$","M","?","R","BOSS","BOSS","R","$","E","BOSS"],"items_purchased_type":["Relic","Relic","Relic","Card","Relic","Card","Card"],"build_version":"2020-12-22","purchased_purges":4,"victory":true,"max_hp_per_floor":[75,75,75,75,75,75,75,75,75,75,75,75,75,75,75,75,75,79,79,79,79,79,83,83,87,87,87,87,87,87,87,87,87,87,91,91,91,91,91,95,99,103,103,103,103,103,103,103,103,107,107,107,107,107,107,107],"relic_stats":{"counters":[27,170],"CeramicFish":126,"Pen Nib":[15],"Ginger":[8],"Smiling Mask":38,"MawBank":12,"Burning Blood":153,"Sozu":6,"Centennial Puzzle":[55],"TheAbacus":[762],"Sundial":[94],"MealTicket":23,"Tiny Chest":1,"obtain_stats":[{"CeramicFish":10,"Vajra":55,"Pen Nib":23,"Ginger":40,"Smiling Mask":39,"MawBank":45,"Burning Blood":0,"Sozu":17,"Centennial Puzzle":8,"TheAbacus":30,"Sundial":20,"Orrery":36,"Molten Egg 2":9,"MealTicket":25,"Tiny Chest":27,"Membership Card":20,"Unceasing Top":6,"Red Skull":42,"Toy Ornithopter":43,"Runic Pyramid":34},{"CeramicFish":6,"Vajra":26,"Pen Nib":13,"Ginger":19,"Smiling Mask":18,"MawBank":22,"Burning Blood":0,"Sozu":9,"Centennial Puzzle":5,"TheAbacus":16,"Sundial":11,"Orrery":18,"Molten Egg 2":5,"MealTicket":14,"Tiny Chest":15,"Membership Card":11,"Unceasing Top":4,"Red Skull":21,"Toy Ornithopter":21,"Runic Pyramid":17},{"CeramicFish":22,"Vajra":159,"Pen Nib":49,"Ginger":84,"Smiling Mask":77,"MawBank":119,"Burning Blood":0,"Sozu":34,"Centennial Puzzle":18,"TheAbacus":62,"Sundial":40,"Orrery":77,"Molten Egg 2":18,"MealTicket":55,"Tiny Chest":58,"Membership Card":40,"Unceasing Top":15,"Red Skull":104,"Toy Ornithopter":104,"Runic Pyramid":74}],"Unceasing Top":[59],"Toy Ornithopter":5},"card_choices":[{"not_picked":["Flame Barrier","Spot Weakness"],"picked":"Uppercut","floor":1.0},{"not_picked":["Thunderclap","Flex"],"picked":"Fiend Fire","floor":4.0},{"not_picked":["Headbutt","Thunderclap"],"picked":"Shrug It Off","floor":6.0},{"not_picked":["Twin Strike+1","Combust"],"picked":"Battle Trance","floor":10.0},{"not_picked":["Flex","Sword Boomerang+1"],"picked":"Spot Weakness","floor":11.0},{"not_picked":["Rupture","Dual Wield","Headbutt+1"],"picked":"SKIP","floor":14.0},{"not_picked":["Impervious","Offering"],"picked":"Feed+1","floor":16.0},{"not_picked":["Rupture","True Grit"],"picked":"Power Through","floor":18.0},{"not_picked":["Warcry","Flex","Wild Strike+1"],"picked":"SKIP","floor":19.0},{"not_picked":["Armaments","Seeing Red","Searing Blow+1"],"picked":"SKIP","floor":22.0},{"not_picked":["Armaments","Seeing Red","Searing Blow+1"],"picked":"SKIP","floor":22.0},{"not_picked":["Flame Barrier","Hemokinesis+1"],"picked":"Shockwave+1","floor":23.0},{"not_picked":["Cleave+1","Spot Weakness","Rupture"],"picked":"SKIP","floor":25.0},{"not_picked":["Hemokinesis+1","Dropkick+1"],"picked":"Rage","floor":27.0},{"not_picked":["Burning Pact","Body Slam+1"],"picked":"Second Wind","floor":28.0},{"not_picked":["Armaments","Flex","Searing Blow+1"],"picked":"SKIP","floor":35.0},{"not_picked":["Shockwave","Shrug It Off+1"],"picked":"Entrench","floor":36.0},{"not_picked":["Shrug It Off+1","Clothesline+1","Clash+1"],"picked":"SKIP","floor":40.0},{"not_picked":["Twin Strike+1","Iron Wave+1","Fire Breathing"],"picked":"SKIP","floor":41.0},{"not_picked":["Sever Soul+1","Warcry","Uppercut+1"],"picked":"SKIP","floor":42.0},{"not_picked":["Blood for Blood+1","Cleave+1","Carnage+1"],"picked":"SKIP","floor":45.0},{"not_picked":["Heavy Blade+1","Pummel+1","Twin Strike+1"],"picked":"SKIP","floor":47.0},{"not_picked":["Intimidate+1","True Grit"],"picked":"Offering","floor":55}],"player_experience":1489278,"relics_obtained":[{"floor":6.0,"key":"Unceasing Top"},{"floor":8.0,"key":"Centennial Puzzle"},{"floor":9.0,"key":"Molten Egg 2"},{"floor":10.0,"key":"CeramicFish"},{"floor":23.0,"key":"Pen Nib"},{"floor":25.0,"key":"MealTicket"},{"floor":27.0,"key":"Tiny Chest"},{"floor":39.0,"key":"Smiling Mask"},{"floor":40.0,"key":"Ginger"},{"floor":42.0,"key":"Red Skull"},{"floor":43.0,"key":"Toy Ornithopter"},{"floor":45.0,"key":"MawBank"},{"floor":55,"key":"Vajra"}],"event_choices":[{"cards_removed":["Strike_R"],"damage_healed":0.0,"max_hp_gain":0.0,"max_hp_loss":0.0,"gold_gain":0.0,"event_name":"Golden Wing","player_choice":"Card Removal","floor":3.0,"gold_loss":0.0,"damage_taken":7.0},{"damage_healed":0.0,"max_hp_gain":0.0,"max_hp_loss":0.0,"gold_gain":0.0,"event_name":"The Woman in Blue","player_choice":"Bought 1 Potion","floor":12.0,"gold_loss":0.0,"damage_taken":0.0},{"damage_healed":0.0,"max_hp_gain":0.0,"max_hp_loss":0.0,"gold_gain":0.0,"event_name":"Lab","player_choice":"Got Potions","floor":21.0,"gold_loss":0.0,"damage_taken":0.0},{"damage_healed":0.0,"max_hp_gain":0.0,"max_hp_loss":0.0,"gold_gain":0.0,"event_name":"The Mausoleum","player_choice":"Ignored","floor":24.0,"gold_loss":0.0,"damage_taken":0.0},{"damage_healed":0.0,"max_hp_gain":0.0,"max_hp_loss":0.0,"gold_gain":0.0,"cards_transformed":["Strike_R","Bash"],"event_name":"Drug Dealer","player_choice":"Became Test Subject","floor":31.0,"gold_loss":0.0,"damage_taken":0.0,"cards_obtained":["Pummel","Second Wind"]},{"damage_healed":0.0,"max_hp_gain":0.0,"max_hp_loss":0.0,"gold_gain":0.0,"event_name":"SecretPortal","player_choice":"Ignored","floor":37.0,"gold_loss":0.0,"damage_taken":0.0},{"damage_healed":0.0,"max_hp_gain":0.0,"max_hp_loss":0.0,"gold_gain":0.0,"event_name":"Upgrade Shrine","player_choice":"Upgraded","floor":48.0,"gold_loss":0.0,"damage_taken":0.0,"cards_upgraded":["Barricade"]}],"is_beta":false,"boss_relics":[{"not_picked":["Ectoplasm","Busted Crown"],"picked":"Sozu"},{"not_picked":["SlaversCollar","Astrolabe"],"picked":"Runic Pyramid"}],"items_purged_floors":[20,36,46,54],"is_endless":false,"potions_floor_spawned":[1,2,11,14,19,22,33,40,41,42],"ascension_level":20}}