{"host":"rantoq7h0pygex6x","time":1613883294,"event":{"mods":["AchievementEnabler","BaseMod","BetterRewards","Minty Spire (QoL Compilation)","SuperFastMode"],"gold_per_floor":[119,137,137,217,237,237,276,276,276,297,312,340,83,101,101,192,192,211,211,236,94,108,108,122,122,122,122,322,345,345,365,365,365,365],"floor_reached":33,"language":"ENG","playtime":817,"items_purged":["Strike_R","Defend_R"],"score":698,"play_id":"6ef20e98-b9d0-4da8-b2c5-3eade7773d72","local_time":"20210221125454","is_ascension_mode":true,"campfire_choices":[{"data":"Armaments","floor":6.0,"key":"SMITH"},{"floor":8.0,"key":"REST"},{"data":"Rage","floor":15.0,"key":"SMITH"},{"data":"Metallicize","floor":23.0,"key":"SMITH"},{"data":"Warcry","floor":25.0,"key":"SMITH"},{"floor":32.0,"key":"REST"}],"circlet_count":0,"master_deck":["AscendersBane","Strike_R+1","Strike_R+1","Strike_R+1","Strike_R+1","Defend_R+1","Defend_R+1","Defend_R+1","Bash","Iron Wave","Armaments+1","Clash","Headbutt","Spot Weakness","Cleave","Reckless Charge","Shrug It Off","Rage+1","Finesse","Uppercut","Feed","Battle Trance","Armaments+1","Warcry+1","Metallicize+1","Sever Soul+1","True Grit+1","Anger"],"relics":["Black Blood","Shuriken","Golden Idol","Anchor","White Beast Statue","Odd Mushroom","Question Card"],"acts_visited":["Exordium","TheCity"],"potions_floor_usage":[33,33],"damage_taken":[{"damage":5.0,"enemies":"2 Louse","floor":1.0,"turns":3.0},{"damage":0.0,"enemies":"Small Slimes","floor":2.0,"turns":4.0},{"damage":2.0,"enemies":"Jaw Worm","floor":5.0,"turns":4.0},{"damage":32.0,"enemies":"3 Sentries","floor":7.0,"turns":9.0},{"damage":0.0,"enemies":"Red Slaver","floor":10.0,"turns":2.0},{"damage":0.0,"enemies":"Large Slime","floor":11.0,"turns":3.0},{"damage":7.0,"enemies":"The Mushroom Lair","floor":12.0,"turns":3.0},{"damage":0.0,"enemies":"Looter","floor":14.0,"turns":3.0},{"damage":40.0,"enemies":"Hexaghost","floor":16.0,"turns":13.0},{"damage":14.0,"enemies":"Spheric Guardian","floor":18.0,"turns":4.0},{"damage":35.0,"enemies":"3 Byrds","floor":20.0,"turns":9.0},{"damage":14.0,"enemies":"Snecko","floor":22.0,"turns":6.0},{"damage":23.0,"enemies":"Shelled Parasite and Fungi","floor":24.0,"turns":7.0},{"damage":9.0,"enemies":"3 Cultists","floor":29.0,"turns":4.0},{"damage":34.0,"enemies":"Snake Plant","floor":31.0,"turns":6.0},{"damage":56,"enemies":"Automaton","floor":33,"turns":6}],"seed_played":"3911627707750619231","potions_obtained":[{"floor":2.0,"key":"DuplicationPotion"},{"floor":5.0,"key":"BloodPotion"},{"floor":10.0,"key":"ColorlessPotion"},{"floor":11.0,"key":"ColorlessPotion"},{"floor":12.0,"key":"Block Potion"},{"floor":16.0,"key":"FearPotion"},{"floor":18.0,"key":"Ancient Potion"},{"floor":20.0,"key":"Regen Potion"},{"floor":22.0,"key":"Strength Potion"},{"floor":24.0,"key":"PowerPotion"},{"floor":29.0,"key":"SteroidPotion"},{"floor":31.0,"key":"PowerPotion"}],"is_trial":false,"path_per_floor":["M","M","?","?","M","R","E","R","T","M","M","?","$","M","R","B",null,"M","?","M","$","M","R","M","R","T","?","?","M","?","M","R","B"],"character_chosen":"IRONCLAD","items_purchased":["Shuriken","Iron Wave","Armaments","Rage","Finesse","Metallicize"],"campfire_rested":2,"item_purchase_floors":[0,0,0,13,13,21],"current_hp_per_floor":[49,55,29,29,33,33,22,44,44,50,56,55,55,61,61,27,63,61,61,42,42,40,40,33,33,33,33,33,36,36,23,47,0,0],"gold":365,"neow_bonus":"","is_daily":false,"chose_seed":false,"campfire_upgraded":4,"win_rate":0.0,"timestamp":1613883294,"path_taken":["M","M","?","?","M","R","E","R","T","M","M","?","$","M","R","BOSS","M","?","?","$","M","R","M","R","T","?","?","?","?","M","R","BOSS"],"items_purchased_type":["Relic","Card","Card","Card","Card","Card"],"build_version":"2020-12-22","purchased_purges":2,"victory":false,"max_hp_per_floor":[75,75,75,75,75,75,75,75,75,75,75,75,75,75,75,75,75,75,75,79,79,79,79,83,83,83,83,83,83,83,83,83,83,83],"card_choices":[{"not_picked":["Clothesline","Second Wind"],"picked":"Clash","floor":1.0},{"not_picked":["Thunderclap","Wild Strike"],"picked":"Headbutt","floor":2.0},{"not_picked":["Dark Embrace","Twin Strike"],"picked":"Spot Weakness","floor":5.0},{"not_picked":["Bludgeon","Perfected Strike"],"picked":"Cleave","floor":7.0},{"not_picked":["Thunderclap","Bloodletting"],"picked":"Reckless Charge","floor":10.0},{"not_picked":["Twin Strike","Spot Weakness","True Grit"],"picked":"SKIP","floor":11.0},{"not_picked":["Feel No Pain","Havoc"],"picked":"Shrug It Off","floor":12.0},{"not_picked":["Evolve","Thunderclap"],"picked":"Uppercut","floor":14.0},{"not_picked":["Exhume","Reaper"],"picked":"Feed","floor":16.0},{"not_picked":["Intimidate+1","Flex"],"picked":"Battle Trance","floor":18.0},{"not_picked":["Armaments","Perfected Strike"],"picked":"Warcry","floor":20.0},{"not_picked":["Power Through","Pommel Strike"],"picked":"Sever Soul+1","floor":22.0},{"not_picked":["Pommel Strike","Feel No Pain"],"picked":"True Grit+1","floor":24.0},{"not_picked":["Headbutt","Intimidate","Clash"],"picked":"Anger","floor":29.0},{"not_picked":["Thunderclap","Twin Strike","Clothesline","Armaments"],"picked":"SKIP","floor":31.0}],"player_experience":1009345,"relics_obtained":[{"floor":7.0,"key":"Anchor"},{"floor":9.0,"key":"White Beast Statue"},{"floor":12.0,"key":"Odd Mushroom"},{"floor":26.0,"key":"Question Card"}],"event_choices":[{"damage_healed":0.0,"max_hp_gain":0.0,"max_hp_loss":0.0,"gold_gain":0.0,"event_name":"Golden Idol","player_choice":"Take Damage","floor":3.0,"gold_loss":0.0,"damage_taken":26.0,"relics_obtained":["Golden Idol"]},{"damage_healed":0.0,"max_hp_gain":0.0,"max_hp_loss":0.0,"gold_gain":80.0,"event_name":"Golden Wing","player_choice":"Gained Gold","floor":4.0,"gold_loss":0.0,"damage_taken":0.0},{"damage_healed":0.0,"max_hp_gain":0.0,"max_hp_loss":0.0,"gold_gain":0.0,"event_name":"Mushrooms","player_choice":"Fought Mushrooms","floor":12.0,"gold_loss":0.0,"damage_taken":0.0},{"damage_healed":0.0,"max_hp_gain":0.0,"max_hp_loss":0.0,"gold_gain":0.0,"event_name":"Duplicator","player_choice":"Copied","floor":19.0,"gold_loss":0.0,"damage_taken":0.0,"cards_obtained":["Armaments"]},{"damage_healed":0.0,"max_hp_gain":0.0,"max_hp_loss":0.0,"gold_gain":0.0,"event_name":"Back to Basics","player_choice":"Simplicity","floor":27.0,"gold_loss":0.0,"damage_taken":0.0,"cards_upgraded":["Strike_R","Strike_R","Strike_R","Strike_R","Defend_R","Defend_R","Defend_R"]},{"damage_healed":0.0,"max_hp_gain":0.0,"max_hp_loss":0.0,"gold_gain":250.0,"event_name":"The Joust","player_choice":"Bet on Owner","floor":28.0,"gold_loss":50.0,"damage_taken":0.0},{"damage_healed":0.0,"max_hp_gain":0.0,"max_hp_loss":0.0,"gold_gain":0.0,"event_name":"Ghosts","player_choice":"Ignored","floor":30.0,"gold_loss":0.0,"damage_taken":0.0}],"is_beta":false,"boss_relics":[{"not_picked":["Snecko Eye","Ectoplasm"],"picked":"Black Blood"}],"items_purged_floors":[13,21],"is_endless":false,"potions_floor_spawned":[2,5,10,11,12,14,16,18,20,22,24,29,31],"killed_by":"Automaton","ascension_level":20}}