{"host":"38abhf7uonnoqlzr","time":1613951458,"event":{"mods":["Act Like it!","Aspiration","BaseMod","Better Note","Better Third Choice","Block Reminder","CapriCore","Colored Map","Conspire","Displayed Cursed Tome","Dota2Spire","Energized Spire","Friendly Minions","Hallownest","Hubris","Minty Spire (QoL Compilation)","Pale of the Ancients","Rare Cards Sparkle","Reimu??????","Relic Stats","Reliquary","Replay The Spire","Ruina","Spicy Shops","StSLib","Waifu the Spire"],"gold_per_floor":[111,111,123,134,153,180,180,213,239,22,22,45,45,45,45,154,154,174,190,280,301,301,313,313],"floor_reached":23,"language":"ENG","playtime":2331,"items_purged":[],"score":201,"play_id":"c61b96b9-2089-41e0-88a5-c0a5a9d1f854","local_time":"20210222005058","is_ascension_mode":false,"campfire_choices":[{"data":"TightArray:ReiMu","floor":7.0,"key":"SMITH"},{"floor":13.0,"key":"REST"},{"data":"MikOfLucky:ReiMu","floor":15.0,"key":"SMITH"}],"circlet_count":0,"master_deck":["Strike_Lin:ReiMu","Strike_Lin:ReiMu","Strike_Lin:ReiMu","Strike_Lin:ReiMu","Defend_Lin:ReiMu+1","Defend_Lin:ReiMu","Defend_Lin:ReiMu+1","Defend_Lin:ReiMu+1","NB:ReiMu","Stagnation:ReiMu","Crusade:ReiMu","TightArray:ReiMu+1","SpiritualOutbreak2:ReiMu","MountainWay:ReiMu","Crusade:ReiMu","InherentArray:ReiMu","Intuition:ReiMu","MikOfLucky:ReiMu+1","Revelation:ReiMu","Dreaming:ReiMu","AbeCurse","InherentArray:ReiMu","OctopathBindingBorder2:ReiMu+1","NineCharacters:ReiMu","Languid"],"relics":["FlyPower:ReiMu","Potion Belt","Bow_fan:ReiMu","Simple Rune","Membership Card","Replay:Bandana","Meat on the Bone","Abe\u0027s Treasure","Ring of Peace"],"acts_visited":["Exordium","Exordium"],"potions_floor_usage":[],"damage_taken":[{"damage":0.0,"enemies":"Jaw Worm","floor":1.0,"turns":6.0},{"damage":0.0,"enemies":"Cultist","floor":3.0,"turns":3.0},{"damage":4.0,"enemies":"Small Slimes","floor":4.0,"turns":3.0},{"damage":0.0,"enemies":"2 Fungi Beasts","floor":5.0,"turns":3.0},{"damage":22.0,"enemies":"Gremlin Nob","floor":6.0,"turns":5.0},{"damage":9.0,"enemies":"Lagavulin","floor":8.0,"turns":7.0},{"damage":15.0,"enemies":"Gremlin Gang","floor":12.0,"turns":5.0},{"damage":19.0,"enemies":"Slime Boss","floor":16.0,"turns":9.0},{"damage":32.0,"enemies":"ruina:3_Bats","floor":18.0,"turns":5.0},{"damage":3.0,"enemies":"ruina:BadWolf","floor":19.0,"turns":4.0},{"damage":16.0,"enemies":"ruina:QueenOfHate","floor":21.0,"turns":5.0},{"damage":38,"enemies":"ruina:RoadHome","floor":23,"turns":6}],"seed_played":"4717864077978514698","potions_obtained":[{"floor":1.0,"key":"Venom Potion"},{"floor":3.0,"key":"LiquidFlight:ReiMu"},{"floor":5.0,"key":"Swift Potion"},{"floor":6.0,"key":"Fruit Juice"}],"is_trial":false,"path_per_floor":["M","?","M","M","M","E","R","E","T","$","?","M","R","T","R","B",null,"M","M","?","M","?","E"],"character_chosen":"REIMU","items_purchased":["Membership Card","Replay:Bandana","Intuition:ReiMu"],"campfire_rested":1,"item_purchase_floors":[10,10,10],"current_hp_per_floor":[71,71,71,67,67,50,50,41,41,41,41,26,48,48,48,41,76,44,41,41,37,37,0,0],"gold":313,"neow_bonus":"TEN_PERCENT_HP_BONUS","is_daily":false,"chose_seed":false,"campfire_upgraded":2,"win_rate":0.0,"timestamp":1613951458,"path_taken":["M","?","M","M","M","E","R","E","T","$","?","M","R","?","R","BOSS","M","M","?","?","?","E"],"items_purchased_type":["Relic","Relic","Card"],"build_version":"2020-12-22","purchased_purges":0,"victory":false,"max_hp_per_floor":[71,71,71,71,71,76,76,76,76,76,76,76,76,76,76,76,76,76,76,76,76,76,76,76],"relic_stats":{"counters":[12,59],"obtain_stats":[{"Potion Belt":6,"Replay:Bandana":10,"Ring of Peace":22,"Simple Rune":9,"Membership Card":10,"Bow_fan:ReiMu":8,"FlyPower:ReiMu":0,"Abe\u0027s Treasure":17,"Meat on the Bone":14},{"Potion Belt":5,"Replay:Bandana":6,"Ring of Peace":11,"Simple Rune":6,"Membership Card":6,"Bow_fan:ReiMu":6,"FlyPower:ReiMu":0,"Abe\u0027s Treasure":8,"Meat on the Bone":7},{"Potion Belt":20,"Replay:Bandana":26,"Ring of Peace":53,"Simple Rune":26,"Membership Card":26,"Bow_fan:ReiMu":26,"FlyPower:ReiMu":0,"Abe\u0027s Treasure":40,"Meat on the Bone":31}],"Meat on the Bone":24},"card_choices":[{"not_picked":["WonderfulDomain:ReiMu","SubcavityInstant:ReiMu"],"picked":"Crusade:ReiMu","floor":1.0},{"not_picked":["SealNeedle:ReiMu","Intuition:ReiMu"],"picked":"TightArray:ReiMu","floor":3.0},{"not_picked":["EmergencyTakeOff:ReiMu","Conquer:ReiMu"],"picked":"SpiritualOutbreak2:ReiMu","floor":4.0},{"not_picked":["RainPray2:ReiMu","EmergencyTakeOff:ReiMu"],"picked":"MountainWay:ReiMu","floor":5.0},{"not_picked":["AlertArray:ReiMu","Conquer:ReiMu"],"picked":"Crusade:ReiMu","floor":6.0},{"not_picked":["SpreadBorder2:ReiMu","Shading:ReiMu"],"picked":"InherentArray:ReiMu","floor":8.0},{"not_picked":["SubAcupoint:ReiMu","EmergencyTakeOff:ReiMu"],"picked":"Revelation:ReiMu","floor":12.0},{"not_picked":["Shading:ReiMu","Determination:ReiMu"],"picked":"Dreaming:ReiMu","floor":16.0},{"not_picked":["EmergencyTakeOff:ReiMu+1","BarrageOfMoneybags:ReiMu+1"],"picked":"InherentArray:ReiMu","floor":18.0},{"not_picked":["PassingAway:ReiMu","Crusade:ReiMu"],"picked":"OctopathBindingBorder2:ReiMu+1","floor":19.0},{"not_picked":["Meditation:ReiMu","TightArray:ReiMu"],"picked":"NineCharacters:ReiMu","floor":21.0}],"player_experience":207405,"relics_obtained":[{"floor":6.0,"key":"Potion Belt"},{"floor":8.0,"key":"Bow_fan:ReiMu"},{"floor":9.0,"key":"Simple Rune"},{"floor":14.0,"key":"Meat on the Bone"},{"floor":22,"key":"Ring of Peace"}],"event_choices":[],"is_beta":false,"boss_relics":[{"not_picked":["energizedSpire:EnergizedDie","reliquary:Craggleroot"],"picked":"Abe\u0027s Treasure"}],"items_purged_floors":[],"is_endless":false,"potions_floor_spawned":[1,3,5,6],"killed_by":"ruina:RoadHome","ascension_level":0}}