{"host":"p4yrwepmrl4g8pul","time":1613879040,"event":{"mods":["Act Like it!","BaseMod","BetterRewards","Colored Map","Custom Start","Gensokyo","Marisa（F雨　魔理沙）","Minty Spire (QoL Compilation)","Quick Restart","Rare Cards Sparkle","Reimu（博丽灵梦）","Remilia（蕾米莉亚）","Shop Mod","StSLib","The Jungle","Thieving Mod"],"gold_per_floor":[109,109,109,384,400,410,410,416,416,432,447,461,491,54,54,51,51],"floor_reached":16,"language":"ZHS","playtime":401,"items_purged":["Regret"],"score":340,"play_id":"638e6596-23c5-4577-b72b-7ebd251a239e","local_time":"20210221114400","is_ascension_mode":true,"campfire_choices":[{"data":"6A","floor":7.0,"key":"SMITH"},{"floor":15.0,"key":"REST"}],"circlet_count":0,"master_deck":["AscendersBane","Strike_MRS","Strike_MRS","Strike_MRS","Strike_MRS+1","Defend_MRS","Defend_MRS+1","Defend_MRS","Defend_MRS","MasterSpark","UpSweep+1","WitchLeyline+1","Poor:ReiMu","6A+1","EnergyFlow","6A","ManaConvection","PowerUp","MeteoricShower"],"relics":["MiniHakkero","NeowsBlessing","YidongShenshe:ReiMu","Sundial","Ancient Tea Set","Anchor","Mastiff:ReiMu","Whetstone","HandDrill"],"acts_visited":["Exordium"],"potions_floor_usage":[],"damage_taken":[{"damage":0.0,"enemies":"Cultist","floor":1.0,"turns":1.0},{"damage":0.0,"enemies":"2 Louse","floor":5.0,"turns":1.0},{"damage":0.0,"enemies":"3 Sentries","floor":6.0,"turns":2.0},{"damage":37.0,"enemies":"Lagavulin","floor":8.0,"turns":4.0},{"damage":0.0,"enemies":"Jaw Worm","floor":10.0,"turns":1.0},{"damage":0.0,"enemies":"Large Slime","floor":11.0,"turns":1.0},{"damage":2.0,"enemies":"2 Fungi Beasts","floor":12.0,"turns":3.0},{"damage":0.0,"enemies":"Gremlin Nob","floor":13.0,"turns":2.0},{"damage":25,"enemies":"The Guardian","floor":16,"turns":5}],"seed_played":"-619540989076352482","potions_obtained":[{"floor":6.0,"key":"ShroomBrew"},{"floor":10.0,"key":"SteroidPotion"},{"floor":13.0,"key":"ZuzhouPotion:ReiMu"}],"is_trial":false,"path_per_floor":["M","?","?","?","M","E","R","E","T","M","M","M","E","$","R","B"],"character_chosen":"MARISA","items_purchased":["Whetstone","MeteoricShower","HandDrill"],"campfire_rested":1,"item_purchase_floors":[14,14,14],"current_hp_per_floor":[63,42,42,42,42,42,42,5,5,5,5,3,3,3,24,0,0],"gold":51,"neow_bonus":"THREE_ENEMY_KILL","is_daily":false,"chose_seed":false,"campfire_upgraded":1,"win_rate":0.0,"timestamp":1613879040,"path_taken":["M","?","?","?","?","E","R","E","T","M","M","M","E","$","R","BOSS"],"items_purchased_type":["Relic","Card","Relic"],"build_version":"2020-12-22","purchased_purges":1,"victory":false,"max_hp_per_floor":[70,70,70,70,70,70,70,70,70,70,70,70,70,70,70,70,70],"card_choices":[{"not_picked":["ShootTheMoon","DarkMatter"],"picked":"WitchLeyline","floor":1.0},{"not_picked":["WitchOfGreed","AsteroidBelt"],"picked":"6A","floor":5.0},{"not_picked":["OrrerysSun","LuminesStrike"],"picked":"EnergyFlow","floor":6.0},{"not_picked":["Occultation","WitchLeyline"],"picked":"6A","floor":8.0},{"not_picked":["WitchOfGreed","EventHorizon","SporeBomb"],"picked":"SKIP","floor":10.0},{"not_picked":["ChargingUp","DoubleSpark"],"picked":"ManaConvection","floor":11.0},{"not_picked":["Occultation","BinaryStars","OpenUniverse"],"picked":"SKIP","floor":12.0},{"not_picked":["AsteroidBelt","GravityBeat"],"picked":"PowerUp","floor":13.0}],"player_experience":819025,"relics_obtained":[{"floor":6.0,"key":"Sundial"},{"floor":8.0,"key":"Ancient Tea Set"},{"floor":9.0,"key":"Anchor"},{"floor":13.0,"key":"Mastiff:ReiMu"}],"event_choices":[{"damage_healed":0.0,"max_hp_gain":0.0,"max_hp_loss":0.0,"gold_gain":0.0,"event_name":"Shining Light","player_choice":"Entered Light","floor":2.0,"gold_loss":0.0,"damage_taken":21.0,"cards_upgraded":["UpSweep","Defend_MRS"]},{"damage_healed":0.0,"max_hp_gain":0.0,"max_hp_loss":0.0,"gold_gain":0.0,"event_name":"yidonshenshe","player_choice":"带走神社","floor":3.0,"gold_loss":0.0,"damage_taken":0.0,"relics_obtained":["YidongShenshe:ReiMu"],"cards_obtained":["Poor:ReiMu"]},{"damage_healed":0.0,"max_hp_gain":0.0,"max_hp_loss":0.0,"gold_gain":275.0,"event_name":"Golden Shrine","player_choice":"Desecrate","floor":4.0,"gold_loss":0.0,"damage_taken":0.0,"cards_obtained":["Regret"]}],"is_beta":false,"boss_relics":[],"items_purged_floors":[14],"is_endless":false,"potions_floor_spawned":[6,10,13],"killed_by":"The Guardian","ascension_level":20}}