{"host":"l8n56n8abrvcftzc","time":1613888139,"event":{"mods":["Act Like it!","Arknights","BaseMod","Better Note","Better Third Choice","Colored Map","DeckTracker","Googly Eyes","Highlight Path","Minty Spire (QoL Compilation)","Permanent Neow","Relic Stats","StSLib","SuperFastMode","Uncapped"],"gold_per_floor":[111,111,111,129,145,178,178,190,190,254,254,254,254,265,265,265,265],"floor_reached":16,"language":"ENG","playtime":1578,"items_purged":[],"score":100,"play_id":"50df7c82-0176-41da-8ade-b69382860cbb","local_time":"20210220221539","is_ascension_mode":false,"campfire_choices":[{"data":"ats:Part Time Job","floor":7.0,"key":"SMITH"},{"data":"ats:Emotion Absorption","floor":13.0,"key":"SMITH"},{"data":"ats:Volcano","floor":15.0,"key":"SMITH"}],"circlet_count":0,"master_deck":["ats:Strike C","ats:Strike G","ats:Strike S","ats:Armor Crushing Shot","ats:Defend","ats:Defend","ats:Defend","ats:Defend","ats:Emotion Absorption+1","ats:Assault Order","ats:Powerful Strike","ats:Consecutive Shot Auto","ats:Part Time Job+1","ats:Automatic Cover","ats:Shell Defense","ats:Volcano+1"],"relics":["ats:Sanity","ats:Originium","InkBottle","Frozen Egg 2","Dream Catcher","Matryoshka"],"acts_visited":["Exordium"],"potions_floor_usage":[16],"damage_taken":[{"damage":10.0,"enemies":"ats:Genji","floor":1.0,"turns":6.0},{"damage":6.0,"enemies":"Cultist","floor":4.0,"turns":5.0},{"damage":7.0,"enemies":"2 Louse","floor":5.0,"turns":3.0},{"damage":38.0,"enemies":"3 Sentries","floor":6.0,"turns":10.0},{"damage":32.0,"enemies":"Exordium Thugs","floor":8.0,"turns":12.0},{"damage":48.0,"enemies":"Lagavulin Event","floor":10.0,"turns":6.0},{"damage":1.0,"enemies":"2 Fungi Beasts","floor":14.0,"turns":5.0},{"damage":40,"enemies":"Slime Boss","floor":16,"turns":10}],"seed_played":"-3905684496358928894","potions_obtained":[{"floor":4.0,"key":"FairyPotion"},{"floor":6.0,"key":"GamblersBrew"},{"floor":14.0,"key":"Dexterity Potion"}],"is_trial":false,"path_per_floor":["M","?","?","M","M","E","R","M","T","?","T","?","R","M","R","B"],"character_chosen":"DOCTOR_CLASS","items_purchased":[],"campfire_rested":0,"item_purchase_floors":[],"current_hp_per_floor":[69,74,74,68,61,23,23,11,11,12,12,12,12,17,17,0,0],"gold":265,"neow_bonus":"TEN_PERCENT_HP_BONUS","is_daily":false,"chose_seed":false,"campfire_upgraded":3,"win_rate":0.0,"timestamp":1613888139,"path_taken":["M","?","?","M","?","E","R","M","T","?","?","?","R","M","R","BOSS"],"items_purchased_type":[],"build_version":"2020-12-22","purchased_purges":0,"victory":false,"max_hp_per_floor":[79,84,84,84,84,84,84,84,84,84,84,84,84,84,84,84,84],"relic_stats":{"Dream Catcher":0,"counters":[8,57],"obtain_stats":[{"Dream Catcher":10,"Matryoshka":11,"ats:Originium":6,"ats:Sanity":0,"Frozen Egg 2":9,"InkBottle":6},{"Dream Catcher":6,"Matryoshka":6,"ats:Originium":4,"ats:Sanity":0,"Frozen Egg 2":5,"InkBottle":4},{"Dream Catcher":42,"Matryoshka":42,"ats:Originium":24,"ats:Sanity":0,"Frozen Egg 2":36,"InkBottle":24}],"InkBottle":[11]},"card_choices":[{"not_picked":["ats:Absolute Focus","ats:Guard Mode"],"picked":"ats:Assault Order","floor":1.0},{"not_picked":["ats:Counter Healing Mode","ats:Cat Scratch"],"picked":"ats:Powerful Strike","floor":4.0},{"not_picked":["ats:Curse Doll","ats:Assault Order"],"picked":"ats:Consecutive Shot Auto","floor":5.0},{"not_picked":["ats:Song Of Battle","ats:Soul Absorption"],"picked":"ats:Part Time Job","floor":6.0},{"not_picked":["ats:Poison Spread","ats:Leaping Hammer"],"picked":"ats:Automatic Cover","floor":8.0},{"not_picked":["ats:Very Hot Blade","ats:Curse Doll"],"picked":"ats:Shell Defense","floor":10.0},{"not_picked":["ats:Closed Bolt Burst Fire","ats:Ignite"],"picked":"ats:Volcano","floor":14.0}],"player_experience":788360,"relics_obtained":[{"floor":6.0,"key":"ats:Originium"},{"floor":6.0,"key":"InkBottle"},{"floor":9.0,"key":"Frozen Egg 2"},{"floor":10.0,"key":"Dream Catcher"},{"floor":11.0,"key":"Matryoshka"}],"event_choices":[{"damage_healed":0.0,"max_hp_gain":5.0,"max_hp_loss":0.0,"gold_gain":0.0,"event_name":"Big Fish","player_choice":"Donut","floor":2.0,"gold_loss":0.0,"damage_taken":0.0},{"cards_removed":["ats:Strike V"],"damage_healed":0.0,"max_hp_gain":0.0,"max_hp_loss":0.0,"gold_gain":0.0,"event_name":"Bonfire Elementals","player_choice":"Offered Basic","floor":3.0,"gold_loss":0.0,"damage_taken":0.0},{"damage_healed":0.0,"max_hp_gain":0.0,"max_hp_loss":0.0,"gold_gain":30.0,"event_name":"Dead Adventurer","player_choice":"Searched \u00273\u0027 times","floor":10.0,"gold_loss":0.0,"damage_taken":0.0},{"damage_healed":0.0,"max_hp_gain":0.0,"max_hp_loss":0.0,"gold_gain":0.0,"event_name":"betterThird:BetterScrap","player_choice":"LEAVE","floor":12.0,"gold_loss":0.0,"damage_taken":0.0,"cards_obtained":["Bloodletting"]}],"is_beta":false,"boss_relics":[],"items_purged_floors":[],"is_endless":false,"potions_floor_spawned":[4,6,14],"killed_by":"Slime Boss","ascension_level":0}}