{"host":"rm0ctv8qd8mnbkg1","time":1613918990,"event":{"mods":["Aspiration","BaseMod","Beaked The Cultist","BetterRewards","Colored Map","DNKmod","Dark Map","Defuse TimeMaze Blight","Downfall","Friendly Minions","Hubris","Marisa????????","Minty Spire (QoL Compilation)","MostiFishMod","Permanent Neow","Rare Cards Sparkle","Relic Sorter","Reliquary","Replay The Spire","RumiaBox-????????","Shade Mod","Shop Mod","Spicy Shops","Spire Arcade","StSLib","The Construct","The Servant 0.9.4","TheVacant","Wandering Minibosses","[IsaacMod]????","??????REMEMod"],"gold_per_floor":[10011,10031,9390,9390,9409,9409,9422,8708,8708,8744,8744,8771,8771,8786,8786,8899,8917,8934,8934,8934],"floor_reached":19,"language":"ENG","playtime":522,"items_purged":[],"score":318,"play_id":"32c9e881-adf1-425a-8a58-f6cf3db45676","local_time":"20210221144950","is_ascension_mode":true,"campfire_choices":[{"data":"Poisoned Stab","floor":6,"key":"SMITH"},{"data":"REME_GreenPollution","floor":11,"key":"SMITH"},{"data":"hubris:Counter","floor":15,"key":"SMITH"}],"circlet_count":0,"master_deck":["Strike_G","Strike_G","Strike_G","Strike_G","Strike_G","Defend_G","Defend_G","Defend_G","Defend_G","Survivor","Neutralize","MostiFishMod:Minus","Poisoned Stab+1","Flying Knee","REME_GreenPollution+1","Cloak And Dagger","Poisoned Stab","MostiFishMod:FrostNova","Riddle With Holes+1","hubris:Counter+1","ReplayTheSpireMod:Scrap Shanks","Replay:Bag of Tricks","Blade Dance","Bane","ReplayTheSpireMod:Necrosis","Noxious Fumes","Poison Darts"],"relics":["Ring of the Snake","REME_ComplimentaryCards","DaveBox","HushsDoor","GuppysHead","The Specimen","sneckomod:BlankCard","Chemical X","GuppysTail","CeramicFish","Ornamental Fan","Bird Faced Urn","JellyFishMachine"],"acts_visited":["Exordium","TheCity"],"potions_floor_usage":[],"damage_taken":[{"damage":0,"enemies":"Jaw Worm","floor":1,"turns":4},{"damage":0,"enemies":"Cultist","floor":2,"turns":4},{"damage":0,"enemies":"2 Louse","floor":5,"turns":2},{"damage":0,"enemies":"Red Slaver","floor":7,"turns":2},{"damage":0,"enemies":"3 Sentries","floor":10,"turns":3},{"damage":0,"enemies":"Exordium Thugs","floor":12,"turns":2},{"damage":0,"enemies":"Looter","floor":14,"turns":2},{"damage":0,"enemies":"The Guardian","floor":16,"turns":6},{"damage":0,"enemies":"Chosen","floor":18,"turns":3},{"damage":99999999,"enemies":"Spheric Guardian","floor":19,"turns":1}],"seed_played":"1764116430960010422","potions_obtained":[{"floor":5,"key":"Strength Potion"},{"floor":12,"key":"Explosive Potion"}],"is_trial":false,"path_per_floor":["M","M","$","?","M","R","M","$","T","E","R","M","?","M","R","B",null,"M","M"],"character_chosen":"THE_SILENT","items_purchased":["The Specimen","REME_GreenPollution","Cloak And Dagger","Poisoned Stab","sneckomod:BlankCard","Chemical X","MostiFishMod:FrostNova","GuppysTail","ReplayTheSpireMod:Scrap Shanks","CeramicFish","Replay:Bag of Tricks","Noxious Fumes","Poison Darts"],"campfire_rested":0,"item_purchase_floors":[3,3,3,3,3,3,3,8,8,8,8,17,17],"current_hp_per_floor":[1100,1100,1100,1100,1100,1100,1100,1100,1100,1100,1100,1100,1100,1100,1100,1100,1093,1093,0,0],"gold":8934,"neow_bonus":"TEN_PERCENT_HP_BONUS","is_daily":false,"chose_seed":false,"campfire_upgraded":3,"win_rate":0.0,"timestamp":1613918990,"path_taken":["M","M","$","?","M","R","M","$","T","E","R","M","?","M","R","BOSS","M","M"],"items_purchased_type":["Relic","Card","Card","Card","Relic","Relic","Card","Relic","Card","Relic","Card","Card","Card"],"build_version":"2020-12-22","purchased_purges":0,"victory":false,"max_hp_per_floor":[1100,1100,1100,1100,1100,1100,1100,1100,1100,1100,1100,1100,1100,1100,1100,1100,1093,1093,1093,1093],"card_choices":[{"not_picked":[],"picked":"SuicideKing","floor":0},{"not_picked":["Slice","Quick Slash"],"picked":"Poisoned Stab","floor":1},{"not_picked":["ReplayTheSpireMod:Tripwire","Underhanded Strike"],"picked":"Flying Knee","floor":2},{"not_picked":["Masterful Stab","Acrobatics","Expertise"],"picked":"SKIP","floor":5},{"not_picked":["Cloak And Dagger","Reflex"],"picked":"hubris:Counter","floor":7},{"not_picked":["MostiFishMod:Opportunism","Hidden Blade"],"picked":"Blade Dance","floor":10},{"not_picked":["Flying Knee","ReplayTheSpireMod:Exploit Weakness"],"picked":"Bane","floor":12},{"not_picked":["Backflip","Bomb","MostiFishMod:PerfectParry"],"picked":"SKIP","floor":14},{"not_picked":["MostiFishMod:AdrenalineArouse","REME_GrazeFinale"],"picked":"ReplayTheSpireMod:Necrosis","floor":16},{"not_picked":["Blur","Cloak And Dagger","ReplayTheSpireMod:Tripwire+1"],"picked":"SKIP","floor":18}],"player_experience":393242,"relics_obtained":[{"floor":9,"key":"Ornamental Fan"},{"floor":10,"key":"Bird Faced Urn"}],"event_choices":[],"is_beta":false,"boss_relics":[{"not_picked":["Snecko Heart","Replay:Drink Me"],"picked":"JellyFishMachine"},{"not_picked":[]}],"items_purged_floors":[],"is_endless":false,"potions_floor_spawned":[5,12,14,18],"killed_by":"Spheric Guardian","ascension_level":2}}