{"host":"1vy6j31128f61x2z","time":1613931894,"event":{"mods":["AchievementEnabler","BaseMod","Colored Powertips","Minty Spire (QoL Compilation)","Permanent Neow"],"gold_per_floor":[117,117,137,151,151,187,187,225,274,293,1,1,1,16,16,136,136,156,207,207,220,145,178,178,206,254,289,289,309,321,87,87,183,183,199,199,214,233,253,278,278,155,180,130,144,172,172,183,183,183,183,183,18,52,52,52],"floor_reached":55,"language":"ENG","playtime":3007,"items_purged":["Parasite","Injury","Parasite","Doubt"],"score":937,"play_id":"5b34a018-099b-4ef3-82b1-1cec1b94d4d7","local_time":"20210221132454","is_ascension_mode":true,"campfire_choices":[{"data":"Defragment","floor":7.0,"key":"SMITH"},{"data":"Cold Snap","floor":12.0,"key":"SMITH"},{"data":"Streamline","floor":15.0,"key":"SMITH"},{"data":"Meteor Strike","floor":24.0,"key":"SMITH"},{"data":"Consume","floor":28.0,"key":"SMITH"},{"data":"Steam Power","floor":32.0,"key":"SMITH"},{"data":"Machine Learning","floor":41.0,"key":"SMITH"},{"floor":47.0,"key":"RECALL"},{"data":"Streamline","floor":49.0,"key":"SMITH"},{"data":"Capacitor","floor":52.0,"key":"SMITH"}],"circlet_count":0,"master_deck":["Strike_B+1","Strike_B+1","Strike_B","Strike_B","Defend_B","Defend_B","Defend_B","Zap","Dualcast","Auto Shields","Recycle","Conserve Battery","Defragment+1","Sweeping Beam","Cold Snap+1","Streamline+1","Meteor Strike+1","Cold Snap+1","Streamline+1","Consume+1","Multi-Cast","Cold Snap+1","Streamline+1","Steam Power+1","Chill","Machine Learning+1","Beam Cell+1","Rebound+1","Beam Cell+1","Streamline+1","Loop+1","Ball Lightning","Capacitor+1","Master of Strategy","Reboot"],"relics":["Cursed Key","Bloody Idol","Cables","Nunchaku","Smiling Mask","Meat on the Bone","WarpedTongs","Velvet Choker","Kunai","Gremlin Horn","Bronze Scales","Shuriken","Membership Card","Nuclear Battery","Ancient Tea Set","Strawberry","Centennial Puzzle","Bottled Tornado","Whetstone","Pen Nib"],"acts_visited":["Exordium","TheCity","TheBeyond","TheEnding"],"potions_floor_usage":[55],"damage_taken":[{"damage":5.0,"enemies":"Small Slimes","floor":1.0,"turns":3.0},{"damage":3.0,"enemies":"2 Louse","floor":3.0,"turns":2.0},{"damage":2.0,"enemies":"Cultist","floor":4.0,"turns":4.0},{"damage":32.0,"enemies":"Gremlin Nob","floor":6.0,"turns":5.0},{"damage":27.0,"enemies":"3 Sentries","floor":8.0,"turns":9.0},{"damage":0.0,"enemies":"3 Louse","floor":10.0,"turns":4.0},{"damage":2.0,"enemies":"Looter","floor":14.0,"turns":3.0},{"damage":7.0,"enemies":"The Guardian","floor":16.0,"turns":10.0},{"damage":4.0,"enemies":"3 Byrds","floor":18.0,"turns":4.0},{"damage":5.0,"enemies":"Chosen","floor":21.0,"turns":4.0},{"damage":27.0,"enemies":"Slavers","floor":23.0,"turns":5.0},{"damage":38.0,"enemies":"Gremlin Leader","floor":25.0,"turns":12.0},{"damage":10.0,"enemies":"Book of Stabbing","floor":27.0,"turns":4.0},{"damage":16.0,"enemies":"Snake Plant","floor":29.0,"turns":3.0},{"damage":0.0,"enemies":"3 Cultists","floor":30.0,"turns":4.0},{"damage":1.0,"enemies":"Collector","floor":33.0,"turns":9.0},{"damage":0.0,"enemies":"3 Shapes","floor":35.0,"turns":5.0},{"damage":0.0,"enemies":"3 Darklings","floor":37.0,"turns":4.0},{"damage":20.0,"enemies":"Maw","floor":38.0,"turns":6.0},{"damage":0.0,"enemies":"Transient","floor":39.0,"turns":5.0},{"damage":21.0,"enemies":"Giant Head","floor":40.0,"turns":8.0},{"damage":15.0,"enemies":"Sphere and 2 Shapes","floor":45.0,"turns":3.0},{"damage":31.0,"enemies":"Reptomancer","floor":46.0,"turns":5.0},{"damage":13.0,"enemies":"4 Shapes","floor":48.0,"turns":5.0},{"damage":0.0,"enemies":"Awakened One","floor":50.0,"turns":10.0},{"damage":23.0,"enemies":"Shield and Spear","floor":54.0,"turns":7.0},{"damage":74,"enemies":"The Heart","floor":55,"turns":3}],"seed_played":"-1885242268861727792","potions_obtained":[{"floor":3.0,"key":"SkillPotion"},{"floor":8.0,"key":"Regen Potion"},{"floor":10.0,"key":"LiquidBronze"},{"floor":14.0,"key":"ColorlessPotion"},{"floor":18.0,"key":"CultistPotion"},{"floor":27.0,"key":"Energy Potion"},{"floor":29.0,"key":"EssenceOfDarkness"},{"floor":33.0,"key":"Fire Potion"},{"floor":39.0,"key":"FocusPotion"},{"floor":45.0,"key":"Dexterity Potion"},{"floor":54.0,"key":"SteroidPotion"}],"is_trial":false,"path_per_floor":["M","?","M","M","?","E","R","E","T","M","$","R","?","M","R","B",null,"M","T","?","M","?","E","R","E","T","E","R","M","M","$","R","B",null,"M","?","M","M","M","E","R","$","T","$","M","E","R","M","R","B",null,"R","$","E","B"],"character_chosen":"DEFECT","items_purchased":["Meat on the Bone","Membership Card","Chill","Strawberry","Master of Strategy","Whetstone"],"campfire_rested":0,"item_purchase_floors":[11,31,31,42,53,53],"current_hp_per_floor":[70,70,67,65,65,33,33,6,6,6,6,6,6,16,16,36,66,62,62,62,62,62,40,40,19,24,31,31,32,49,49,49,53,66,66,66,66,51,56,40,40,47,52,52,42,28,28,32,32,44,70,70,70,52,0,0],"gold":52,"neow_bonus":"BOSS_RELIC","is_daily":false,"chose_seed":false,"campfire_upgraded":9,"win_rate":0.0,"timestamp":1613931894,"path_taken":["M","?","M","M","?","E","R","E","T","M","$","R","?","M","R","BOSS","M","?","?","M","?","E","R","E","T","E","R","M","M","$","R","BOSS","M","?","M","M","M","E","R","$","T","$","M","E","R","M","R","BOSS","R","$","E","BOSS"],"items_purchased_type":["Relic","Relic","Card","Relic","Card","Relic"],"build_version":"2020-12-22","purchased_purges":4,"victory":false,"max_hp_per_floor":[75,75,75,75,69,69,69,69,69,69,66,66,66,66,66,66,66,66,66,66,66,66,66,66,66,66,66,66,66,66,66,66,66,66,66,66,66,66,66,66,66,70,70,70,70,70,70,70,70,70,70,70,70,70,70,70],"card_choices":[{"not_picked":["Barrage","Steam"],"picked":"Auto Shields","floor":1.0},{"not_picked":["Barrage","Double Energy"],"picked":"Conserve Battery","floor":3.0},{"not_picked":["Double Energy","Gash"],"picked":"Defragment","floor":4.0},{"not_picked":["White Noise","Blizzard","Barrage"],"picked":"SKIP","floor":6.0},{"not_picked":["Fusion","Leap"],"picked":"Sweeping Beam","floor":8.0},{"not_picked":["Redo","Streamline"],"picked":"Cold Snap","floor":10.0},{"not_picked":["Undo","Turbo"],"picked":"Streamline","floor":14.0},{"not_picked":["Creative AI","Core Surge"],"picked":"Meteor Strike","floor":16.0},{"not_picked":["Rebound+1","Conserve Battery"],"picked":"Cold Snap+1","floor":18.0},{"not_picked":["Doom and Gloom+1","Go for the Eyes"],"picked":"Streamline+1","floor":21.0},{"not_picked":["Rebound","Compile Driver+1"],"picked":"Consume","floor":23.0},{"not_picked":["Biased Cognition","Rainbow"],"picked":"Multi-Cast","floor":25.0},{"not_picked":["Gash","Beam Cell"],"picked":"Cold Snap+1","floor":27.0},{"not_picked":["Heatsinks","Conserve Battery"],"picked":"Streamline","floor":29.0},{"not_picked":["Hello World","Leap"],"picked":"Steam Power","floor":30.0},{"not_picked":["Reboot","Hyperbeam"],"picked":"Machine Learning","floor":33.0},{"not_picked":["Cold Snap","Sweeping Beam"],"picked":"Beam Cell+1","floor":35.0},{"not_picked":["Steam+1","Turbo"],"picked":"Rebound+1","floor":37.0},{"not_picked":["Undo","Hello World+1"],"picked":"Beam Cell+1","floor":38.0},{"not_picked":["Beam Cell","Stack"],"picked":"Streamline+1","floor":39.0},{"not_picked":["Compile Driver+1","Amplify"],"picked":"Loop+1","floor":40.0},{"not_picked":["Go for the Eyes+1","Rebound"],"picked":"Ball Lightning","floor":45.0},{"not_picked":["Loop+1","Stack","Capacitor"],"picked":"SKIP","floor":46.0},{"not_picked":["Loop+1","Stack"],"picked":"Capacitor","floor":46.0},{"not_picked":["Scrape","Streamline","Reprogram+1"],"picked":"SKIP","floor":48.0},{"not_picked":["Turbo+1","Static Discharge"],"picked":"Reboot","floor":54.0}],"player_experience":100068,"relics_obtained":[{"floor":6.0,"key":"Cables"},{"floor":8.0,"key":"Nunchaku"},{"floor":9.0,"key":"Smiling Mask"},{"floor":23.0,"key":"Kunai"},{"floor":25.0,"key":"Gremlin Horn"},{"floor":26.0,"key":"Bronze Scales"},{"floor":27.0,"key":"Shuriken"},{"floor":40.0,"key":"Ancient Tea Set"},{"floor":43.0,"key":"Centennial Puzzle"},{"floor":46.0,"key":"Bottled Tornado"},{"floor":54.0,"key":"Pen Nib"}],"event_choices":[{"damage_healed":0.0,"max_hp_gain":0.0,"max_hp_loss":0.0,"gold_gain":0.0,"cards_transformed":["Defend_B"],"event_name":"Living Wall","player_choice":"Change","floor":2.0,"gold_loss":0.0,"damage_taken":0.0,"cards_obtained":["Recycle"]},{"damage_healed":0.0,"max_hp_gain":0.0,"max_hp_loss":6.0,"gold_gain":0.0,"event_name":"Golden Idol","player_choice":"Lose Max HP","floor":5.0,"gold_loss":0.0,"damage_taken":0.0,"relics_obtained":["Golden Idol"]},{"damage_healed":0.0,"max_hp_gain":0.0,"max_hp_loss":0.0,"gold_gain":0.0,"event_name":"Accursed Blacksmith","player_choice":"Rummage","floor":13.0,"gold_loss":0.0,"damage_taken":0.0,"relics_obtained":["WarpedTongs"],"cards_obtained":["Pain"]},{"damage_healed":0.0,"max_hp_gain":0.0,"max_hp_loss":0.0,"gold_gain":0.0,"event_name":"Forgotten Altar","player_choice":"Gave Idol","floor":20.0,"relics_lost":["Golden Idol"],"gold_loss":0.0,"damage_taken":0.0,"relics_obtained":["Bloody Idol"]},{"cards_removed":["Pain"],"damage_healed":0.0,"max_hp_gain":0.0,"max_hp_loss":0.0,"gold_gain":0.0,"event_name":"Beggar","player_choice":"Gave Gold","floor":22.0,"gold_loss":75.0,"damage_taken":0.0},{"damage_healed":0.0,"max_hp_gain":0.0,"max_hp_loss":0.0,"gold_gain":0.0,"event_name":"Tomb of Lord Red Mask","player_choice":"Ignored","floor":36.0,"gold_loss":0.0,"damage_taken":0.0}],"is_beta":false,"boss_relics":[{"not_picked":["Sozu","Runic Pyramid"],"picked":"Velvet Choker"},{"not_picked":["Philosopher\u0027s Stone","Fusion Hammer"],"picked":"Nuclear Battery"}],"items_purged_floors":[11,31,42,44],"is_endless":false,"potions_floor_spawned":[3,8,10,14,18,27,29,33,39,40,45,54],"killed_by":"The Heart","ascension_level":1}}