{"host":"ilhhjx796p2x2wmd","time":1613929194,"event":{"mods":["AchievementEnabler","BaseMod","BetterRewards","Colored Map","Colored Powertips","DeckTracker","Highlight Path","Minty Spire (QoL Compilation)","Permanent Neow","Rare Cards Sparkle","Shop Mod"],"gold_per_floor":[117,42,42,52,62,62,93,104,151,101,101,101,101],"floor_reached":12,"language":"KOR","playtime":336,"items_purged":["Strike_R"],"score":109,"play_id":"b808564a-8cd3-40bf-baa0-821fc6b2eb45","local_time":"20210222023954","is_ascension_mode":true,"campfire_choices":[{"floor":6,"key":"REST"},{"data":"Searing Blow","floor":11,"key":"SMITH"}],"circlet_count":0,"master_deck":["Strike_R+1","Strike_R","Strike_R","Strike_R","Defend_R","Defend_R","Defend_R","Bash+1","Whirlwind","Perfected Strike","Feed","True Grit","Shrug It Off","Searing Blow+1","Shrug It Off"],"relics":["Burning Blood","Prayer Wheel","Matryoshka","Shuriken","Toy Ornithopter"],"acts_visited":["Exordium"],"potions_floor_usage":[7,8,8],"damage_taken":[{"damage":15.0,"enemies":"Cultist","floor":1.0,"turns":5.0},{"damage":7,"enemies":"Small Slimes","floor":4,"turns":3},{"damage":7,"enemies":"Jaw Worm","floor":5,"turns":3},{"damage":32,"enemies":"Gremlin Nob","floor":7,"turns":4},{"damage":1,"enemies":"Exordium Wildlife","floor":8,"turns":5},{"damage":47,"enemies":"Lagavulin","floor":12,"turns":7}],"seed_played":"-8354451811338621985","potions_obtained":[{"floor":1.0,"key":"FearPotion"},{"floor":5,"key":"HeartOfIron"},{"floor":7,"key":"Energy Potion"}],"is_trial":false,"path_per_floor":["M","$","?","M","M","R","E","M","T","?","R","E"],"character_chosen":"IRONCLAD","items_purchased":[],"campfire_rested":1,"item_purchase_floors":[],"current_hp_per_floor":[42,42,26,25,24,48,25,30,30,30,30,0,0],"gold":101,"neow_bonus":"ONE_RARE_RELIC","is_daily":false,"chose_seed":false,"campfire_upgraded":1,"win_rate":0.0,"timestamp":1613929194,"path_taken":["M","$","?","M","M","R","E","M","T","?","R","E"],"items_purchased_type":[],"build_version":"2020-12-22","purchased_purges":1,"victory":false,"max_hp_per_floor":[80,80,80,80,80,80,83,83,83,83,83,83,83],"card_choices":[{"not_picked":["Cleave","Carnage"],"picked":"Whirlwind","floor":1.0},{"not_picked":["Anger","Body Slam","Reckless Charge"],"picked":"SKIP","floor":1.0},{"not_picked":["Disarm","Cleave"],"picked":"Perfected Strike","floor":4},{"not_picked":["Metallicize","Pummel","Cleave"],"picked":"SKIP","floor":4},{"not_picked":["Headbutt","Seeing Red"],"picked":"Feed","floor":5},{"not_picked":["Power Through","Flex"],"picked":"True Grit","floor":5},{"not_picked":["Flex","Limit Break"],"picked":"Shrug It Off","floor":7},{"not_picked":["Flex","Battle Trance"],"picked":"Searing Blow","floor":8},{"not_picked":["Rampage","Dark Embrace"],"picked":"Shrug It Off","floor":8}],"player_experience":348461,"relics_obtained":[{"floor":7,"key":"Matryoshka"},{"floor":9,"key":"Shuriken"},{"floor":9,"key":"Toy Ornithopter"}],"event_choices":[{"damage_healed":0.0,"max_hp_gain":0.0,"max_hp_loss":0.0,"gold_gain":0.0,"event_name":"Shining Light","player_choice":"Entered Light","floor":3.0,"gold_loss":0.0,"damage_taken":16.0,"cards_upgraded":["Strike_R","Bash"]},{"cards_removed":["Defend_R"],"damage_healed":0,"gold_gain":0,"player_choice":"Card Removal","damage_taken":0,"max_hp_gain":0,"max_hp_loss":0,"event_name":"The Cleric","floor":10,"gold_loss":50}],"is_beta":false,"boss_relics":[],"items_purged_floors":[2],"is_endless":false,"potions_floor_spawned":[1,5,7],"killed_by":"Lagavulin","ascension_level":8}}