{"host":"ttzdpsscxkem3xrs","time":1613887076,"event":{"mods":["BaseMod","Colored Map","Downfall","Hermit","Minty Spire (QoL Compilation)","Replay The Spire","StSLib","The Cursed","The Hierophant"],"gold_per_floor":[115,134,192,62,62,95,14,28,28,47,47,82,82,101,101,206,206,216,315,315,327,327,354,354,380,380,407,407,407,4,4,4,27,27,125,125,139,139,91,91,91,118,135,58,113,113,113,147,147,170,170,177],"floor_reached":53,"language":"ENG","playtime":1920,"items_purged":["hermit:Strike_Hermit","downfall:Bewildered"],"score":939,"play_id":"e8091590-1832-491a-a02e-5ce7ba89b7c1","local_time":"20210220215756","is_ascension_mode":true,"campfire_choices":[{"data":"hermit:Brawl","floor":11.0,"key":"SMITH"},{"data":"hermit:WideOpen","floor":15.0,"key":"SMITH"},{"floor":24.0,"key":"REST"},{"floor":31.0,"key":"REST"},{"data":"hermit:Strike_Hermit","floor":34.0,"key":"PURGE"},{"floor":46,"key":"RECALL"},{"floor":49,"key":"REST"},{"floor":51,"key":"REST"}],"circlet_count":0,"master_deck":["hermit:Strike_Hermit","hermit:Strike_Hermit","hermit:Defend_Hermit","hermit:Defend_Hermit","hermit:Snapshot","hermit:Covet","hermit:PistolWhip","hermit:Spite+1","hermit:GoldenBullet","hermit:Brawl+1","hermit:WideOpen+1","hermit:GoldenBullet","hermit:BlackWind","hermit:Dive+1","hermit:Manifest+1","hermit:BodyArmor+1","hermit:FullyLoaded+1","hermit:Gestalt+1","hermit:Deadeye","hermit:Maintenance","hermit:Roughhouse","CurseOfTheBell","hermit:TakeCover","hermit:Brawl","hermit:Brawl","Madness","Madness","hermit:Scavenge+1","hermit:Brawl"],"relics":["hermit:Momento","NeowsBlessing","White Beast Statue","Tiny Chest","Bag of Marbles","Fusion Hammer","Strawberry","sneckomod:BabySnecko","Dream Catcher","Blue Doll","Replay:WaspNest","Calipers","Lizard Tail","Nunchaku","Calling Bell","Anchor","Mummified Hand","Replay:Kaleidoscope","Singing Bowl","Centennial Puzzle","Regal Pillow","Pocketwatch","Replay:Ringing Soul"],"acts_visited":["Exordium","TheCity","TheBeyond"],"potions_floor_usage":[52,52,52],"damage_taken":[{"damage":0.0,"enemies":"2 Louse","floor":1.0,"turns":1.0},{"damage":0.0,"enemies":"Cultist","floor":2.0,"turns":1.0},{"damage":0.0,"enemies":"Gremlin Nob","floor":6.0,"turns":1.0},{"damage":0.0,"enemies":"Small Slimes","floor":8.0,"turns":2.0},{"damage":0.0,"enemies":"Exordium Wildlife","floor":10.0,"turns":2.0},{"damage":31.0,"enemies":"3 Sentries","floor":12.0,"turns":5.0},{"damage":7.0,"enemies":"Blue Slaver","floor":14.0,"turns":2.0},{"damage":38.0,"enemies":"Hexaghost","floor":16.0,"turns":6.0},{"damage":10.0,"enemies":"Spheric Guardian","floor":18.0,"turns":3.0},{"damage":6.0,"enemies":"Shell Parasite","floor":21.0,"turns":3.0},{"damage":29.0,"enemies":"Book of Stabbing","floor":23.0,"turns":5.0},{"damage":6.0,"enemies":"Slavers","floor":25.0,"turns":6.0},{"damage":2.0,"enemies":"Book of Stabbing","floor":27.0,"turns":4.0},{"damage":30.0,"enemies":"Champ","floor":35.0,"turns":10.0},{"damage":5.0,"enemies":"3 Shapes","floor":37.0,"turns":3.0},{"damage":0.0,"enemies":"R_Hoarder","floor":42.0,"turns":4.0},{"damage":2.0,"enemies":"Orb Walker","floor":43.0,"turns":3.0},{"damage":10,"enemies":"Giant Head","floor":48,"turns":6},{"damage":16,"enemies":"Jaw Worm Horde","floor":50,"turns":5},{"damage":44,"enemies":"Donu and Deca","floor":52,"turns":8}],"seed_played":"8592489157415512932","potions_obtained":[{"floor":1.0,"key":"Toxic Potion"},{"floor":2.0,"key":"LiquidBronze"},{"floor":8.0,"key":"Guardian:BlockOnCardUsePotion"},{"floor":10.0,"key":"Ancient Potion"},{"floor":12.0,"key":"ColorlessPotion"},{"floor":14.0,"key":"Adrenaline Potion"},{"floor":16.0,"key":"hexamod:SoulburnPotion"},{"floor":18.0,"key":"SpeedPotion"},{"floor":21.0,"key":"FearPotion"},{"floor":23.0,"key":"hermit:Eclipse"},{"floor":25.0,"key":"Ancient Potion"},{"floor":27.0,"key":"Venom Potion"},{"floor":35.0,"key":"Adrenaline Potion"},{"floor":42.0,"key":"Reflective Coating"}],"is_trial":false,"path_per_floor":["M","M","?","$","?","E","$","M","T","M","R","E","?","M","R","B",null,"M","?","T","M","?","E","R","E","T","E","PTL","PTL","$","R","?","T","R_BF","B",null,"M","?","$","T","?","E","M","$","T","R","T","E","R","M","R","B",null],"character_chosen":"HERMIT","items_purchased":["hermit:Spite+1","hermit:Brawl","Lizard Tail","hermit:Brawl","hermit:Brawl"],"campfire_rested":4,"item_purchase_floors":[4,7,30,39,44],"current_hp_per_floor":[75,75,75,75,75,75,75,75,75,75,75,44,85,78,78,40,85,75,75,82,76,76,47,74,68,68,66,66,66,66,92,92,92,92,62,92,87,87,87,87,75,75,75,75,75,75,75,67,98,84,102,58],"gold":177,"neow_bonus":"THREE_ENEMY_KILL","is_daily":false,"chose_seed":false,"campfire_upgraded":2,"win_rate":0.0,"timestamp":1613887076,"path_taken":["M","M","?","$","?","E","$","M","T","M","R","E","?","?","R","BOSS","M","?","?","M","?","E","R","E","T","E","PTL","PTL","?","R","?","?","R_BF","BOSS","M","?","$","?","?","E","M","$","T","R","?","E","R","?","R","BOSS"],"items_purchased_type":["Card","Card","Relic","Card","Card"],"build_version":"2020-12-22","purchased_purges":2,"victory":true,"max_hp_per_floor":[75,75,75,75,75,75,75,75,75,75,75,75,85,85,85,85,85,85,85,92,92,92,92,92,92,92,92,92,92,92,92,92,92,92,92,92,92,92,92,92,92,92,94,94,94,94,94,96,98,100,102,102],"card_choices":[{"not_picked":["hermit:ItchyTrigger","hermit:Grudge"],"picked":"hermit:PistolWhip","floor":1.0},{"not_picked":["hermit:Coalescence","hermit:HighCaliber","hermit:LowProfile"],"picked":"SKIP","floor":2.0},{"not_picked":["hermit:HighCaliber","hermit:Dive"],"picked":"hermit:GoldenBullet","floor":6.0},{"not_picked":["hermit:Quickdraw","hermit:HoleUp"],"picked":"hermit:WideOpen","floor":8.0},{"not_picked":["hermit:TakeCover","hermit:CursedWeapon"],"picked":"hermit:GoldenBullet","floor":10.0},{"not_picked":["hermit:LowProfile","hermit:Roulette"],"picked":"hermit:OverwhelmingPower","floor":12.0},{"not_picked":["hermit:Snipe","hermit:Manifest","hermit:BigShot"],"picked":"SKIP","floor":14.0},{"not_picked":["hermit:FatalDesire","hermit:FromBeyond"],"picked":"hermit:BlackWind","floor":16.0},{"not_picked":["hermit:Manifest+1","hermit:CalledShot+1"],"picked":"hermit:Dive+1","floor":18.0},{"not_picked":["hermit:Spite","hermit:BigShot"],"picked":"hermit:Manifest+1","floor":21.0},{"not_picked":["hermit:EyeOfTheStorm","hermit:Grudge"],"picked":"hermit:BodyArmor+1","floor":23.0},{"not_picked":["hermit:Roulette","hermit:Midnight"],"picked":"hermit:FullyLoaded+1","floor":24.0},{"not_picked":["hermit:Purgatory","hermit:Headshot+1"],"picked":"hermit:Gestalt+1","floor":25.0},{"not_picked":["hermit:Reprieve","hermit:BodyArmor","hermit:Manifest"],"picked":"SKIP","floor":27.0},{"not_picked":["hermit:Snipe","hermit:CursedWeapon"],"picked":"hermit:Deadeye","floor":31.0},{"not_picked":["hermit:EternalForm","hermit:FatalDesire"],"picked":"hermit:Roughhouse","floor":35.0},{"not_picked":["hermit:Coalescence+1","hermit:Desperado","hermit:Headshot"],"picked":"SKIP","floor":37.0},{"not_picked":["hermit:EternalForm","hermit:Ricochet+1"],"picked":"hermit:Scavenge+1","floor":42.0},{"not_picked":["hermit:Combo","hermit:EyeOfTheStorm+1","hermit:CalledShot+1"],"picked":"Singing Bowl","floor":43},{"not_picked":["hermit:Reprieve","hermit:BigShot","hermit:Coalescence+1"],"picked":"Singing Bowl","floor":48},{"not_picked":["hermit:Shortfuse+1","hermit:TrackingShot+1","hermit:Vantage+1"],"picked":"Singing Bowl","floor":49},{"not_picked":["hermit:TrackingShot","hermit:Ricochet","hermit:CursedWeapon"],"picked":"Singing Bowl","floor":50},{"not_picked":["hermit:HighCaliber+1","hermit:Coalescence","hermit:Misfire+1"],"picked":"Singing Bowl","floor":51}],"player_experience":1446768,"relics_obtained":[{"floor":6.0,"key":"White Beast Statue"},{"floor":9.0,"key":"Tiny Chest"},{"floor":12.0,"key":"Bag of Marbles"},{"floor":20.0,"key":"Strawberry"},{"floor":23.0,"key":"Dream Catcher"},{"floor":25.0,"key":"Blue Doll"},{"floor":26.0,"key":"Replay:WaspNest"},{"floor":27.0,"key":"Calipers"},{"floor":33.0,"key":"Nunchaku"},{"floor":36.0,"key":"Anchor"},{"floor":36.0,"key":"Mummified Hand"},{"floor":36.0,"key":"Replay:Kaleidoscope"},{"floor":40.0,"key":"Singing Bowl"},{"floor":42.0,"key":"Centennial Puzzle"},{"floor":45,"key":"Regal Pillow"},{"floor":47,"key":"Pocketwatch"},{"floor":48,"key":"Replay:Ringing Soul"}],"event_choices":[{"damage_healed":0.0,"max_hp_gain":0.0,"max_hp_loss":0.0,"gold_gain":58.0,"event_name":"Golden Wing","player_choice":"Gained Gold","floor":3.0,"gold_loss":0.0,"damage_taken":0.0},{"cards_removed":["hermit:Defend_Hermit"],"damage_healed":0.0,"max_hp_gain":0.0,"max_hp_loss":0.0,"gold_gain":0.0,"event_name":"Living Wall","player_choice":"Forget","floor":5.0,"gold_loss":0.0,"damage_taken":0.0},{"cards_removed":["hermit:OverwhelmingPower"],"damage_healed":31.0,"max_hp_gain":10.0,"max_hp_loss":0.0,"gold_gain":0.0,"event_name":"Bonfire Elementals","player_choice":"Offered Rare","floor":13.0,"gold_loss":0.0,"damage_taken":0.0},{"damage_healed":0.0,"max_hp_gain":0.0,"max_hp_loss":0.0,"gold_gain":99.0,"event_name":"Nest","player_choice":"Stole From Cult","floor":19.0,"gold_loss":0.0,"damage_taken":0.0},{"damage_healed":0.0,"max_hp_gain":0.0,"max_hp_loss":0.0,"gold_gain":0.0,"event_name":"The Library","player_choice":"Read","floor":32.0,"gold_loss":0.0,"damage_taken":0.0,"cards_obtained":["hermit:Maintenance"]},{"damage_healed":0.0,"max_hp_gain":0.0,"max_hp_loss":0.0,"gold_gain":0.0,"cards_transformed":["hermit:Defend_Hermit"],"event_name":"Transmorgrifier","player_choice":"Transformed","floor":38.0,"gold_loss":0.0,"damage_taken":0.0,"cards_obtained":["hermit:TakeCover"]},{"damage_healed":0.0,"max_hp_gain":0.0,"max_hp_loss":0.0,"gold_gain":0.0,"event_name":"Winding Halls","player_choice":"Embrace Madness","floor":41.0,"gold_loss":0.0,"damage_taken":12.0,"cards_obtained":["Madness","Madness"]}],"is_beta":false,"boss_relics":[{"not_picked":["Runic Dome","hermit:BartenderGlass"],"picked":"Fusion Hammer"},{"not_picked":["Cursed Key","ChewingGum"],"picked":"Calling Bell"}],"items_purged_floors":[4,30],"is_endless":false,"potions_floor_spawned":[1,2,8,10,12,14,16,18,21,23,25,27,35,37,42,43,48,50],"ascension_level":1}}