{"host":"qfskrnw3pl1q86j0","time":1613929241,"event":{"mods":["BaseMod","Block Reminder","Hermit","Marisa????????","Minty Spire (QoL Compilation)","Quick Restart","Random Character Button","Relic Stats","StSLib","The Poker Player","slay the spire mod where everything is the same but ironclad has a cowboy hat"],"gold_per_floor":[109,128,148,20,36,36,55,55,55,55,67,99,99,156,156,253,253,264,179,70,70,70,70,70,90,90,90,104,121,121,152,152,152,152],"floor_reached":33,"language":"ENG","playtime":1290,"items_purged":["BowlingBash"],"score":265,"play_id":"b3a47ec4-0fd6-479c-a9f6-abc3be16dc1d","local_time":"20210221184041","is_ascension_mode":false,"campfire_choices":[{"data":"Eruption","floor":6.0,"key":"SMITH"},{"data":"Vigilance","floor":8.0,"key":"SMITH"},{"data":"Perseverance","floor":10.0,"key":"SMITH"},{"data":"LikeWater","floor":15.0,"key":"SMITH"},{"data":"LikeWater","floor":23,"key":"SMITH"},{"data":"Nirvana","floor":24,"key":"SMITH"},{"data":"Meditate","floor":27,"key":"SMITH"},{"data":"Scrawl","floor":30,"key":"SMITH"},{"floor":32,"key":"REST"}],"circlet_count":0,"master_deck":["Eruption+1","Vigilance+1","FlurryOfBlows","InnerPeace","BowlingBash","LikeWater+1","CutThroughFate","Perseverance+1","Nirvana+1","LikeWater+1","JustLucky","Scrawl","Swivel","WreathOfFlame","Conclude","Meditate+1","Scrawl+1","SandsOfTime","Swivel","Indignation+1","Wireheading","ThirdEye","Vault","EmptyBody"],"relics":["PureWater","WingedGreaves","Bottled Lightning","Lantern","Dead Branch","Pandora\u0027s Box","Torii","Darkstone Periapt","HornCleat"],"acts_visited":["Exordium","TheCity"],"potions_floor_usage":[],"damage_taken":[{"damage":1.0,"enemies":"Jaw Worm","floor":1.0,"turns":4.0},{"damage":0.0,"enemies":"Small Slimes","floor":2.0,"turns":1.0},{"damage":0.0,"enemies":"2 Louse","floor":3.0,"turns":1.0},{"damage":6.0,"enemies":"Exordium Wildlife","floor":5.0,"turns":4.0},{"damage":4.0,"enemies":"Gremlin Gang","floor":7.0,"turns":6.0},{"damage":0.0,"enemies":"2 Fungi Beasts","floor":11.0,"turns":2.0},{"damage":3.0,"enemies":"3 Sentries","floor":12.0,"turns":7.0},{"damage":11.0,"enemies":"Gremlin Nob","floor":14.0,"turns":4.0},{"damage":18.0,"enemies":"Hexaghost","floor":16.0,"turns":13.0},{"damage":9.0,"enemies":"Shell Parasite","floor":18.0,"turns":5.0},{"damage":0,"enemies":"3 Byrds","floor":25,"turns":5},{"damage":1,"enemies":"Centurion and Healer","floor":28,"turns":6},{"damage":9,"enemies":"Snake Plant","floor":29,"turns":4},{"damage":14,"enemies":"Slavers","floor":31,"turns":6},{"damage":0,"enemies":"Collector","floor":33,"turns":3}],"seed_played":"-5857911617850480200","potions_obtained":[{"floor":1.0,"key":"SpeedPotion"},{"floor":7.0,"key":"SpeedPotion"},{"floor":28,"key":"Dexterity Potion"}],"is_trial":false,"path_per_floor":["M","M","M","$","M","R","M","R","T","R","M","E","?","?","R","B",null,"M","?","$","?","?","R","R","M","T","R","M","M","R","E","R","B"],"character_chosen":"WATCHER","items_purchased":["LikeWater","CutThroughFate","Wireheading"],"campfire_rested":1,"item_purchase_floors":[4,4,20],"current_hp_per_floor":[64,64,64,64,58,58,54,54,54,54,54,51,38,27,27,9,65,56,56,56,56,45,45,45,45,45,45,44,35,35,21,42,42,42],"gold":152,"neow_bonus":"ONE_RARE_RELIC","is_daily":false,"chose_seed":false,"campfire_upgraded":8,"win_rate":0.0,"timestamp":1613929241,"path_taken":["M","M","M","$","M","R","M","R","T","R","M","E","?","?","R","BOSS","M","?","$","?","?","R","R","?","T","R","?","M","R","E","R","BOSS"],"items_purchased_type":["Card","Card","Card"],"build_version":"2020-12-22","purchased_purges":1,"victory":false,"max_hp_per_floor":[65,65,65,65,65,65,65,65,65,65,65,65,65,65,65,65,65,65,65,65,65,70,70,70,70,70,70,70,70,70,70,70,70,70],"relic_stats":{"Darkstone Periapt":0,"Torii":6,"counters":[15,71],"Dead Branch":[16],"Pandora\u0027s Box":["Swivel","WreathOfFlame","Conclude","BowlingBash","Meditate","Scrawl","SandsOfTime","Swivel"],"obtain_stats":[{"Darkstone Periapt":26,"Lantern":12,"HornCleat":31,"Torii":19,"Dead Branch":14,"Pandora\u0027s Box":17,"WingedGreaves":0,"Bottled Lightning":9,"PureWater":0},{"Darkstone Periapt":11,"Lantern":7,"HornCleat":14,"Torii":10,"Dead Branch":8,"Pandora\u0027s Box":9,"WingedGreaves":0,"Bottled Lightning":5,"PureWater":0},{"Darkstone Periapt":52,"Lantern":25,"HornCleat":68,"Torii":47,"Dead Branch":29,"Pandora\u0027s Box":42,"WingedGreaves":0,"Bottled Lightning":16,"PureWater":0}]},"card_choices":[{"not_picked":["Collect","CutThroughFate"],"picked":"FlurryOfBlows","floor":1.0},{"not_picked":["JustLucky","Evaluate"],"picked":"InnerPeace","floor":2.0},{"not_picked":["Prostrate","ClearTheMind"],"picked":"BowlingBash","floor":3.0},{"not_picked":["WindmillStrike","Halt"],"picked":"Perseverance","floor":5.0},{"not_picked":["ThirdEye","SashWhip"],"picked":"Nirvana","floor":7.0},{"not_picked":["Indignation","Nirvana"],"picked":"LikeWater","floor":11.0},{"not_picked":["SashWhip","Fasting2","CutThroughFate"],"picked":"SKIP","floor":12.0},{"not_picked":["Protect","CrushJoints"],"picked":"JustLucky","floor":14.0},{"not_picked":["Brilliance","MasterReality"],"picked":"Scrawl","floor":16.0},{"not_picked":["Halt","ClearTheMind+1"],"picked":"Indignation+1","floor":18.0},{"not_picked":["FlurryOfBlows","Vengeance"],"picked":"ThirdEye","floor":25},{"not_picked":["Halt","WaveOfTheHand"],"picked":"Vault","floor":28},{"not_picked":["Consecrate+1","CrushJoints"],"picked":"EmptyBody","floor":29},{"not_picked":["PathToVictory","CutThroughFate","Halt"],"picked":"SKIP","floor":31}],"player_experience":1100882,"relics_obtained":[{"floor":9.0,"key":"Bottled Lightning"},{"floor":12.0,"key":"Lantern"},{"floor":14.0,"key":"Dead Branch"},{"floor":26,"key":"Darkstone Periapt"},{"floor":31,"key":"HornCleat"}],"event_choices":[{"damage_healed":0.0,"max_hp_gain":0.0,"max_hp_loss":0.0,"gold_gain":0.0,"event_name":"Shining Light","player_choice":"Entered Light","floor":13.0,"gold_loss":0.0,"damage_taken":13.0,"cards_upgraded":["Strike_P","Strike_P"]},{"damage_healed":0.0,"max_hp_gain":0.0,"max_hp_loss":0.0,"gold_gain":0.0,"event_name":"Dead Adventurer","player_choice":"Searched \u00271\u0027 times","floor":14.0,"gold_loss":0.0,"damage_taken":0.0},{"damage_healed":0.0,"max_hp_gain":0.0,"max_hp_loss":0.0,"gold_gain":0.0,"event_name":"Addict","player_choice":"Obtained Relic","floor":19.0,"gold_loss":85.0,"damage_taken":0.0,"relics_obtained":["Torii"]},{"damage_healed":0,"gold_gain":0,"player_choice":"Ignored","damage_taken":0,"max_hp_gain":0,"max_hp_loss":0,"event_name":"The Mausoleum","floor":21,"gold_loss":0},{"damage_healed":0,"gold_gain":0,"player_choice":"Shed Blood","damage_taken":16,"max_hp_gain":5,"max_hp_loss":0,"event_name":"Forgotten Altar","floor":22,"gold_loss":0}],"is_beta":false,"boss_relics":[{"not_picked":["SacredBark","HolyWater"],"picked":"Pandora\u0027s Box"}],"items_purged_floors":[20],"is_endless":false,"potions_floor_spawned":[1,7,28,29,31],"killed_by":"Collector","ascension_level":0}}