{"host":"1n4zh8skucxnzijq","time":1613947977,"event":{"mods":["AchievementEnabler","BaseMod","Minty Spire (QoL Compilation)","Quick Restart"],"gold_per_floor":[117,129,145,157,232,262,262,277,300,225,225,225,125,161,161,161,161],"floor_reached":16,"language":"ENG","playtime":358,"items_purged":["Strike_G","Strike_G"],"score":220,"play_id":"c6a330a6-64f5-4349-844d-f0eb7d94d444","local_time":"20210221225257","is_ascension_mode":true,"campfire_choices":[{"floor":7,"key":"REST"},{"data":"Glass Knife","floor":11,"key":"SMITH"},{"data":"Choke","floor":15,"key":"SMITH"}],"circlet_count":0,"master_deck":["AscendersBane","Strike_G","Strike_G","Strike_G","Defend_G","Defend_G","Defend_G","Defend_G","Defend_G","Survivor","Neutralize","Choke+1","Dagger Spray","Prepared","Dodge and Roll","Glass Knife+1","Backflip","Deflect"],"relics":["Ring of the Snake","NeowsBlessing","Lantern","CeramicFish","Toy Ornithopter"],"acts_visited":["Exordium"],"potions_floor_usage":[6,6,14],"damage_taken":[{"damage":0,"enemies":"Cultist","floor":1,"turns":1},{"damage":0,"enemies":"Small Slimes","floor":2,"turns":1},{"damage":0,"enemies":"2 Louse","floor":3,"turns":1},{"damage":3,"enemies":"Blue Slaver","floor":4,"turns":6},{"damage":30,"enemies":"Gremlin Nob","floor":6,"turns":4},{"damage":0,"enemies":"Lots of Slimes","floor":8,"turns":4},{"damage":14,"enemies":"Lagavulin","floor":14,"turns":5},{"damage":49,"enemies":"The Guardian","floor":16,"turns":7}],"seed_played":"3446162127195619201","potions_obtained":[{"floor":1,"key":"CultistPotion"},{"floor":4,"key":"BlessingOfTheForge"},{"floor":6,"key":"Poison Potion"},{"floor":14,"key":"Ancient Potion"}],"is_trial":false,"path_per_floor":["M","M","M","M","?","E","R","M","T","$","R","?","$","E","R","B"],"character_chosen":"THE_SILENT","items_purchased":[],"campfire_rested":1,"item_purchase_floors":[],"current_hp_per_floor":[59,59,59,56,45,15,34,34,34,34,34,56,56,42,42,0,0],"gold":161,"neow_bonus":"THREE_ENEMY_KILL","is_daily":false,"chose_seed":false,"campfire_upgraded":2,"win_rate":0.0,"timestamp":1613947977,"path_taken":["M","?","M","?","?","E","R","M","T","$","R","?","?","E","R","BOSS"],"items_purchased_type":[],"build_version":"2020-12-22","purchased_purges":2,"victory":false,"max_hp_per_floor":[66,66,66,66,66,66,66,66,66,66,66,66,66,66,66,66,66],"card_choices":[{"not_picked":["Escape Plan","Bouncing Flask"],"picked":"Choke","floor":1},{"not_picked":["Bane","Sucker Punch"],"picked":"Dagger Spray","floor":2},{"not_picked":["Underhanded Strike","Quick Slash"],"picked":"Prepared","floor":3},{"not_picked":["Accuracy","Crippling Poison"],"picked":"Dodge and Roll","floor":4},{"not_picked":["Blade Dance","Setup"],"picked":"Glass Knife","floor":6},{"not_picked":["Leg Sweep","Flying Knee"],"picked":"Backflip","floor":8},{"not_picked":["Choke","Accuracy"],"picked":"Deflect","floor":14}],"player_experience":1131099,"relics_obtained":[{"floor":6,"key":"Lantern"},{"floor":9,"key":"CeramicFish"},{"floor":14,"key":"Toy Ornithopter"}],"event_choices":[{"damage_healed":0,"gold_gain":75,"player_choice":"Gather Gold","damage_taken":11,"max_hp_gain":0,"max_hp_loss":0,"event_name":"World of Goop","floor":5,"gold_loss":0},{"damage_healed":22,"gold_gain":0,"player_choice":"Banana","damage_taken":0,"max_hp_gain":0,"max_hp_loss":0,"event_name":"Big Fish","floor":12,"gold_loss":0}],"is_beta":false,"boss_relics":[],"items_purged_floors":[10,13],"is_endless":false,"potions_floor_spawned":[1,4,6,14],"killed_by":"The Guardian","ascension_level":20}}