{"host":"Charlie","time":1613892625,"event":{"mods":["100% Spire Juice","Act Like it!","Aspiration","BaseMod","Better Match","Better Note","Better Skull","Better Third Choice","BetterRewards","ChefMod","Colored Map","Colored Powertips","Conspire","Curses Come First","Displayed Cursed Tome","Dota2Spire","Downfall","Ekko","Evolution","Fox Events","Friendly Minions","Gensokyo","Halation","Hermit","Hubris","Infinite Spire","Luminous","Melee Mod","Minty Spire (QoL Compilation)","Pale of the Ancients","Quick Restart","Rare Cards Sparkle","Relic Stats","Reliquary","Robot Space Explorer","Ruina","Shade Mod","Spicy Shops","Spire Arcade","StSLib","SuperFastMode","Synergy Search","The Animator","The Blue Laboratory","The Caster","The Cursed","The Dragon Tamer","The Gatherer","The Hierophant","The Jungle","The Marked","The Necromancer","TheSwordswoman","Unceasing Turn Reminder"],"gold_per_floor":[119,119,119,136,139,173,173,173,173,35,47,74,74,88,88,184,184,199,199,199,199,210,210,221,67,91,120,120,45,19,47,47,47,47],"floor_reached":33,"language":"ENG","playtime":1724,"items_purged":["hierophant:Strike_Hierophant"],"score":443,"play_id":"cef02d8d-e692-4cf4-b56a-46940ef344d5","local_time":"20210220233025","is_ascension_mode":false,"campfire_choices":[{"data":"infinitespire:Oblivion","floor":15.0,"key":"SMITH"},{"data":"hierophant:Kindle","floor":23.0,"key":"SMITH"},{"data":"hierophant:Invocation","floor":28.0,"key":"SMITH"},{"data":"hierophant:Batter","floor":32,"key":"SMITH"}],"circlet_count":0,"master_deck":["hierophant:Strike_Hierophant","hierophant:Strike_Hierophant","hierophant:Punish","hierophant:Defend_Hierophant","hierophant:Defend_Hierophant","hierophant:Defend_Hierophant","hierophant:ChurchCoffers","hierophant:Smite","infinitespire:Oblivion+1","hierophant:ConvertCurrency","hierophant:Blessing","hierophant:Kindle+1","hierophant:Invocation+1","hierophant:Batter+1"],"relics":["hierophant:PropheticMaskRelic","hubris:Towel","Blood Vial","halation:BottledLove","halation:Thesaurus","Burning Blood","Question Card","halation:PinkSoulGem","reliquary:RedCape","Gensokyo:ConquerorOfFear","Sling","halation:PromiseList","Strawberry","Art of War"],"acts_visited":["Exordium","Gensokyo:Gensokyo"],"potions_floor_usage":[31,31,33],"damage_taken":[{"damage":4.0,"enemies":"Gensokyo:Gryphon","floor":1.0,"turns":4.0},{"damage":4.0,"enemies":"Gensokyo:Python","floor":4.0,"turns":3.0},{"damage":0.0,"enemies":"Gensokyo:3_Fairies","floor":5.0,"turns":2.0},{"damage":0.0,"enemies":"Gensokyo:Cirno","floor":6.0,"turns":3.0},{"damage":1.0,"enemies":"Gensokyo:3_Kodama","floor":11.0,"turns":2.0},{"damage":0.0,"enemies":"Gensokyo:Mamizou","floor":12.0,"turns":4.0},{"damage":0.0,"enemies":"Gensokyo:LivingMonolith","floor":14.0,"turns":2.0},{"damage":3.0,"enemies":"Gensokyo:Reimu","floor":16.0,"turns":6.0},{"damage":0.0,"enemies":"Gensokyo:Chomper","floor":18.0,"turns":2.0},{"damage":0.0,"enemies":"Gensokyo:2_Gloops","floor":22.0,"turns":3.0},{"damage":23.0,"enemies":"Gensokyo:Slime_Group","floor":24.0,"turns":3.0},{"damage":38.0,"enemies":"Gensokyo:Tenshi","floor":27.0,"turns":4.0},{"damage":6.0,"enemies":"Gensokyo:Swordslinger","floor":30.0,"turns":3.0},{"damage":21,"enemies":"Gensokyo:Koishi","floor":31,"turns":4},{"damage":75,"enemies":"Gensokyo:Eternal_Rivals","floor":33,"turns":8}],"seed_played":"4943651726501439124","potions_obtained":[{"floor":1.0,"key":"Block Potion"},{"floor":4.0,"key":"hexamod:SoulburnPotion"},{"floor":14.0,"key":"blueLaboratory:FrostheartPotion"},{"floor":18.0,"key":"hexamod:SoulburnPotion"},{"floor":22.0,"key":"SteroidPotion"},{"floor":31,"key":"blueLaboratory:PyrophylliteBrew"}],"is_trial":false,"path_per_floor":["M","?","?","M","M","E","?","?","T","COS","M","E","?","M","R","B",null,"M","?","?","?","M","R","M","COS","T","E","R","$","M","E","R","B"],"character_chosen":"HIEROPHANT","items_purchased":[],"campfire_rested":0,"item_purchase_floors":[],"current_hp_per_floor":[71,71,75,71,71,71,53,38,38,38,45,53,53,61,61,73,75,75,75,75,75,75,75,58,58,58,42,42,42,51,45,45,0,0],"gold":47,"neow_bonus":"","is_daily":false,"chose_seed":false,"campfire_upgraded":4,"win_rate":0.0,"timestamp":1613892625,"path_taken":["M","?","?","M","?","E","?","?","T","COS","M","E","?","?","R","BOSS","M","?","?","?","M","R","M","COS","T","E","R","?","?","E","R","BOSS"],"items_purchased_type":[],"build_version":"2020-12-18","purchased_purges":1,"victory":false,"max_hp_per_floor":[75,75,75,75,75,75,75,75,75,75,75,75,75,75,75,75,75,75,75,75,75,75,75,75,75,75,82,82,82,82,82,82,82,82],"relic_stats":{"Blood Vial":16,"counters":[19,64],"Art of War":[0],"Question Card":22,"obtain_stats":[{"Regal Pillow":3,"reliquary:SilkGlove":3,"NeowsBlessing":0,"halation:BottledLove":9,"hierophant:PropheticMaskRelic":0,"Gensokyo:UndefinedDarkness":21,"EVO:Axolotl":0,"halation:Thesaurus":10,"Gensokyo:ConquerorOfFear":22,"hubris:Towel":2,"reliquary:RedCape":17,"Question Card":12,"Sling":25,"Dota2Spire:LotusOrb":3,"Burning Blood":10,"Blood Vial":6,"Frozen Eye":31,"Strawberry":27,"halation:EternalFortune":2,"halation:PromiseList":26,"Art of War":31,"halation:PinkSoulGem":13},{"Regal Pillow":1,"reliquary:SilkGlove":1,"NeowsBlessing":0,"halation:BottledLove":8,"hierophant:PropheticMaskRelic":0,"Gensokyo:UndefinedDarkness":13,"EVO:Axolotl":0,"halation:Thesaurus":8,"Gensokyo:ConquerorOfFear":14,"hubris:Towel":5,"reliquary:RedCape":12,"Question Card":10,"Sling":15,"Dota2Spire:LotusOrb":1,"Burning Blood":8,"Blood Vial":8,"Frozen Eye":17,"Strawberry":16,"halation:EternalFortune":1,"halation:PromiseList":15,"Art of War":18,"halation:PinkSoulGem":10},{"Regal Pillow":1,"reliquary:SilkGlove":1,"NeowsBlessing":0,"halation:BottledLove":23,"hierophant:PropheticMaskRelic":0,"Gensokyo:UndefinedDarkness":39,"EVO:Axolotl":0,"halation:Thesaurus":23,"Gensokyo:ConquerorOfFear":42,"hubris:Towel":15,"reliquary:RedCape":37,"Question Card":29,"Sling":45,"Dota2Spire:LotusOrb":1,"Burning Blood":23,"Blood Vial":23,"Frozen Eye":52,"Strawberry":49,"halation:EternalFortune":1,"halation:PromiseList":45,"Art of War":56,"halation:PinkSoulGem":29}],"Burning Blood":48},"card_choices":[{"not_picked":["hierophant:FlamingChariot","hierophant:Exaltation"],"picked":"hierophant:Smite","floor":1.0},{"not_picked":["hierophant:HammerAndAnvil","hierophant:SealAway","hierophant:Purify"],"picked":"SKIP","floor":4.0},{"not_picked":["hierophant:SealAway","hierophant:Sermon","hierophant:HolyVerse"],"picked":"SKIP","floor":5.0},{"not_picked":["hierophant:HammerAndAnvil","hierophant:ThreeLashes","hierophant:PassingBell"],"picked":"SKIP","floor":6.0},{"not_picked":["infinitespire:SevenWalls","infinitespire:DeathsTouch"],"picked":"infinitespire:Oblivion","floor":7.0},{"not_picked":["hierophant:Patience","hierophant:Smite","hierophant:RustyCrate"],"picked":"SKIP","floor":11.0},{"not_picked":["hierophant:ThreeLashes","hierophant:FlamingChariot"],"picked":"hierophant:ConvertCurrency","floor":12.0},{"not_picked":["hierophant:Alms","hierophant:FlamingChariot","hierophant:Endure"],"picked":"hierophant:Blessing","floor":14.0},{"not_picked":["hierophant:DeathKnell","hierophant:Cornucopia","hierophant:AuricForm"],"picked":"hierophant:Kindle","floor":16.0},{"not_picked":["hierophant:Upheaval","hierophant:HammerAndAnvil+1","hierophant:Charity+1","hierophant:RepressedViolence"],"picked":"SKIP","floor":18.0},{"not_picked":["hierophant:PristineSoul","hierophant:Encroach","hierophant:EyeForCoin","hierophant:Generosity"],"picked":"SKIP","floor":22.0},{"not_picked":["hierophant:ArchangelShield","hierophant:Purify+1","hierophant:Embezzle","hierophant:Doubloon"],"picked":"SKIP","floor":24.0},{"not_picked":["hierophant:ArchangelShield","hierophant:Chorus","hierophant:MorningPrayer+1","hierophant:CoinFling"],"picked":"SKIP","floor":27.0},{"not_picked":["hierophant:Doubloon","hierophant:RepressedViolence","hierophant:DeathKnell","hierophant:Repentance"],"picked":"SKIP","floor":30},{"not_picked":["hierophant:DisplayOfPower","hierophant:Racketeering+1","hierophant:Anathema"],"picked":"hierophant:Batter","floor":31}],"player_experience":505771,"relics_obtained":[{"floor":6.0,"key":"Blood Vial"},{"floor":9.0,"key":"halation:BottledLove"},{"floor":12.0,"key":"Question Card"},{"floor":22.0,"key":"Gensokyo:ConquerorOfFear"},{"floor":26.0,"key":"halation:PromiseList"},{"floor":27.0,"key":"Strawberry"},{"floor":31,"key":"Art of War"}],"event_choices":[{"damage_healed":4.0,"max_hp_gain":0.0,"max_hp_loss":0.0,"gold_gain":0.0,"event_name":"betterSkull:BetterSkull","player_choice":"LEAVE ","floor":3.0,"gold_loss":0.0,"damage_taken":0.0,"cards_upgraded":[],"relics_obtained":[]}],"is_beta":true,"boss_relics":[{"not_picked":["halation:SmartPhone","infinitespire:Cupcake"],"picked":"reliquary:RedCape"}],"items_purged_floors":[29],"is_endless":false,"potions_floor_spawned":[1,4,14,18,22,31],"killed_by":"Gensokyo:Eternal_Rivals","ascension_level":0}}