{"host":"eksvfr80mef7di1h","time":1613932047,"event":{"mods":["AchievementEnabler","BaseMod","Colored Map","Minty Spire (QoL Compilation)","StSLib","SuperFastMode"],"gold_per_floor":[117,117,137,154,154,154,5,5,5,30,45,59,84,84,84,84,84],"floor_reached":16,"language":"ENG","playtime":416,"items_purged":[],"score":100,"play_id":"b2728b48-6588-4465-8ce4-a462b23527a8","local_time":"20210221192727","is_ascension_mode":false,"campfire_choices":[{"data":"Footwork","floor":6,"key":"SMITH"},{"data":"Neutralize","floor":8,"key":"SMITH"},{"data":"Adrenaline","floor":15,"key":"SMITH"}],"circlet_count":0,"master_deck":["Strike_G","Strike_G","Strike_G","Defend_G","Defend_G","Defend_G","Defend_G","Defend_G","Survivor","Neutralize+1","Acrobatics","Endless Agony","Backstab","Footwork+1","Dagger Throw","Adrenaline+1","Slice"],"relics":["Ring of the Snake","Medical Kit","Ninja Scroll","Blood Vial","Snake Skull"],"acts_visited":["Exordium"],"potions_floor_usage":[2,3,11,12,13],"damage_taken":[{"damage":2,"enemies":"Cultist","floor":1,"turns":4},{"damage":0,"enemies":"2 Louse","floor":3,"turns":1},{"damage":0,"enemies":"Jaw Worm","floor":4,"turns":2},{"damage":0,"enemies":"Blue Slaver","floor":11,"turns":3},{"damage":0,"enemies":"Large Slime","floor":12,"turns":2},{"damage":2,"enemies":"3 Sentries","floor":13,"turns":9},{"damage":88,"enemies":"Slime Boss","floor":16,"turns":16}],"seed_played":"7822438328191993513","potions_obtained":[{"floor":1,"key":"EntropicBrew"},{"floor":4,"key":"BlessingOfTheForge"}],"is_trial":false,"path_per_floor":["M","?","M","M","?","R","$","R","T","T","M","M","E","?","R","B"],"character_chosen":"THE_SILENT","items_purchased":["Medical Kit"],"campfire_rested":0,"item_purchase_floors":[7],"current_hp_per_floor":[75,75,75,75,80,80,80,80,80,80,82,82,80,80,80,0,0],"gold":84,"neow_bonus":"TEN_PERCENT_HP_BONUS","is_daily":false,"chose_seed":false,"campfire_upgraded":3,"win_rate":0.0,"timestamp":1613932047,"path_taken":["M","?","M","M","?","R","?","R","T","?","M","M","E","?","R","BOSS"],"items_purchased_type":["Relic"],"build_version":"2020-12-22","purchased_purges":0,"victory":false,"max_hp_per_floor":[77,77,77,77,82,82,82,82,82,82,82,82,82,82,82,82,82],"card_choices":[{"not_picked":["Predator","PiercingWail"],"picked":"Acrobatics","floor":1},{"not_picked":["Flying Knee","Predator"],"picked":"Backstab","floor":3},{"not_picked":["Flying Knee","Dodge and Roll"],"picked":"Footwork","floor":4},{"not_picked":["Skewer","Flying Knee"],"picked":"Dagger Throw","floor":11},{"not_picked":["Quick Slash","Bouncing Flask"],"picked":"Adrenaline","floor":12},{"not_picked":["Outmaneuver","Doppelganger"],"picked":"Slice","floor":13}],"player_experience":177933,"relics_obtained":[{"floor":9,"key":"Ninja Scroll"},{"floor":10,"key":"Blood Vial"},{"floor":13,"key":"Snake Skull"}],"event_choices":[{"damage_healed":0,"gold_gain":0,"cards_transformed":["Strike_G"],"player_choice":"Change","damage_taken":0,"max_hp_gain":0,"max_hp_loss":0,"event_name":"Living Wall","floor":2,"gold_loss":0,"cards_obtained":["Endless Agony"]},{"damage_healed":0,"gold_gain":0,"player_choice":"Donut","damage_taken":0,"max_hp_gain":5,"max_hp_loss":0,"event_name":"Big Fish","floor":5,"gold_loss":0},{"cards_removed":["Strike_G"],"damage_healed":0,"gold_gain":0,"player_choice":"Card Removal","damage_taken":0,"max_hp_gain":0,"max_hp_loss":0,"event_name":"Wheel of Change","floor":14,"gold_loss":0}],"is_beta":false,"boss_relics":[],"items_purged_floors":[],"is_endless":false,"potions_floor_spawned":[1,4],"killed_by":"Slime Boss","ascension_level":0}}