{"host":"buycw3k5d5tgqflx","time":1613870695,"event":{"mods":["AchievementEnabler","Act Like it!","Aspiration","BaseMod","Better Altar","Better Match","Better Note","Better Sensory Stone","Better Skull","Better Third Choice","BetterRewards","GifTheSpireLib","Halation","HexUI Lib","Hubris","Infinite Spire","Koishi","Lobotomy","LobotomyExtend","Minty Spire (QoL Compilation)","Permanent Neow","Quick Restart","Reimu??????","Relic Sorter","Relic Stats","Replay The Spire","Ruina","SacredBarkPlus","StSLib","The Administrix","The Wild Card","Yuri Mod","Yuyuko"],"gold_per_floor":[278,289,299,224,224,224,224,224,68,68,138,138,138,138,138,157,157,157,157],"floor_reached":18,"language":"ENG","playtime":571,"items_purged":[],"score":98,"play_id":"dd414fc1-6373-4e5e-87ab-dd8b08a2563d","local_time":"20210220202455","is_ascension_mode":false,"campfire_choices":[{"data":"yuri:Stalk","floor":6,"key":"SMITH"},{"data":"yuri:SeeingDouble","floor":10,"key":"SMITH"},{"data":"yuri:yuriStab","floor":12,"key":"SMITH"},{"data":"yuri:yuriStrike","floor":14,"key":"SMITH"},{"data":"yuri:Virus","floor":17,"key":"SMITH"}],"circlet_count":0,"master_deck":["yuri:yuriStrike+1","yuri:yuriStrike+1","yuri:yuriStrike","yuri:yuriStrike","yuri:yuriDefend","yuri:yuriDefend","yuri:yuriDefend","yuri:yuriDefend","yuri:yuriDefend","yuri:Oolong+1","yuri:yuriStab+1","yuri:Stalk+1","yuri:CalmingAura+1","Violence+1","yuri:SeeingDouble+1","yuri:Virus+1"],"relics":["yuri:yuriKnife","Replay:Accelerometer","LetterFromLob","Guide Book","ReplayTheSpireMod:TigerMarble"],"acts_visited":["Exordium"],"potions_floor_usage":[],"damage_taken":[{"damage":11,"enemies":"infinitespire:Voidling","floor":1,"turns":4},{"damage":1,"enemies":"Small Slimes","floor":2,"turns":2},{"damage":0,"enemies":"Cultist","floor":3,"turns":2},{"damage":0,"enemies":"3 Louse","floor":16,"turns":1},{"damage":95,"enemies":"Slime Boss","floor":18,"turns":6}],"seed_played":"-3691709876091519142","potions_obtained":[{"floor":16,"key":"Reflective Coating"}],"is_trial":false,"path_per_floor":["M","M","M","?","?","R","PTL","PTL","$","R","T","R","$","R","?","M","R","B"],"character_chosen":"YURI","items_purchased":["Guide Book","yuri:SeeingDouble","ReplayTheSpireMod:TigerMarble"],"campfire_rested":0,"item_purchase_floors":[9,9,13],"current_hp_per_floor":[71,74,74,74,58,58,58,58,58,58,58,58,58,58,58,58,58,0,0],"gold":157,"neow_bonus":"","is_daily":false,"chose_seed":false,"campfire_upgraded":5,"win_rate":0.0,"timestamp":1613870695,"path_taken":["M","M","?","?","?","R","PTL","PTL","?","R","T","R","$","R","?","?","R","BOSS"],"items_purchased_type":["Relic","Card","Relic"],"build_version":"2020-12-22","purchased_purges":0,"victory":false,"max_hp_per_floor":[80,80,80,80,80,80,80,80,80,80,80,80,80,80,80,80,80,80,80],"relic_stats":{"counters":[5,15],"obtain_stats":[{"Replay:Accelerometer":11,"CogitoBucket":0,"Guide Book":9,"yuri:yuriKnife":0,"LetterFromLob":1,"ReplayTheSpireMod:TigerMarble":13},{"Replay:Accelerometer":3,"CogitoBucket":0,"Guide Book":3,"yuri:yuriKnife":0,"LetterFromLob":1,"ReplayTheSpireMod:TigerMarble":3},{"Replay:Accelerometer":8,"CogitoBucket":0,"Guide Book":8,"yuri:yuriKnife":0,"LetterFromLob":4,"ReplayTheSpireMod:TigerMarble":8}]},"card_choices":[{"not_picked":["yuri:ThrowingKnives","yuri:ThornRemove","yuri:Spin"],"picked":"SKIP","floor":1},{"not_picked":["yuri:CalmingAura","yuri:Parry"],"picked":"yuri:Stalk","floor":2},{"not_picked":["yuri:TPose","yuri:AdaptiveAI"],"picked":"yuri:CalmingAura","floor":3},{"not_picked":["ReplayUltimateDefense+1","Chrysalis+1"],"picked":"Violence+1","floor":4},{"not_picked":["yuri:yuriQuickStrike","yuri:Spin"],"picked":"yuri:Virus","floor":16}],"player_experience":152918,"relics_obtained":[{"floor":1,"key":"LetterFromLob"},{"floor":11,"key":"Replay:Accelerometer"}],"event_choices":[{"damage_healed":0,"gold_gain":0,"player_choice":"2","damage_taken":0,"max_hp_gain":0,"max_hp_loss":0,"event_name":"betterMatch:BetterMatch","floor":4,"gold_loss":0,"cards_obtained":["betterMatch:ColorlessRareCard"]},{"damage_healed":74,"gold_gain":0,"player_choice":"Upgrade","damage_taken":16,"max_hp_gain":0,"max_hp_loss":80,"event_name":"betterThird:BetterShining","floor":5,"gold_loss":0,"cards_upgraded":["yuri:CalmingAura","yuri:Oolong"]},{"cards_removed":["yuri:yuriStrike"],"damage_healed":0,"gold_gain":0,"player_choice":"Purged","damage_taken":0,"max_hp_gain":0,"max_hp_loss":0,"event_name":"Purifier","floor":15,"gold_loss":0}],"is_beta":false,"boss_relics":[],"items_purged_floors":[],"is_endless":false,"potions_floor_spawned":[16],"killed_by":"Slime Boss","ascension_level":0}}