{"host":"yecadp3kwkksam5a","time":1613904256,"event":{"mods":["BaseMod","Koishi","Minty Spire (QoL Compilation)","Replay The Spire","StSLib","SuperFastMode","The Cursed","The Gatherer"],"gold_per_floor":[119,134,152,165,175,200,38,38,38,54,54,69,69,69,69,148,148,158,177,177,92,109,137,137,172,172,172,198,211,211,211,211,290,290,305,305,324,324,5,25,44,84,84,38,56,87,108,138,138,138,138,138,138,58,93,93],"floor_reached":57,"language":"KOR","playtime":3482,"items_purged":["Storm of Steel"],"score":2408,"play_id":"08a28abe-c52f-4f91-8e6c-4a96de3ef4d1","local_time":"20210221194416","is_ascension_mode":true,"campfire_choices":[{"floor":8.0,"key":"REST"},{"data":"Noxious Fumes","floor":11.0,"key":"SMITH"},{"floor":13.0,"key":"REST"},{"data":"Toxin Wave","floor":15.0,"key":"SMITH"},{"floor":24.0,"key":"REST"},{"floor":30.0,"key":"REST"},{"data":"Tactician","floor":32.0,"key":"SMITH"},{"floor":49.0,"key":"REST"},{"data":"Well Laid Plans","floor":53.0,"key":"SMITH"}],"circlet_count":0,"master_deck":["AscendersBane","Survivor+1","Neutralize+1","Noxious Fumes+1","Backflip","Poisoned Stab","PiercingWail","Toxin Wave+1","Tactician+1","ReplayTheSpireMod:Speed Training","Malaise","Replay:Poison Smokescreen+1","Noxious Fumes","Adrenaline+1","Blade Dance","Die Die Die","Footwork+1","Quick Slash","Venomology","Replay:Poison Smokescreen+1","Cloak And Dagger+1","ReplayTheSpireMod:Speed Training+1","Deadly Poison+1","Acrobatics+1","Backflip+1","Catalyst+1","Adrenaline+1","Well Laid Plans+1","Sneak Up+1","Prepared+1","Backflip+1","Acrobatics+1","Footwork","Prepared+1"],"relics":["Ring of the Snake","Gremlin Food","TwistedFunnel","Pandora\u0027s Box","Toxic Egg 2","Unceasing Top","Blood Vial","Sundial","War Paint","Philosopher\u0027s Stone","Mango","Strawberry","CeramicFish","Gambling Chip","White Beast Statue","Pantograph","Replay:Towering Pillar of Hats"],"acts_visited":["Exordium","TheCity","TheBeyond","TheEnding"],"potions_floor_usage":[56,56],"damage_taken":[{"damage":2.0,"enemies":"Cultist","floor":1.0,"turns":5.0},{"damage":12.0,"enemies":"Jaw Worm","floor":2.0,"turns":6.0},{"damage":4.0,"enemies":"Small Slimes","floor":3.0,"turns":4.0},{"damage":1.0,"enemies":"3 Louse","floor":4.0,"turns":5.0},{"damage":0.0,"enemies":"2 Fungi Beasts","floor":5.0,"turns":4.0},{"damage":29.0,"enemies":"3 Sentries","floor":6.0,"turns":6.0},{"damage":9.0,"enemies":"Exordium Thugs","floor":10.0,"turns":4.0},{"damage":11.0,"enemies":"Exordium Wildlife","floor":12.0,"turns":4.0},{"damage":14.0,"enemies":"Hexaghost","floor":16.0,"turns":9.0},{"damage":15.0,"enemies":"Shell Parasite","floor":18.0,"turns":2.0},{"damage":2.0,"enemies":"3 Byrds","floor":19.0,"turns":4.0},{"damage":6.0,"enemies":"Centurion and Healer","floor":22.0,"turns":5.0},{"damage":0.0,"enemies":"Replay:Snechameleon","floor":23.0,"turns":6.0},{"damage":20.0,"enemies":"Slavers","floor":25.0,"turns":3.0},{"damage":0.0,"enemies":"Replay:Snechameleon","floor":28.0,"turns":6.0},{"damage":29.0,"enemies":"Shelled Parasite and Fungi","floor":29.0,"turns":5.0},{"damage":78.0,"enemies":"Automaton","floor":33.0,"turns":10.0},{"damage":25.0,"enemies":"3 Darklings","floor":35.0,"turns":4.0},{"damage":4.0,"enemies":"Orb Walker","floor":37.0,"turns":3.0},{"damage":1.0,"enemies":"Sphere and 2 Shapes","floor":40.0,"turns":4.0},{"damage":2.0,"enemies":"Jaw Worm Horde","floor":41.0,"turns":3.0},{"damage":6.0,"enemies":"Giant Head","floor":42.0,"turns":6.0},{"damage":0.0,"enemies":"4 Shapes","floor":45.0,"turns":4.0},{"damage":27.0,"enemies":"Reptomancer","floor":46.0,"turns":7.0},{"damage":0.0,"enemies":"Writhing Mass","floor":47.0,"turns":4.0},{"damage":11.0,"enemies":"Nemesis","floor":48.0,"turns":7.0},{"damage":61.0,"enemies":"Replay:Hell Engine","floor":50.0,"turns":8.0},{"damage":26.0,"enemies":"Awakened One","floor":51.0,"turns":13.0},{"damage":42.0,"enemies":"Shield and Spear","floor":55.0,"turns":3.0},{"damage":76,"enemies":"The Heart","floor":56,"turns":9}],"seed_played":"285245804694024312","potions_obtained":[{"floor":2.0,"key":"Explosive Potion"},{"floor":4.0,"key":"SkillPotion"},{"floor":5.0,"key":"AttackPotion"},{"floor":18.0,"key":"LiquidBronze"},{"floor":25.0,"key":"Flashbang"},{"floor":28.0,"key":"SteroidPotion"},{"floor":35.0,"key":"Flashbang"},{"floor":47.0,"key":"Weak Potion"},{"floor":48.0,"key":"Swift Potion"}],"is_trial":false,"path_per_floor":["M","M","M","M","M","E","$","R","T","M","R","M","R","?","R","B",null,"M","M","?","?","M","E","R","E","T","?","E","M","R","?","R","B",null,"M","?","M","T","$","M","M","E","T","$","M","E","M","E","R","B","B",null,"R","$","E","B",null],"character_chosen":"THE_SILENT","items_purchased":["TwistedFunnel","Adrenaline+1","Strawberry","Prepared+1","Acrobatics+1","Footwork"],"campfire_rested":5,"item_purchase_floors":[7,39,39,44,54,54],"current_hp_per_floor":[63,51,47,46,46,17,17,38,38,29,29,18,39,39,39,25,60,45,43,43,43,37,37,58,38,38,38,40,13,34,34,34,8,56,33,33,31,45,52,53,53,49,49,49,51,26,28,19,46,12,13,73,73,73,33,29],"gold":93,"neow_bonus":"TEN_PERCENT_HP_BONUS","is_daily":false,"chose_seed":false,"campfire_upgraded":4,"win_rate":0.0,"timestamp":1613904256,"path_taken":["M","M","M","M","M","E","?","R","T","M","R","M","R","?","R","BOSS","M","M","?","?","M","E","R","E","T","?","E","M","R","?","R","BOSS","M","?","M","?","?","M","M","E","T","$","M","E","M","E","R","BOSS","BOSS","R","$","E","BOSS"],"items_purchased_type":["Relic","Card","Relic","Card","Card","Card"],"build_version":"2020-12-22","purchased_purges":1,"victory":true,"max_hp_per_floor":[72,72,72,72,72,72,72,72,72,72,72,72,72,72,72,72,72,72,72,72,72,72,72,72,72,72,72,72,72,72,72,72,72,72,72,72,72,86,93,93,93,93,93,93,93,93,93,93,93,93,93,93,93,93,93,93],"card_choices":[{"not_picked":["PiercingWail","Flying Knee"],"picked":"Noxious Fumes","floor":1.0},{"not_picked":["Catalyst","Flying Knee"],"picked":"Backflip","floor":2.0},{"not_picked":["Flying Knee","Dagger Throw"],"picked":"Poisoned Stab","floor":3.0},{"not_picked":["Poisoned Stab","A Thousand Cuts","Deflect"],"picked":"SKIP","floor":4.0},{"not_picked":["Dagger Throw","Backstab"],"picked":"PiercingWail","floor":5.0},{"not_picked":["Dagger Spray","Noxious Fumes"],"picked":"Toxin Wave","floor":6.0},{"not_picked":["All Out Attack","Sucker Punch"],"picked":"Tactician","floor":10.0},{"not_picked":["Endless Agony","Skewer"],"picked":"ReplayTheSpireMod:Speed Training","floor":12.0},{"not_picked":["Venomology","Wraith Form v2"],"picked":"Malaise","floor":16.0},{"not_picked":["Toxin Wave+1","Cloak And Dagger"],"picked":"Replay:Poison Smokescreen+1","floor":18.0},{"not_picked":["Flying Knee","Slice+1","Deadly Poison"],"picked":"SKIP","floor":19.0},{"not_picked":["Slice","ReplayTheSpireMod:Tripwire+1"],"picked":"Cloak And Dagger+1","floor":22.0},{"not_picked":["Masterful Stab","Bouncing Flask+1","ReplayTheSpireMod:The Works+1"],"picked":"SKIP","floor":23.0},{"not_picked":["Sucker Punch","Cloak And Dagger+1"],"picked":"ReplayTheSpireMod:Speed Training+1","floor":25.0},{"not_picked":["Flechettes","ReplayTheSpireMod:Necrosis+1"],"picked":"Deadly Poison+1","floor":28.0},{"not_picked":["Dodge and Roll+1","ReplayTheSpireMod:The Works+1"],"picked":"Acrobatics+1","floor":29.0},{"not_picked":["Quick Slash","Hidden Blade+1"],"picked":"Backflip+1","floor":35.0},{"not_picked":["All Out Attack+1","Blade Dance+1"],"picked":"Catalyst+1","floor":37.0},{"not_picked":["Slice","Catalyst+1"],"picked":"Well Laid Plans","floor":40.0},{"not_picked":["Atom Bomb","Sucker Punch","Riddle With Holes"],"picked":"SKIP","floor":41.0},{"not_picked":["Well Laid Plans","Blade Dance+1","Sneak Up+1"],"picked":"SKIP","floor":42.0},{"not_picked":["Well Laid Plans","Blade Dance+1"],"picked":"Sneak Up+1","floor":42.0},{"not_picked":["Dagger Throw+1","Draining Mist+1","Setup+1"],"picked":"SKIP","floor":45.0},{"not_picked":["Poisoned Stab","Underhanded Strike","Envenom"],"picked":"SKIP","floor":46.0},{"not_picked":["Toxin Wave+1","Cloak And Dagger+1"],"picked":"Backflip+1","floor":47.0},{"not_picked":["All Out Attack","Backflip+1","Sucker Punch"],"picked":"SKIP","floor":48.0},{"not_picked":["Well Laid Plans+1","Deadly Poison+1"],"picked":"Prepared+1","floor":55}],"player_experience":639911,"relics_obtained":[{"floor":6.0,"key":"Gremlin Food"},{"floor":23.0,"key":"Unceasing Top"},{"floor":25.0,"key":"Blood Vial"},{"floor":26.0,"key":"Sundial"},{"floor":28.0,"key":"War Paint"},{"floor":38.0,"key":"Mango"},{"floor":42.0,"key":"CeramicFish"},{"floor":43.0,"key":"Gambling Chip"},{"floor":46.0,"key":"White Beast Statue"},{"floor":48.0,"key":"Pantograph"},{"floor":55,"key":"Replay:Towering Pillar of Hats"}],"event_choices":[{"damage_healed":0.0,"max_hp_gain":0.0,"max_hp_loss":0.0,"gold_gain":0.0,"event_name":"Liars Game","player_choice":"Ignored","floor":14.0,"gold_loss":0.0,"damage_taken":0.0},{"damage_healed":0.0,"max_hp_gain":0.0,"max_hp_loss":0.0,"gold_gain":0.0,"event_name":"Vampires","player_choice":"Ignored","floor":20.0,"gold_loss":0.0,"damage_taken":0.0},{"damage_healed":0.0,"max_hp_gain":0.0,"max_hp_loss":0.0,"gold_gain":0.0,"event_name":"Addict","player_choice":"Obtained Relic","floor":21.0,"gold_loss":85.0,"damage_taken":0.0,"relics_obtained":["Toxic Egg 2"]},{"damage_healed":0.0,"max_hp_gain":0.0,"max_hp_loss":0.0,"gold_gain":0.0,"event_name":"Ghosts","player_choice":"Ignored","floor":31.0,"gold_loss":0.0,"damage_taken":0.0},{"cards_removed":["Skewer"],"damage_healed":0.0,"max_hp_gain":0.0,"max_hp_loss":0.0,"gold_gain":0.0,"event_name":"Falling","player_choice":"Removed Attack","floor":36.0,"gold_loss":0.0,"damage_taken":0.0}],"is_beta":false,"boss_relics":[{"not_picked":["Replay:Bronze Core","Snecko Eye"],"picked":"Pandora\u0027s Box"},{"not_picked":["Runic Dome","Honey Jar"],"picked":"Philosopher\u0027s Stone"}],"items_purged_floors":[39],"is_endless":false,"potions_floor_spawned":[2,4,5,18,25,28,35,40,45,47,48,55],"ascension_level":20}}