{"host":"u2qrfxkm3wve0vp3","time":1613920811,"event":{"mods":["AchievementEnabler","BaseMod","Better Match","Better Note","Better Third Choice","Better Vampires","Downfall","Minty Spire (QoL Compilation)","Quick Restart","Shop Mod","StSLib","The Cursed","The Marked","The Servant 0.9.4"],"gold_per_floor":[112,112,112,112,112,112,152,166,219,244,244,267,192,233,233,354,354,372,395,420,420,454,454,454,42,67,67,67],"floor_reached":27,"language":"ZHS","playtime":729,"items_purged":["Strike_S","Strike_S"],"score":256,"play_id":"0aefefd1-8cc9-401e-9aad-debfcd4fef6b","local_time":"20210221232011","is_ascension_mode":true,"campfire_choices":[{"data":"KidneyShot","floor":6,"key":"SMITH"},{"data":"Rearm","floor":11,"key":"SMITH"},{"data":"SilverBlades","floor":15,"key":"SMITH"},{"floor":23,"key":"REST"}],"circlet_count":0,"master_deck":["Strike_S","Strike_S+1","Defend_S","Defend_S","Defend_S","KidneyShot+1","Exchange","FastForward","Moonlight+1","Rearm+1","SilverBlades+1","KillingDoll","BottledTime","WasteNot+1","BottledTime","Barrier"],"relics":["Uniform","NeowsBlessing","Golden Idol","Darkstone Periapt","Dream Catcher","Whetstone","Bag of Preparation","StoneMask","Red Mask","Matryoshka","Nunchaku","PreservedInsect"],"acts_visited":["Exordium","TheCity"],"potions_floor_usage":[14,22],"damage_taken":[{"damage":0,"enemies":"Small Slimes","floor":1,"turns":1},{"damage":0,"enemies":"3 Sentries","floor":7,"turns":2},{"damage":0,"enemies":"2 Louse","floor":8,"turns":2},{"damage":3,"enemies":"Jaw Worm","floor":10,"turns":2},{"damage":8,"enemies":"Exordium Thugs","floor":12,"turns":5},{"damage":4,"enemies":"Lagavulin","floor":14,"turns":5},{"damage":20,"enemies":"Hexaghost","floor":16,"turns":7},{"damage":1,"enemies":"Chosen","floor":18,"turns":3},{"damage":32,"enemies":"3 Byrds","floor":19,"turns":5},{"damage":26,"enemies":"Centurion and Healer","floor":20,"turns":5},{"damage":25,"enemies":"Masked Bandits","floor":22,"turns":5},{"damage":30,"enemies":"Gremlin Leader","floor":27,"turns":4}],"seed_played":"-786006797346766846","potions_obtained":[{"floor":1,"key":"Slimebound:ThreeZeroPotion"},{"floor":8,"key":"SkillPotion"},{"floor":12,"key":"Dexterity Potion"},{"floor":18,"key":"PowerPotion"},{"floor":22,"key":"BlessingOfTheForge"}],"is_trial":false,"path_per_floor":["M","?","?","?","?","R","E","M","T","M","R","M","$","E","R","B",null,"M","M","M","?","?","R","?","$","T","E"],"character_chosen":"THE_SERVANT","items_purchased":["Matryoshka","Barrier"],"campfire_rested":1,"item_purchase_floors":[25,25],"current_hp_per_floor":[65,49,46,65,58,58,58,58,58,55,55,47,47,43,43,23,65,66,43,23,23,7,29,29,29,29,0,0],"gold":67,"neow_bonus":"THREE_ENEMY_KILL","is_daily":false,"chose_seed":false,"campfire_upgraded":3,"win_rate":0.0,"timestamp":1613920811,"path_taken":["M","?","?","?","?","R","E","M","T","M","R","M","$","E","R","BOSS","M","M","M","?","?","R","?","$","T","E"],"items_purchased_type":["Relic","Card"],"build_version":"2020-12-22","purchased_purges":2,"victory":false,"max_hp_per_floor":[65,65,65,65,65,65,65,65,65,65,65,65,65,65,65,65,65,66,69,71,71,74,74,74,74,74,74,74],"card_choices":[{"not_picked":["RealityMarble","Snipe"],"picked":"FastForward","floor":1},{"not_picked":["TimeWarp","LightFlow"],"picked":"Moonlight","floor":7},{"not_picked":["Replace","Alleviate"],"picked":"Rearm","floor":8},{"not_picked":["DoubleEdge","Rewind","Luminosity"],"picked":"SKIP","floor":10},{"not_picked":["Rearm","BottledTime"],"picked":"SilverBlades","floor":12},{"not_picked":["Desolation","Rewind","Sabotage"],"picked":"SKIP","floor":14},{"not_picked":["FlawlessForm","Initiator"],"picked":"KillingDoll","floor":16},{"not_picked":["Alleviate","TimeWarp+1"],"picked":"BottledTime","floor":18},{"not_picked":["Replace","Ricochet"],"picked":"WasteNot+1","floor":19},{"not_picked":["Unruled","Deny","Defy"],"picked":"SKIP","floor":20},{"not_picked":["DoubleEdge","Spin"],"picked":"BottledTime","floor":23}],"player_experience":348826,"relics_obtained":[{"floor":7,"key":"Dream Catcher"},{"floor":9,"key":"Whetstone"},{"floor":14,"key":"Bag of Preparation"},{"floor":22,"key":"Red Mask"},{"floor":26,"key":"Nunchaku"},{"floor":26,"key":"PreservedInsect"}],"event_choices":[{"damage_healed":0,"gold_gain":0,"player_choice":"Take Damage","damage_taken":16,"relics_obtained":["Golden Idol"],"max_hp_gain":0,"max_hp_loss":0,"event_name":"Golden Idol","floor":2,"gold_loss":0},{"damage_healed":0,"gold_gain":0,"player_choice":"Relic ","damage_taken":3,"max_hp_gain":0,"max_hp_loss":0,"event_name":"betterThird:BetterScrap","floor":3,"gold_loss":0,"cards_obtained":["Bullet Time"]},{"damage_healed":21,"gold_gain":0,"player_choice":"Banana","damage_taken":0,"max_hp_gain":0,"max_hp_loss":0,"event_name":"Big Fish","floor":4,"gold_loss":0},{"cards_removed":["Defend_S"],"damage_healed":0,"gold_gain":0,"player_choice":"Card Removal","damage_taken":7,"max_hp_gain":0,"max_hp_loss":0,"event_name":"Golden Wing","floor":5,"gold_loss":0},{"damage_healed":0,"gold_gain":0,"player_choice":"Fought Bandits","damage_taken":0,"max_hp_gain":0,"max_hp_loss":0,"event_name":"Masked Bandits","floor":22,"gold_loss":0},{"damage_healed":0,"gold_gain":0,"player_choice":"Ignored","damage_taken":0,"max_hp_gain":0,"max_hp_loss":0,"event_name":"Ghosts","floor":24,"gold_loss":0}],"is_beta":false,"boss_relics":[{"not_picked":["MysterySword","Tiny House"],"picked":"StoneMask"}],"items_purged_floors":[13,25],"is_endless":false,"potions_floor_spawned":[1,8,12,18,19,22],"killed_by":"Gremlin Leader","ascension_level":1}}