{"host":"kh6fvhxn285ncg0o","time":1613880691,"event":{"mods":["Act Like it!","BaseMod","Colored Map","Friendly Minions","Keyboard Shortcuts","Minty Spire (QoL Compilation)","Quick Restart","Relic Stats","StSLib","SuperFastMode","UnlockEverythingMod"],"gold_per_floor":[111,111,122,137,137,172,97,62,62,90,105,116,116,132,132,208,208,220,220,233,252,272,272,12,46,46,80,80,80,105,115,115,192,192,203,221,221,96,114,145,155,186,212,212,46,61,91,117,117,117,117,117,117,30,60,60],"floor_reached":57,"language":"KOR","playtime":2296,"items_purged":["Strike_R","Strike_R","Strike_R"],"score":3659,"play_id":"9c85a32e-ed30-4dee-ade2-dd27435d22ee","local_time":"20210221131131","is_ascension_mode":true,"campfire_choices":[{"floor":13.0,"key":"REST"},{"data":"True Grit","floor":15.0,"key":"SMITH"},{"floor":23.0,"key":"REST"},{"floor":28.0,"key":"REST"},{"data":"Armaments","floor":32.0,"key":"SMITH"},{"data":"Offering","floor":44.0,"key":"SMITH"},{"floor":49.0,"key":"RECALL"},{"floor":53.0,"key":"REST"}],"circlet_count":0,"master_deck":["AscendersBane","Strike_R","Defend_R","Defend_R","Defend_R","Defend_R","Bash+1","True Grit+1","Inflame","Burning Pact","Power Through","Barricade","Armaments+1","Feel No Pain","Sentinel","Intimidate","Body Slam+1","Entrench","Sever Soul","Evolve+1","Fiend Fire+1","Shrug It Off","Offering+1","Second Wind","Battle Trance"],"relics":["Burning Blood","Dead Branch","Self Forming Clay","Shovel","Tiny Chest","Sozu","Orrery","Mango","Matryoshka","Akabeko","Toy Ornithopter","Philosopher\u0027s Stone","Boot","Kunai","Darkstone Periapt","Red Skull","Toolbox","Singing Bowl","Whetstone","Happy Flower"],"acts_visited":["Exordium","TheCity","TheBeyond","TheEnding"],"potions_floor_usage":[],"damage_taken":[{"damage":11.0,"enemies":"Jaw Worm","floor":1.0,"turns":6.0},{"damage":0.0,"enemies":"Small Slimes","floor":3.0,"turns":4.0},{"damage":1.0,"enemies":"2 Louse","floor":4.0,"turns":3.0},{"damage":42.0,"enemies":"Gremlin Nob","floor":6.0,"turns":5.0},{"damage":19.0,"enemies":"3 Sentries","floor":10.0,"turns":5.0},{"damage":3.0,"enemies":"Red Slaver","floor":11.0,"turns":3.0},{"damage":15.0,"enemies":"Lots of Slimes","floor":12.0,"turns":5.0},{"damage":5.0,"enemies":"Large Slime","floor":14.0,"turns":2.0},{"damage":16.0,"enemies":"The Guardian","floor":16.0,"turns":19.0},{"damage":25.0,"enemies":"2 Thieves","floor":18.0,"turns":5.0},{"damage":16.0,"enemies":"Chosen","floor":20.0,"turns":5.0},{"damage":19.0,"enemies":"Snake Plant","floor":21.0,"turns":8.0},{"damage":26.0,"enemies":"Cultist and Chosen","floor":22.0,"turns":6.0},{"damage":23.0,"enemies":"Book of Stabbing","floor":25.0,"turns":5.0},{"damage":21.0,"enemies":"Gremlin Leader","floor":27.0,"turns":7.0},{"damage":7.0,"enemies":"Centurion and Healer","floor":31.0,"turns":6.0},{"damage":27.0,"enemies":"Automaton","floor":33.0,"turns":12.0},{"damage":3.0,"enemies":"Orb Walker","floor":35.0,"turns":4.0},{"damage":0.0,"enemies":"3 Shapes","floor":36.0,"turns":7.0},{"damage":34.0,"enemies":"Transient","floor":39.0,"turns":6.0},{"damage":20.0,"enemies":"Reptomancer","floor":40.0,"turns":7.0},{"damage":6.0,"enemies":"Jaw Worm Horde","floor":41.0,"turns":4.0},{"damage":6.0,"enemies":"Giant Head","floor":42.0,"turns":6.0},{"damage":6.0,"enemies":"Sphere and 2 Shapes","floor":46.0,"turns":3.0},{"damage":30.0,"enemies":"Nemesis","floor":47.0,"turns":5.0},{"damage":19.0,"enemies":"Donu and Deca","floor":50.0,"turns":11.0},{"damage":0.0,"enemies":"Time Eater","floor":51.0,"turns":10.0},{"damage":16.0,"enemies":"Shield and Spear","floor":55.0,"turns":6.0},{"damage":15,"enemies":"The Heart","floor":56,"turns":13}],"seed_played":"-3441842018306513633","potions_obtained":[{"floor":3.0,"key":"Weak Potion"},{"floor":10.0,"key":"FearPotion"},{"floor":12.0,"key":"BloodPotion"},{"floor":16.0,"key":"Fruit Juice"}],"is_trial":false,"path_per_floor":["M","?","M","M","?","E","$","?","T","E","M","M","R","M","R","B",null,"M","?","M","M","M","R","$","E","T","E","R","$","T","M","R","B",null,"M","M","?","$","M","E","M","E","T","R","$","M","E","T","R","B","B",null,"R","$","E","B",null],"character_chosen":"IRONCLAD","items_purchased":["Orrery","Toolbox","Battle Trance"],"campfire_rested":4,"item_purchase_floors":[24,45,54],"current_hp_per_floor":[45,45,51,56,49,13,13,31,31,18,21,12,34,35,35,25,63,44,40,30,17,18,42,42,39,39,24,52,52,52,51,51,30,78,81,87,94,94,66,52,52,52,52,52,52,52,28,28,28,15,21,76,94,94,86,77],"gold":60,"neow_bonus":"ONE_RARE_RELIC","is_daily":false,"chose_seed":false,"campfire_upgraded":3,"win_rate":0.0,"timestamp":1613880691,"path_taken":["M","?","M","M","?","E","$","?","T","E","M","M","R","M","R","BOSS","M","?","M","M","?","R","?","E","T","E","R","$","?","M","R","BOSS","M","?","?","?","M","E","M","E","T","R","$","M","E","?","R","BOSS","BOSS","R","$","E","BOSS"],"items_purchased_type":["Relic","Relic","Card"],"build_version":"2020-12-22","purchased_purges":3,"victory":true,"max_hp_per_floor":[75,75,75,75,75,75,75,75,75,75,75,75,75,75,75,75,75,75,75,75,75,80,80,80,94,94,94,94,94,94,94,94,94,94,94,94,94,94,94,94,94,94,94,94,94,94,94,94,94,94,94,94,94,94,96,96],"relic_stats":{"Darkstone Periapt":0,"Singing Bowl":2,"Happy Flower":[4],"counters":[29,188],"Self Forming Clay":[210],"Dead Branch":[471],"Whetstone":["Fiend Fire","Body Slam"],"Boot":[39],"Burning Blood":174,"Sozu":6,"Shovel":0,"Tiny Chest":2,"Kunai":[4],"obtain_stats":[{"Darkstone Periapt":43,"Singing Bowl":47,"Happy Flower":55,"Self Forming Clay":6,"Dead Branch":0,"Mango":25,"Whetstone":48,"Boot":40,"Burning Blood":0,"Akabeko":30,"Sozu":17,"Shovel":9,"Matryoshka":27,"Orrery":24,"Toolbox":45,"Tiny Chest":10,"Philosopher\u0027s Stone":34,"Kunai":42,"Toy Ornithopter":30,"Red Skull":43},{"Darkstone Periapt":23,"Singing Bowl":25,"Happy Flower":28,"Self Forming Clay":4,"Dead Branch":0,"Mango":14,"Whetstone":25,"Boot":21,"Burning Blood":0,"Akabeko":15,"Sozu":9,"Shovel":4,"Matryoshka":15,"Orrery":13,"Toolbox":23,"Tiny Chest":5,"Philosopher\u0027s Stone":17,"Kunai":23,"Toy Ornithopter":15,"Red Skull":23},{"Darkstone Periapt":140,"Singing Bowl":148,"Happy Flower":175,"Self Forming Clay":18,"Dead Branch":0,"Mango":81,"Whetstone":148,"Boot":130,"Burning Blood":0,"Akabeko":88,"Sozu":52,"Shovel":18,"Matryoshka":88,"Orrery":76,"Toolbox":140,"Tiny Chest":23,"Philosopher\u0027s Stone":106,"Kunai":140,"Toy Ornithopter":88,"Red Skull":140}],"Toy Ornithopter":0},"card_choices":[{"not_picked":["Sentinel","Clash"],"picked":"True Grit","floor":3.0},{"not_picked":["Metallicize","Dual Wield"],"picked":"Inflame","floor":4.0},{"not_picked":["Limit Break","Thunderclap"],"picked":"Burning Pact","floor":10.0},{"not_picked":["Whirlwind","Anger","Headbutt"],"picked":"SKIP","floor":11.0},{"not_picked":["Headbutt","Body Slam"],"picked":"Power Through","floor":12.0},{"not_picked":["Anger","Sword Boomerang"],"picked":"Hemokinesis","floor":14.0},{"not_picked":["Berserk","Impervious"],"picked":"Barricade","floor":16.0},{"not_picked":["Hemokinesis","Perfected Strike"],"picked":"Armaments","floor":18.0},{"not_picked":["Headbutt","Flex"],"picked":"Feel No Pain","floor":20.0},{"not_picked":["Power Through","Whirlwind"],"picked":"Sentinel","floor":21.0},{"not_picked":["Havoc","Pommel Strike","Wild Strike+1"],"picked":"SKIP","floor":22.0},{"not_picked":["Bloodletting","Searing Blow"],"picked":"Intimidate","floor":24.0},{"not_picked":["Burning Pact","Disarm"],"picked":"Body Slam","floor":24.0},{"not_picked":["Barricade","Flex"],"picked":"Entrench","floor":24.0},{"not_picked":["Wild Strike","Iron Wave"],"picked":"Sever Soul","floor":24.0},{"not_picked":["Warcry","Wild Strike","True Grit"],"picked":"SKIP","floor":25.0},{"not_picked":["Spot Weakness","Warcry"],"picked":"Evolve+1","floor":27.0},{"not_picked":["Rampage","Pummel","Spot Weakness"],"picked":"SKIP","floor":31.0},{"not_picked":["Exhume","Immolate"],"picked":"Fiend Fire","floor":33.0},{"not_picked":["Anger","Wild Strike","Burning Pact"],"picked":"SKIP","floor":35.0},{"not_picked":["Dark Embrace","Intimidate+1","Fire Breathing+1"],"picked":"SKIP","floor":36.0},{"not_picked":["Havoc+1","Sword Boomerang"],"picked":"Shrug It Off","floor":39.0},{"not_picked":["Heavy Blade","Rage"],"picked":"Offering","floor":40.0},{"not_picked":["Dropkick+1","Spot Weakness","Entrench"],"picked":"SKIP","floor":42.0},{"not_picked":["Clothesline","Metallicize","Infernal Blade"],"picked":"SKIP","floor":46.0},{"not_picked":["Bloodletting","Wild Strike"],"picked":"Second Wind","floor":47.0},{"not_picked":["Headbutt","Evolve","Uppercut"],"picked":"Singing Bowl","floor":55.0}],"player_experience":1484856,"relics_obtained":[{"floor":6.0,"key":"Self Forming Clay"},{"floor":9.0,"key":"Shovel"},{"floor":10.0,"key":"Tiny Chest"},{"floor":25.0,"key":"Mango"},{"floor":27.0,"key":"Matryoshka"},{"floor":30.0,"key":"Akabeko"},{"floor":30.0,"key":"Toy Ornithopter"},{"floor":40.0,"key":"Boot"},{"floor":42.0,"key":"Kunai"},{"floor":43.0,"key":"Darkstone Periapt"},{"floor":43.0,"key":"Red Skull"},{"floor":47.0,"key":"Singing Bowl"},{"floor":48.0,"key":"Whetstone"},{"floor":55.0,"key":"Happy Flower"}],"event_choices":[{"damage_healed":0.0,"max_hp_gain":0.0,"max_hp_loss":0.0,"gold_gain":0.0,"event_name":"Living Wall","player_choice":"Grow","floor":2.0,"gold_loss":0.0,"damage_taken":0.0,"cards_upgraded":["Bash"]},{"cards_removed":["Strike_R"],"damage_healed":0.0,"max_hp_gain":0.0,"max_hp_loss":0.0,"gold_gain":0.0,"event_name":"Golden Wing","player_choice":"Card Removal","floor":5.0,"gold_loss":0.0,"damage_taken":7.0},{"damage_healed":18.0,"max_hp_gain":0.0,"max_hp_loss":0.0,"gold_gain":0.0,"event_name":"The Cleric","player_choice":"Healed","floor":8.0,"gold_loss":35.0,"damage_taken":0.0},{"damage_healed":0.0,"max_hp_gain":0.0,"max_hp_loss":0.0,"gold_gain":0.0,"event_name":"The Woman in Blue","player_choice":"Bought 0 Potions","floor":19.0,"gold_loss":0.0,"damage_taken":0.0},{"cards_removed":["Hemokinesis"],"damage_healed":7.0,"max_hp_gain":0.0,"max_hp_loss":0.0,"gold_gain":0.0,"event_name":"Bonfire Elementals","player_choice":"Offered Uncommon","floor":37.0,"gold_loss":0.0,"damage_taken":0.0}],"is_beta":false,"boss_relics":[{"not_picked":["Black Blood","Astrolabe"],"picked":"Sozu"},{"not_picked":["Pandora\u0027s Box","SacredBark"],"picked":"Philosopher\u0027s Stone"}],"items_purged_floors":[7,24,38],"is_endless":false,"potions_floor_spawned":[3,10,12,16,18,20,27,35,39,40,55],"ascension_level":20}}