{"host":"s41rn2jhghpwfrvz","time":1613885260,"event":{"mods":["BaseMod","Minty Spire (QoL Compilation)","Quick Restart","Relic Stats","SuperFastMode"],"gold_per_floor":[114,130,144,156,166,195,195,228,252,276,301,325,337,411,423,512,524,552,564,610,641,653,699,726,752,790,812,824,867,899,937,949,1038,1050,1076,674,674,687,171,171,171,204,231,265,296,310,330,280,280,280,280,280,280,57,82,82],"floor_reached":57,"language":"ENG","playtime":1473,"items_purged":["Rampage+1","Pummel+1","Body Slam+1"],"score":3747,"play_id":"9f10264b-5ef4-41b7-8489-4ef2f09aedb0","local_time":"20210221072740","daily_mods":["SealedDeck","Diverse","DeadlyEvents"],"is_ascension_mode":true,"campfire_choices":[{"data":"Body Slam","floor":7,"key":"SMITH"},{"data":"Body Slam","floor":13,"key":"SMITH"},{"data":"Feel No Pain","floor":15,"key":"SMITH"},{"data":"Entrench","floor":32,"key":"SMITH"},{"data":"Barricade","floor":40,"key":"SMITH"},{"floor":49,"key":"RECALL"},{"data":"Backflip","floor":53,"key":"SMITH"}],"circlet_count":0,"master_deck":["AscendersBane","Blade Dance","Feel No Pain+1","Entrench+1","Backflip+1","Genetic Algorithm","Body Slam+1","Double Energy+1","Double Tap+1","Feel No Pain+1","Genetic Algorithm","Barricade+1"],"relics":["Burning Blood","Bottled Tornado","Gremlin Horn","MawBank","Bag of Preparation","Astrolabe","PreservedInsect","Art of War","Boot","Blue Candle","Mercury Hourglass","SlaversCollar","ClockworkSouvenir","Potion Belt","Mummified Hand","OrangePellets","Regal Pillow","Toy Ornithopter","Smiling Mask","Whetstone","Centennial Puzzle","Ornamental Fan"],"acts_visited":["Exordium","TheCity","TheBeyond","TheEnding"],"potions_floor_usage":[6,56,56,56],"damage_taken":[{"damage":0,"enemies":"Cultist","floor":1,"turns":3},{"damage":6,"enemies":"Jaw Worm","floor":2,"turns":2},{"damage":0,"enemies":"Small Slimes","floor":3,"turns":3},{"damage":2,"enemies":"Exordium Thugs","floor":4,"turns":4},{"damage":0,"enemies":"Large Slime","floor":5,"turns":4},{"damage":0,"enemies":"Lagavulin","floor":6,"turns":5},{"damage":0,"enemies":"Gremlin Nob","floor":8,"turns":3},{"damage":0,"enemies":"2 Fungi Beasts","floor":10,"turns":3},{"damage":0,"enemies":"Exordium Wildlife","floor":11,"turns":3},{"damage":0,"enemies":"Looter","floor":12,"turns":1},{"damage":0,"enemies":"Gremlin Nob","floor":14,"turns":2},{"damage":0,"enemies":"Hexaghost","floor":16,"turns":5},{"damage":0,"enemies":"Shell Parasite","floor":18,"turns":2},{"damage":0,"enemies":"Book of Stabbing","floor":20,"turns":3},{"damage":0,"enemies":"2 Thieves","floor":21,"turns":2},{"damage":10,"enemies":"Gremlin Leader","floor":23,"turns":3},{"damage":0,"enemies":"Centurion and Healer","floor":24,"turns":1},{"damage":9,"enemies":"Shelled Parasite and Fungi","floor":25,"turns":3},{"damage":0,"enemies":"Cultist and Chosen","floor":27,"turns":3},{"damage":0,"enemies":"Book of Stabbing","floor":29,"turns":3},{"damage":0,"enemies":"Chosen and Byrds","floor":30,"turns":4},{"damage":0,"enemies":"Slavers","floor":31,"turns":1},{"damage":0,"enemies":"Champ","floor":33,"turns":4},{"damage":5,"enemies":"3 Darklings","floor":35,"turns":2},{"damage":0,"enemies":"3 Shapes","floor":38,"turns":3},{"damage":0,"enemies":"Reptomancer","floor":42,"turns":1},{"damage":0,"enemies":"Giant Head","floor":44,"turns":2},{"damage":17,"enemies":"Nemesis","floor":45,"turns":7},{"damage":0,"enemies":"Maw","floor":46,"turns":3},{"damage":0,"enemies":"Writhing Mass","floor":47,"turns":3},{"damage":0,"enemies":"Awakened One","floor":50,"turns":4},{"damage":0,"enemies":"Donu and Deca","floor":51,"turns":2},{"damage":0,"enemies":"Shield and Spear","floor":55,"turns":3},{"damage":0,"enemies":"The Heart","floor":56,"turns":5}],"seed_played":"-6719621596341364168","potions_obtained":[{"floor":2,"key":"SmokeBomb"},{"floor":3,"key":"SkillPotion"},{"floor":5,"key":"SkillPotion"},{"floor":10,"key":"PowerPotion"},{"floor":27,"key":"Ancient Potion"},{"floor":38,"key":"SpeedPotion"}],"is_trial":true,"path_per_floor":["M","M","M","M","M","E","R","E","T","M","M","M","R","?","R","B",null,"M","?","E","M","T","E","M","M","T","M","$","E","M","E","R","B",null,"M","$","?","M","$","R","?","E","T","E","E","M","M","$","R","B","B",null,"R","$","E","B",null],"character_chosen":"IRONCLAD","items_purchased":["ClockworkSouvenir","Potion Belt","Mummified Hand","OrangePellets","DuplicationPotion","Centennial Puzzle"],"campfire_rested":0,"item_purchase_floors":[36,36,39,39,39,54],"current_hp_per_floor":[74,74,75,75,75,75,75,75,75,75,75,75,75,75,75,75,75,75,75,75,75,75,71,75,72,72,75,75,75,75,75,75,75,75,75,75,75,75,75,75,71,71,71,71,60,66,71,71,71,71,71,71,71,71,71,71],"gold":82,"neow_bonus":"","is_daily":false,"chose_seed":false,"campfire_upgraded":6,"win_rate":0.0,"timestamp":1613885260,"path_taken":["M","M","M","M","M","E","R","E","T","M","M","?","R","?","R","BOSS","M","?","?","?","?","E","M","M","T","M","$","E","M","E","R","BOSS","M","$","?","M","$","R","?","E","T","E","?","M","?","$","R","BOSS","BOSS","R","$","E","BOSS"],"items_purchased_type":["Relic","Relic","Relic","Relic","Potion","Relic"],"build_version":"2020-12-22","purchased_purges":3,"victory":true,"max_hp_per_floor":[75,75,75,75,75,75,75,75,75,75,75,75,75,75,75,75,75,75,75,75,75,75,75,75,75,75,75,75,75,75,75,75,75,75,75,75,75,75,75,75,71,71,71,71,71,71,71,71,71,71,71,71,71,71,71,71],"relic_stats":{"Regal Pillow":0,"Gremlin Horn":[22,22],"counters":[34,102],"Astrolabe":["Rampage","Double Energy","Double Tap"],"Blue Candle":[0],"PreservedInsect":452,"Bag of Preparation":[46],"Whetstone":["Pummel"],"MawBank":324,"Boot":[251],"Smiling Mask":125,"Burning Blood":56,"Mercury Hourglass":[153],"OrangePellets":[1],"Centennial Puzzle":[0],"Mummified Hand":[28],"Ornamental Fan":[12],"Art of War":[8],"obtain_stats":[{"Potion Belt":36,"Regal Pillow":42,"Gremlin Horn":8,"Astrolabe":17,"Blue Candle":29,"PreservedInsect":20,"Bag of Preparation":14,"Whetstone":45,"Bottled Tornado":6,"MawBank":9,"Boot":26,"Smiling Mask":44,"Burning Blood":0,"Mercury Hourglass":31,"ClockworkSouvenir":36,"SlaversCollar":34,"OrangePellets":39,"Centennial Puzzle":54,"Mummified Hand":39,"Ornamental Fan":55,"Art of War":23,"Toy Ornithopter":43},{"Potion Belt":24,"Regal Pillow":26,"Gremlin Horn":7,"Astrolabe":12,"Blue Candle":20,"PreservedInsect":14,"Bag of Preparation":11,"Whetstone":28,"Bottled Tornado":6,"MawBank":7,"Boot":18,"Smiling Mask":27,"Burning Blood":0,"Mercury Hourglass":22,"ClockworkSouvenir":24,"SlaversCollar":23,"OrangePellets":25,"Centennial Puzzle":32,"Mummified Hand":25,"Ornamental Fan":33,"Art of War":16,"Toy Ornithopter":26},{"Potion Belt":69,"Regal Pillow":73,"Gremlin Horn":24,"Astrolabe":38,"Blue Candle":58,"PreservedInsect":43,"Bag of Preparation":33,"Whetstone":82,"Bottled Tornado":21,"MawBank":24,"Boot":52,"Smiling Mask":75,"Burning Blood":0,"Mercury Hourglass":63,"ClockworkSouvenir":69,"SlaversCollar":67,"OrangePellets":72,"Centennial Puzzle":94,"Mummified Hand":72,"Ornamental Fan":97,"Art of War":48,"Toy Ornithopter":73}],"Toy Ornithopter":0},"card_choices":[{"not_picked":["Melter","Deflect","Conclude"],"picked":"SKIP","floor":1},{"not_picked":["Melter","Deflect","Conclude"],"picked":"SKIP","floor":1},{"not_picked":["Capacitor","EmptyFist","Deadly Poison"],"picked":"SKIP","floor":2},{"not_picked":["Fire Breathing","Blood for Blood","Sucker Punch"],"picked":"SKIP","floor":3},{"not_picked":["Conserve Battery","Ghostly Armor","SandsOfTime"],"picked":"SKIP","floor":4},{"not_picked":["Deadly Poison","Searing Blow"],"picked":"Body Slam","floor":5},{"not_picked":["Dagger Spray","Capacitor","Rampage"],"picked":"SKIP","floor":6},{"not_picked":["Auto Shields","Indignation","Steam"],"picked":"SKIP","floor":8},{"not_picked":["Crescendo","Sanctity","Iron Wave"],"picked":"SKIP","floor":10},{"not_picked":["Reckless Charge","ClearTheMind","Disarm"],"picked":"SKIP","floor":11},{"not_picked":["Anger","Amplify","Spot Weakness"],"picked":"SKIP","floor":12},{"not_picked":["PiercingWail+1","Twin Strike+1","Armaments"],"picked":"SKIP","floor":18},{"not_picked":["Sanctity","EmptyFist","Halt"],"picked":"SKIP","floor":20},{"not_picked":["Rebound","DeceiveReality+1","Fire Breathing"],"picked":"SKIP","floor":21},{"not_picked":["Tools of the Trade","Acrobatics","Bloodletting"],"picked":"SKIP","floor":23},{"not_picked":["Dagger Spray","Pummel","Deadly Poison+1"],"picked":"SKIP","floor":24},{"not_picked":["Sentinel","Undo","Meditate"],"picked":"SKIP","floor":25},{"not_picked":["Rebound","Evolve"],"picked":"Genetic Algorithm","floor":27},{"not_picked":["Shrug It Off+1","Vengeance","Crescendo"],"picked":"SKIP","floor":29},{"not_picked":["True Grit","Cloak And Dagger","Body Slam"],"picked":"SKIP","floor":30},{"not_picked":["Flame Barrier","Deadly Poison+1","Warcry"],"picked":"SKIP","floor":31},{"not_picked":["Thunder Strike","Meteor Strike"],"picked":"Barricade","floor":33},{"not_picked":["Inflame+1","Entrench","Headbutt+1"],"picked":"SKIP","floor":35},{"not_picked":["Thunderclap+1","DeceiveReality","FlurryOfBlows"],"picked":"SKIP","floor":38},{"not_picked":["Hello World","Shrug It Off","PiercingWail+1"],"picked":"SKIP","floor":42},{"not_picked":["Sanctity","Anger","Conserve Battery"],"picked":"SKIP","floor":44},{"not_picked":["WaveOfTheHand","Wild Strike","Iron Wave"],"picked":"SKIP","floor":45},{"not_picked":["Slice+1","Envenom","Concentrate+1"],"picked":"SKIP","floor":46},{"not_picked":["Hemokinesis","Prepared","Fasting2"],"picked":"SKIP","floor":47},{"not_picked":["Perfected Strike","Conserve Battery","Coolheaded"],"picked":"SKIP","floor":55}],"player_experience":1976340,"relics_obtained":[{"floor":6,"key":"Bottled Tornado"},{"floor":8,"key":"Gremlin Horn"},{"floor":9,"key":"MawBank"},{"floor":14,"key":"Bag of Preparation"},{"floor":20,"key":"PreservedInsect"},{"floor":23,"key":"Art of War"},{"floor":26,"key":"Boot"},{"floor":29,"key":"Blue Candle"},{"floor":31,"key":"Mercury Hourglass"},{"floor":42,"key":"Regal Pillow"},{"floor":43,"key":"Toy Ornithopter"},{"floor":44,"key":"Smiling Mask"},{"floor":45,"key":"Whetstone"},{"floor":55,"key":"Ornamental Fan"}],"event_choices":[{"damage_healed":0,"gold_gain":0,"player_choice":"Searched \u00272\u0027 times","damage_taken":0,"max_hp_gain":0,"max_hp_loss":0,"event_name":"Dead Adventurer","floor":14,"gold_loss":0},{"damage_healed":0,"gold_gain":0,"player_choice":"Copied","damage_taken":0,"max_hp_gain":0,"max_hp_loss":0,"event_name":"Duplicator","floor":19,"gold_loss":0,"cards_obtained":["Feel No Pain"]},{"damage_healed":0,"gold_gain":0,"player_choice":"Ignored","damage_taken":0,"max_hp_gain":0,"max_hp_loss":0,"event_name":"Tomb of Lord Red Mask","floor":37,"gold_loss":0},{"damage_healed":0,"gold_gain":0,"player_choice":"Max HP","damage_taken":0,"max_hp_gain":0,"max_hp_loss":4,"event_name":"Winding Halls","floor":41,"gold_loss":0}],"is_beta":false,"boss_relics":[{"not_picked":["Ectoplasm","Mark of Pain"],"picked":"Astrolabe"},{"not_picked":["Snecko Eye","Tiny House"],"picked":"SlaversCollar"}],"items_purged_floors":[36,48,54],"is_endless":false,"potions_floor_spawned":[2,3,5,10,16,18,23,25,27,30,31,33,38,45,46],"ascension_level":20}}