{"host":"Bilverbakes","time":1613869394,"event":{"mods":["2.2 Compatiblity","AchievementEnabler","BaseMod","Bestiary","Colored Map","Minty Spire (QoL Compilation)","Relic Stats","StSLib","ojb\u0027s Info Mod"],"gold_per_floor":[113,126,201,220,87,87,118,118,118,118,118,118,149,160,160,160,160],"floor_reached":16,"language":"ENG","playtime":386,"items_purged":[],"score":216,"play_id":"080f13b5-cd42-416b-96bd-1bf7eeb3955d","local_time":"20210220190314","is_ascension_mode":true,"campfire_choices":[{"data":"SignatureMove","floor":6,"key":"SMITH"},{"floor":12,"key":"REST"},{"data":"Conclude","floor":15,"key":"SMITH"}],"circlet_count":0,"master_deck":["AscendersBane","Strike_P","Strike_P","Strike_P","Defend_P","Defend_P","Defend_P","Defend_P","Eruption+1","Vigilance","Tantrum","Scrawl","SignatureMove+1","FollowUp","LessonLearned","ForeignInfluence+1","Conclude+1"],"relics":["Runic Dome","Toxic Egg 2","Ornamental Fan"],"acts_visited":["Exordium"],"potions_floor_usage":[13,13],"damage_taken":[{"damage":14.0,"enemies":"Jaw Worm","floor":1.0,"turns":5.0},{"damage":16.0,"enemies":"2 Louse","floor":2.0,"turns":3.0},{"damage":0.0,"enemies":"Cultist","floor":4.0,"turns":4.0},{"damage":6,"enemies":"Gremlin Nob","floor":7,"turns":3},{"damage":10,"enemies":"Lagavulin","floor":13,"turns":5},{"damage":0,"enemies":"Exordium Wildlife","floor":14,"turns":1},{"damage":0,"enemies":"Slime Boss","floor":16,"turns":3}],"seed_played":"-6162628414346074496","potions_obtained":[{"floor":1.0,"key":"Weak Potion"},{"floor":7,"key":"Block Potion"},{"floor":14,"key":"Swift Potion"}],"is_trial":false,"path_per_floor":["M","M","?","M","$","R","E","?","T","?","?","R","E","M","R","B"],"character_chosen":"WATCHER","items_purchased":["SignatureMove","FollowUp"],"campfire_rested":1,"item_purchase_floors":[5,5],"current_hp_per_floor":[47,31,20,20,20,20,14,14,14,14,14,34,24,24,24,24,24],"gold":160,"neow_bonus":"BOSS_RELIC","is_daily":false,"chose_seed":false,"campfire_upgraded":2,"win_rate":0.0,"timestamp":1613869394,"path_taken":["M","M","?","M","$","R","E","?","T","?","?","R","E","M","R","BOSS"],"items_purchased_type":["Card","Card"],"build_version":"2020-12-18","purchased_purges":0,"victory":false,"max_hp_per_floor":[68,68,68,68,68,68,68,68,68,68,68,68,68,68,68,68,68],"relic_stats":{"counters":[7,24],"Ornamental Fan":[8],"obtain_stats":[{"Runic Dome":0,"Ornamental Fan":13,"PureWater":0,"Toxic Egg 2":7},{"Runic Dome":0,"Ornamental Fan":5,"PureWater":0,"Toxic Egg 2":4},{"Runic Dome":0,"Ornamental Fan":20,"PureWater":0,"Toxic Egg 2":15}]},"card_choices":[{"not_picked":["Worship","EmptyBody","CrushJoints"],"picked":"SKIP","floor":1.0},{"not_picked":["SignatureMove","WreathOfFlame"],"picked":"Tantrum","floor":2.0},{"not_picked":["Consecrate","PathToVictory"],"picked":"Scrawl","floor":4.0},{"not_picked":["FlyingSleeves","EmptyFist"],"picked":"LessonLearned","floor":7},{"not_picked":["EmptyBody+1","Prostrate+1"],"picked":"Conclude","floor":13},{"not_picked":["Study","FollowUp","EmptyFist"],"picked":"SKIP","floor":14}],"player_experience":977167,"relics_obtained":[{"floor":7,"key":"Toxic Egg 2"},{"floor":13,"key":"Ornamental Fan"}],"event_choices":[{"damage_healed":0.0,"max_hp_gain":0.0,"max_hp_loss":0.0,"gold_gain":75.0,"event_name":"World of Goop","player_choice":"Gather Gold","floor":3.0,"gold_loss":0.0,"damage_taken":11.0},{"damage_healed":0,"gold_gain":0,"cards_transformed":["Strike_P"],"player_choice":"Change","damage_taken":0,"max_hp_gain":0,"max_hp_loss":0,"event_name":"Living Wall","floor":8,"gold_loss":0,"cards_obtained":["ForeignInfluence"]},{"damage_healed":0,"gold_gain":0,"player_choice":"Fled","damage_taken":0,"max_hp_gain":0,"max_hp_loss":0,"event_name":"Scrap Ooze","floor":10,"gold_loss":0},{"damage_healed":0,"gold_gain":0,"player_choice":"Leave","damage_taken":0,"max_hp_gain":0,"max_hp_loss":0,"event_name":"FaceTrader","floor":11,"gold_loss":0}],"is_beta":true,"boss_relics":[],"items_purged_floors":[],"is_endless":false,"potions_floor_spawned":[1,7,14],"killed_by":"Slime Boss","ascension_level":20}}