{"host":"8ic9nxmy47xzlkcl","time":1613933947,"event":{"mods":["BaseMod","Colored Map","Jorbs\u0027s Wanderer Trilogy","Minty Spire (QoL Compilation)","StSLib","The Cursed","The Hierophant","The Jungle"],"gold_per_floor":[115,115,132,150,160,189,189,206,206,225,209,209,62,62,62,37,37],"floor_reached":16,"language":"ENG","playtime":966,"items_purged":[],"score":137,"play_id":"d8961526-dbe5-43ad-9c40-06e5f6abf772","local_time":"20210221195907","is_ascension_mode":false,"campfire_choices":[{"floor":7,"key":"REST"},{"data":"hierophant:ChurchCoffers","floor":12,"key":"SMITH"},{"floor":15,"key":"REST"}],"circlet_count":0,"master_deck":["hierophant:Strike_Hierophant","hierophant:Strike_Hierophant","hierophant:Strike_Hierophant","hierophant:Punish","hierophant:Defend_Hierophant","hierophant:Defend_Hierophant","hierophant:Defend_Hierophant","hierophant:Defend_Hierophant","hierophant:ChurchCoffers+1","hierophant:PassingBell","hierophant:MorningPrayer","hierophant:FieryStrike","hierophant:Repentance","hierophant:OrnateBuckler","hierophant:Smite","hierophant:AuricForm","hierophant:HolyVerse"],"relics":["hierophant:PropheticMaskRelic","NeowsBlessing","Strawberry","Pear","HornCleat","PrismaticShard"],"acts_visited":["Exordium"],"potions_floor_usage":[8,16],"damage_taken":[{"damage":0,"enemies":"Jaw Worm","floor":1,"turns":1},{"damage":0,"enemies":"Cultist","floor":3,"turns":1},{"damage":0,"enemies":"2 Louse","floor":4,"turns":1},{"damage":9,"enemies":"2 Fungi Beasts","floor":5,"turns":3},{"damage":41,"enemies":"Gremlin Nob","floor":6,"turns":5},{"damage":15,"enemies":"Red Slaver","floor":8,"turns":5},{"damage":12,"enemies":"3 Sentries","floor":10,"turns":4},{"damage":5,"enemies":"Exordium Wildlife","floor":11,"turns":4},{"damage":61,"enemies":"The Guardian","floor":16,"turns":14}],"seed_played":"7892909538790354380","potions_obtained":[{"floor":3,"key":"Explosive Potion"},{"floor":5,"key":"Strength Potion"},{"floor":10,"key":"BlessingOfTheForge"}],"is_trial":false,"path_per_floor":["M","?","M","M","M","E","R","M","T","E","M","R","$","?","R","B"],"character_chosen":"HIEROPHANT","items_purchased":["PrismaticShard"],"campfire_rested":2,"item_purchase_floors":[13],"current_hp_per_floor":[75,75,75,75,66,32,56,41,51,39,34,34,34,34,61,0,0],"gold":37,"neow_bonus":"THREE_ENEMY_KILL","is_daily":false,"chose_seed":false,"campfire_upgraded":1,"win_rate":0.0,"timestamp":1613933947,"path_taken":["M","?","?","M","M","E","R","M","T","E","M","R","$","?","R","BOSS"],"items_purchased_type":["Relic"],"build_version":"2020-12-22","purchased_purges":0,"victory":false,"max_hp_per_floor":[75,75,75,75,75,82,82,82,92,92,92,92,92,92,92,92,92],"card_choices":[{"not_picked":["hierophant:AuricBeam","hierophant:Remorse"],"picked":"hierophant:PassingBell","floor":1},{"not_picked":["hierophant:SealAway","hierophant:Zeal"],"picked":"hierophant:MorningPrayer","floor":3},{"not_picked":["hierophant:Remorse","hierophant:DisplayOfPower"],"picked":"hierophant:FieryStrike","floor":4},{"not_picked":["hierophant:SecretStash","hierophant:Embezzle"],"picked":"hierophant:Repentance","floor":5},{"not_picked":["hierophant:Patience","hierophant:Zeal"],"picked":"hierophant:OrnateBuckler","floor":6},{"not_picked":["hierophant:Doubloon","hierophant:Embezzle"],"picked":"hierophant:Smite","floor":8},{"not_picked":["hierophant:Doubloon","hierophant:AuricShield"],"picked":"hierophant:AuricForm","floor":10},{"not_picked":["hierophant:TollTheBells","hierophant:Racketeering"],"picked":"hierophant:HolyVerse","floor":11}],"player_experience":183771,"relics_obtained":[{"floor":6,"key":"Strawberry"},{"floor":9,"key":"Pear"},{"floor":10,"key":"HornCleat"}],"event_choices":[{"cards_removed":["hierophant:Strike_Hierophant"],"damage_healed":0,"gold_gain":0,"player_choice":"Offered Basic","damage_taken":0,"max_hp_gain":0,"max_hp_loss":0,"event_name":"Bonfire Elementals","floor":2,"gold_loss":0},{"damage_healed":0,"gold_gain":0,"player_choice":"Ignored","damage_taken":0,"max_hp_gain":0,"max_hp_loss":0,"event_name":"Golden Wing","floor":14,"gold_loss":0}],"is_beta":false,"boss_relics":[],"items_purged_floors":[],"is_endless":false,"potions_floor_spawned":[3,5,10],"killed_by":"The Guardian","ascension_level":0}}