{"host":"mlerl2sxhcwd6xvy","time":1613876814,"event":{"mods":["BaseMod","Minty Spire (QoL Compilation)","StSLib","The Runesmith"],"gold_per_floor":[110,110,110,39,39,39,67,86,113,113,113,113,113,113,113,216,216,235,249,249,260,260,260,288,144,144,161,161,261,294,311,311,413,413,430,447,347,397,408,435,435,142,142,142,142,91,101,117,117,117],"floor_reached":51,"language":"ENG","playtime":2591,"items_purged":["Strike_R","Strike_R"],"score":868,"play_id":"e8d59291-4851-4ed6-90d8-3b92fcb3428e","local_time":"20210220220654","is_ascension_mode":true,"campfire_choices":[{"data":"Searing Blow","floor":6,"key":"SMITH"},{"data":"Searing Blow+1","floor":10,"key":"SMITH"},{"data":"Searing Blow+2","floor":12,"key":"SMITH"},{"data":"Searing Blow+3","floor":15,"key":"SMITH"},{"data":"Searing Blow+4","floor":23,"key":"SMITH"},{"data":"Demon Form","floor":32,"key":"SMITH"},{"data":"Searing Blow+5","floor":41,"key":"SMITH"},{"floor":45,"key":"DIG"},{"floor":49,"key":"DIG"}],"circlet_count":0,"master_deck":["Strike_R","Strike_R+1","Strike_R","Defend_R","Defend_R+1","Defend_R","Bash","Inflame","Searing Blow+6","Flame Barrier","Bloodletting","Reaper","Armaments+1","Cleave+1","Fire Breathing","Necronomicurse","Sentinel+1","Rupture","Demon Form+1","Impervious","Immolate","Shrug It Off"],"relics":["Burning Blood","NeowsBlessing","Question Card","Juzu Bracelet","Nunchaku","Mark of Pain","Necronomicon","Toy Ornithopter","Shuriken","Thread and Needle","HornCleat","Ancient Tea Set","Calipers","Orichalcum","Shovel","Kunai","Darkstone Periapt","StrikeDummy"],"acts_visited":["Exordium","TheCity","TheBeyond"],"potions_floor_usage":[29,29,33,39,40,50,50,50],"damage_taken":[{"damage":0,"enemies":"Cultist","floor":1,"turns":1},{"damage":0,"enemies":"Gremlin Nob","floor":7,"turns":1},{"damage":0,"enemies":"Jaw Worm","floor":8,"turns":1},{"damage":59,"enemies":"Slime Boss","floor":16,"turns":12},{"damage":24,"enemies":"Spheric Guardian","floor":18,"turns":4},{"damage":31,"enemies":"2 Thieves","floor":19,"turns":4},{"damage":7,"enemies":"Centurion and Healer","floor":21,"turns":5},{"damage":24,"enemies":"Slavers","floor":24,"turns":5},{"damage":3,"enemies":"Sentry and Sphere","floor":27,"turns":2},{"damage":25,"enemies":"Colosseum Slavers","floor":29,"turns":4},{"damage":7,"enemies":"Colosseum Nobs","floor":29,"turns":4},{"damage":43,"enemies":"Gremlin Leader","floor":30,"turns":5},{"damage":0,"enemies":"Chosen and Byrds","floor":31,"turns":4},{"damage":52,"enemies":"Champ","floor":33,"turns":7},{"damage":34,"enemies":"3 Shapes","floor":35,"turns":5},{"damage":4,"enemies":"3 Darklings","floor":36,"turns":5},{"damage":22,"enemies":"Mind Bloom Boss Battle","floor":38,"turns":5},{"damage":10,"enemies":"Jaw Worm Horde","floor":39,"turns":4},{"damage":11,"enemies":"Reptomancer","floor":40,"turns":4},{"damage":0,"enemies":"Sphere and 2 Shapes","floor":47,"turns":2},{"damage":7,"enemies":"Maw","floor":48,"turns":5},{"damage":91,"enemies":"Awakened One","floor":50,"turns":8}],"seed_played":"-3613267457366166800","potions_obtained":[{"floor":1,"key":"Energy Potion"},{"floor":18,"key":"Regen Potion"},{"floor":24,"key":"BloodPotion"},{"floor":28,"key":"PowerPotion"},{"floor":30,"key":"BlessingOfTheForge"},{"floor":31,"key":"FearPotion"},{"floor":36,"key":"Explosive Potion"},{"floor":39,"key":"SteroidPotion"}],"is_trial":false,"path_per_floor":["M","?","?","$","?","R","E","M","T","R","?","R","?","$","R","B",null,"M","M","?","M","?","R","E","$","T","M","?","?","E","M","R","B",null,"M","M","$","?","M","E","R","$","T","?","R","$","M","M","R","B",null],"character_chosen":"IRONCLAD","items_purchased":["Searing Blow","Rupture","Shovel","AttackPotion"],"campfire_rested":0,"item_purchase_floors":[4,25,42,46],"current_hp_per_floor":[80,80,85,85,85,85,85,85,85,85,82,82,65,65,65,12,85,67,49,49,58,42,42,44,44,44,47,47,73,36,50,50,45,85,73,85,85,69,85,82,82,82,82,82,82,82,85,85,85,55],"gold":117,"neow_bonus":"THREE_ENEMY_KILL","is_daily":false,"chose_seed":false,"campfire_upgraded":7,"win_rate":0.0,"timestamp":1613876814,"path_taken":["M","?","?","?","?","R","E","M","T","R","?","R","?","$","R","BOSS","M","M","?","M","?","R","E","$","T","M","?","?","E","M","R","BOSS","M","M","$","?","M","E","R","?","T","?","R","$","M","M","R","BOSS"],"items_purchased_type":["Card","Card","Relic","Potion"],"build_version":"2020-12-22","purchased_purges":2,"victory":true,"max_hp_per_floor":[80,80,85,85,85,85,85,85,85,85,85,85,85,85,85,85,85,85,85,85,85,85,85,85,85,85,85,85,85,85,85,85,85,85,85,85,85,85,85,85,85,85,85,85,85,85,85,85,85,85],"card_choices":[{"not_picked":["Fire Breathing","Iron Wave"],"picked":"Inflame","floor":1},{"not_picked":["Clash","Sword Boomerang"],"picked":"Flame Barrier","floor":7},{"not_picked":["Shockwave","Bludgeon","Armaments"],"picked":"Bloodletting","floor":8},{"not_picked":["Barricade","Exhume","Bludgeon"],"picked":"Reaper","floor":16},{"not_picked":["Wild Strike","Clash","Warcry"],"picked":"Armaments+1","floor":18},{"not_picked":["Power Through","Reckless Charge","Warcry+1"],"picked":"Cleave+1","floor":19},{"not_picked":["Clash","Infernal Blade","Thunderclap","Twin Strike"],"picked":"SKIP","floor":21},{"not_picked":["Thunderclap","Burning Pact","Offering"],"picked":"Sentinel+1","floor":24},{"not_picked":["Thunderclap","Armaments","Sword Boomerang+1","Fire Breathing+1"],"picked":"SKIP","floor":27},{"not_picked":["Inflame","Heavy Blade","Second Wind"],"picked":"Demon Form","floor":30},{"not_picked":["Twin Strike","Whirlwind","True Grit","Havoc"],"picked":"SKIP","floor":31},{"not_picked":["Bludgeon","Berserk","Juggernaut"],"picked":"Impervious","floor":33},{"not_picked":["Clash+1","Twin Strike+1","Armaments+1","Inflame+1"],"picked":"SKIP","floor":35},{"not_picked":["Havoc","Whirlwind","Cleave+1","Pummel"],"picked":"SKIP","floor":36},{"not_picked":["Power Through+1","Uppercut","Warcry"],"picked":"Immolate","floor":39},{"not_picked":["Rage","Perfected Strike","Second Wind+1"],"picked":"Shrug It Off","floor":40},{"not_picked":["Clothesline","Flex","Dual Wield","True Grit+1"],"picked":"SKIP","floor":47},{"not_picked":["Sentinel+1","Bloodletting","Second Wind+1","Iron Wave+1"],"picked":"SKIP","floor":48}],"player_experience":206484,"relics_obtained":[{"floor":7,"key":"Question Card"},{"floor":9,"key":"Juzu Bracelet"},{"floor":22,"key":"Necronomicon"},{"floor":24,"key":"Toy Ornithopter"},{"floor":26,"key":"Shuriken"},{"floor":29,"key":"Thread and Needle"},{"floor":29,"key":"HornCleat"},{"floor":30,"key":"Ancient Tea Set"},{"floor":38,"key":"Calipers"},{"floor":40,"key":"Orichalcum"},{"floor":43,"key":"Kunai"},{"floor":45,"key":"Darkstone Periapt"},{"floor":49,"key":"StrikeDummy"}],"event_choices":[{"damage_healed":0,"gold_gain":0,"player_choice":"Leave","damage_taken":0,"max_hp_gain":0,"max_hp_loss":0,"event_name":"The Cleric","floor":2,"gold_loss":0},{"damage_healed":0,"gold_gain":0,"player_choice":"Donut","damage_taken":0,"max_hp_gain":5,"max_hp_loss":0,"event_name":"Big Fish","floor":3,"gold_loss":0},{"cards_removed":["Defend_R"],"damage_healed":0,"gold_gain":0,"player_choice":"Purged","damage_taken":0,"max_hp_gain":0,"max_hp_loss":0,"event_name":"Purifier","floor":5,"gold_loss":0},{"damage_healed":0,"gold_gain":0,"player_choice":"Success","damage_taken":3,"relics_obtained":["Nunchaku"],"max_hp_gain":0,"max_hp_loss":0,"event_name":"Scrap Ooze","floor":11,"gold_loss":0},{"damage_healed":0,"gold_gain":0,"player_choice":"Entered Light","damage_taken":17,"max_hp_gain":0,"max_hp_loss":0,"event_name":"Shining Light","floor":13,"gold_loss":0,"cards_upgraded":["Defend_R","Strike_R"]},{"damage_healed":0,"gold_gain":0,"player_choice":"Read","damage_taken":0,"max_hp_gain":0,"max_hp_loss":0,"event_name":"The Library","floor":20,"gold_loss":0,"cards_obtained":["Fire Breathing"]},{"damage_healed":0,"gold_gain":0,"player_choice":"Obtained Book","damage_taken":16,"max_hp_gain":0,"max_hp_loss":0,"event_name":"Cursed Tome","floor":22,"gold_loss":0},{"damage_healed":0,"gold_gain":0,"player_choice":"Got Potions","damage_taken":0,"max_hp_gain":0,"max_hp_loss":0,"event_name":"Lab","floor":28,"gold_loss":0},{"damage_healed":0,"gold_gain":0,"player_choice":"Fight","damage_taken":0,"max_hp_gain":0,"max_hp_loss":0,"event_name":"Colosseum","floor":29,"gold_loss":0},{"damage_healed":0,"gold_gain":0,"player_choice":"Fought Nobs","damage_taken":0,"max_hp_gain":0,"max_hp_loss":0,"event_name":"Colosseum","floor":29,"gold_loss":0},{"damage_healed":0,"gold_gain":0,"player_choice":"Fight","damage_taken":0,"max_hp_gain":0,"max_hp_loss":0,"event_name":"MindBloom","floor":38,"gold_loss":0},{"damage_healed":0,"gold_gain":0,"player_choice":"Ignored","damage_taken":0,"max_hp_gain":0,"max_hp_loss":0,"event_name":"Tomb of Lord Red Mask","floor":44,"gold_loss":0}],"is_beta":false,"boss_relics":[{"not_picked":["Philosopher\u0027s Stone","Velvet Choker"],"picked":"Mark of Pain"},{"not_picked":["Sozu","Pandora\u0027s Box","Runic Dome"]}],"items_purged_floors":[25,37],"is_endless":false,"potions_floor_spawned":[1,18,24,30,31,36,39,47,48],"ascension_level":1}}