{"host":"ie50qk0ts9eskyyo","time":1613901234,"event":{"mods":["BaseMod","BetterRewards","Colored Map","Curses Come First","Downfall","Friendly Minions","Highlight Path","Hubris","Infinite Spire","Minty Spire (QoL Compilation)","Quick Restart","Reliquary","Replay The Spire","Robot Space Explorer","Shop Mod","StSLib","SuperFastMode","The Jungle"],"gold_per_floor":[112,12,12,22,32,32,51,82,82,108,127,127,127,142,142,243,243,262,262,262,262,262,262],"floor_reached":22,"language":"ENG","playtime":48268,"items_purged":["Strike_B","Crow Ritual","Strike_B"],"score":281,"play_id":"d447a2f8-47f3-4638-b6e3-0d99955e651c","local_time":"20210221045354","is_ascension_mode":true,"campfire_choices":[{"data":"Rip and Tear","floor":6.0,"key":"SMITH"},{"data":"Beam Cell","floor":12.0,"key":"SMITH"},{"data":"Zap","floor":15.0,"key":"SMITH"}],"circlet_count":0,"master_deck":["Strike_B","Strike_B","Defend_B","Defend_B","Defend_B","Zap+1","Dualcast","Undo","Rip and Tear+1","BasicCrystalCard","hubris:Prefetch+1","Glacier","BootSequence","Beam Cell+1","ReplayTheSpireMod:??????????????????????"],"relics":["Cracked Core","Torii","Orichalcum","Lee\u0027s Waffle","Mango","Thread and Needle","Pen Nib","hubris:Zylophone","Replay:Bronze Core","Ornamental Fan"],"acts_visited":["Exordium","TheCity"],"potions_floor_usage":[],"damage_taken":[{"damage":0.0,"enemies":"2 Louse","floor":1.0,"turns":2.0},{"damage":6.0,"enemies":"Jaw Worm","floor":4.0,"turns":2.0},{"damage":1.0,"enemies":"Small Slimes","floor":5.0,"turns":4.0},{"damage":1.0,"enemies":"Blue Slaver","floor":7.0,"turns":3.0},{"damage":12.0,"enemies":"Lagavulin","floor":8.0,"turns":7.0},{"damage":16.0,"enemies":"Gremlin Nob","floor":10.0,"turns":5.0},{"damage":0.0,"enemies":"Lots of Slimes","floor":11.0,"turns":4.0},{"damage":0.0,"enemies":"2 Fungi Beasts","floor":14.0,"turns":1.0},{"damage":0.0,"enemies":"Slime Boss","floor":16.0,"turns":7.0},{"damage":1,"enemies":"3 Byrds","floor":18,"turns":5},{"damage":0,"enemies":"Spheric Guardian","floor":22,"turns":2}],"seed_played":"8103911163288045223","potions_obtained":[{"floor":4.0,"key":"Elixir"},{"floor":7.0,"key":"Languid Potion"},{"floor":10.0,"key":"PotionOfCapacity"},{"floor":11.0,"key":"SteroidPotion"}],"is_trial":false,"path_per_floor":["M","$","?","M","M","R","M","E","T","E","M","R","T","M","R","B",null,"M","?","AVR","?","M"],"character_chosen":"DEFECT","items_purchased":["Torii","Orichalcum","Lee\u0027s Waffle","Undo","Rip and Tear","BasicCrystalCard"],"campfire_rested":0,"item_purchase_floors":[0,0,0,0,0,0],"current_hp_per_floor":[77,77,77,71,70,70,69,71,71,55,55,55,55,55,55,55,91,90,90,90,72,72,72],"gold":262,"neow_bonus":"","is_daily":false,"chose_seed":false,"campfire_upgraded":3,"win_rate":0.0,"timestamp":1613901234,"path_taken":["M","$","?","M","M","R","M","E","T","E","M","R","?","M","R","BOSS","M","?","AVR","?","M"],"items_purchased_type":["Relic","Relic","Relic","Card","Card","Card"],"build_version":"2020-12-22","purchased_purges":3,"victory":false,"max_hp_per_floor":[77,77,77,77,77,77,77,91,91,91,91,91,91,91,91,91,91,91,91,91,96,96,96],"card_choices":[{"not_picked":["hubris:Ukulele","Conserve Battery","Barrage"],"picked":"SKIP","floor":1.0},{"not_picked":["Redo","Reprogram"],"picked":"Glacier","floor":4.0},{"not_picked":["Turbo","Gash"],"picked":"BootSequence","floor":5.0},{"not_picked":["BasicCrystalCard","Turbo","Compile Driver"],"picked":"SKIP","floor":7.0},{"not_picked":["Steam","Turbo"],"picked":"Beam Cell","floor":8.0},{"not_picked":["Hologram","Steam","Stack"],"picked":"SKIP","floor":10.0},{"not_picked":["Doom and Gloom","Panic Button","Hello World"],"picked":"SKIP","floor":11.0},{"not_picked":["Compile Driver","Sweeping Beam","Force Field"],"picked":"SKIP","floor":14.0},{"not_picked":["Reprogram+1","Conserve Battery","Gash"],"picked":"SKIP","floor":18}],"player_experience":117578,"relics_obtained":[{"floor":8.0,"key":"Mango"},{"floor":9.0,"key":"Thread and Needle"},{"floor":10.0,"key":"Pen Nib"},{"floor":13.0,"key":"hubris:Zylophone"}],"event_choices":[{"damage_healed":0,"gold_gain":0,"player_choice":"Ignored","damage_taken":0,"max_hp_gain":0,"max_hp_loss":0,"event_name":"Ghosts","floor":19,"gold_loss":0},{"damage_healed":0,"gold_gain":0,"player_choice":"Shed Blood","damage_taken":23,"max_hp_gain":5,"max_hp_loss":0,"event_name":"Forgotten Altar","floor":21,"gold_loss":0}],"is_beta":false,"boss_relics":[{"not_picked":["hubris:Stopwatch","Snecko Eye"],"picked":"Replay:Bronze Core"}],"items_purged_floors":[0,2,20],"is_endless":false,"potions_floor_spawned":[4,7,10,11,16,18],"killed_by":"Spheric Guardian","ascension_level":1}}