{"host":"skr63qsdfgeey3it","time":1613908429,"event":{"mods":["BaseMod","Colored Map","Hubris","Minty Spire (QoL Compilation)","Monster B Gone","Reliquary","Replay The Spire","Spicy Shops","StSLib"],"gold_per_floor":[112,112,112,126,126,126,157,174,174,207,222,254,254,286,286,363,363,381,306,306,66,85,118,118,143,143,143,143,143,161,175,175,250,250,269,120,120,120,145,145,172,182,182,182,182,57,68,102,112,112,112,112,112],"floor_reached":52,"language":"ENG","playtime":2603,"items_purged":["ReplayTheSpireMod:Reroute Power","Time Bomb","hubris:Greed"],"score":1073,"play_id":"9ab75168-73e9-4af5-8516-b43ae811d128","local_time":"20210221055349","is_ascension_mode":true,"campfire_choices":[{"data":"Glacier","floor":6,"key":"SMITH"},{"data":"Scrape","floor":13,"key":"SMITH"},{"floor":15,"key":"REST"},{"floor":24,"key":"REST"},{"floor":27,"key":"REST"},{"data":"Zap","floor":29,"key":"SMITH"},{"floor":32,"key":"REST"},{"data":"Capacitor+1","floor":40,"key":"PURGE"},{"floor":51,"key":"REST"}],"circlet_count":0,"master_deck":["AscendersBane","Zap+1","Dualcast","Gash+1","Auto Shields","Glacier+1","Gash","FTL","Scrape+1","Self Repair+1","Rebound","Sweeping Beam+1","Sunder+1","Rebound+1","Hologram","Auto Shields","Gash+1","Crystallizer+1","Finesse","Gash+1","ReplayTheSpireMod:Omega Cannon+1","Go for the Eyes+1","Hologram","Conserve Battery","Gash+1","Scrape+1","hubris:Lust"],"relics":["Cracked Core","NeowsBlessing","Ginger","Frozen Egg 2","Ornamental Fan","reliquary:Boomerang","Molten Egg 2","Pandora\u0027s Box","hubris:Zylophone","Cables","reliquary:Conveyor","Cursed Key","hubris:Icosahedron","Peace Pipe","PreservedInsect","Snack Pack","reliquary:JackalopeAntler","DataDisk"],"acts_visited":["Exordium","TheCity","TheBeyond"],"potions_floor_usage":[10,10,12,23,23,25,30,48],"damage_taken":[{"damage":0,"enemies":"Jaw Worm","floor":1,"turns":1},{"damage":0,"enemies":"Small Slimes","floor":4,"turns":1},{"damage":0,"enemies":"Replay:BlueRogue","floor":7,"turns":1},{"damage":1,"enemies":"Cultist","floor":8,"turns":4},{"damage":11,"enemies":"3 Sentries","floor":10,"turns":12},{"damage":0,"enemies":"2 Fungi Beasts","floor":11,"turns":3},{"damage":26,"enemies":"Gremlin Nob","floor":12,"turns":5},{"damage":17,"enemies":"3 Sentries","floor":14,"turns":8},{"damage":13,"enemies":"Slime Boss","floor":16,"turns":9},{"damage":14,"enemies":"2 Thieves","floor":18,"turns":4},{"damage":9,"enemies":"3 Byrds","floor":22,"turns":5},{"damage":41,"enemies":"Slavers","floor":23,"turns":4},{"damage":24,"enemies":"Gremlin Leader","floor":25,"turns":7},{"damage":21,"enemies":"Snecko","floor":30,"turns":4},{"damage":22,"enemies":"Shelled Parasite and Fungi","floor":31,"turns":4},{"damage":39,"enemies":"Collector","floor":33,"turns":7},{"damage":11,"enemies":"3 Darklings","floor":35,"turns":4},{"damage":18,"enemies":"Mind Bloom Boss Battle","floor":39,"turns":5},{"damage":12,"enemies":"R_Hoarder","floor":41,"turns":4},{"damage":9,"enemies":"Orb Walker","floor":42,"turns":3},{"damage":28,"enemies":"Jaw Worm Horde","floor":47,"turns":2},{"damage":27,"enemies":"Nemesis","floor":48,"turns":3},{"damage":2,"enemies":"Maw","floor":49,"turns":6},{"damage":69,"enemies":"Awakened One","floor":52,"turns":6}],"seed_played":"-6331261266366407609","potions_obtained":[{"floor":1,"key":"PowerPotion"},{"floor":4,"key":"SkillPotion"},{"floor":11,"key":"Block Potion"},{"floor":20,"key":"LiquidMemories"},{"floor":20,"key":"LiquidBronze"},{"floor":23,"key":"PowerPotion"},{"floor":25,"key":"PowerPotion"},{"floor":35,"key":"Venom Potion"},{"floor":41,"key":"SteroidPotion"}],"is_trial":false,"path_per_floor":["M","?","?","M","?","R","E","M","T","E","M","E","R","E","R","B",null,"M","?","?","$","M","E","R","E","T","R","?","R","M","M","R","B",null,"M","$","?","?","?","R","E","M","PTL","PTL","T","$","M","E","M","T","R","B"],"character_chosen":"DEFECT","items_purchased":["ReplayUltimateDefense+1","Hologram"],"campfire_rested":5,"item_purchase_floors":[21,36],"current_hp_per_floor":[64,57,57,57,57,57,57,56,56,45,45,29,29,22,43,40,63,59,59,59,59,60,29,50,36,36,57,57,57,36,24,45,16,57,46,46,46,46,63,63,51,52,52,52,52,52,40,15,33,33,54,0,0],"gold":112,"neow_bonus":"THREE_ENEMY_KILL","is_daily":false,"chose_seed":false,"campfire_upgraded":3,"win_rate":0.0,"timestamp":1613908429,"path_taken":["M","?","?","?","?","R","E","M","T","E","M","E","R","E","R","BOSS","M","?","?","$","?","E","R","E","T","R","?","R","M","M","R","BOSS","M","$","?","?","?","R","E","M","PTL","PTL","T","?","?","E","M","?","R","BOSS"],"items_purchased_type":["Card","Card"],"build_version":"2020-12-22","purchased_purges":3,"victory":false,"max_hp_per_floor":[71,71,71,71,71,71,71,71,71,71,71,71,71,71,71,71,71,71,71,71,71,71,71,71,71,71,71,71,71,71,71,71,71,71,71,71,71,71,71,71,71,71,71,71,71,71,71,71,71,71,71,71,71],"card_choices":[{"not_picked":["Leap","FTL"],"picked":"Gash","floor":1},{"not_picked":["Sweeping Beam","Conserve Battery"],"picked":"Auto Shields","floor":4},{"not_picked":["Storm","Barrage"],"picked":"Gash","floor":7},{"not_picked":["BasicCrystalCard","Beam Cell"],"picked":"FTL","floor":8},{"not_picked":["Rebound","Mirror Shield"],"picked":"Scrape","floor":10},{"not_picked":["ReplayTheSpireMod:Repulse","Steam"],"picked":"Self Repair+1","floor":11},{"not_picked":["Leap","Beam Cell"],"picked":"Rebound","floor":12},{"not_picked":["hubris:Ukulele+1","Blizzard+1"],"picked":"Sweeping Beam+1","floor":14},{"not_picked":["ReplaySolidLightProjector","Leap"],"picked":"Hologram","floor":18},{"not_picked":["Stack","Sweeping Beam+1","Barrage+1"],"picked":"SKIP","floor":22},{"not_picked":["Blizzard+1","Reinforced Body"],"picked":"Auto Shields","floor":23},{"not_picked":["Self Repair+1","Stack"],"picked":"Gash+1","floor":25},{"not_picked":["FIFO Queue+1","Coolheaded"],"picked":"Gash+1","floor":30},{"not_picked":["Leap","ReplayTheSpireMod:GoodbyeWorld+1","Crystallizer+1"],"picked":"SKIP","floor":31},{"not_picked":["Core Surge+1","Fission"],"picked":"ReplayTheSpireMod:Omega Cannon+1","floor":33},{"not_picked":["ReplayTheSpireMod:GoodbyeWorld+1","Auto Shields"],"picked":"Go for the Eyes+1","floor":35},{"not_picked":["Lockon+1","ReplayTheSpireMod:Reroute Power"],"picked":"Conserve Battery","floor":41},{"not_picked":["hubris:PowerSurge+1","Heatsinks+1"],"picked":"Gash+1","floor":42},{"not_picked":["Compile Driver+1","Skim"],"picked":"Scrape+1","floor":47},{"not_picked":["Capacitor+1","Compile Driver+1","hubris:PowerSurge+1"],"picked":"SKIP","floor":48},{"not_picked":["Compile Driver+1","Double Energy","Hologram"],"picked":"SKIP","floor":49}],"player_experience":988793,"relics_obtained":[{"floor":7,"key":"Ginger"},{"floor":9,"key":"Frozen Egg 2"},{"floor":10,"key":"Ornamental Fan"},{"floor":12,"key":"reliquary:Boomerang"},{"floor":14,"key":"Molten Egg 2"},{"floor":23,"key":"hubris:Zylophone"},{"floor":25,"key":"Cables"},{"floor":26,"key":"reliquary:Conveyor"},{"floor":39,"key":"Peace Pipe"},{"floor":41,"key":"PreservedInsect"},{"floor":45,"key":"Snack Pack"},{"floor":48,"key":"reliquary:JackalopeAntler"},{"floor":50,"key":"DataDisk"}],"event_choices":[{"cards_removed":["Strike_B"],"damage_healed":0,"gold_gain":0,"player_choice":"Card Removal","damage_taken":7,"max_hp_gain":0,"max_hp_loss":0,"event_name":"Golden Wing","floor":2,"gold_loss":0},{"damage_healed":0,"gold_gain":0,"player_choice":"Forge","damage_taken":0,"max_hp_gain":0,"max_hp_loss":0,"event_name":"Accursed Blacksmith","floor":3,"gold_loss":0,"cards_upgraded":["Gash"]},{"cards_removed":["Blizzard"],"damage_healed":0,"gold_gain":0,"player_choice":"Gave Gold","damage_taken":0,"max_hp_gain":0,"max_hp_loss":0,"event_name":"Beggar","floor":19,"gold_loss":75},{"damage_healed":0,"gold_gain":0,"player_choice":"Got Potions","damage_taken":0,"max_hp_gain":0,"max_hp_loss":0,"event_name":"Lab","floor":20,"gold_loss":0},{"damage_healed":0,"gold_gain":0,"cards_transformed":["Tempest","ReplayUltimateDefense"],"player_choice":"Became Test Subject","damage_taken":0,"max_hp_gain":0,"max_hp_loss":0,"event_name":"Drug Dealer","floor":28,"gold_loss":0,"cards_obtained":["Crystallizer","Finesse"]},{"damage_healed":0,"gold_gain":0,"player_choice":"Fight","damage_taken":0,"max_hp_gain":0,"max_hp_loss":0,"event_name":"MindBloom","floor":39,"gold_loss":0}],"is_beta":false,"boss_relics":[{"not_picked":["Fusion Hammer","Abe\u0027s Treasure"],"picked":"Pandora\u0027s Box"},{"not_picked":["hubris:TerracottaHorce","Tiny House"],"picked":"Cursed Key"}],"items_purged_floors":[21,36,46],"is_endless":false,"potions_floor_spawned":[1,4,8,11,23,25,35,41,42,47],"killed_by":"Awakened One","ascension_level":15}}