{"host":"y7wrf01yacd588jx","time":1613873365,"event":{"mods":["AchievementEnabler","Act Like it!","Aspiration","BaseMod","Better Sensory Stone","Better Skull","Colored Map","Colored Powertips","Conspire","Displayed Cursed Tome","Downfall","Energized Spire","Friendly Minions","Gensokyo","GifTheSpireLib","Googly Eyes","Hermit","Hubris","Infinite Spire","Minty Spire (QoL Compilation)","Permanent Neow","Relic Sorter","Reliquary","Replay The Spire","Ruina","Shade Mod","StSLib","Stuff the Spire","The Cursed","The Death Knight","The Hierophant","The Mystic","The Sage"],"gold_per_floor":[110,110,129,129,146,160,160,160,229,229,258,278,311,325,325,428,428,439,439,439],"floor_reached":19,"language":"ENG","playtime":1799,"items_purged":[],"score":179,"play_id":"1b4e3ca0-7edb-4b2c-a06b-dcedb23d94d1","local_time":"20210220210925","is_ascension_mode":false,"campfire_choices":[{"data":"hermit:TakeAim","floor":10,"key":"SMITH"},{"floor":15,"key":"REST"}],"circlet_count":0,"master_deck":["hermit:Strike_Hermit","hermit:Strike_Hermit","hermit:Strike_Hermit","hermit:Defend_Hermit","hermit:Defend_Hermit","hermit:Defend_Hermit","hermit:Defend_Hermit","hermit:Snapshot","hermit:Covet","hermit:Quickdraw","CommonCold","Hallucinations","infinitespire:Gouge","hermit:Misfire","hermit:WideOpen","hermit:Dive","hermit:Combo","hermit:TakeAim+1","hermit:FlashPowder","hermit:ItchyTrigger","hermit:Reprieve","hermit:HoleUp"],"relics":["hermit:Momento","aspiration:Nostalgia","Blue Candle","Shade:YorickSkull","Lantern","Smiling Mask","reliquary:WritOfMandamus"],"acts_visited":["Exordium","TheCity"],"potions_floor_usage":[16,16,16],"damage_taken":[{"damage":4,"enemies":"2 Louse","floor":1,"turns":4},{"damage":3,"enemies":"Small Slimes","floor":3,"turns":3},{"damage":0,"enemies":"Cultist","floor":5,"turns":3},{"damage":2,"enemies":"Blue Slaver","floor":6,"turns":3},{"damage":28,"enemies":"3 Sentries","floor":11,"turns":7},{"damage":6,"enemies":"3 Louse","floor":12,"turns":4},{"damage":11,"enemies":"Replay:BlueRogue","floor":13,"turns":6},{"damage":0,"enemies":"Gremlin Gang","floor":14,"turns":3},{"damage":38,"enemies":"Slime Boss","floor":16,"turns":9},{"damage":33,"enemies":"3 Byrds","floor":18,"turns":6}],"seed_played":"538233865007239532","potions_obtained":[{"floor":4,"key":"PowerPotion"},{"floor":4,"key":"EssenceOfSteel"},{"floor":4,"key":"infinitespire:BlackPotion"},{"floor":12,"key":"hexamod:SoulburnPotion"}],"is_trial":false,"path_per_floor":["M","?","M","?","M","M","?","?","T","R","E","M","E","M","R","B",null,"M","$"],"character_chosen":"HERMIT","items_purchased":[],"campfire_rested":1,"item_purchase_floors":[],"current_hp_per_floor":[71,71,68,68,68,66,66,66,66,66,38,32,21,21,43,5,75,42,42,42],"gold":439,"neow_bonus":"NOSTALGIA","is_daily":false,"chose_seed":false,"campfire_upgraded":1,"win_rate":0.0,"timestamp":1613873365,"path_taken":["M","?","M","?","M","?","?","?","T","R","E","?","E","M","R","BOSS","M","?"],"items_purchased_type":[],"build_version":"2020-12-22","purchased_purges":0,"victory":false,"max_hp_per_floor":[75,75,75,75,75,75,75,75,75,75,75,75,75,75,75,75,75,75,75,75],"card_choices":[{"not_picked":["hermit:BodyArmor","hermit:HoleUp"],"picked":"hermit:Quickdraw","floor":1},{"not_picked":["infinitespire:Starlight","infinitespire:Menacing"],"picked":"infinitespire:Gouge","floor":2},{"not_picked":["hermit:GoldenBullet","hermit:Combo"],"picked":"hermit:Misfire","floor":3},{"not_picked":["hermit:HighCaliber","hermit:Quickdraw"],"picked":"hermit:WideOpen","floor":5},{"not_picked":["hermit:Headshot","hermit:Roulette"],"picked":"hermit:Dive","floor":6},{"not_picked":["hermit:Coalescence","hermit:Glare"],"picked":"hermit:FlashPowder","floor":11},{"not_picked":["hermit:SprayPray","hermit:BodyArmor","hermit:TakeCover"],"picked":"SKIP","floor":12},{"not_picked":["hermit:Manifest","hermit:FinalCanter"],"picked":"hermit:ItchyTrigger","floor":13},{"not_picked":["hermit:ItchyTrigger","hermit:BodyArmor","hermit:LowProfile"],"picked":"SKIP","floor":14},{"not_picked":["hermit:Magnum","hermit:Dissolve"],"picked":"hermit:Reprieve","floor":16},{"not_picked":["hermit:Shortfuse","hermit:Coalescence+1"],"picked":"hermit:HoleUp","floor":18}],"player_experience":153955,"relics_obtained":[{"floor":9,"key":"Blue Candle"},{"floor":11,"key":"Lantern"},{"floor":13,"key":"Smiling Mask"}],"event_choices":[{"damage_healed":0,"gold_gain":0,"player_choice":"Got Potions","damage_taken":0,"max_hp_gain":0,"max_hp_loss":0,"event_name":"Lab","floor":4,"gold_loss":0},{"damage_healed":0,"gold_gain":0,"cards_transformed":["hermit:Strike_Hermit"],"player_choice":"Change","damage_taken":0,"max_hp_gain":0,"max_hp_loss":0,"event_name":"Living Wall","floor":7,"gold_loss":0,"cards_obtained":["hermit:Combo"]},{"damage_healed":0,"gold_gain":0,"player_choice":"1 cards matched","damage_taken":0,"max_hp_gain":0,"max_hp_loss":0,"event_name":"Match and Keep!","floor":8,"gold_loss":0,"cards_obtained":["hermit:TakeAim"]}],"is_beta":false,"boss_relics":[{"not_picked":["aspiration:WatcherSkillbook","conspire:RoyalGoblet"],"picked":"reliquary:WritOfMandamus"}],"items_purged_floors":[],"is_endless":false,"potions_floor_spawned":[5,6,11,12,14],"ascension_level":0}}