{"host":"iv24d026eac8pm4e","time":1613926907,"event":{"mods":["BaseMod","Minty Spire (QoL Compilation)"],"gold_per_floor":[109,123,139,155,155,186,186,199,199,199,237,258,274,314,314,410,410,433,77,77,77,93,93,118,118,118,118,118,118],"floor_reached":28,"language":"ENG","playtime":4135,"items_purged":[],"score":580,"play_id":"8693c570-d5c2-454d-b153-ca86c2d020ba","local_time":"20210221090147","is_ascension_mode":true,"campfire_choices":[{"data":"Cloak And Dagger","floor":10,"key":"SMITH"},{"data":"Burst","floor":15,"key":"SMITH"},{"data":"Well Laid Plans","floor":23,"key":"SMITH"},{"data":"Concentrate","floor":25,"key":"SMITH"}],"circlet_count":0,"master_deck":["AscendersBane","Survivor","Neutralize","Cloak And Dagger+1","Dagger Spray","Slice","Blade Dance","Dash","Caltrops","Well Laid Plans+1","Dagger Throw","Blur","Burst+1","Corpse Explosion","Poisoned Stab","Dagger Throw","Concentrate+1","Accuracy","Poisoned Stab","Terror","Bane","Deflect","All Out Attack","Expertise","Panache","Shame","Leg Sweep","Deadly Poison+1","PiercingWail"],"relics":["Ring of the Snake","Lantern","Golden Idol","Ornamental Fan","Kunai","Anchor","Pandora\u0027s Box","Nunchaku","Enchiridion","Orichalcum","White Beast Statue"],"acts_visited":["Exordium","TheCity"],"potions_floor_usage":[6,8,16,22,28],"damage_taken":[{"damage":0,"enemies":"Jaw Worm","floor":1,"turns":6},{"damage":2,"enemies":"2 Louse","floor":2,"turns":5},{"damage":0,"enemies":"Small Slimes","floor":3,"turns":3},{"damage":1,"enemies":"2 Fungi Beasts","floor":4,"turns":3},{"damage":16,"enemies":"Lagavulin","floor":6,"turns":7},{"damage":0,"enemies":"Red Slaver","floor":8,"turns":4},{"damage":3,"enemies":"3 Sentries","floor":11,"turns":9},{"damage":0,"enemies":"Exordium Wildlife","floor":12,"turns":2},{"damage":0,"enemies":"2 Fungi Beasts","floor":13,"turns":3},{"damage":3,"enemies":"Gremlin Nob","floor":14,"turns":4},{"damage":0,"enemies":"Slime Boss","floor":16,"turns":11},{"damage":0,"enemies":"3 Byrds","floor":18,"turns":4},{"damage":18,"enemies":"Spheric Guardian","floor":22,"turns":4},{"damage":0,"enemies":"Centurion and Healer","floor":24,"turns":4},{"damage":24,"enemies":"Slavers","floor":28,"turns":1}],"seed_played":"-3188578956728187868","potions_obtained":[{"floor":3,"key":"Explosive Potion"},{"floor":4,"key":"SteroidPotion"},{"floor":11,"key":"Block Potion"},{"floor":12,"key":"SpeedPotion"},{"floor":14,"key":"Fire Potion"},{"floor":24,"key":"AttackPotion"}],"is_trial":false,"path_per_floor":["M","M","M","M","?","E","?","M","T","R","E","M","M","E","R","B",null,"M","$","?","?","M","R","M","R","T","?","E"],"character_chosen":"THE_SILENT","items_purchased":["Nunchaku","Panache"],"campfire_rested":0,"item_purchase_floors":[19,19],"current_hp_per_floor":[59,57,57,56,56,40,40,40,40,40,37,37,37,34,34,34,54,54,54,33,33,15,15,15,15,15,15,0,0],"gold":118,"neow_bonus":"THREE_CARDS","is_daily":false,"chose_seed":false,"campfire_upgraded":4,"win_rate":0.0,"timestamp":1613926907,"path_taken":["M","M","M","M","?","E","?","M","T","R","E","M","M","E","R","BOSS","M","$","?","?","M","R","M","R","T","?","E"],"items_purchased_type":["Relic","Card"],"build_version":"2020-12-22","purchased_purges":0,"victory":false,"max_hp_per_floor":[66,66,66,66,66,66,60,60,60,60,60,60,60,60,60,60,60,60,60,60,60,60,60,60,60,60,60,60,60],"card_choices":[{"not_picked":["Slice","Backflip"],"picked":"Cloak And Dagger","floor":0},{"not_picked":["Outmaneuver","Flying Knee"],"picked":"Dagger Spray","floor":1},{"not_picked":["Prepared","Eviscerate"],"picked":"Slice","floor":2},{"not_picked":["Dagger Throw","Bane"],"picked":"Blade Dance","floor":3},{"not_picked":["Storm of Steel","Noxious Fumes"],"picked":"Dash","floor":4},{"not_picked":["Dagger Throw","Underhanded Strike","Prepared"],"picked":"SKIP","floor":6},{"not_picked":["Calculated Gamble","All Out Attack"],"picked":"Well Laid Plans","floor":8},{"not_picked":["Heel Hook","Sucker Punch","Acrobatics"],"picked":"SKIP","floor":11},{"not_picked":["Concentrate","Slice"],"picked":"Dagger Throw","floor":12},{"not_picked":["Underhanded Strike","Dodge and Roll"],"picked":"Blur","floor":13},{"not_picked":["Dodge and Roll","Deadly Poison"],"picked":"Burst","floor":14},{"not_picked":["Burst","Glass Knife"],"picked":"Corpse Explosion","floor":16},{"not_picked":["PiercingWail","All Out Attack"],"picked":"Expertise","floor":18},{"not_picked":["Calculated Gamble","Prepared"],"picked":"Leg Sweep","floor":22},{"not_picked":["Caltrops","Masterful Stab"],"picked":"Deadly Poison+1","floor":24}],"player_experience":2551002,"relics_obtained":[{"floor":6,"key":"Lantern"},{"floor":9,"key":"Ornamental Fan"},{"floor":11,"key":"Kunai"},{"floor":14,"key":"Anchor"},{"floor":20,"key":"Enchiridion"},{"floor":26,"key":"White Beast Statue"}],"event_choices":[{"damage_healed":0,"gold_gain":0,"cards_transformed":["Strike_G"],"player_choice":"Change","damage_taken":0,"max_hp_gain":0,"max_hp_loss":0,"event_name":"Living Wall","floor":5,"gold_loss":0,"cards_obtained":["Caltrops"]},{"damage_healed":0,"gold_gain":0,"player_choice":"Lose Max HP","damage_taken":0,"relics_obtained":["Golden Idol"],"max_hp_gain":0,"max_hp_loss":6,"event_name":"Golden Idol","floor":7,"gold_loss":0},{"damage_healed":0,"gold_gain":0,"player_choice":"Obtained Book","damage_taken":21,"max_hp_gain":0,"max_hp_loss":0,"event_name":"Cursed Tome","floor":20,"gold_loss":0},{"damage_healed":0,"gold_gain":0,"player_choice":"Stole Relic","damage_taken":0,"relics_obtained":["Orichalcum"],"max_hp_gain":0,"max_hp_loss":0,"event_name":"Addict","floor":21,"gold_loss":0,"cards_obtained":["Shame"]},{"damage_healed":0,"gold_gain":0,"player_choice":"Read","damage_taken":0,"max_hp_gain":0,"max_hp_loss":0,"event_name":"The Library","floor":27,"gold_loss":0,"cards_obtained":["PiercingWail"]}],"is_beta":false,"boss_relics":[{"not_picked":["SacredBark","Calling Bell"],"picked":"Pandora\u0027s Box"}],"items_purged_floors":[],"is_endless":false,"potions_floor_spawned":[3,4,11,12,14,24],"killed_by":"Slavers","ascension_level":20}}