{"host":"s9mizfpm0ux1oq2e","time":1613901629,"event":{"mods":["Aspiration","BaseMod","Downfall","Minty Spire (QoL Compilation)","Permanent Neow","Replay The Spire","StSLib","SuperFastMode"],"gold_per_floor":[99,116,132,146,166,166,166,185,205,231,231,231,318,330,342,443,443,443,462,473,489,589,660,660,33,52,72,72,72,172,172,183,280,280,280,295,350,361,440,454,501,855,890,903,928,928,928,475,494,494],"floor_reached":51,"language":"ENG","playtime":3039,"items_purged":["bronze:Terminator","bronze:SpaghettiCode+1","Parasite"],"score":708,"play_id":"94204455-ccf1-4d7f-bdfa-a686c781c5c2","local_time":"25640221170029","is_ascension_mode":false,"campfire_choices":[{"data":"bronze:Goto","floor":6,"key":"SMITH"},{"floor":11,"key":"REST"},{"data":"bronze:SpaghettiCode","floor":18,"key":"SMITH"},{"data":"bronze:Shell","floor":29,"key":"SMITH"},{"data":"bronze:Repulsor","floor":35,"key":"SMITH"},{"floor":47,"key":"RECALL"}],"circlet_count":0,"master_deck":["bronze:Replicate","bronze:Goto+1","bronze:DelayedGuard","bronze:ThunderWave","bronze:Repulsor+1","bronze:BronzeOrb","bronze:Shell+1","bronze:Overheat","bronze:ChildClass","bronze:Iterate","bronze:ClassDefault","bronze:Optimize","bronze:DelayedGuard+1","bronze:Turbo","bronze:ClassDefault","bronze:DarkDash","bronze:Invalidate","J.A.X.","bronze:Flail","bronze:CleanCode","bronze:ClassDefault","bronze:Mutator","Scrape","bronze:Optimize+1","expansioncontent:InvincibleStrength"],"relics":["bronze:BronzeCore","Lizard Tail","Tiny Chest","Juzu Bracelet","Bag of Preparation","Replay:Grab Bag","Philosopher\u0027s Stone","aspiration:FutureDiary","Pandora\u0027s Box","downfall:GremlinWheel","Snack Pack","aspiration:HummingbirdHeart","Counterbalance","Anchor","Du-Vu Doll","MutagenicStrength","Bottled Flame","aspiration:DefectSkillbook","Regal Pillow","Ornamental Fan","Old Coin","Art of War","Omamori","Shuriken"],"acts_visited":["Exordium","TheCity","TheBeyond"],"potions_floor_usage":[10,10,16,16,16,33,42,42,43,50,50],"damage_taken":[{"damage":5,"enemies":"2 Louse","floor":2,"turns":2},{"damage":1,"enemies":"Cultist","floor":3,"turns":3},{"damage":6,"enemies":"Jaw Worm","floor":4,"turns":3},{"damage":13,"enemies":"Exordium Thugs","floor":5,"turns":5},{"damage":5,"enemies":"downfall:LooterAlt","floor":8,"turns":4},{"damage":3,"enemies":"2 Fungi Beasts","floor":9,"turns":5},{"damage":13,"enemies":"3 Sentries","floor":10,"turns":7},{"damage":4,"enemies":"Exordium Thugs","floor":14,"turns":5},{"damage":5,"enemies":"Gremlin Gang","floor":15,"turns":8},{"damage":5,"enemies":"SI_SHIV_ARCHETYPE","floor":16,"turns":12},{"damage":3,"enemies":"Shell Parasite","floor":19,"turns":4},{"damage":1,"enemies":"Spheric Guardian","floor":20,"turns":3},{"damage":0,"enemies":"Chosen and Byrds","floor":21,"turns":6},{"damage":0,"enemies":"Chosen and Byrds","floor":22,"turns":4},{"damage":0,"enemies":"downfall:FleeingMerchant","floor":25,"turns":4},{"damage":0,"enemies":"Cultist and Chosen","floor":26,"turns":5},{"damage":0,"enemies":"Centurion and Healer","floor":27,"turns":5},{"damage":0,"enemies":"downfall:Augmenter","floor":30,"turns":6},{"damage":3,"enemies":"Snake Plant","floor":32,"turns":2},{"damage":47,"enemies":"DF_ARCHETYPE_CLAW","floor":33,"turns":6},{"damage":3,"enemies":"3 Shapes","floor":36,"turns":3},{"damage":3,"enemies":"3 Darklings","floor":38,"turns":4},{"damage":6,"enemies":"Maw","floor":40,"turns":5},{"damage":11,"enemies":"2 Orb Walkers","floor":42,"turns":3},{"damage":3,"enemies":"R_Hoarder","floor":43,"turns":7},{"damage":6,"enemies":"Writhing Mass","floor":44,"turns":4},{"damage":6,"enemies":"downfall:FleeingMerchant","floor":48,"turns":4},{"damage":7,"enemies":"4 Shapes","floor":49,"turns":2},{"damage":27,"enemies":"WA_ARCHETYPE_DIVINITY","floor":50,"turns":8}],"seed_played":"-5756469183995531522","potions_obtained":[{"floor":8,"key":"SkillPotion"},{"floor":9,"key":"BlessingOfTheForge"},{"floor":10,"key":"BlessingOfTheForge"},{"floor":13,"key":"Weak Potion"},{"floor":13,"key":"Milkshake"},{"floor":16,"key":"LiquidMemories"},{"floor":21,"key":"Energy Potion"},{"floor":26,"key":"sneckomod:MuddlingPotion"},{"floor":30,"key":"LifebloodPotion"},{"floor":33,"key":"Dexterity Potion"},{"floor":38,"key":"Reflective Coating"},{"floor":43,"key":"BlessingOfTheForge"}],"is_trial":false,"path_per_floor":["R","M","M","M","M","R","T","M","M","E","R","?","?","M","M","B",null,"R","M","M","M","?","T","T","$","M","M","?","R","?","T","M","B",null,"R","M","?","M","T","M","T","?","E","M","T","?","R","$","M","B",null],"character_chosen":"THE_AUTOMATON","items_purchased":["Counterbalance","Anchor","Shuriken","Adrenaline Potion"],"campfire_rested":1,"item_purchase_floors":[25,25,48,48],"current_hp_per_floor":[49,44,43,37,24,24,24,19,16,3,24,24,24,20,15,10,70,70,67,66,66,66,66,66,70,70,70,70,70,70,70,69,31,70,70,67,67,67,67,67,67,59,64,62,62,62,62,60,55,34],"gold":494,"neow_bonus":"ONE_RARE_RELIC","is_daily":false,"chose_seed":false,"campfire_upgraded":4,"win_rate":0.0,"timestamp":1613901629,"path_taken":["R","M","M","M","M","R","T","M","M","E","R","?","?","M","M","BOSS","R","M","M","M","?","?","T","?","M","M","?","R","?","?","M","BOSS","R","M","?","M","?","M","T","?","E","M","?","?","R","$","M","BOSS"],"items_purchased_type":["Relic","Relic","Relic","Potion"],"build_version":"2020-12-22","purchased_purges":3,"victory":true,"max_hp_per_floor":[70,70,70,70,70,70,70,70,70,70,70,70,70,70,70,70,70,70,70,70,70,70,70,70,70,70,70,70,70,70,70,70,70,70,70,70,70,70,70,70,70,70,70,70,70,70,70,67,67,67],"card_choices":[{"not_picked":["bronze:Frontload","bronze:Constructor","bronze:ItsAFeature"],"picked":"SKIP","floor":2},{"not_picked":["bronze:DigitalCarnage","bronze:Overload"],"picked":"bronze:DelayedGuard","floor":3},{"not_picked":["bronze:BugBarrage","bronze:OilSpill","bronze:CutThrough"],"picked":"SKIP","floor":4},{"not_picked":["bronze:Branch","bronze:MaxOutput","bronze:Turbo"],"picked":"SKIP","floor":5},{"not_picked":["bronze:Boost","bronze:WildBeam"],"picked":"bronze:ThunderWave","floor":8},{"not_picked":["bronze:Turbo","bronze:Shield"],"picked":"bronze:Repulsor","floor":9},{"not_picked":["bronze:CutThrough","bronze:FindAndReplace"],"picked":"bronze:BronzeOrb","floor":10},{"not_picked":["bronze:Branch","bronze:OilSpill","bronze:Iterate"],"picked":"SKIP","floor":14},{"not_picked":["bronze:Branch","bronze:Separator","bronze:BuggyMess"],"picked":"SKIP","floor":15},{"not_picked":["bronze:FindAndReplace","bronze:RecursiveStrike"],"picked":"bronze:SpaghettiCode","floor":16},{"not_picked":["bronze:DarkDash","bronze:Overheat","bronze:ForceShield"],"picked":"SKIP","floor":19},{"not_picked":["bronze:Frontload","bronze:OilSpill"],"picked":"bronze:DelayedGuard+1","floor":20},{"not_picked":["bronze:Branch","bronze:Overheat","bronze:BuggyMess"],"picked":"SKIP","floor":21},{"not_picked":["bronze:BuggyMess+1","bronze:Frontload+1"],"picked":"bronze:Turbo","floor":25},{"not_picked":["bronze:Branch","bronze:ThunderWave","bronze:Repulsor+1"],"picked":"SKIP","floor":26},{"not_picked":["bronze:Constructor","bronze:ForceShield","bronze:BitShift"],"picked":"SKIP","floor":27},{"not_picked":[],"picked":"J.A.X.","floor":30},{"not_picked":["bronze:Repair+1","bronze:WhirlingStrike"],"picked":"bronze:Flail","floor":30},{"not_picked":["bronze:Overheat","bronze:Branch+1","bronze:DarkDash"],"picked":"SKIP","floor":32},{"not_picked":["bronze:HardenedForm","bronze:Mutator"],"picked":"bronze:CleanCode","floor":33},{"not_picked":["Hello World","Chill","bronze:Iterate"],"picked":"bronze:ClassDefault","floor":36},{"not_picked":["bronze:CutThrough","Barrage","bronze:Constructor","Lockon"],"picked":"SKIP","floor":38},{"not_picked":["Crystallizer+1","bronze:Overheat+1","bronze:BronzeOrb+1"],"picked":"bronze:Mutator","floor":40},{"not_picked":["Sweeping Beam+1","Hologram+1","bronze:Shield"],"picked":"Scrape","floor":43},{"not_picked":["bronze:Turbo","Crystallizer","Compile Driver"],"picked":"bronze:Optimize+1","floor":44},{"not_picked":["expansioncontent:PrepareCrush","expansioncontent:PolyBeam"],"picked":"expansioncontent:InvincibleStrength","floor":46},{"not_picked":["ReplayTheSpireMod:Reroute Power+1","bronze:Invalidate","bronze:Flail","Leap"],"picked":"SKIP","floor":48},{"not_picked":["Steam+1","Compile Driver","Mirror Shield","bronze:WhirlingStrike+1"],"picked":"SKIP","floor":49}],"player_experience":185059,"relics_obtained":[{"floor":7,"key":"Tiny Chest"},{"floor":10,"key":"Juzu Bracelet"},{"floor":13,"key":"Bag of Preparation"},{"floor":22,"key":"downfall:GremlinWheel"},{"floor":23,"key":"Snack Pack"},{"floor":24,"key":"aspiration:HummingbirdHeart"},{"floor":29,"key":"Du-Vu Doll"},{"floor":30,"key":"MutagenicStrength"},{"floor":31,"key":"Bottled Flame"},{"floor":37,"key":"Regal Pillow"},{"floor":39,"key":"Ornamental Fan"},{"floor":42,"key":"Old Coin"},{"floor":43,"key":"Art of War"},{"floor":45,"key":"Omamori"}],"event_choices":[{"damage_healed":0,"gold_gain":0,"player_choice":"Read","damage_taken":0,"max_hp_gain":0,"max_hp_loss":0,"event_name":"The Library","floor":28,"gold_loss":0,"cards_obtained":["bronze:ClassDefault"]},{"damage_healed":0,"gold_gain":0,"player_choice":"Relic","damage_taken":0,"max_hp_gain":0,"max_hp_loss":0,"event_name":"Wheel of Change","floor":29,"gold_loss":0},{"damage_healed":0,"gold_gain":0,"player_choice":"Fight","damage_taken":0,"max_hp_gain":0,"max_hp_loss":0,"event_name":"Mysterious Sphere","floor":42,"gold_loss":0}],"is_beta":false,"boss_relics":[{"not_picked":["Replay:Ancient Bell","Painkiller Herb"],"picked":"Replay:Grab Bag"},{"not_picked":["Cursed Key","Replay:Bronze Core"],"picked":"Philosopher\u0027s Stone"},{"not_picked":["ReplayTheSpireMod:DimensionalGlitch","ChewingGum"],"picked":"aspiration:FutureDiary"},{"not_picked":["Calling Bell","Empty Cage"],"picked":"Pandora\u0027s Box"},{"not_picked":["aspiration:WatcherSkillbook","bronze:PlatinumCore"],"picked":"aspiration:DefectSkillbook"}],"items_purged_floors":[25,25,48],"is_endless":false,"potions_floor_spawned":[8,9,10,16,21,26,30,33,38,43],"ascension_level":0}}