{"host":"g907ck67u7c3hrs6","time":1613878023,"event":{"mods":["BaseMod","Colored Map","DeckTracker","Force Act Four","Highlight Path","Keyboard Shortcuts","Minty Spire (QoL Compilation)","Permanent Neow","Say the Spire","SuperFastMode"],"gold_per_floor":[114,129,144,319,166,196,196,226,226,226,256,286,298,340,352,464,476,503,530,557,584,252,252,252,282,357,387,174,204,91,106,106,206,206,221,221,236,148,163,193,193,223,223,253,283,298,328,228,228,228,228,228,3,33,33],"floor_reached":56,"language":"KOR","playtime":1733,"items_purged":["Doubt","Wild Strike","Hemokinesis","Wild Strike","Intimidate","Armaments+1"],"score":1889,"play_id":"cf63e572-a736-42c1-95a8-e8adfe10dbb9","local_time":"20210221122703","daily_mods":["SealedDeck","Flight","Elite Swarm"],"is_ascension_mode":false,"campfire_choices":[{"data":"Barricade","floor":7,"key":"SMITH"},{"data":"Entrench","floor":10,"key":"SMITH"},{"data":"Entrench","floor":13,"key":"SMITH"},{"data":"Armaments","floor":15,"key":"SMITH"},{"data":"Entrench","floor":23,"key":"SMITH"},{"data":"Apotheosis","floor":24,"key":"SMITH"},{"data":"Entrench","floor":32,"key":"SMITH"},{"floor":41,"key":"RECALL"},{"data":"1","floor":49,"key":"LIFT"},{"data":"2","floor":52,"key":"LIFT"}],"circlet_count":0,"master_deck":["Body Slam+1","Entrench+1","Shrug It Off","Shrug It Off","Shrug It Off","Rampage+1","Entrench+1","Barricade+1","Impervious","Apotheosis+1","Entrench+1","Impervious","Entrench+1","Battle Trance","Shockwave+1","Offering","Seek"],"relics":["Burning Blood","FossilizedHelix","Bronze Scales","White Beast Statue","Girya","MawBank","MealTicket","Coffee Dripper","Letter Opener","Orichalcum","Membership Card","Pantograph","SlaversCollar","Bottled Lightning","HornCleat","Eternal Feather","Juzu Bracelet","Bag of Preparation","Meat on the Bone","PrismaticShard","Bag of Marbles","Whetstone","Sundial"],"acts_visited":["Exordium","TheCity","TheBeyond","TheEnding"],"potions_floor_usage":[27,55,55,55,55,55],"damage_taken":[{"damage":4,"enemies":"Small Slimes","floor":1,"turns":3},{"damage":2,"enemies":"2 Louse","floor":2,"turns":2},{"damage":2,"enemies":"Cultist","floor":3,"turns":2},{"damage":18,"enemies":"Gremlin Nob","floor":6,"turns":4},{"damage":0,"enemies":"Lagavulin","floor":8,"turns":6},{"damage":12,"enemies":"Gremlin Nob","floor":11,"turns":4},{"damage":0,"enemies":"Lagavulin","floor":12,"turns":5},{"damage":0,"enemies":"Gremlin Nob","floor":14,"turns":5},{"damage":2,"enemies":"The Guardian","floor":16,"turns":7},{"damage":0,"enemies":"Chosen","floor":18,"turns":3},{"damage":0,"enemies":"2 Thieves","floor":19,"turns":4},{"damage":0,"enemies":"Cultist and Chosen","floor":20,"turns":5},{"damage":0,"enemies":"Snake Plant","floor":21,"turns":5},{"damage":6,"enemies":"Book of Stabbing","floor":25,"turns":5},{"damage":2,"enemies":"Slavers","floor":27,"turns":7},{"damage":12,"enemies":"Gremlin Leader","floor":29,"turns":3},{"damage":10,"enemies":"Sentry and Sphere","floor":31,"turns":6},{"damage":0,"enemies":"Collector","floor":33,"turns":4},{"damage":0,"enemies":"3 Darklings","floor":35,"turns":9},{"damage":0,"enemies":"3 Shapes","floor":37,"turns":6},{"damage":0,"enemies":"Transient","floor":39,"turns":5},{"damage":0,"enemies":"Reptomancer","floor":40,"turns":3},{"damage":0,"enemies":"Giant Head","floor":42,"turns":4},{"damage":0,"enemies":"Nemesis","floor":44,"turns":7},{"damage":0,"enemies":"Reptomancer","floor":45,"turns":2},{"damage":0,"enemies":"Maw","floor":46,"turns":3},{"damage":0,"enemies":"Nemesis","floor":47,"turns":3},{"damage":0,"enemies":"Donu and Deca","floor":50,"turns":3},{"damage":0,"enemies":"Shield and Spear","floor":54,"turns":3},{"damage":6,"enemies":"The Heart","floor":55,"turns":6}],"seed_played":"-7397021786818157212","potions_obtained":[{"floor":6,"key":"Explosive Potion"},{"floor":11,"key":"SkillPotion"},{"floor":12,"key":"GamblersBrew"},{"floor":18,"key":"Ancient Potion"},{"floor":19,"key":"Swift Potion"},{"floor":27,"key":"Fruit Juice"},{"floor":29,"key":"SteroidPotion"},{"floor":31,"key":"EntropicBrew"}],"is_trial":false,"path_per_floor":["M","M","M","?","$","E","R","E","T","R","E","E","R","E","R","B",null,"M","M","M","M","$","R","R","E","T","E","$","E","$","M","R","B",null,"M","?","M","$","M","E","R","E","T","E","E","M","E","$","R","B",null,"R","$","E","B",null],"character_chosen":"IRONCLAD","items_purchased":["Entrench","Apotheosis","Entrench","Membership Card","Entrench","PrismaticShard","Bag of Marbles","Whetstone"],"campfire_rested":0,"item_purchase_floors":[5,22,22,28,30,53,53,53],"current_hp_per_floor":[80,80,80,80,80,68,68,74,74,74,68,74,74,80,80,80,80,80,80,80,80,80,80,80,80,80,85,85,79,85,81,81,85,85,85,85,85,85,85,85,85,85,85,85,85,85,85,85,85,85,85,85,85,85,85],"gold":33,"neow_bonus":"","is_daily":true,"chose_seed":false,"campfire_upgraded":7,"win_rate":0.0,"timestamp":1613878023,"path_taken":["M","M","M","?","$","E","R","E","T","R","E","E","R","E","R","BOSS","M","M","M","M","$","R","R","E","T","E","$","E","$","M","R","BOSS","M","?","M","$","M","E","R","E","T","E","E","M","E","$","R","BOSS","R","$","E","BOSS"],"items_purchased_type":["Card","Card","Card","Relic","Card","Relic","Relic","Relic"],"build_version":"2020-12-22","purchased_purges":6,"victory":true,"max_hp_per_floor":[80,80,80,80,80,80,80,80,80,80,80,80,80,80,80,80,80,80,80,80,80,80,80,80,80,80,85,85,85,85,85,85,85,85,85,85,85,85,85,85,85,85,85,85,85,85,85,85,85,85,85,85,85,85,85],"card_choices":[{"not_picked":["Anger","True Grit"],"picked":"Rampage","floor":1},{"not_picked":["Infernal Blade","Iron Wave","Cleave"],"picked":"SKIP","floor":2},{"not_picked":["Reckless Charge","Armaments"],"picked":"Headbutt","floor":3},{"not_picked":["Offering","Reaper"],"picked":"Barricade","floor":6},{"not_picked":["Demon Form","Corruption","Reaper"],"picked":"SKIP","floor":8},{"not_picked":["Juggernaut","Exhume","Immolate"],"picked":"SKIP","floor":11},{"not_picked":["Feed","Exhume"],"picked":"Impervious","floor":12},{"not_picked":["Exhume","Berserk","Demon Form"],"picked":"SKIP","floor":14},{"not_picked":["Flex+1","Searing Blow+1","Reckless Charge+1"],"picked":"SKIP","floor":18},{"not_picked":["Twin Strike","Headbutt","Metallicize"],"picked":"SKIP","floor":19},{"not_picked":["Clash+1","Blood for Blood","Perfected Strike"],"picked":"SKIP","floor":20},{"not_picked":["Blood for Blood","Fiend Fire","Combust"],"picked":"SKIP","floor":21},{"not_picked":["Exhume","Feed"],"picked":"Impervious","floor":25},{"not_picked":["Limit Break","Immolate","Feed"],"picked":"SKIP","floor":27},{"not_picked":["Juggernaut","Berserk","Double Tap"],"picked":"SKIP","floor":29},{"not_picked":["Armaments+1","Thunderclap"],"picked":"Battle Trance","floor":31},{"not_picked":["Twin Strike+1","Whirlwind"],"picked":"Shockwave+1","floor":35},{"not_picked":["Perfected Strike","Whirlwind","True Grit+1"],"picked":"SKIP","floor":37},{"not_picked":["Flex","Seeing Red","True Grit"],"picked":"SKIP","floor":39},{"not_picked":["Immolate","Demon Form","Reaper"],"picked":"SKIP","floor":40},{"not_picked":["Demon Form","Corruption"],"picked":"Offering","floor":42},{"not_picked":["Limit Break","Reaper","Corruption"],"picked":"SKIP","floor":44},{"not_picked":["Berserk","Exhume","Juggernaut"],"picked":"SKIP","floor":45},{"not_picked":["Cleave","Armaments+1","Spot Weakness+1"],"picked":"SKIP","floor":46},{"not_picked":["Feed","Brutality","Exhume"],"picked":"SKIP","floor":47},{"not_picked":["Feed","Brutality","Exhume"],"picked":"SKIP","floor":47},{"not_picked":["HandOfGreed","Violence"],"picked":"Seek","floor":54}],"player_experience":334070,"relics_obtained":[{"floor":6,"key":"FossilizedHelix"},{"floor":8,"key":"Bronze Scales"},{"floor":9,"key":"White Beast Statue"},{"floor":11,"key":"Girya"},{"floor":12,"key":"MawBank"},{"floor":14,"key":"MealTicket"},{"floor":25,"key":"Letter Opener"},{"floor":27,"key":"Orichalcum"},{"floor":29,"key":"Pantograph"},{"floor":40,"key":"Bottled Lightning"},{"floor":42,"key":"HornCleat"},{"floor":43,"key":"Eternal Feather"},{"floor":44,"key":"Juzu Bracelet"},{"floor":45,"key":"Bag of Preparation"},{"floor":47,"key":"Meat on the Bone"},{"floor":54,"key":"Sundial"}],"event_choices":[{"damage_healed":0,"gold_gain":175,"player_choice":"AGREE","damage_taken":0,"max_hp_gain":0,"max_hp_loss":0,"event_name":"Liars Game","floor":4,"gold_loss":0,"cards_obtained":["Doubt"]},{"cards_removed":["Headbutt"],"damage_healed":0,"gold_gain":0,"player_choice":"Removed Attack","damage_taken":0,"max_hp_gain":0,"max_hp_loss":0,"event_name":"Falling","floor":36,"gold_loss":0}],"is_beta":false,"boss_relics":[{"not_picked":["Velvet Choker","Calling Bell"],"picked":"Coffee Dripper"},{"not_picked":["Philosopher\u0027s Stone","Tiny House"],"picked":"SlaversCollar"}],"items_purged_floors":[5,22,28,30,38,48],"is_endless":false,"potions_floor_spawned":[6,11,12,14,16,18,19,20,21,25,27,29,31,33,35,37,39,40,42,44,45,46,47,54],"ascension_level":0}}