{"host":"08t08ld674si40tv","time":1613878090,"event":{"mods":["AchievementEnabler","BaseMod","Colored Map","Minty Spire (QoL Compilation)","StSLib","SuperFastMode"],"gold_per_floor":[113,129,149,149,161,187,112,112,135,60,60,87,162,173,173,245,245,260,170,185,185,200,227,227,262,262,289,289,289,289,306,306,379,379,389,406,421,421,421,421,432,15,40,71,71,91,116,71,71,71,71,71],"floor_reached":51,"language":"KOR","playtime":1966,"items_purged":["Strike_G","Defend_G"],"score":1750,"play_id":"802cc2c3-3c44-4b16-a915-f6f9b91d46ea","local_time":"20210221122810","is_ascension_mode":true,"campfire_choices":[{"data":"Neutralize","floor":8,"key":"SMITH"},{"data":"Survivor","floor":11,"key":"SMITH"},{"floor":15,"key":"REST"},{"floor":28,"key":"REST"},{"floor":30,"key":"RECALL"},{"data":"Defend_G","floor":32,"key":"SMITH"},{"floor":40,"key":"REST"},{"floor":45,"key":"REST"},{"floor":49,"key":"REST"}],"circlet_count":0,"master_deck":["AscendersBane","Defend_G+1","Defend_G+1","Survivor+1","Neutralize+1","Catalyst+1","Prepared+1","Footwork+1","Poisoned Stab+1","Dagger Spray+1","Burst+1","Acrobatics+1","Adrenaline+1","Doppelganger+1","Envenom+1","Tools of the Trade+1","Well Laid Plans+1","Blade Dance+1","Noxious Fumes+1","Corpse Explosion+1","Backflip+1","Adrenaline+1","Escape Plan+1","Tactician+1"],"relics":["Ring of the Snake","Frozen Egg 2","Molten Egg 2","Toxic Egg 2","Happy Flower","Lantern","Astrolabe","White Beast Statue","Art of War","Bottled Lightning","Matryoshka","Molten Egg 2","HoveringKite","Bag of Marbles","MealTicket","Anchor","Kunai","Dead Branch"],"acts_visited":["Exordium","TheCity","TheBeyond"],"potions_floor_usage":[5,23,23,24,25,33,44,50,50],"damage_taken":[{"damage":0,"enemies":"2 Louse","floor":1,"turns":3},{"damage":2,"enemies":"Jaw Worm","floor":2,"turns":5},{"damage":2,"enemies":"Small Slimes","floor":3,"turns":3},{"damage":0,"enemies":"Red Slaver","floor":5,"turns":4},{"damage":8,"enemies":"Gremlin Nob","floor":6,"turns":3},{"damage":4,"enemies":"Lagavulin","floor":12,"turns":5},{"damage":0,"enemies":"Large Slime","floor":14,"turns":4},{"damage":6,"enemies":"Hexaghost","floor":16,"turns":8},{"damage":0,"enemies":"2 Thieves","floor":18,"turns":3},{"damage":0,"enemies":"Chosen","floor":20,"turns":3},{"damage":0,"enemies":"Snecko","floor":22,"turns":2},{"damage":2,"enemies":"Slavers","floor":23,"turns":4},{"damage":0,"enemies":"Centurion and Healer","floor":24,"turns":1},{"damage":0,"enemies":"Gremlin Leader","floor":25,"turns":3},{"damage":7,"enemies":"Book of Stabbing","floor":27,"turns":2},{"damage":0,"enemies":"Cultist and Chosen","floor":31,"turns":2},{"damage":0,"enemies":"Automaton","floor":33,"turns":3},{"damage":0,"enemies":"3 Darklings","floor":35,"turns":1},{"damage":7,"enemies":"Orb Walker","floor":36,"turns":3},{"damage":40,"enemies":"3 Darklings","floor":37,"turns":3},{"damage":0,"enemies":"Transient","floor":41,"turns":6},{"damage":5,"enemies":"Reptomancer","floor":44,"turns":4},{"damage":0,"enemies":"4 Shapes","floor":46,"turns":2},{"damage":0,"enemies":"Nemesis","floor":47,"turns":3},{"damage":38,"enemies":"Awakened One","floor":50,"turns":11},{"damage":37,"enemies":"Time Eater","floor":51,"turns":2}],"seed_played":"-3557870024445323477","potions_obtained":[{"floor":2,"key":"Swift Potion"},{"floor":3,"key":"CunningPotion"},{"floor":12,"key":"Energy Potion"},{"floor":20,"key":"EntropicBrew"},{"floor":25,"key":"Dexterity Potion"},{"floor":27,"key":"FearPotion"},{"floor":31,"key":"Swift Potion"},{"floor":33,"key":"Energy Potion"},{"floor":44,"key":"Weak Potion"}],"is_trial":false,"path_per_floor":["M","M","M","?","M","E","?","R","T","$","R","E","?","M","R","B",null,"M","?","M","?","M","E","M","E","T","E","R","?","R","M","R","B",null,"M","M","M","?","?","R","M","$","T","E","R","M","E","$","R","B","B"],"character_chosen":"THE_SILENT","items_purchased":["Bag of Marbles","Adrenaline+1","Tactician+1"],"campfire_rested":5,"item_purchase_floors":[42,42,48],"current_hp_per_floor":[59,57,55,48,48,40,40,40,40,40,40,36,25,25,44,38,59,59,59,59,59,59,57,57,57,57,50,66,66,66,66,66,66,66,66,59,19,19,19,38,38,38,38,33,52,52,52,66,66,28,0,0],"gold":71,"neow_bonus":"TRANSFORM_CARD","is_daily":false,"chose_seed":false,"campfire_upgraded":3,"win_rate":0.0,"timestamp":1613878090,"path_taken":["M","M","M","?","M","E","?","R","T","?","R","E","?","M","R","BOSS","M","?","?","?","?","E","M","E","T","E","R","?","R","M","R","BOSS","M","M","M","?","?","R","M","$","T","E","R","M","E","?","R","BOSS","BOSS"],"items_purchased_type":["Relic","Card","Card"],"build_version":"2020-12-22","purchased_purges":2,"victory":false,"max_hp_per_floor":[66,66,66,66,66,66,66,66,66,66,66,66,66,66,66,66,66,66,66,66,66,66,66,66,66,66,66,66,66,66,66,66,66,66,66,66,66,66,66,66,66,66,66,66,66,66,66,66,66,66,66,66],"card_choices":[{"not_picked":["Acrobatics+1","Quick Slash+1"],"picked":"Catalyst+1","floor":1},{"not_picked":["Outmaneuver+1","Flying Knee+1"],"picked":"Prepared+1","floor":2},{"not_picked":["Dodge and Roll+1","Bane+1"],"picked":"Footwork+1","floor":3},{"not_picked":["PiercingWail+1","Outmaneuver+1"],"picked":"Poisoned Stab+1","floor":5},{"not_picked":["Bane+1","Expertise+1"],"picked":"Dagger Spray+1","floor":6},{"not_picked":["PiercingWail+1","Well Laid Plans+1"],"picked":"Burst+1","floor":12},{"not_picked":["Sucker Punch+1","Masterful Stab+1"],"picked":"Acrobatics+1","floor":14},{"not_picked":["Malaise+1","Venomology+1"],"picked":"Adrenaline+1","floor":16},{"not_picked":["Quick Slash+1","Heel Hook+1"],"picked":"Well Laid Plans+1","floor":18},{"not_picked":["Bane+1","Acrobatics+1","Footwork+1"],"picked":"SKIP","floor":20},{"not_picked":["Deflect+1","Flechettes+1"],"picked":"Blade Dance+1","floor":22},{"not_picked":["Setup+1","Blade Dance+1","Deflect+1"],"picked":"SKIP","floor":23},{"not_picked":["Endless Agony+1","Doppelganger+1"],"picked":"Noxious Fumes+1","floor":25},{"not_picked":["Poisoned Stab+1","Dagger Spray+1","Deadly Poison+1"],"picked":"SKIP","floor":27},{"not_picked":["Dagger Spray+1","Blade Dance+1","Prepared+1"],"picked":"SKIP","floor":31},{"not_picked":["Tools of the Trade+1","Night Terror+1"],"picked":"Corpse Explosion+1","floor":33},{"not_picked":["Flechettes+1","Slice+1"],"picked":"Backflip+1","floor":35},{"not_picked":["Expertise+1","Calculated Gamble+1","Deflect+1"],"picked":"SKIP","floor":36},{"not_picked":["Deadly Poison+1","Acrobatics+1","Calculated Gamble+1"],"picked":"SKIP","floor":37},{"not_picked":["Acrobatics+1","Quick Slash+1","Caltrops+1"],"picked":"SKIP","floor":41},{"not_picked":["Backflip+1","Crippling Poison+1","Heel Hook+1"],"picked":"SKIP","floor":44},{"not_picked":["Deflect+1","Dagger Throw+1","Blade Dance+1"],"picked":"SKIP","floor":46},{"not_picked":["PiercingWail+1","Backflip+1"],"picked":"Escape Plan+1","floor":47}],"player_experience":312769,"relics_obtained":[{"floor":6,"key":"Happy Flower"},{"floor":12,"key":"Lantern"},{"floor":23,"key":"Art of War"},{"floor":25,"key":"Bottled Lightning"},{"floor":26,"key":"Matryoshka"},{"floor":27,"key":"Molten Egg 2"},{"floor":43,"key":"MealTicket"},{"floor":43,"key":"Anchor"},{"floor":44,"key":"Kunai"},{"floor":47,"key":"Dead Branch"}],"event_choices":[{"cards_removed":["Defend_G"],"damage_healed":0,"gold_gain":0,"player_choice":"Card Removal","damage_taken":7,"max_hp_gain":0,"max_hp_loss":0,"event_name":"Golden Wing","floor":4,"gold_loss":0},{"cards_removed":["Strike_G"],"damage_healed":0,"gold_gain":0,"player_choice":"Card Removal","damage_taken":0,"max_hp_gain":0,"max_hp_loss":0,"event_name":"The Cleric","floor":7,"gold_loss":75},{"damage_healed":0,"gold_gain":75,"player_choice":"Gather Gold","damage_taken":11,"max_hp_gain":0,"max_hp_loss":0,"event_name":"World of Goop","floor":13,"gold_loss":0},{"damage_healed":0,"gold_gain":0,"player_choice":"Paid Gold","damage_taken":0,"relics_obtained":["White Beast Statue"],"max_hp_gain":0,"max_hp_loss":0,"event_name":"WeMeetAgain","floor":19,"gold_loss":90},{"damage_healed":0,"gold_gain":0,"player_choice":"Upgraded","damage_taken":0,"max_hp_gain":0,"max_hp_loss":0,"event_name":"Upgrade Shrine","floor":21,"gold_loss":0,"cards_upgraded":["Defend_G"]},{"damage_healed":0,"gold_gain":0,"player_choice":"Ignored","damage_taken":0,"max_hp_gain":0,"max_hp_loss":0,"event_name":"Vampires","floor":29,"gold_loss":0},{"cards_removed":["Masterful Stab"],"damage_healed":0,"gold_gain":0,"player_choice":"Removed Attack","damage_taken":0,"max_hp_gain":0,"max_hp_loss":0,"event_name":"Falling","floor":38,"gold_loss":0},{"damage_healed":0,"gold_gain":0,"player_choice":"Ignored","damage_taken":0,"max_hp_gain":0,"max_hp_loss":0,"event_name":"The Moai Head","floor":39,"gold_loss":0}],"is_beta":false,"boss_relics":[{"not_picked":["Busted Crown","SlaversCollar"],"picked":"Astrolabe"},{"not_picked":["Sozu","Philosopher\u0027s Stone"],"picked":"HoveringKite"}],"items_purged_floors":[10,42],"is_endless":false,"potions_floor_spawned":[2,3,12,16,20,22,23,24,25,27,31,33,35,36,37,41,44,46,47],"killed_by":"Time Eater","ascension_level":20}}