{"host":"whyfdmrq1ty0e9zp","time":1613895569,"event":{"mods":["Act Like it!","BaseMod","Colored Map","Colored Powertips","Conspire","Energized Spire","Gensokyo","Marisa£®ÏF”Í°°ƒß¿Ì…≥£©","Minty Spire (QoL Compilation)","MostiFishMod","Prisma Mod","Quick Restart","Relic Stats","Remilia£®¿Ÿ√◊¿Ú—«£©","Replay The Spire","StSLib","TestMod","The Servant 0.9.4","°æ“≈ŒÔø®≈∆°øREMEMod"],"gold_per_floor":[116,191,191,209,209,209,241,254,280,280,897,929,929,943,943,1045,1045,1060,1079,376,376,65,700,700,715,715,733,733,79,79,89,89,793,793,807,877,891,903,953,953,259,259,259,278,123,158,173,183,183,183],"floor_reached":51,"language":"ZHS","playtime":2662,"items_purged":["Strike_S","Strike_S","Strike_S","KidneyShot"],"score":1348,"play_id":"b75b88ed-7532-4e84-ba75-ec9d2071a322","local_time":"20210221161929","is_ascension_mode":true,"campfire_choices":[{"data":"MostiFishMod:Hijack","floor":6,"key":"SMITH"},{"data":"Defy","floor":10,"key":"SMITH"},{"floor":15,"key":"REST"},{"data":"Unruled","floor":24,"key":"SMITH"},{"data":"Revamp","floor":28,"key":"SMITH"},{"data":"1","floor":30,"key":"LIFT"},{"data":"Spin","floor":32,"key":"SMITH"},{"data":"2","floor":40,"key":"LIFT"},{"data":"3","floor":42,"key":"LIFT"},{"data":"Luminosity","floor":49,"key":"SMITH"}],"circlet_count":0,"master_deck":["AscendersBane","Defend_S","Defend_S","Defend_S","Defend_S","Exchange","MostiFishMod:Hijack+1","Unruled+1","BottledTime","Defy+1","Dilation","FastForward","Revamp+1","LightFlow","Defy","LightFlow","TheWorld","DoubleEdge","Unruled+1","DoubleEdge+1","Spin+1","BestPractice","Rewind","FloweringNight","Defy","Luminosity+1","Contraction+1","Reset","Alleviate+1","MoonPhase+1","Rearm+1"],"relics":["Uniform","testmod-TestBox","DaveBox","REME_ComplimentaryCards","EGODaCapo","testmod-DragonStarHat","NeowsBlessing","SynthV:TestCard","Ancient Tea Set","Blue Candle","Oddly Smooth Stone","Toy Ornithopter","MysterySword","HollowDreamFlower","Eternal Feather","Potion Belt","Nunchaku","Girya","ReplayTheSpireMod:TigerMarble","REME_DuelDisc","testmod-IndustrialRevolution","Gambling Chip","Vajra","Sling","Pear","InkBottle","Technique","Calipers"],"acts_visited":["Exordium","TheCity","TheBeyond"],"potions_floor_usage":[12,23,23,27,29],"damage_taken":[{"damage":0,"enemies":"Jaw Worm","floor":1,"turns":1},{"damage":0,"enemies":"2 Louse","floor":4,"turns":1},{"damage":0,"enemies":"3 Sentries","floor":7,"turns":1},{"damage":0,"enemies":"Cultist","floor":8,"turns":2},{"damage":0,"enemies":"2 Fungi Beasts","floor":11,"turns":4},{"damage":11,"enemies":"Gremlin Nob","floor":12,"turns":5},{"damage":8,"enemies":"Lots of Slimes","floor":14,"turns":5},{"damage":1,"enemies":"Slime Boss","floor":16,"turns":11},{"damage":16,"enemies":"Shell Parasite","floor":18,"turns":7},{"damage":0,"enemies":"2 Thieves","floor":19,"turns":2},{"damage":14,"enemies":"Slavers","floor":23,"turns":7},{"damage":0,"enemies":"Snake Plant","floor":25,"turns":2},{"damage":0,"enemies":"Sentry and Sphere","floor":27,"turns":3},{"damage":0,"enemies":"3 Cultists","floor":31,"turns":4},{"damage":59,"enemies":"Automaton","floor":33,"turns":8},{"damage":0,"enemies":"3 Darklings","floor":35,"turns":2},{"damage":0,"enemies":"Orb Walker","floor":37,"turns":2},{"damage":11,"enemies":"3 Darklings","floor":38,"turns":2},{"damage":0,"enemies":"Mind Bloom Boss Battle","floor":39,"turns":5},{"damage":16,"enemies":"Maw","floor":44,"turns":16},{"damage":0,"enemies":"Reptomancer","floor":46,"turns":3},{"damage":0,"enemies":"Transient","floor":47,"turns":5},{"damage":0,"enemies":"Sphere and 2 Shapes","floor":48,"turns":5},{"damage":0,"enemies":"conspire:OrnateMirror","floor":50,"turns":8}],"seed_played":"3917592381933395539","potions_obtained":[{"floor":1,"key":"Regen Potion"},{"floor":7,"key":"AttackPotion"},{"floor":11,"key":"SneckoOil"},{"floor":14,"key":"Swift Potion"},{"floor":16,"key":"Fire Potion"},{"floor":25,"key":"SpeedPotion"},{"floor":27,"key":"Fruit Juice"},{"floor":31,"key":"Dexterity Potion"},{"floor":36,"key":"Reflective Coating"},{"floor":39,"key":"Death Potion"},{"floor":48,"key":"GamblersBrew"}],"is_trial":false,"path_per_floor":["M","?","?","M","?","R","E","M","T","R","M","E","?","M","R","B",null,"M","M","$","?","$","E","R","M","T","M","R","$","R","M","R","B",null,"M","?","M","M","?","R","$","R","T","M","$","E","M","M","R","B",null],"character_chosen":"THE_SERVANT","items_purchased":["HollowDreamFlower","Eternal Feather","testmod-TestPotion","TheWorld","DoubleEdge","Girya","ReplayTheSpireMod:TigerMarble","Spin","BestPractice","Vajra","Sling","Pear","Technique"],"campfire_rested":1,"item_purchase_floors":[20,20,20,22,22,29,29,29,29,41,41,41,45],"current_hp_per_floor":[59,48,48,48,48,48,48,48,48,48,50,39,39,31,50,50,61,45,45,45,45,45,45,57,61,61,65,65,70,70,70,70,11,55,59,31,35,28,32,47,57,72,72,60,60,64,68,74,80,80],"gold":183,"neow_bonus":"THREE_ENEMY_KILL","is_daily":false,"chose_seed":false,"campfire_upgraded":6,"win_rate":0.0,"timestamp":1613895569,"path_taken":["M","?","?","?","?","R","E","?","T","R","M","E","?","M","R","BOSS","M","M","$","?","$","E","R","M","T","M","R","?","R","?","R","BOSS","M","?","M","?","?","R","$","R","T","M","$","E","M","M","R","BOSS"],"items_purchased_type":["Relic","Relic","Potion","Card","Card","Relic","Relic","Card","Card","Relic","Relic","Relic","Relic"],"build_version":"2020-12-22","purchased_purges":4,"victory":true,"max_hp_per_floor":[65,65,65,65,65,65,65,65,65,65,65,65,65,65,65,65,65,65,65,65,65,65,65,65,65,65,65,65,70,70,70,70,70,70,70,70,70,70,70,70,80,80,80,80,80,80,80,80,80,80],"relic_stats":{"Nunchaku":[11],"counters":[24,111],"Blue Candle":[0],"Gambling Chip":[4],"Eternal Feather":48,"obtain_stats":[{"Calipers":46,"DaveBox":0,"Vajra":41,"REME_DuelDisc":34,"Uniform":0,"Ancient Tea Set":3,"Sling":41,"Nunchaku":26,"Gambling Chip":39,"testmod-DragonStarHat":0,"HollowDreamFlower":20,"InkBottle":43,"Potion Belt":23,"Girya":29,"testmod-TestBox":0,"Pear":41,"NeowsBlessing":0,"Blue Candle":7,"Oddly Smooth Stone":9,"Eternal Feather":20,"testmod-IndustrialRevolution":36,"SynthV:TestCard":1,"EGODaCapo":0,"MysterySword":17,"ReplayTheSpireMod:TigerMarble":29,"Technique":45,"Toy Ornithopter":12,"REME_ComplimentaryCards":0},{"Calipers":21,"DaveBox":0,"Vajra":19,"REME_DuelDisc":15,"Uniform":0,"Ancient Tea Set":1,"Sling":19,"Nunchaku":12,"Gambling Chip":19,"testmod-DragonStarHat":0,"HollowDreamFlower":10,"InkBottle":19,"Potion Belt":11,"Girya":13,"testmod-TestBox":0,"Pear":19,"NeowsBlessing":0,"Blue Candle":3,"Oddly Smooth Stone":4,"Eternal Feather":10,"testmod-IndustrialRevolution":16,"SynthV:TestCard":1,"EGODaCapo":0,"MysterySword":8,"ReplayTheSpireMod:TigerMarble":13,"Technique":20,"Toy Ornithopter":6,"REME_ComplimentaryCards":0},{"Calipers":93,"DaveBox":0,"Vajra":74,"REME_DuelDisc":63,"Uniform":0,"Ancient Tea Set":1,"Sling":74,"Nunchaku":48,"Gambling Chip":74,"testmod-DragonStarHat":0,"HollowDreamFlower":39,"InkBottle":74,"Potion Belt":46,"Girya":51,"testmod-TestBox":0,"Pear":74,"NeowsBlessing":0,"Blue Candle":3,"Oddly Smooth Stone":5,"Eternal Feather":39,"testmod-IndustrialRevolution":65,"SynthV:TestCard":1,"EGODaCapo":0,"MysterySword":30,"ReplayTheSpireMod:TigerMarble":51,"Technique":90,"Toy Ornithopter":14,"REME_ComplimentaryCards":0}],"Toy Ornithopter":10,"InkBottle":[11]},"card_choices":[{"not_picked":["TimeWarp","Sabotage","InstantArmor"],"picked":"SKIP","floor":1},{"not_picked":["Rewind","Ricochet","Defy","ShatteredReality"],"picked":"Unruled","floor":4},{"not_picked":["Starlight","Moondial","TimeWarp","Foresight"],"picked":"BottledTime","floor":7},{"not_picked":["Rearm","Unruled","WasteNot","Revamp"],"picked":"Defy","floor":8},{"not_picked":["Snipe","TimeTheft","Reset","Rewind"],"picked":"Dilation","floor":11},{"not_picked":["Orbit","Replace","PendulumOfEternity","WasteNot"],"picked":"FastForward","floor":12},{"not_picked":["Contraction","Shuttle","Ricochet","StarChef"],"picked":"Revamp","floor":14},{"not_picked":["Sunlight","KillingDoll","Solidify","PendulumOfEternity"],"picked":"LightFlow","floor":16},{"not_picked":["Revamp","GearUp+1","ShatteredReality","BestPractice"],"picked":"Defy","floor":18},{"not_picked":["ShatteredReality+1","FastForward","StarChef","Ricochet","TimeWarp+1"],"picked":"SKIP","floor":19},{"not_picked":["Potential","TimeWarp","Defy+1","Moondial"],"picked":"Unruled","floor":23},{"not_picked":["Alleviate+1","ShatteredReality","Ricochet","StarChef","Unruled+1"],"picked":"SKIP","floor":25},{"not_picked":["Defy","GearUp","Desolation","TrueSight"],"picked":"DoubleEdge+1","floor":27},{"not_picked":["Revamp","FastForward","Collapse","ShatteredReality"],"picked":"Rewind","floor":31},{"not_picked":["SilverMatrix","SoulSculpture","PendulumOfEternity","ForgedInTime"],"picked":"FloweringNight","floor":33},{"not_picked":["Contraction","FastForward+1","Revamp","ShiftingGears+1"],"picked":"Defy","floor":35},{"not_picked":["Starlight+1","Spin+1","Defy+1","Potential"],"picked":"Luminosity","floor":36},{"not_picked":["Gouge+1","Spin","Foresight+1","Revamp+1"],"picked":"Contraction+1","floor":37},{"not_picked":["Potential","ShatteredReality","StarChef","Replace","TimeWarp"],"picked":"SKIP","floor":38},{"not_picked":["DualDimension+1","PendulumOfEternity","Manipulate","TimeWarp"],"picked":"Reset","floor":39},{"not_picked":["TimeWarp","Sabotage","DoubleEdge+1","Starlight"],"picked":"Alleviate","floor":44},{"not_picked":["Misdirection+1","DancingSilver+1","SoulSculpture","Spin+1"],"picked":"MoonPhase+1","floor":46},{"not_picked":["Starlight+1","Deadline","Spin","Rewind"],"picked":"Rearm+1","floor":47},{"not_picked":["Moondial+1","FanOfKnives","ShiftingGears+1","Unruled+1","TimeWarp"],"picked":"SKIP","floor":48}],"player_experience":514803,"relics_obtained":[{"floor":1,"key":"SynthV:TestCard"},{"floor":7,"key":"Blue Candle"},{"floor":9,"key":"Oddly Smooth Stone"},{"floor":12,"key":"Toy Ornithopter"},{"floor":23,"key":"Potion Belt"},{"floor":26,"key":"Nunchaku"},{"floor":36,"key":"testmod-IndustrialRevolution"},{"floor":39,"key":"Gambling Chip"},{"floor":43,"key":"InkBottle"},{"floor":46,"key":"Calipers"}],"event_choices":[{"damage_healed":0,"gold_gain":75,"player_choice":"Gather Gold","damage_taken":11,"max_hp_gain":0,"max_hp_loss":0,"event_name":"World of Goop","floor":2,"gold_loss":0},{"damage_healed":0,"gold_gain":0,"player_choice":"Gave Potion","damage_taken":0,"relics_obtained":["Ancient Tea Set"],"max_hp_gain":0,"max_hp_loss":0,"event_name":"WeMeetAgain","floor":3,"gold_loss":0},{"cards_removed":["Strike_S"],"damage_healed":0,"gold_gain":0,"player_choice":"Purged","damage_taken":0,"max_hp_gain":0,"max_hp_loss":0,"event_name":"Purifier","floor":5,"gold_loss":0},{"damage_healed":0,"gold_gain":0,"player_choice":"Ignored","damage_taken":0,"max_hp_gain":0,"max_hp_loss":0,"event_name":"Liars Game","floor":13,"gold_loss":0},{"damage_healed":0,"gold_gain":0,"player_choice":"Copied","damage_taken":0,"max_hp_gain":0,"max_hp_loss":0,"event_name":"Duplicator","floor":21,"gold_loss":0,"cards_obtained":["LightFlow"]},{"damage_healed":0,"gold_gain":0,"player_choice":"Fight","damage_taken":0,"max_hp_gain":0,"max_hp_loss":0,"event_name":"MindBloom","floor":39,"gold_loss":0}],"is_beta":false,"boss_relics":[{"not_picked":["conspire:SeveredTorchhead","energizedSpire:HugeHouse"],"picked":"MysterySword"},{"not_picked":["OneHitWonderSystem","Replay:Grab Bag"],"picked":"REME_DuelDisc"}],"items_purged_floors":[20,22,29,41],"is_endless":false,"potions_floor_spawned":[1,7,11,14,16,25,31,39,48],"ascension_level":10}}