{"host":"g3js2eermvvpeiqn","time":1613873172,"event":{"mods":["BaseMod","DeckTracker","Downfall","Minty Spire (QoL Compilation)","Quick Restart","StSLib"],"gold_per_floor":[119,136,136,211,211,211,252,276,302,5,25,66,66,86,86,182,182,195,10,23,41,41,41],"floor_reached":22,"language":"ENG","playtime":957,"items_purged":["Strike_R"],"score":492,"play_id":"56ebfbc6-410a-41e6-9fc1-28d2ba60d419","local_time":"20210220200612","is_ascension_mode":true,"campfire_choices":[{"data":"Rampage","floor":6.0,"key":"SMITH"},{"data":"Offering","floor":13.0,"key":"SMITH"},{"data":"Uppercut","floor":15.0,"key":"SMITH"}],"circlet_count":0,"master_deck":["AscendersBane","Strike_R","Strike_R+1","Defend_R","Defend_R","Bash+1","Rampage+1","Fire Breathing","Sword Boomerang","Cleave","Offering+1","Headbutt","Flame Barrier","Flame Barrier","Uppercut+1","Demon Form","Pummel"],"relics":["Burning Blood","Golden Idol","PreservedInsect","Whetstone","Slimebound:PreparedRelic","Empty Cage","Membership Card"],"acts_visited":["Exordium","TheCity"],"potions_floor_usage":[],"damage_taken":[{"damage":9.0,"enemies":"2 Louse","floor":1.0,"turns":4.0},{"damage":7.0,"enemies":"Small Slimes","floor":2.0,"turns":3.0},{"damage":32.0,"enemies":"Gremlin Nob","floor":7.0,"turns":4.0},{"damage":7.0,"enemies":"Jaw Worm","floor":8.0,"turns":3.0},{"damage":9.0,"enemies":"Exordium Wildlife","floor":11.0,"turns":3.0},{"damage":21.0,"enemies":"Lagavulin","floor":12.0,"turns":4.0},{"damage":0.0,"enemies":"2 Fungi Beasts","floor":14.0,"turns":2.0},{"damage":6.0,"enemies":"Slime Boss","floor":16.0,"turns":5.0},{"damage":15.0,"enemies":"Chosen","floor":18.0,"turns":3.0},{"damage":28.0,"enemies":"Spheric Guardian","floor":20.0,"turns":4.0},{"damage":27.0,"enemies":"3 Cultists","floor":21.0,"turns":5.0},{"damage":27,"enemies":"Centurion and Healer","floor":22,"turns":2}],"seed_played":"6769567136497263041","potions_obtained":[{"floor":7.0,"key":"SneckoOil"},{"floor":8.0,"key":"LiquidBronze"},{"floor":14.0,"key":"Fire Potion"},{"floor":20.0,"key":"Regen Potion"}],"is_trial":false,"path_per_floor":["M","M","?","?","?","R","E","M","T","$","M","E","R","M","R","B",null,"M","$","M","M","M"],"character_chosen":"IRONCLAD","items_purchased":["Offering","Headbutt","Membership Card","PowerPotion"],"campfire_rested":0,"item_purchase_floors":[10,10,19,19],"current_hp_per_floor":[65,64,41,30,52,52,26,25,25,25,22,7,7,13,13,13,54,45,45,23,16,0,0],"gold":41,"neow_bonus":"REMOVE_TWO","is_daily":false,"chose_seed":false,"campfire_upgraded":3,"win_rate":0.0,"timestamp":1613873172,"path_taken":["M","M","?","?","?","R","E","M","T","?","?","E","R","M","R","BOSS","M","$","M","M","M"],"items_purchased_type":["Card","Card","Relic","Potion"],"build_version":"2020-12-22","purchased_purges":1,"victory":false,"max_hp_per_floor":[68,68,68,68,68,68,68,68,68,68,68,68,68,68,68,68,68,68,68,68,68,68,68],"card_choices":[{"not_picked":["Flex","Clothesline"],"picked":"Rampage","floor":1.0},{"not_picked":["Heavy Blade","Body Slam"],"picked":"Fire Breathing","floor":2.0},{"not_picked":["Wild Strike","Havoc"],"picked":"Sword Boomerang","floor":7.0},{"not_picked":["Heavy Blade","Ghostly Armor"],"picked":"Cleave","floor":8.0},{"not_picked":["Heavy Blade","Intimidate"],"picked":"Flame Barrier","floor":11.0},{"not_picked":["Havoc","Intimidate"],"picked":"Flame Barrier","floor":12.0},{"not_picked":["Pummel","Headbutt"],"picked":"Uppercut","floor":14.0},{"not_picked":["Fiend Fire","Limit Break"],"picked":"Demon Form","floor":16.0},{"not_picked":["Clothesline","Searing Blow","Heavy Blade"],"picked":"SKIP","floor":18.0},{"not_picked":["Cleave","Armaments"],"picked":"Pummel","floor":20.0},{"not_picked":["Feel No Pain","Iron Wave","Thunderclap"],"picked":"SKIP","floor":21.0}],"player_experience":1517671,"relics_obtained":[{"floor":7.0,"key":"PreservedInsect"},{"floor":9.0,"key":"Whetstone"},{"floor":12.0,"key":"Slimebound:PreparedRelic"}],"event_choices":[{"damage_healed":0.0,"max_hp_gain":0.0,"max_hp_loss":0.0,"gold_gain":0.0,"event_name":"Golden Idol","player_choice":"Take Damage","floor":3.0,"gold_loss":0.0,"damage_taken":23.0,"relics_obtained":["Golden Idol"]},{"damage_healed":0.0,"max_hp_gain":0.0,"max_hp_loss":0.0,"gold_gain":75.0,"event_name":"World of Goop","player_choice":"Gather Gold","floor":4.0,"gold_loss":0.0,"damage_taken":11.0},{"damage_healed":22.0,"max_hp_gain":0.0,"max_hp_loss":0.0,"gold_gain":0.0,"event_name":"Big Fish","player_choice":"Banana","floor":5.0,"gold_loss":0.0,"damage_taken":0.0}],"is_beta":false,"boss_relics":[{"not_picked":["Velvet Choker","Tiny House"],"picked":"Empty Cage"}],"items_purged_floors":[10],"is_endless":false,"potions_floor_spawned":[7,8,14,20],"killed_by":"Centurion and Healer","ascension_level":20}}