{"host":"gzz35fplm60aw28t","time":1613943932,"event":{"mods":["AchievementEnabler","BaseMod","Colored Powertips","DeckTracker","Minty Spire (QoL Compilation)"],"gold_per_floor":[115,24,34,44,64,98,98,132,179,179,77,102,114,114,114,212,212,232,249,265,20,20,50,64,64,134,134,134,160,179,198,198,297,297,315,315,330,376,393,393,418,418,418,418,136,150,150,162,162,162,162],"floor_reached":50,"language":"ENG","playtime":2935,"items_purged":["Strike_R","Strike_R","Strike_R"],"score":582,"play_id":"d5567d45-6c55-40ee-b2d7-0734651d62c0","local_time":"20210221224532","is_ascension_mode":false,"campfire_choices":[{"data":"True Grit","floor":7,"key":"SMITH"},{"data":"Body Slam","floor":10,"key":"SMITH"},{"floor":15,"key":"REST"},{"data":"Offering","floor":28,"key":"SMITH"},{"floor":32,"key":"REST"},{"data":"Strike_R","floor":40,"key":"SMITH"},{"data":"Whirlwind","floor":44,"key":"SMITH"},{"data":"True Grit","floor":49,"key":"SMITH"}],"circlet_count":0,"master_deck":["Strike_R","Strike_R+1","Defend_R+1","Defend_R+1","Defend_R+1","Defend_R","Bash","True Grit+1","Dramatic Entrance","Shrug It Off+1","Flame Barrier","Twin Strike","Body Slam+1","Demon Form","Anger","Whirlwind+1","Impervious","Headbutt","Entrench+1","Blood for Blood","Burning Pact+1","Offering+1","J.A.X.","Bloodletting","Brutality+1","Iron Wave","Madness","Madness","Sever Soul","Disarm","Body Slam+1","Fire Breathing+1","True Grit+1"],"relics":["Burning Blood","Regal Pillow","Unceasing Top","HornCleat","War Paint","Potion Belt","Mark of Pain","Blood Vial","Thread and Needle","Bronze Scales","Self Forming Clay","Strawberry","Runic Pyramid","TungstenRod","Darkstone Periapt","Happy Flower","Chemical X"],"acts_visited":["Exordium","TheCity","TheBeyond"],"potions_floor_usage":[16,29,33,33,38,38,41,50],"damage_taken":[{"damage":6,"enemies":"Cultist","floor":1,"turns":3},{"damage":11,"enemies":"Jaw Worm","floor":3,"turns":2},{"damage":0,"enemies":"Small Slimes","floor":4,"turns":2},{"damage":1,"enemies":"2 Fungi Beasts","floor":5,"turns":4},{"damage":20,"enemies":"Gremlin Nob","floor":6,"turns":4},{"damage":38,"enemies":"Lagavulin","floor":8,"turns":10},{"damage":9,"enemies":"3 Sentries","floor":12,"turns":6},{"damage":10,"enemies":"Looter","floor":13,"turns":3},{"damage":11,"enemies":"Slime Boss","floor":16,"turns":6},{"damage":6,"enemies":"Shell Parasite","floor":18,"turns":6},{"damage":0,"enemies":"Spheric Guardian","floor":19,"turns":4},{"damage":24,"enemies":"Snake Plant","floor":20,"turns":6},{"damage":21,"enemies":"Gremlin Leader","floor":23,"turns":7},{"damage":10,"enemies":"Sentry and Sphere","floor":24,"turns":5},{"damage":25,"enemies":"Slavers","floor":29,"turns":5},{"damage":9,"enemies":"Cultist and Chosen","floor":30,"turns":4},{"damage":19,"enemies":"Centurion and Healer","floor":31,"turns":5},{"damage":24,"enemies":"Champ","floor":33,"turns":8},{"damage":17,"enemies":"3 Shapes","floor":35,"turns":4},{"damage":22,"enemies":"3 Darklings","floor":37,"turns":6},{"damage":22,"enemies":"2 Orb Walkers","floor":38,"turns":2},{"damage":2,"enemies":"4 Shapes","floor":39,"turns":1},{"damage":9,"enemies":"Giant Head","floor":41,"turns":5},{"damage":9,"enemies":"Maw","floor":46,"turns":6},{"damage":12,"enemies":"Spire Growth","floor":48,"turns":4},{"damage":42,"enemies":"Awakened One","floor":50,"turns":3}],"seed_played":"-5640006431999177322","potions_obtained":[{"floor":4,"key":"SteroidPotion"},{"floor":5,"key":"EssenceOfSteel"},{"floor":8,"key":"GamblersBrew"},{"floor":12,"key":"EssenceOfSteel"},{"floor":13,"key":"Ancient Potion"},{"floor":19,"key":"Energy Potion"},{"floor":29,"key":"Explosive Potion"},{"floor":31,"key":"BlessingOfTheForge"},{"floor":33,"key":"AttackPotion"},{"floor":37,"key":"PowerPotion"},{"floor":39,"key":"GamblersBrew"},{"floor":41,"key":"PowerPotion"},{"floor":48,"key":"DistilledChaos"}],"is_trial":false,"path_per_floor":["M","$","M","M","M","E","R","E","T","R","$","E","M","?","R","B",null,"M","M","M","$","?","E","M","?","T","?","R","E","M","M","R","B",null,"M","?","M","?","M","R","E","?","T","R","$","M","?","M","R","B"],"character_chosen":"IRONCLAD","items_purchased":["Dramatic Entrance","Anger","Blood Vial","Chemical X"],"campfire_rested":2,"item_purchase_floors":[2,11,21,45],"current_hp_per_floor":[80,80,75,80,80,66,66,34,34,34,34,31,27,11,50,45,80,80,80,62,62,62,49,47,47,47,47,47,37,36,25,66,50,87,76,65,51,37,43,43,42,42,42,42,42,41,41,37,37,0,0],"gold":162,"neow_bonus":"RANDOM_COMMON_RELIC","is_daily":false,"chose_seed":false,"campfire_upgraded":6,"win_rate":0.0,"timestamp":1613943932,"path_taken":["M","?","M","M","M","E","R","E","T","R","$","E","M","?","R","BOSS","M","M","M","$","?","E","M","?","T","?","R","E","M","M","R","BOSS","M","?","M","?","M","R","E","?","T","R","$","?","?","M","R","BOSS"],"items_purchased_type":["Card","Card","Relic","Relic"],"build_version":"2020-12-22","purchased_purges":3,"victory":false,"max_hp_per_floor":[80,80,80,80,80,80,80,80,80,80,80,80,80,80,80,80,80,80,80,80,80,80,80,80,80,80,80,80,87,87,87,87,87,87,87,87,87,87,87,87,87,87,87,87,87,87,87,87,87,87,87],"card_choices":[{"not_picked":["Body Slam","Flex"],"picked":"True Grit","floor":1},{"not_picked":["Twin Strike","Heavy Blade"],"picked":"Shrug It Off","floor":3},{"not_picked":["Flex","Thunderclap"],"picked":"Flame Barrier","floor":4},{"not_picked":["Dropkick","Ghostly Armor"],"picked":"Twin Strike","floor":5},{"not_picked":["Headbutt","Searing Blow"],"picked":"Body Slam","floor":6},{"not_picked":["Cleave","Shrug It Off"],"picked":"Demon Form","floor":8},{"not_picked":["Flex","Twin Strike"],"picked":"Whirlwind","floor":12},{"not_picked":["Perfected Strike","Power Through","Warcry"],"picked":"SKIP","floor":13},{"not_picked":["Brutality","Bludgeon"],"picked":"Impervious","floor":16},{"not_picked":["Armaments+1","Perfected Strike+1"],"picked":"Headbutt","floor":18},{"not_picked":["Twin Strike","Warcry","Sword Boomerang"],"picked":"SKIP","floor":19},{"not_picked":["Headbutt","Rampage"],"picked":"Entrench+1","floor":20},{"not_picked":["Reckless Charge","Entrench"],"picked":"Blood for Blood","floor":23},{"not_picked":["Body Slam","Heavy Blade+1"],"picked":"Burning Pact+1","floor":24},{"not_picked":["Burning Pact+1","Dropkick","Infernal Blade"],"picked":"SKIP","floor":29},{"not_picked":["Dropkick","Warcry"],"picked":"Bloodletting","floor":30},{"not_picked":["Flame Barrier","Brutality","Body Slam"],"picked":"SKIP","floor":31},{"not_picked":["Corruption","Feed"],"picked":"Brutality","floor":33},{"not_picked":["Whirlwind+1","Thunderclap+1"],"picked":"Iron Wave","floor":35},{"not_picked":["Clothesline+1","Rampage","Bloodletting+1"],"picked":"SKIP","floor":37},{"not_picked":["Limit Break","Sword Boomerang+1"],"picked":"Sever Soul","floor":38},{"not_picked":["Whirlwind","Perfected Strike"],"picked":"Disarm","floor":39},{"not_picked":["Rampage+1","Cleave+1"],"picked":"Body Slam+1","floor":41},{"not_picked":["Shrug It Off","Twin Strike+1"],"picked":"Fire Breathing+1","floor":46},{"not_picked":["Disarm","Perfected Strike"],"picked":"True Grit","floor":48}],"player_experience":3432,"relics_obtained":[{"floor":6,"key":"Unceasing Top"},{"floor":8,"key":"HornCleat"},{"floor":9,"key":"War Paint"},{"floor":12,"key":"Potion Belt"},{"floor":23,"key":"Bronze Scales"},{"floor":26,"key":"Self Forming Clay"},{"floor":29,"key":"Strawberry"},{"floor":38,"key":"TungstenRod"},{"floor":41,"key":"Darkstone Periapt"},{"floor":43,"key":"Happy Flower"}],"event_choices":[{"damage_healed":0,"gold_gain":0,"player_choice":"Entered Light","damage_taken":16,"max_hp_gain":0,"max_hp_loss":0,"event_name":"Shining Light","floor":14,"gold_loss":0,"cards_upgraded":["Defend_R","Defend_R"]},{"damage_healed":0,"gold_gain":0,"player_choice":"Opened","damage_taken":0,"relics_obtained":["Thread and Needle"],"max_hp_gain":0,"max_hp_loss":0,"event_name":"The Mausoleum","floor":22,"gold_loss":0},{"damage_healed":0,"gold_gain":0,"player_choice":"Read","damage_taken":0,"max_hp_gain":0,"max_hp_loss":0,"event_name":"The Library","floor":25,"gold_loss":0,"cards_obtained":["Offering"]},{"damage_healed":0,"gold_gain":0,"player_choice":"Obtain J.A.X.","damage_taken":0,"max_hp_gain":0,"max_hp_loss":0,"event_name":"Drug Dealer","floor":27,"gold_loss":0,"cards_obtained":["J.A.X."]},{"damage_healed":0,"gold_gain":0,"player_choice":"Embrace Madness","damage_taken":11,"max_hp_gain":0,"max_hp_loss":0,"event_name":"Winding Halls","floor":36,"gold_loss":0,"cards_obtained":["Madness","Madness"]},{"damage_healed":0,"gold_gain":0,"player_choice":"Fight","damage_taken":0,"max_hp_gain":0,"max_hp_loss":0,"event_name":"Mysterious Sphere","floor":38,"gold_loss":0},{"damage_healed":0,"gold_gain":0,"player_choice":"Forge","damage_taken":0,"max_hp_gain":0,"max_hp_loss":0,"event_name":"Accursed Blacksmith","floor":42,"gold_loss":0,"cards_upgraded":["Brutality"]},{"damage_healed":0,"gold_gain":0,"player_choice":"Ignored","damage_taken":0,"max_hp_gain":0,"max_hp_loss":0,"event_name":"The Moai Head","floor":47,"gold_loss":0}],"is_beta":false,"boss_relics":[{"not_picked":["Calling Bell","Astrolabe"],"picked":"Mark of Pain"},{"not_picked":["Sozu","Runic Cube"],"picked":"Runic Pyramid"}],"items_purged_floors":[11,21,45],"is_endless":false,"potions_floor_spawned":[4,5,8,12,13,19,23,29,31,33,37,39,41,48],"killed_by":"Awakened One","ascension_level":0}}