{"host":"l2lylj0omvglf5x0","time":1613901293,"event":{"mods":["2.2 Compatiblity","BaseMod","Bestiary","Block Reminder","Colored Map","Colored Powertips","Curses Come First","Highlight Path","Keyboard Shortcuts","Minty Spire (QoL Compilation)","Relic Sorter","Relic Stats","Slay the Relics Exporter","StSLib","SuperFastMode"],"gold_per_floor":[114,114,2,13,26,26,61,71,126,140,140,168,168,201,201,301,301,321,73,83,100,118,152,227,242,316,345,345,355,388,388,388,488,488,503,553,553,553,19,19,45,57,69,111,140,163,175,219,231,243,255,267,11,42,42,42],"floor_reached":55,"language":"ENG","playtime":2287,"items_purged":["Regret","Strike_R"],"score":1408,"play_id":"71925630-efeb-44fd-be38-ef26a615c60e","local_time":"20210221105453","is_ascension_mode":true,"campfire_choices":[{"data":"Whirlwind","floor":6,"key":"SMITH"},{"data":"Sword Boomerang","floor":13,"key":"SMITH"},{"data":"Brutality","floor":15,"key":"SMITH"},{"data":"Rupture","floor":28,"key":"SMITH"},{"floor":32,"key":"REST"},{"data":"Limit Break","floor":40,"key":"SMITH"},{"data":"Barricade","floor":42,"key":"SMITH"},{"floor":49,"key":"RECALL"},{"data":"Enlightenment","floor":52,"key":"SMITH"}],"circlet_count":0,"master_deck":["AscendersBane","Strike_R","Strike_R","Strike_R","Defend_R+1","Defend_R","Defend_R","Bash","Iron Wave","Shrug It Off","Whirlwind+1","Rupture+1","Shrug It Off","Sword Boomerang+1","Headbutt","Battle Trance","Ghostly Armor+1","Brutality+1","Impervious","Limit Break+1","Metallicize","Combust","Impervious","Demon Form","Rupture","Barricade+1","Uppercut","Enlightenment+1","Feel No Pain","Metallicize"],"relics":["Burning Blood","Lizard Tail","Darkstone Periapt","Orichalcum","Bronze Scales","Matryoshka","SlaversCollar","Omamori","Pear","Bottled Lightning","Strawberry","Ancient Tea Set","Nilry\u0027s Codex","Philosopher\u0027s Stone","Turnip","Bird Faced Urn","Sling","MawBank","Bag of Marbles","War Paint","Mango","Bag of Preparation","Ginger"],"acts_visited":["Exordium","TheCity","TheBeyond","TheEnding"],"potions_floor_usage":[7,16,22,25,33,50,55],"damage_taken":[{"damage":12,"enemies":"2 Louse","floor":1,"turns":3},{"damage":6,"enemies":"Cultist","floor":4,"turns":4},{"damage":0,"enemies":"Small Slimes","floor":5,"turns":3},{"damage":10,"enemies":"3 Sentries","floor":7,"turns":3},{"damage":1,"enemies":"Red Slaver","floor":8,"turns":5},{"damage":3,"enemies":"2 Fungi Beasts","floor":10,"turns":3},{"damage":14,"enemies":"Gremlin Nob","floor":12,"turns":5},{"damage":14,"enemies":"3 Sentries","floor":14,"turns":4},{"damage":31,"enemies":"Hexaghost","floor":16,"turns":9},{"damage":14,"enemies":"Spheric Guardian","floor":18,"turns":5},{"damage":19,"enemies":"Shell Parasite","floor":20,"turns":5},{"damage":26,"enemies":"Centurion and Healer","floor":21,"turns":6},{"damage":7,"enemies":"Snake Plant","floor":22,"turns":5},{"damage":41,"enemies":"Gremlin Leader","floor":23,"turns":6},{"damage":7,"enemies":"3 Cultists","floor":25,"turns":4},{"damage":38,"enemies":"Slavers","floor":27,"turns":6},{"damage":24,"enemies":"Centurion and Healer","floor":29,"turns":7},{"damage":20,"enemies":"Book of Stabbing","floor":30,"turns":5},{"damage":22,"enemies":"Champ","floor":33,"turns":8},{"damage":8,"enemies":"3 Darklings","floor":35,"turns":4},{"damage":7,"enemies":"Mind Bloom Boss Battle","floor":36,"turns":5},{"damage":41,"enemies":"Nemesis","floor":41,"turns":5},{"damage":63,"enemies":"Reptomancer","floor":44,"turns":5},{"damage":4,"enemies":"3 Shapes","floor":45,"turns":4},{"damage":12,"enemies":"Maw","floor":46,"turns":8},{"damage":7,"enemies":"Giant Head","floor":48,"turns":6},{"damage":70,"enemies":"Time Eater","floor":50,"turns":7},{"damage":65,"enemies":"Shield and Spear","floor":54,"turns":7},{"damage":68,"enemies":"The Heart","floor":55,"turns":2}],"seed_played":"3508015624325127067","potions_obtained":[{"floor":1,"key":"Block Potion"},{"floor":4,"key":"SteroidPotion"},{"floor":8,"key":"FairyPotion"},{"floor":18,"key":"LiquidBronze"},{"floor":21,"key":"ColorlessPotion"},{"floor":25,"key":"Fruit Juice"},{"floor":29,"key":"Weak Potion"},{"floor":41,"key":"FearPotion"},{"floor":46,"key":"DuplicationPotion"}],"is_trial":false,"path_per_floor":["M","?","$","M","M","R","E","M","T","M","?","E","R","E","R","B",null,"M","$","M","M","M","E","?","M","T","E","R","M","E","?","R","B",null,"M","?","?","?","$","R","E","R","T","E","M","M","?","E","R","B",null,"R","$","E","B"],"character_chosen":"IRONCLAD","items_purchased":["Whirlwind","Limit Break","Bird Faced Urn","Rupture","Sling","Bag of Preparation","Metallicize","Swift Potion"],"campfire_rested":1,"item_purchase_floors":[3,19,39,39,39,53,53,53],"current_hp_per_floor":[66,66,66,66,72,72,68,73,73,76,81,73,73,65,65,40,74,66,66,53,33,32,29,21,25,35,61,61,43,29,13,45,29,88,86,85,85,85,85,85,62,62,62,17,29,41,41,68,68,24,93,93,93,52,0,0],"gold":42,"neow_bonus":"ONE_RARE_RELIC","is_daily":false,"chose_seed":false,"campfire_upgraded":7,"win_rate":0.0,"timestamp":1613901293,"path_taken":["M","?","$","M","M","R","E","M","T","?","?","E","R","E","R","BOSS","M","$","M","M","M","E","?","?","T","E","R","M","E","?","R","BOSS","M","?","?","?","$","R","E","R","T","E","M","M","?","E","R","BOSS","R","$","E","BOSS"],"items_purchased_type":["Card","Card","Relic","Card","Relic","Relic","Card","Potion"],"build_version":"2020-12-22","purchased_purges":2,"victory":false,"max_hp_per_floor":[80,80,80,80,80,80,80,80,80,80,85,85,85,85,85,85,85,85,85,85,85,85,85,85,90,100,107,107,107,107,107,107,107,107,107,107,102,102,102,102,102,102,102,102,102,102,102,116,116,116,116,116,116,116,116,116],"relic_stats":{"Darkstone Periapt":0,"counters":[29,149],"Bag of Preparation":[4],"Ginger":[2],"Orichalcum":[258],"War Paint":["Defend_R","Ghostly Armor"],"MawBank":144,"Burning Blood":168,"Lizard Tail":50,"Bronze Scales":[344],"Bird Faced Urn":[116],"Turnip":[5],"obtain_stats":[{"Darkstone Periapt":7,"Pear":26,"Nilry\u0027s Codex":31,"Mango":48,"Omamori":23,"Bag of Preparation":53,"Ginger":54,"Orichalcum":9,"War Paint":44,"Ancient Tea Set":30,"Sling":39,"MawBank":41,"Burning Blood":0,"SlaversCollar":17,"Lizard Tail":0,"Matryoshka":14,"Bronze Scales":12,"Strawberry":27,"Bird Faced Urn":39,"Philosopher\u0027s Stone":34,"Turnip":36,"Bag of Marbles":43,"Bottled Lightning":26},{"Darkstone Periapt":4,"Pear":15,"Nilry\u0027s Codex":18,"Mango":26,"Omamori":14,"Bag of Preparation":27,"Ginger":28,"Orichalcum":5,"War Paint":23,"Ancient Tea Set":18,"Sling":21,"MawBank":22,"Burning Blood":0,"SlaversCollar":9,"Lizard Tail":0,"Matryoshka":8,"Bronze Scales":7,"Strawberry":16,"Bird Faced Urn":21,"Philosopher\u0027s Stone":19,"Turnip":21,"Bag of Marbles":22,"Bottled Lightning":15},{"Darkstone Periapt":13,"Pear":70,"Nilry\u0027s Codex":88,"Mango":133,"Omamori":66,"Bag of Preparation":140,"Ginger":147,"Orichalcum":18,"War Paint":115,"Ancient Tea Set":88,"Sling":105,"MawBank":110,"Burning Blood":0,"SlaversCollar":39,"Lizard Tail":0,"Matryoshka":30,"Bronze Scales":26,"Strawberry":76,"Bird Faced Urn":105,"Philosopher\u0027s Stone":96,"Turnip":105,"Bag of Marbles":110,"Bottled Lightning":70}]},"card_choices":[{"not_picked":["Dark Embrace","Flex"],"picked":"Iron Wave","floor":1},{"not_picked":["Shockwave","Clash"],"picked":"Rupture","floor":4},{"not_picked":["Iron Wave","Body Slam"],"picked":"Shrug It Off","floor":5},{"not_picked":["Clash","Perfected Strike"],"picked":"Sword Boomerang","floor":7},{"not_picked":["Heavy Blade","Sword Boomerang"],"picked":"Headbutt","floor":8},{"not_picked":["Shockwave","True Grit"],"picked":"Battle Trance","floor":10},{"not_picked":["Wild Strike","Inflame"],"picked":"Ghostly Armor","floor":12},{"not_picked":["Dark Embrace","Iron Wave"],"picked":"Brutality","floor":14},{"not_picked":["Brutality","Barricade"],"picked":"Impervious","floor":16},{"not_picked":["Twin Strike","Wild Strike","Clash"],"picked":"SKIP","floor":18},{"not_picked":["Havoc","Feel No Pain","True Grit"],"picked":"SKIP","floor":20},{"not_picked":["Searing Blow","Heavy Blade","Flex"],"picked":"SKIP","floor":21},{"not_picked":["Heavy Blade","Thunderclap","Warcry"],"picked":"SKIP","floor":22},{"not_picked":["Immolate","Reckless Charge+1","Warcry"],"picked":"SKIP","floor":23},{"not_picked":["Perfected Strike","Blood for Blood","Sword Boomerang"],"picked":"SKIP","floor":25},{"not_picked":["True Grit","Heavy Blade"],"picked":"Metallicize","floor":27},{"not_picked":["Cleave","Sword Boomerang"],"picked":"Combust","floor":29},{"not_picked":["Shrug It Off","Brutality"],"picked":"Impervious","floor":30},{"not_picked":["Brutality","Corruption"],"picked":"Demon Form","floor":33},{"not_picked":["Clash","Sword Boomerang","Feel No Pain"],"picked":"SKIP","floor":35},{"not_picked":["Blood for Blood","Disarm"],"picked":"Barricade","floor":41},{"not_picked":["Pommel Strike","Clash","Cleave"],"picked":"SKIP","floor":44},{"not_picked":["Warcry+1","Cleave","Rampage"],"picked":"SKIP","floor":45},{"not_picked":["Thunderclap+1","Flex"],"picked":"Uppercut","floor":46},{"not_picked":["The Bomb","Good Instincts"],"picked":"Enlightenment","floor":47},{"not_picked":["Blood for Blood+1","Armaments"],"picked":"Feel No Pain","floor":48},{"not_picked":["Whirlwind","Shrug It Off","Thunderclap"],"picked":"SKIP","floor":54}],"player_experience":1024218,"relics_obtained":[{"floor":7,"key":"Darkstone Periapt"},{"floor":9,"key":"Orichalcum"},{"floor":12,"key":"Bronze Scales"},{"floor":14,"key":"Matryoshka"},{"floor":23,"key":"Omamori"},{"floor":26,"key":"Pear"},{"floor":26,"key":"Bottled Lightning"},{"floor":27,"key":"Strawberry"},{"floor":30,"key":"Ancient Tea Set"},{"floor":31,"key":"Nilry\u0027s Codex"},{"floor":36,"key":"Turnip"},{"floor":41,"key":"MawBank"},{"floor":43,"key":"Bag of Marbles"},{"floor":44,"key":"War Paint"},{"floor":48,"key":"Mango"},{"floor":54,"key":"Ginger"}],"event_choices":[{"damage_healed":0,"gold_gain":0,"cards_transformed":["Strike_R"],"player_choice":"Transformed","damage_taken":0,"max_hp_gain":0,"max_hp_loss":0,"event_name":"Transmorgrifier","floor":2,"gold_loss":0,"cards_obtained":["Shrug It Off"]},{"damage_healed":0,"gold_gain":0,"player_choice":"Donut","damage_taken":0,"max_hp_gain":5,"max_hp_loss":0,"event_name":"Big Fish","floor":11,"gold_loss":0},{"damage_healed":0,"gold_gain":75,"player_choice":"Touch","damage_taken":8,"max_hp_gain":0,"max_hp_loss":0,"event_name":"FaceTrader","floor":24,"gold_loss":0},{"damage_healed":0,"gold_gain":0,"player_choice":"Obtained Book","damage_taken":16,"max_hp_gain":0,"max_hp_loss":0,"event_name":"Cursed Tome","floor":31,"gold_loss":0},{"damage_healed":0,"gold_gain":0,"player_choice":"Fight","damage_taken":0,"max_hp_gain":0,"max_hp_loss":0,"event_name":"MindBloom","floor":36,"gold_loss":0},{"damage_healed":0,"gold_gain":0,"player_choice":"Max HP","damage_taken":0,"max_hp_gain":0,"max_hp_loss":5,"event_name":"Winding Halls","floor":37,"gold_loss":0},{"cards_removed":["Defend_R"],"damage_healed":0,"gold_gain":0,"player_choice":"Removed Skill","damage_taken":0,"max_hp_gain":0,"max_hp_loss":0,"event_name":"Falling","floor":38,"gold_loss":0},{"damage_healed":0,"gold_gain":0,"player_choice":"Memory 1","damage_taken":0,"max_hp_gain":0,"max_hp_loss":0,"event_name":"SensoryStone","floor":47,"gold_loss":0}],"is_beta":false,"boss_relics":[{"not_picked":["Tiny House","Snecko Eye"],"picked":"SlaversCollar"},{"not_picked":["Pandora\u0027s Box","Black Star"],"picked":"Philosopher\u0027s Stone"}],"items_purged_floors":[3,19],"is_endless":false,"potions_floor_spawned":[1,4,8,12,14,18,21,25,29,41,46,48],"killed_by":"The Heart","ascension_level":12}}