{"host":"d3b2x3wue20uj2ir","time":1613874744,"event":{"mods":["AchievementEnabler","BaseMod","Better Third Choice","BetterRewards","Exacting","FTL Soundtrack","Minty Spire (QoL Compilation)","Shop Mod","StSLib"],"gold_per_floor":[132,143,143,181,202,202,202],"floor_reached":6,"language":"ENG","playtime":314,"items_purged":[],"score":44,"play_id":"b19d8d95-ef5c-4ca1-b6ae-618d02f53885","local_time":"20210221123224","is_ascension_mode":true,"campfire_choices":[],"circlet_count":0,"master_deck":["Strike_B","Strike_B","Strike_B","Strike_B","Defend_B","Defend_B","Defend_B","Defend_B","Zap","Dualcast","Panache","Aggregate","Storm","Turbo","Discovery","Blade Dance","Injury","Shrug It Off","CarveReality"],"relics":["Cracked Core","Dream Catcher","PrismaticShard","Ancient Tea Set","Golden Idol"],"acts_visited":["Exordium"],"potions_floor_usage":[5,5],"damage_taken":[{"damage":14,"enemies":"Small Slimes","floor":1,"turns":3},{"damage":0,"enemies":"Jaw Worm","floor":2,"turns":3},{"damage":1,"enemies":"2 Louse","floor":4,"turns":2},{"damage":3,"enemies":"Exordium Thugs","floor":5,"turns":3},{"damage":25,"enemies":"Gremlin Nob","floor":6,"turns":3}],"seed_played":"-4045510404379557932","potions_obtained":[{"floor":1,"key":"Energy Potion"},{"floor":2,"key":"DistilledChaos"}],"is_trial":false,"path_per_floor":["M","M","?","M","M","E"],"character_chosen":"DEFECT","items_purchased":["Dream Catcher","Panache","Aggregate","PrismaticShard","Ancient Tea Set","Storm","Turbo"],"campfire_rested":0,"item_purchase_floors":[0,0,0,0,0,0,0],"current_hp_per_floor":[16,27,27,26,23,0,0],"gold":202,"neow_bonus":"","is_daily":false,"chose_seed":false,"campfire_upgraded":0,"win_rate":0.0,"timestamp":1613874744,"path_taken":["M","M","?","M","M","E"],"items_purchased_type":["Relic","Card","Card","Relic","Relic","Card","Card"],"build_version":"2020-12-22","purchased_purges":0,"victory":false,"max_hp_per_floor":[75,75,75,75,75,75,75],"card_choices":[{"not_picked":["Shrug It Off","Sweeping Beam"],"picked":"Discovery","floor":1},{"not_picked":["Sweeping Beam","Go for the Eyes"],"picked":"Blade Dance","floor":2},{"not_picked":["Deflect","EmptyBody"],"picked":"Shrug It Off","floor":4},{"not_picked":["Predator","Steam"],"picked":"CarveReality","floor":5}],"player_experience":716174,"relics_obtained":[],"event_choices":[{"damage_healed":0,"gold_gain":0,"player_choice":"Take Wound","damage_taken":0,"relics_obtained":["Golden Idol"],"max_hp_gain":0,"max_hp_loss":0,"event_name":"Golden Idol","floor":3,"gold_loss":0,"cards_obtained":["Injury"]}],"is_beta":false,"boss_relics":[],"items_purged_floors":[],"is_endless":false,"potions_floor_spawned":[1,2],"killed_by":"Gremlin Nob","ascension_level":3}}