{"host":"jn2qdns2nxijvlnt","time":1613947655,"event":{"mods":["BaseMod","Minty Spire (QoL Compilation)","Quick Restart"],"gold_per_floor":[219,219,235,40,50,81,81,81,81,108,119,119,129,148,148,248,248,265,235,248,248,259,259,287,306,306,321,333,333,100,128,128,227,227,245,245,256,12,63,63,95,107,119,161,173,185,197,223,235,247,247],"floor_reached":50,"language":"ENG","playtime":3024,"items_purged":[],"score":880,"play_id":"96d8b71d-943e-4c0e-915c-d64c084de936","local_time":"20210221174735","is_ascension_mode":true,"campfire_choices":[{"floor":12.0,"key":"REST"},{"floor":15,"key":"REST"},{"floor":23,"key":"REST"},{"floor":29,"key":"REST"},{"floor":32,"key":"REST"},{"floor":40,"key":"REST"},{"data":"A Thousand Cuts","floor":47,"key":"SMITH"},{"floor":49,"key":"REST"}],"circlet_count":0,"master_deck":["AscendersBane","Strike_G+1","Strike_G+1","Strike_G+1","Strike_G+1","Strike_G+1","Defend_G+1","Defend_G+1","Defend_G+1","Defend_G+1","Survivor","Neutralize+1","Flying Knee","Dagger Spray","Caltrops","Cloak And Dagger","CurseOfTheBell","Slice","Noxious Fumes","Jack Of All Trades","Deflect+1","A Thousand Cuts+1","Backstab","Backstab","Accuracy","Decay","Deflect+1","Writhe","Caltrops","Blade Dance"],"relics":["Ring of the Snake","MealTicket","Shuriken","Oddly Smooth Stone","Bag of Marbles","Orichalcum","Calling Bell","PreservedInsect","Gremlin Horn","Incense Burner","Art of War","Juzu Bracelet","Sling","Tingsha","Cursed Key","Membership Card","Snake Skull","Happy Flower","MawBank","InkBottle","Bag of Preparation"],"acts_visited":["Exordium","TheCity","TheBeyond"],"potions_floor_usage":[16,18,20,24,25,33,37,44,48],"damage_taken":[{"damage":6.0,"enemies":"2 Louse","floor":1.0,"turns":4.0},{"damage":1.0,"enemies":"Small Slimes","floor":3.0,"turns":4.0},{"damage":0.0,"enemies":"Jaw Worm","floor":5.0,"turns":3.0},{"damage":42.0,"enemies":"Lagavulin","floor":6.0,"turns":9.0},{"damage":2.0,"enemies":"3 Sentries","floor":10.0,"turns":6.0},{"damage":0.0,"enemies":"Red Slaver","floor":11.0,"turns":2.0},{"damage":2.0,"enemies":"Blue Slaver","floor":13.0,"turns":3.0},{"damage":12.0,"enemies":"Exordium Thugs","floor":14.0,"turns":5.0},{"damage":15,"enemies":"The Guardian","floor":16,"turns":9},{"damage":0,"enemies":"3 Byrds","floor":18,"turns":4},{"damage":16,"enemies":"Spheric Guardian","floor":20,"turns":4},{"damage":27,"enemies":"Snake Plant","floor":22,"turns":6},{"damage":9,"enemies":"Gremlin Leader","floor":24,"turns":6},{"damage":11,"enemies":"Sentry and Sphere","floor":25,"turns":4},{"damage":0,"enemies":"Shelled Parasite and Fungi","floor":27,"turns":7},{"damage":8,"enemies":"Snecko","floor":28,"turns":7},{"damage":21,"enemies":"Book of Stabbing","floor":31,"turns":5},{"damage":64,"enemies":"Collector","floor":33,"turns":10},{"damage":7,"enemies":"3 Shapes","floor":35,"turns":4},{"damage":7,"enemies":"3 Darklings","floor":37,"turns":5},{"damage":18,"enemies":"Reptomancer","floor":41,"turns":4},{"damage":32,"enemies":"Giant Head","floor":44,"turns":7},{"damage":15,"enemies":"Spire Growth","floor":48,"turns":4},{"damage":87,"enemies":"Time Eater","floor":50,"turns":6}],"seed_played":"-6265825030510285844","potions_obtained":[{"floor":6.0,"key":"AttackPotion"},{"floor":10.0,"key":"ColorlessPotion"},{"floor":14.0,"key":"CultistPotion"},{"floor":16,"key":"SpeedPotion"},{"floor":19,"key":"FairyPotion"},{"floor":19,"key":"BlessingOfTheForge"},{"floor":22,"key":"Dexterity Potion"},{"floor":24,"key":"AttackPotion"},{"floor":28,"key":"Fire Potion"},{"floor":31,"key":"BlessingOfTheForge"},{"floor":35,"key":"LiquidBronze"},{"floor":42,"key":"FairyPotion"},{"floor":42,"key":"ColorlessPotion"},{"floor":44,"key":"DuplicationPotion"}],"is_trial":false,"path_per_floor":["M","?","M","$","M","E","?","?","T","E","M","R","M","M","R","B",null,"M","?","M","?","M","R","E","M","T","M","M","R","$","E","R","B",null,"M","?","M","$","T","R","E","?","T","E","?","?","R","M","R","B"],"character_chosen":"THE_SILENT","items_purchased":["MealTicket","Fire Potion","Sling","Jack Of All Trades","Membership Card","Snake Skull","Accuracy"],"campfire_rested":7,"item_purchase_floors":[4,4,30,30,38,38,38],"current_hp_per_floor":[57,57,56,56,56,14,14,14,14,12,12,33,31,19,40,25,59,59,59,43,43,16,37,28,17,17,17,9,30,45,24,45,8,55,48,48,41,56,56,70,52,52,52,20,61,61,61,46,61,0,0],"gold":247,"neow_bonus":"HUNDRED_GOLD","is_daily":false,"chose_seed":false,"campfire_upgraded":1,"win_rate":0.0,"timestamp":1613947655,"path_taken":["M","?","M","$","M","E","?","?","T","E","M","R","M","M","R","BOSS","M","?","?","?","M","R","E","M","T","M","M","R","$","E","R","BOSS","M","?","M","$","?","R","E","?","T","E","?","?","R","M","R","BOSS"],"items_purchased_type":["Relic","Potion","Relic","Card","Relic","Relic","Card"],"build_version":"2020-12-22","purchased_purges":0,"victory":false,"max_hp_per_floor":[70,70,70,70,70,70,70,70,70,70,70,70,70,70,70,70,70,70,70,70,70,70,70,70,70,70,70,70,70,70,70,70,70,70,70,70,70,70,70,70,70,70,70,70,61,61,61,61,61,61,61],"card_choices":[{"not_picked":["Dagger Throw","Heel Hook","Blur"],"picked":"SKIP","floor":1.0},{"not_picked":["Prepared","Calculated Gamble"],"picked":"Flying Knee","floor":3.0},{"not_picked":["Flying Knee","Backflip"],"picked":"Dagger Spray","floor":5.0},{"not_picked":["Night Terror","Escape Plan","Deflect"],"picked":"SKIP","floor":6.0},{"not_picked":["Catalyst","Deflect","Dodge and Roll"],"picked":"SKIP","floor":10.0},{"not_picked":["Acrobatics","Footwork"],"picked":"Caltrops","floor":11.0},{"not_picked":["Slice","Deadly Poison"],"picked":"Cloak And Dagger","floor":13.0},{"not_picked":["Slice","Heel Hook","Sucker Punch"],"picked":"SKIP","floor":14.0},{"not_picked":["Riddle With Holes","Endless Agony","Dash+1"],"picked":"SKIP","floor":18},{"not_picked":["Flying Knee","Well Laid Plans","Poisoned Stab"],"picked":"SKIP","floor":20},{"not_picked":["Backflip","Reflex","Underhanded Strike"],"picked":"SKIP","floor":22},{"not_picked":["Underhanded Strike","Concentrate","Acrobatics"],"picked":"SKIP","floor":24},{"not_picked":["Dodge and Roll","Backflip","Catalyst"],"picked":"SKIP","floor":25},{"not_picked":["Dagger Throw","Sucker Punch"],"picked":"Slice","floor":27},{"not_picked":["Cloak And Dagger","Outmaneuver+1"],"picked":"Noxious Fumes","floor":28},{"not_picked":["Reflex","Flechettes"],"picked":"Deflect+1","floor":31},{"not_picked":["Burst","Glass Knife"],"picked":"A Thousand Cuts","floor":33},{"not_picked":["Acrobatics","Crippling Poison"],"picked":"Backstab","floor":35},{"not_picked":["Dash","Quick Slash","Heel Hook"],"picked":"SKIP","floor":37},{"not_picked":["Quick Slash+1","Acrobatics"],"picked":"Deflect+1","floor":41},{"not_picked":["Malaise","Accuracy"],"picked":"Caltrops","floor":44},{"not_picked":["Cloak And Dagger","Deadly Poison"],"picked":"Blade Dance","floor":48}],"player_experience":604931,"relics_obtained":[{"floor":6.0,"key":"Shuriken"},{"floor":9.0,"key":"Bag of Marbles"},{"floor":10.0,"key":"Orichalcum"},{"floor":17,"key":"PreservedInsect"},{"floor":17,"key":"Gremlin Horn"},{"floor":17,"key":"Incense Burner"},{"floor":24,"key":"Art of War"},{"floor":26,"key":"Juzu Bracelet"},{"floor":31,"key":"Tingsha"},{"floor":39,"key":"Happy Flower"},{"floor":41,"key":"MawBank"},{"floor":43,"key":"InkBottle"},{"floor":44,"key":"Bag of Preparation"}],"event_choices":[{"damage_healed":0.0,"max_hp_gain":0.0,"max_hp_loss":0.0,"gold_gain":0.0,"event_name":"Living Wall","player_choice":"Grow","floor":2.0,"gold_loss":0.0,"damage_taken":0.0,"cards_upgraded":["Neutralize"]},{"damage_healed":0.0,"max_hp_gain":0.0,"max_hp_loss":0.0,"gold_gain":0.0,"event_name":"Dead Adventurer","player_choice":"Searched \u00271\u0027 times","floor":7.0,"gold_loss":0.0,"damage_taken":0.0,"relics_obtained":["Oddly Smooth Stone"]},{"damage_healed":0.0,"max_hp_gain":0.0,"max_hp_loss":0.0,"gold_gain":0.0,"event_name":"Golden Idol","player_choice":"Ignored","floor":8.0,"gold_loss":0.0,"damage_taken":0.0},{"damage_healed":0,"gold_gain":0,"player_choice":"Bought 2 Potions","damage_taken":0,"max_hp_gain":0,"max_hp_loss":0,"event_name":"The Woman in Blue","floor":19,"gold_loss":0},{"damage_healed":0,"gold_gain":0,"player_choice":"Simplicity","damage_taken":0,"max_hp_gain":0,"max_hp_loss":0,"event_name":"Back to Basics","floor":21,"gold_loss":0,"cards_upgraded":["Strike_G","Strike_G","Strike_G","Strike_G","Strike_G","Defend_G","Defend_G","Defend_G","Defend_G","Defend_G"]},{"damage_healed":0,"gold_gain":0,"player_choice":"Copied","damage_taken":0,"max_hp_gain":0,"max_hp_loss":0,"event_name":"Duplicator","floor":36,"gold_loss":0,"cards_obtained":["Backstab"]},{"damage_healed":0,"gold_gain":0,"player_choice":"Got Potions","damage_taken":0,"max_hp_gain":0,"max_hp_loss":0,"event_name":"Lab","floor":42,"gold_loss":0},{"damage_healed":61,"gold_gain":0,"player_choice":"Heal","damage_taken":0,"max_hp_gain":0,"max_hp_loss":9,"event_name":"The Moai Head","floor":45,"gold_loss":0},{"cards_removed":["Defend_G"],"damage_healed":0,"gold_gain":0,"player_choice":"Removed Skill","damage_taken":0,"max_hp_gain":0,"max_hp_loss":0,"event_name":"Falling","floor":46,"gold_loss":0}],"is_beta":false,"boss_relics":[{"not_picked":["Pandora\u0027s Box","Empty Cage"],"picked":"Calling Bell"},{"not_picked":["Astrolabe","Runic Dome"],"picked":"Cursed Key"}],"items_purged_floors":[],"is_endless":false,"potions_floor_spawned":[6,10,14,16,22,24,28,31,35,44],"killed_by":"Time Eater","ascension_level":12}}