{"host":"l2lylj0omvglf5x0","time":1613894140,"event":{"mods":["2.2 Compatiblity","BaseMod","Bestiary","Block Reminder","Colored Map","Colored Powertips","Curses Come First","Highlight Path","Keyboard Shortcuts","Minty Spire (QoL Compilation)","Relic Sorter","Relic Stats","Slay the Relics Exporter","StSLib","SuperFastMode"],"gold_per_floor":[119,194,205,220,240,267,267,302,328,347,410,190,218,236,236,236,236],"floor_reached":16,"language":"ENG","playtime":549,"items_purged":["Strike_R"],"score":195,"play_id":"8d5dd9b1-8f49-4399-a20b-8c948512bc21","local_time":"20210221085540","is_ascension_mode":true,"campfire_choices":[{"data":"Shockwave","floor":7.0,"key":"SMITH"},{"floor":15,"key":"REST"}],"circlet_count":0,"master_deck":["AscendersBane","Strike_R","Strike_R","Strike_R","Strike_R","Defend_R","Defend_R","Defend_R","Defend_R","Bash","Fire Breathing","Cleave","Thunderclap","Shockwave+1","Pommel Strike","Armaments","Combust"],"relics":["Burning Blood","StoneCalendar","Toy Ornithopter","Red Skull","Regal Pillow","Omamori","CeramicFish","Boot"],"acts_visited":["Exordium"],"potions_floor_usage":[],"damage_taken":[{"damage":4.0,"enemies":"Jaw Worm","floor":1.0,"turns":4.0},{"damage":1.0,"enemies":"Cultist","floor":3.0,"turns":3.0},{"damage":2.0,"enemies":"Small Slimes","floor":4.0,"turns":4.0},{"damage":7.0,"enemies":"2 Fungi Beasts","floor":5.0,"turns":3.0},{"damage":30.0,"enemies":"Lagavulin","floor":6.0,"turns":7.0},{"damage":22.0,"enemies":"3 Sentries","floor":8.0,"turns":4.0},{"damage":6.0,"enemies":"Looter","floor":10.0,"turns":3.0},{"damage":16.0,"enemies":"Gremlin Nob","floor":11.0,"turns":4.0},{"damage":20,"enemies":"Gremlin Nob","floor":13,"turns":4},{"damage":1,"enemies":"3 Louse","floor":14,"turns":2},{"damage":55,"enemies":"Hexaghost","floor":16,"turns":9}],"seed_played":"8895660191737799980","potions_obtained":[{"floor":1.0,"key":"SteroidPotion"},{"floor":3.0,"key":"SkillPotion"},{"floor":8.0,"key":"SpeedPotion"}],"is_trial":false,"path_per_floor":["M","?","M","M","M","E","R","E","T","M","?","$","E","M","R","B"],"character_chosen":"IRONCLAD","items_purchased":["CeramicFish"],"campfire_rested":1,"item_purchase_floors":[12],"current_hp_per_floor":[72,61,66,70,69,45,45,29,29,29,24,24,10,15,51,0,0],"gold":236,"neow_bonus":"ONE_RARE_RELIC","is_daily":false,"chose_seed":false,"campfire_upgraded":1,"win_rate":0.0,"timestamp":1613894140,"path_taken":["M","?","M","M","M","E","R","E","T","M","?","?","E","M","R","BOSS"],"items_purchased_type":["Relic"],"build_version":"2020-12-22","purchased_purges":1,"victory":false,"max_hp_per_floor":[72,72,72,72,72,72,72,72,72,72,72,72,72,72,72,72,72],"relic_stats":{"Regal Pillow":15,"counters":[11,47],"CeramicFish":0,"StoneCalendar":[52],"Boot":[0],"obtain_stats":[{"Regal Pillow":9,"CeramicFish":12,"StoneCalendar":0,"Omamori":11,"Boot":13,"Burning Blood":0,"Toy Ornithopter":6,"Red Skull":8},{"Regal Pillow":6,"CeramicFish":8,"StoneCalendar":0,"Omamori":8,"Boot":9,"Burning Blood":0,"Toy Ornithopter":5,"Red Skull":6},{"Regal Pillow":25,"CeramicFish":32,"StoneCalendar":0,"Omamori":32,"Boot":36,"Burning Blood":0,"Toy Ornithopter":21,"Red Skull":25}],"Burning Blood":58,"Toy Ornithopter":5},"card_choices":[{"not_picked":["Reckless Charge","Rampage"],"picked":"Fire Breathing","floor":1.0},{"not_picked":["Sword Boomerang","Rampage"],"picked":"Cleave","floor":3.0},{"not_picked":["Twin Strike","Perfected Strike"],"picked":"Thunderclap","floor":4.0},{"not_picked":["Infernal Blade","Thunderclap"],"picked":"Shockwave","floor":5.0},{"not_picked":["Iron Wave","Heavy Blade"],"picked":"Pommel Strike","floor":6.0},{"not_picked":["Burning Pact","Body Slam"],"picked":"Armaments","floor":8.0},{"not_picked":["Berserk","Iron Wave"],"picked":"Combust","floor":10.0},{"not_picked":["Havoc","Anger","Warcry"],"picked":"SKIP","floor":13},{"not_picked":["Entrench","Clash","Armaments"],"picked":"SKIP","floor":14}],"player_experience":1019447,"relics_obtained":[{"floor":6.0,"key":"Toy Ornithopter"},{"floor":8.0,"key":"Red Skull"},{"floor":9.0,"key":"Regal Pillow"},{"floor":11,"key":"Omamori"},{"floor":13,"key":"Boot"}],"event_choices":[{"damage_healed":0.0,"max_hp_gain":0.0,"max_hp_loss":0.0,"gold_gain":75.0,"event_name":"World of Goop","player_choice":"Gather Gold","floor":2.0,"gold_loss":0.0,"damage_taken":11.0},{"damage_healed":0.0,"max_hp_gain":0.0,"max_hp_loss":0.0,"gold_gain":30.0,"event_name":"Dead Adventurer","player_choice":"Searched \u00273\u0027 times","floor":11.0,"gold_loss":0.0,"damage_taken":0.0}],"is_beta":false,"boss_relics":[],"items_purged_floors":[12],"is_endless":false,"potions_floor_spawned":[1,3,4,8],"killed_by":"Hexaghost","ascension_level":12}}