{"host":"vdpaduzlq0qlaikq","time":1613869070,"event":{"mods":["AchievementEnabler","BaseMod","Better Third Choice","BetterRewards","Colored Map","Downfall","Gold Saver","Hermit","Jorbs\u0027s Wanderer Trilogy","Minty Spire (QoL Compilation)","Relic Filter","Spicy Shops","StSLib","The Necromancer"],"gold_per_floor":[845,995,341,341,341,380,135,160,160,111,154,175,194,194,194,292,292,313,333,357,321,340,340,375,146,146,158,188,200,337,365,377,479,491,524,556,568,598,610,622,665,695,732,770,1115,655,667,696,696,696,696,696,78,103,103],"floor_reached":56,"language":"ENG","playtime":2915,"items_purged":["Doubt","Strike_B"],"score":2774,"play_id":"84fcb33b-25c4-4c5e-baac-a4bdf8efcb39","local_time":"20210220225750","is_ascension_mode":true,"campfire_choices":[{"data":"Creative AI","floor":15,"key":"SMITH"},{"data":"Defragment","floor":23,"key":"SMITH"},{"data":"Storm","floor":32,"key":"SMITH"},{"data":"Storm","floor":40,"key":"SMITH"},{"floor":49,"key":"RECALL"},{"data":"Storm","floor":52,"key":"SMITH"}],"circlet_count":0,"master_deck":["AscendersBane","Strike_B","Defend_B+1","Defend_B+1","Defend_B","Zap","Dualcast","Loop","Seek","Creative AI+1","White Noise","Defragment+1","Injury","Loop","Capacitor","Hello World","Biased Cognition","Echo Form","White Noise","Tempest+1","Heatsinks","Storm+1","White Noise","Self Repair","Loop","Electrodynamics","Machine Learning+1","Amplify+1","Heatsinks+1","Storm+1","Storm+1","Hello World","Lockon","Static Discharge+1"],"relics":["Cracked Core","MealTicket","Anchor","Ice Cream","Bronze Scales","Cables","Meat on the Bone","Potion Belt","Matryoshka","HornCleat","DataDisk","Guardian:GemstoneGun","Oddly Smooth Stone","Bird Faced Urn","Guardian:PocketSentry","betterThird:SlimedRelic","The Courier","Nuclear Battery","Pen Nib","Lantern","MawBank","Omamori","TungstenRod","Kunai","Astrolabe","Blue Candle","Art of War","Ancient Tea Set","Shovel","Runic Capacitor","Regal Pillow","Mummified Hand","CaptainsWheel","Happy Flower","Emotion Chip"],"acts_visited":["Exordium","TheCity","TheBeyond","TheEnding"],"potions_floor_usage":[11,14,30,55,55],"damage_taken":[{"damage":0,"enemies":"Small Slimes","floor":1,"turns":2},{"damage":0,"enemies":"Lagavulin","floor":6,"turns":6},{"damage":0,"enemies":"2 Louse","floor":8,"turns":3},{"damage":18,"enemies":"3 Sentries","floor":11,"turns":6},{"damage":0,"enemies":"Cultist","floor":12,"turns":3},{"damage":9,"enemies":"Gremlin Gang","floor":13,"turns":2},{"damage":12,"enemies":"Hexaghost","floor":16,"turns":7},{"damage":0,"enemies":"Chosen","floor":18,"turns":3},{"damage":8,"enemies":"2 Thieves","floor":19,"turns":2},{"damage":0,"enemies":"Snake Plant","floor":20,"turns":3},{"damage":43,"enemies":"Cultist and Chosen","floor":22,"turns":5},{"damage":0,"enemies":"Book of Stabbing","floor":24,"turns":3},{"damage":0,"enemies":"Centurion and Healer","floor":28,"turns":5},{"damage":14,"enemies":"Colosseum Slavers","floor":30,"turns":2},{"damage":0,"enemies":"Colosseum Nobs","floor":30,"turns":3},{"damage":0,"enemies":"Snecko","floor":31,"turns":2},{"damage":13,"enemies":"Collector","floor":33,"turns":5},{"damage":12,"enemies":"3 Darklings","floor":35,"turns":2},{"damage":0,"enemies":"3 Shapes","floor":36,"turns":2},{"damage":3,"enemies":"3 Darklings","floor":38,"turns":3},{"damage":0,"enemies":"Nemesis","floor":41,"turns":3},{"damage":14,"enemies":"Spire Growth","floor":42,"turns":3},{"damage":0,"enemies":"Writhing Mass","floor":47,"turns":3},{"damage":0,"enemies":"Giant Head","floor":48,"turns":3},{"damage":7,"enemies":"Time Eater","floor":50,"turns":3},{"damage":20,"enemies":"Shield and Spear","floor":54,"turns":2},{"damage":0,"enemies":"The Heart","floor":55,"turns":4}],"seed_played":"-1987940350623803293","potions_obtained":[{"floor":11,"key":"hexamod:SoulburnPotion"},{"floor":12,"key":"Regen Potion"},{"floor":14,"key":"Fruit Juice"},{"floor":14,"key":"DistilledChaos"},{"floor":28,"key":"FocusPotion"},{"floor":31,"key":"PotionOfCapacity"}],"is_trial":false,"path_per_floor":["M","?","$","?","?","E","$","M","T","?","E","M","M","?","R","B",null,"M","M","M","$","M","R","E","$","T","$","M","?","?","M","R","B",null,"M","M","?","M","$","R","E","M","T","T","?","$","M","E","R","B",null,"R","$","E","B",null],"character_chosen":"DEFECT","items_purchased":["MealTicket","Anchor","Ice Cream","Bronze Scales","Cables","Meat on the Bone","Potion Belt","Matryoshka","Loop","Seek","HornCleat","Creative AI","PowerPotion","Defragment","DataDisk","Guardian:GemstoneGun","Loop","Bird Faced Urn","Heatsinks","Storm","Lantern","Storm","Shovel","Runic Capacitor","Hello World","Mummified Hand","CaptainsWheel","Happy Flower"],"campfire_rested":0,"item_purchase_floors":[0,0,0,0,0,0,0,0,0,0,0,0,0,3,3,3,7,7,21,25,25,46,46,46,46,53,53,53],"current_hp_per_floor":[64,64,71,71,50,50,65,71,71,60,56,66,63,68,68,74,76,76,76,76,76,43,43,65,76,76,76,76,76,76,76,76,76,76,70,76,76,76,76,76,76,66,66,66,66,76,76,76,76,76,76,76,76,73,76],"gold":103,"neow_bonus":"","is_daily":false,"chose_seed":false,"campfire_upgraded":5,"win_rate":0.0,"timestamp":1613869070,"path_taken":["M","?","$","?","?","E","$","M","T","?","E","M","M","?","R","BOSS","M","?","M","$","?","R","E","$","T","$","M","?","?","M","R","BOSS","M","M","?","?","$","R","E","M","T","?","?","$","M","E","R","BOSS","R","$","E","BOSS"],"items_purchased_type":["Relic","Relic","Relic","Relic","Relic","Relic","Relic","Relic","Card","Card","Relic","Card","Potion","Card","Relic","Relic","Card","Relic","Card","Card","Relic","Card","Relic","Relic","Card","Relic","Relic","Relic"],"build_version":"2020-12-22","purchased_purges":2,"victory":true,"max_hp_per_floor":[71,71,71,71,71,71,71,71,71,71,71,71,71,76,76,76,76,76,76,76,76,76,76,76,76,76,76,76,76,76,76,76,76,76,76,76,76,76,76,76,76,76,76,76,76,76,76,76,76,76,76,76,76,76,76],"card_choices":[{"not_picked":["Chaos","Conserve Battery"],"picked":"White Noise","floor":1},{"not_picked":["Gash","Cold Snap","Steam"],"picked":"SKIP","floor":6},{"not_picked":["Cold Snap","Force Field"],"picked":"Capacitor","floor":8},{"not_picked":["Redo","Cold Snap"],"picked":"Hello World","floor":11},{"not_picked":["Reprogram","Rip and Tear","Gash"],"picked":"SKIP","floor":12},{"not_picked":["Ball Lightning","Capacitor"],"picked":"Biased Cognition","floor":13},{"not_picked":["Multi-Cast","Seek"],"picked":"Echo Form","floor":16},{"not_picked":["Genetic Algorithm","Hologram","Rebound"],"picked":"SKIP","floor":18},{"not_picked":["Static Discharge","Go for the Eyes"],"picked":"White Noise","floor":19},{"not_picked":["Heatsinks","Sweeping Beam"],"picked":"Tempest+1","floor":20},{"not_picked":["Streamline","Beam Cell+1","Conserve Battery"],"picked":"SKIP","floor":22},{"not_picked":["Steam","FTL","Reprogram"],"picked":"SKIP","floor":24},{"not_picked":["Beam Cell","Reboot","Steam"],"picked":"SKIP","floor":28},{"not_picked":["Steam+1","Chill"],"picked":"Self Repair","floor":30},{"not_picked":["Streamline","Steam"],"picked":"Loop","floor":31},{"not_picked":["Amplify","All For One"],"picked":"Electrodynamics","floor":33},{"not_picked":["Cold Snap","Sweeping Beam","Barrage"],"picked":"SKIP","floor":35},{"not_picked":["Barrage","Melter","Rebound"],"picked":"SKIP","floor":36},{"not_picked":["Genetic Algorithm","Rebound"],"picked":"Storm","floor":38},{"not_picked":["Sweeping Beam","Steam","Doom and Gloom"],"picked":"SKIP","floor":41},{"not_picked":["Barrage","Heatsinks","Ball Lightning"],"picked":"SKIP","floor":42},{"not_picked":["Cold Snap","Darkness+1","Compile Driver"],"picked":"SKIP","floor":47},{"not_picked":["Ball Lightning","Sweeping Beam"],"picked":"Lockon","floor":48},{"not_picked":["Redo","Steam"],"picked":"Static Discharge+1","floor":54}],"player_experience":754686,"relics_obtained":[{"floor":6,"key":"Oddly Smooth Stone"},{"floor":9,"key":"Guardian:PocketSentry"},{"floor":11,"key":"The Courier"},{"floor":24,"key":"Pen Nib"},{"floor":26,"key":"MawBank"},{"floor":26,"key":"Omamori"},{"floor":30,"key":"TungstenRod"},{"floor":30,"key":"Kunai"},{"floor":41,"key":"Blue Candle"},{"floor":43,"key":"Art of War"},{"floor":44,"key":"Ancient Tea Set"},{"floor":48,"key":"Regal Pillow"},{"floor":54,"key":"Emotion Chip"}],"event_choices":[{"damage_healed":0,"gold_gain":150,"player_choice":"AGREE","damage_taken":845,"max_hp_gain":0,"max_hp_loss":0,"event_name":"betterThird:BetterSerpent","floor":2,"gold_loss":0},{"damage_healed":0,"gold_gain":0,"player_choice":"Take Wound","damage_taken":0,"relics_obtained":["Golden Idol"],"max_hp_gain":0,"max_hp_loss":0,"event_name":"Golden Idol","floor":4,"gold_loss":0,"cards_obtained":["Injury"]},{"damage_healed":71,"gold_gain":0,"player_choice":"Upgrade","damage_taken":21,"max_hp_gain":0,"max_hp_loss":71,"event_name":"betterThird:BetterShining","floor":5,"gold_loss":0,"cards_upgraded":["Defend_B","Defend_B"]},{"damage_healed":0,"gold_gain":0,"player_choice":"Slimed","damage_taken":11,"max_hp_gain":0,"max_hp_loss":0,"event_name":"betterThird:BetterGoop","floor":10,"gold_loss":49},{"damage_healed":0,"gold_gain":0,"player_choice":"Got Potions","damage_taken":0,"max_hp_gain":0,"max_hp_loss":0,"event_name":"Lab","floor":14,"gold_loss":0},{"damage_healed":0,"gold_gain":0,"player_choice":"Read","damage_taken":0,"max_hp_gain":0,"max_hp_loss":0,"event_name":"The Library","floor":29,"gold_loss":0,"cards_obtained":["White Noise"]},{"damage_healed":0,"gold_gain":0,"player_choice":"Fight","damage_taken":0,"max_hp_gain":0,"max_hp_loss":0,"event_name":"Colosseum","floor":30,"gold_loss":0},{"damage_healed":0,"gold_gain":0,"player_choice":"Fought Nobs","damage_taken":0,"max_hp_gain":0,"max_hp_loss":0,"event_name":"Colosseum","floor":30,"gold_loss":0},{"damage_healed":0,"gold_gain":0,"player_choice":"Ignored","damage_taken":0,"max_hp_gain":0,"max_hp_loss":0,"event_name":"betterThird:BetterPortal","floor":37,"gold_loss":0},{"damage_healed":0,"gold_gain":333,"player_choice":"Gave Idol","damage_taken":0,"max_hp_gain":0,"max_hp_loss":0,"event_name":"The Moai Head","floor":45,"relics_lost":["Golden Idol"],"gold_loss":0}],"is_beta":false,"boss_relics":[{"not_picked":["FrozenCore","Busted Crown"],"picked":"Nuclear Battery"},{"not_picked":["Snecko Eye","Fusion Hammer"],"picked":"Astrolabe"}],"items_purged_floors":[3,46],"is_endless":false,"potions_floor_spawned":[11,12,19,20,28,31,36,41,47,48,54],"ascension_level":17}}