{"host":"7ij4m6ehapfophuy","time":1613945862,"event":{"mods":["BaseMod","Bestiary","Curses Come First","Filter the Spire","Minty Spire (QoL Compilation)","Relic Stats","StSLib","ojb\u0027s Better Paths Mod"],"gold_per_floor":[112,187,7,26,49,74,74,104,104,119,119,138,170,180,180,256,256,267,286,286,32,46,79,79,79,79,79,105,105,122,153,153,231,231,248,259,134,149,197,197,229,229,229,245,264,296,346,374,374,374,374,374,25,60,60],"floor_reached":56,"language":"ENG","playtime":4642,"items_purged":["Defend_P","Vigilance","Consecrate+1","TalkToTheHand+1"],"score":2617,"play_id":"6ba8ee68-11fa-4eba-86b9-bd49d5db8a42","local_time":"20210221171742","is_ascension_mode":true,"campfire_choices":[{"data":"Eruption","floor":7.0,"key":"SMITH"},{"floor":11.0,"key":"REST"},{"data":"Adaptation","floor":15.0,"key":"SMITH"},{"data":"MentalFortress","floor":25,"key":"SMITH"},{"data":"TalkToTheHand","floor":29,"key":"SMITH"},{"data":"TalkToTheHand","floor":32,"key":"SMITH"},{"data":"DeusExMachina","floor":40,"key":"SMITH"},{"data":"Wireheading","floor":42,"key":"SMITH"},{"floor":49,"key":"RECALL"},{"data":"Scrawl","floor":52,"key":"SMITH"}],"circlet_count":0,"master_deck":["AscendersBane","Eruption+1","FearNoEvil+1","Adaptation+1","EmptyFist+1","DeusExMachina+1","TalkToTheHand+1","InnerPeace+1","InnerPeace+1","DeusExMachina+1","TalkToTheHand+1","MentalFortress+1","Wireheading+1","Scrawl+1"],"relics":["SacredBark","Nunchaku","Akabeko","TungstenRod","Gambling Chip","Kunai","Pandora\u0027s Box","Centennial Puzzle","Incense Burner","Blood Vial","Question Card","Empty Cage","Mango","War Paint","Eternal Feather","InkBottle","Art of War","Bag of Marbles","StrikeDummy"],"acts_visited":["Exordium","TheCity","TheBeyond","TheEnding"],"potions_floor_usage":[46,50,55],"damage_taken":[{"damage":4.0,"enemies":"2 Louse","floor":1.0,"turns":3.0},{"damage":2.0,"enemies":"Jaw Worm","floor":4.0,"turns":5.0},{"damage":49.0,"enemies":"Lagavulin","floor":6.0,"turns":8.0},{"damage":18.0,"enemies":"Gremlin Nob","floor":8.0,"turns":4.0},{"damage":0.0,"enemies":"Cultist","floor":10.0,"turns":4.0},{"damage":0.0,"enemies":"Looter","floor":12.0,"turns":3.0},{"damage":29.0,"enemies":"3 Sentries","floor":13.0,"turns":5.0},{"damage":7.0,"enemies":"Gremlin Gang","floor":14.0,"turns":3.0},{"damage":0.0,"enemies":"Hexaghost","floor":16.0,"turns":9.0},{"damage":6,"enemies":"Chosen","floor":18,"turns":3},{"damage":16,"enemies":"2 Thieves","floor":19,"turns":3},{"damage":1,"enemies":"3 Cultists","floor":22,"turns":3},{"damage":13,"enemies":"Slavers","floor":23,"turns":3},{"damage":6,"enemies":"Book of Stabbing","floor":28,"turns":2},{"damage":2,"enemies":"Snake Plant","floor":30,"turns":3},{"damage":0,"enemies":"Slavers","floor":31,"turns":3},{"damage":0,"enemies":"Champ","floor":33,"turns":3},{"damage":0,"enemies":"3 Darklings","floor":35,"turns":2},{"damage":14,"enemies":"3 Shapes","floor":36,"turns":3},{"damage":0,"enemies":"Spire Growth","floor":38,"turns":2},{"damage":27,"enemies":"2 Orb Walkers","floor":39,"turns":2},{"damage":9,"enemies":"Giant Head","floor":41,"turns":2},{"damage":0,"enemies":"Sphere and 2 Shapes","floor":44,"turns":1},{"damage":0,"enemies":"Maw","floor":45,"turns":2},{"damage":0,"enemies":"Nemesis","floor":46,"turns":3},{"damage":0,"enemies":"Giant Head","floor":48,"turns":2},{"damage":0,"enemies":"Donu and Deca","floor":50,"turns":3},{"damage":0,"enemies":"Shield and Spear","floor":54,"turns":2},{"damage":0,"enemies":"The Heart","floor":55,"turns":3}],"seed_played":"-6211560274301703562","potions_obtained":[{"floor":1.0,"key":"Regen Potion"},{"floor":6.0,"key":"Energy Potion"},{"floor":13.0,"key":"EntropicBrew"},{"floor":14.0,"key":"Weak Potion"},{"floor":16.0,"key":"FearPotion"},{"floor":23,"key":"SteroidPotion"},{"floor":44,"key":"Strength Potion"},{"floor":45,"key":"LiquidMemories"},{"floor":48,"key":"Block Potion"}],"is_trial":false,"path_per_floor":["M","?","$","M","T","E","R","E","T","M","R","M","E","M","R","B",null,"M","M","?","$","M","E","$","R","T","$","E","R","M","E","R","B",null,"M","M","$","M","?","R","E","R","T","M","M","E","?","E","R","B",null,"R","$","E","B",null],"character_chosen":"WATCHER","items_purchased":["Adaptation","TalkToTheHand","Centennial Puzzle","BottledMiracle","Bag of Marbles"],"campfire_rested":1,"item_purchase_floors":[3,3,21,53,53],"current_hp_per_floor":[57,46,46,44,44,40,40,22,22,22,42,42,13,6,6,6,53,47,31,78,78,77,64,64,64,64,64,58,58,58,60,60,62,74,76,64,64,66,55,55,48,48,48,50,52,54,54,56,65,67,86,92,92,92,92],"gold":60,"neow_bonus":"BOSS_RELIC","is_daily":false,"chose_seed":false,"campfire_upgraded":8,"win_rate":0.0,"timestamp":1613945862,"path_taken":["M","?","$","M","?","E","R","E","T","?","R","M","E","M","R","BOSS","M","M","?","$","?","E","?","R","T","$","E","R","M","E","R","BOSS","M","?","$","M","?","R","E","R","T","M","M","E","?","E","R","BOSS","R","$","E","BOSS"],"items_purchased_type":["Card","Card","Relic","Potion","Relic"],"build_version":"2020-12-22","purchased_purges":4,"victory":true,"max_hp_per_floor":[68,68,68,68,68,68,68,68,68,68,68,68,68,68,68,68,68,68,68,78,78,78,78,78,78,78,78,78,78,78,78,78,78,78,78,78,78,78,92,92,92,92,92,92,92,92,92,92,92,92,92,92,92,92,92],"relic_stats":{"counters":[29,94],"Eternal Feather":15,"War Paint":["DeusExMachina"],"Question Card":11,"Blood Vial":26,"Nunchaku":[47],"Centennial Puzzle":[23],"Gambling Chip":[43],"Pandora\u0027s Box":["Wish","TalkToTheHand","InnerPeace","InnerPeace","Consecrate","BowlingBash","DeusExMachina"],"Art of War":[0],"Kunai":[118],"obtain_stats":[{"SacredBark":0,"Mango":39,"Eternal Feather":43,"Incense Burner":23,"War Paint":41,"Question Card":31,"Empty Cage":34,"Akabeko":6,"Blood Vial":28,"Nunchaku":5,"Centennial Puzzle":21,"Gambling Chip":9,"Pandora\u0027s Box":17,"Art of War":48,"Bag of Marbles":53,"Kunai":13,"PureWater":0,"StrikeDummy":54,"TungstenRod":8,"InkBottle":46},{"SacredBark":0,"Mango":21,"Eternal Feather":22,"Incense Burner":13,"War Paint":22,"Question Card":16,"Empty Cage":17,"Akabeko":3,"Blood Vial":14,"Nunchaku":2,"Centennial Puzzle":11,"Gambling Chip":4,"Pandora\u0027s Box":9,"Art of War":26,"Bag of Marbles":27,"Kunai":7,"PureWater":0,"StrikeDummy":28,"TungstenRod":4,"InkBottle":25},{"SacredBark":0,"Mango":76,"Eternal Feather":78,"Incense Burner":56,"War Paint":78,"Question Card":64,"Empty Cage":67,"Akabeko":16,"Blood Vial":58,"Nunchaku":8,"Centennial Puzzle":50,"Gambling Chip":20,"Pandora\u0027s Box":44,"Art of War":86,"Bag of Marbles":89,"Kunai":32,"PureWater":0,"StrikeDummy":91,"TungstenRod":20,"InkBottle":84}],"TungstenRod":32,"InkBottle":[17]},"card_choices":[{"not_picked":["Tantrum","FlurryOfBlows"],"picked":"FearNoEvil","floor":1.0},{"not_picked":["FlurryOfBlows","Nirvana"],"picked":"EmptyFist","floor":4.0},{"not_picked":["CrushJoints","MentalFortress"],"picked":"LessonLearned","floor":6.0},{"not_picked":["EmptyFist","Nirvana","Halt"],"picked":"SKIP","floor":8.0},{"not_picked":["Conclude","WindmillStrike","ReachHeaven"],"picked":"SKIP","floor":10.0},{"not_picked":["Prostrate","PathToVictory","ThirdEye"],"picked":"SKIP","floor":12.0},{"not_picked":["ThirdEye","Pray","ClearTheMind"],"picked":"SKIP","floor":13.0},{"not_picked":["FlyingSleeves","SignatureMove","CrushJoints"],"picked":"SKIP","floor":14.0},{"not_picked":["ConjureBlade","Wish"],"picked":"DeusExMachina","floor":16.0},{"not_picked":["EmptyFist","Halt","MentalFortress"],"picked":"SKIP","floor":18},{"not_picked":["Conclude","SashWhip","BattleHymn"],"picked":"SKIP","floor":19},{"not_picked":["FlurryOfBlows","SashWhip+1"],"picked":"TalkToTheHand","floor":22},{"not_picked":["MentalFortress","FlurryOfBlows","Weave"],"picked":"SKIP","floor":23},{"not_picked":["FlurryOfBlows","Weave"],"picked":"MentalFortress","floor":23},{"not_picked":["FlyingSleeves","Evaluate","CrushJoints"],"picked":"SKIP","floor":28},{"not_picked":["Weave","InnerPeace","Evaluate"],"picked":"SKIP","floor":30},{"not_picked":["Prostrate","EmptyFist","Consecrate"],"picked":"SKIP","floor":31},{"not_picked":["WreathOfFlame","Tantrum+1","EmptyBody","Adaptation"],"picked":"SKIP","floor":35},{"not_picked":["WreathOfFlame","Meditate","ClearTheMind","BowlingBash"],"picked":"SKIP","floor":36},{"not_picked":["FlyingSleeves","ThirdEye","Halt+1"],"picked":"Wireheading","floor":38},{"not_picked":["CutThroughFate","Crescendo+1","SashWhip","JustLucky+1"],"picked":"SKIP","floor":41},{"not_picked":["DevaForm","Crescendo+1","Halt","SashWhip"],"picked":"SKIP","floor":44},{"not_picked":["Prostrate+1","Conclude","WaveOfTheHand","Wireheading"],"picked":"SKIP","floor":45},{"not_picked":["Prostrate+1","Conclude","WaveOfTheHand","Wireheading"],"picked":"SKIP","floor":45},{"not_picked":["EmptyFist+1","Crescendo","ThirdEye","JustLucky+1"],"picked":"SKIP","floor":46},{"not_picked":["ThirdEye","FollowUp","WheelKick"],"picked":"Scrawl","floor":48},{"not_picked":["ThirdEye","Weave","Sanctity","Perseverance"],"picked":"SKIP","floor":54}],"player_experience":1180849,"relics_obtained":[{"floor":5.0,"key":"Nunchaku"},{"floor":6.0,"key":"Akabeko"},{"floor":8.0,"key":"TungstenRod"},{"floor":9.0,"key":"Gambling Chip"},{"floor":13.0,"key":"Kunai"},{"floor":23,"key":"Incense Burner"},{"floor":28,"key":"Blood Vial"},{"floor":31,"key":"Question Card"},{"floor":39,"key":"Mango"},{"floor":41,"key":"War Paint"},{"floor":43,"key":"Eternal Feather"},{"floor":46,"key":"InkBottle"},{"floor":48,"key":"Art of War"},{"floor":54,"key":"StrikeDummy"}],"event_choices":[{"damage_healed":0.0,"max_hp_gain":0.0,"max_hp_loss":0.0,"gold_gain":75.0,"event_name":"World of Goop","player_choice":"Gather Gold","floor":2.0,"gold_loss":0.0,"damage_taken":11.0},{"cards_removed":["Wish"],"damage_healed":37,"gold_gain":0,"player_choice":"Offered Rare","damage_taken":0,"max_hp_gain":10,"max_hp_loss":0,"event_name":"Bonfire Elementals","floor":20,"gold_loss":0},{"damage_healed":0,"gold_gain":0,"player_choice":"Fight","damage_taken":0,"max_hp_gain":0,"max_hp_loss":0,"event_name":"Mysterious Sphere","floor":39,"gold_loss":0},{"damage_healed":0,"gold_gain":50,"player_choice":"Pray","damage_taken":0,"max_hp_gain":0,"max_hp_loss":0,"event_name":"Golden Shrine","floor":47,"gold_loss":0}],"is_beta":false,"boss_relics":[{"not_picked":["Velvet Choker","Philosopher\u0027s Stone"],"picked":"Pandora\u0027s Box"},{"not_picked":["Coffee Dripper","VioletLotus"],"picked":"Empty Cage"}],"items_purged_floors":[3,21,37,53],"is_endless":false,"potions_floor_spawned":[1,6,13,14,16,19,23,28,31,36,44,45,48],"ascension_level":15}}