{"host":"Vegetablebread","time":1613926351,"event":{"mods":["BaseMod","Bestiary","Downfall","Minty Spire (QoL Compilation)","Relic Stats","StSLib"],"gold_per_floor":[99,117,134,134,151,176,201,201,217,229,229,42,42,55,71,170,170,170,170,0,17,34,34,34,34,19,50,67,67,67,101,112,207,207,107,123,133,188,207,207,207,225,225,243,243,263,263,263,274,274],"floor_reached":51,"language":"ENG","playtime":4966,"items_purged":["Guardian:Strike_Guardian"],"score":791,"play_id":"e7114294-4f7e-4ced-aa68-6bc4df87e9fe","local_time":"20210221085231","is_ascension_mode":false,"campfire_choices":[{"data":"Guardian:TwinSlam","floor":1.0,"key":"SMITH"},{"data":"Guardian:RefractedBeam","floor":8.0,"key":"SMITH"},{"data":"Guardian:RefractedBeam+1","floor":11.0,"key":"SMITH"},{"data":"Guardian:RefractedBeam+2","floor":13.0,"key":"SMITH"},{"data":"Guardian:RefractedBeam+3","floor":18.0,"key":"SMITH"},{"data":"Guardian:RefractedBeam+4","floor":23.0,"key":"SMITH"},{"data":"Guardian:RefractedBeam+5","floor":25.0,"key":"SMITH"},{"data":"Guardian:RefractedBeam+6","floor":30.0,"key":"SMITH"},{"data":"Guardian:RefractedBeam+7","floor":35.0,"key":"SMITH"},{"data":"Guardian:BronzeArmor","floor":40.0,"key":"SMITH"},{"data":"Guardian:BaubleBeam","floor":45.0,"key":"SMITH"},{"data":"Guardian:RefractedBeam+8","floor":47.0,"key":"SMITH"}],"circlet_count":0,"master_deck":["Guardian:Defend_Guardian+1","Guardian:Defend_Guardian","Guardian:Defend_Guardian","Guardian:TwinSlam+1","Guardian:BaubleBeam+1","Guardian:RefractedBeam+9","Guardian:Clone","Guardian:StasisField","Guardian:PiercingHide+1","Guardian:DecasProtection","Guardian:PolyBeam","Guardian:FierceBash","Guardian:BronzeArmor+1","Guardian:TimeSifter","Guardian:ShieldCharger+1","Guardian:BronzeOrb"],"relics":["Runic Pyramid","Happy Flower","MealTicket","Empty Cage","Blue Candle","Meat on the Bone","Bronze Scales","Shuriken","Coffee Dripper","downfall:HeartBlessingGreen","Unceasing Top","Bottled Lightning"],"acts_visited":["Exordium","TheCity","TheBeyond"],"potions_floor_usage":[50],"damage_taken":[{"damage":3.0,"enemies":"Jaw Worm","floor":2.0,"turns":3.0},{"damage":1.0,"enemies":"Cultist","floor":3.0,"turns":3.0},{"damage":0.0,"enemies":"2 Louse","floor":5.0,"turns":2.0},{"damage":4.0,"enemies":"3 Sentries","floor":6.0,"turns":8.0},{"damage":8.0,"enemies":"Exordium Thugs","floor":9.0,"turns":4.0},{"damage":7.0,"enemies":"3 Louse","floor":10.0,"turns":3.0},{"damage":0.0,"enemies":"downfall:FleeingMerchant","floor":12.0,"turns":4.0},{"damage":3.0,"enemies":"Gremlin Gang","floor":14.0,"turns":4.0},{"damage":0.0,"enemies":"downfall:LooterAlt","floor":15.0,"turns":2.0},{"damage":27.0,"enemies":"DF_ARCHETYPE_STREAMLINE","floor":16.0,"turns":8.0},{"damage":3.0,"enemies":"downfall:FleeingMerchant","floor":20.0,"turns":4.0},{"damage":1.0,"enemies":"3 Byrds","floor":21.0,"turns":7.0},{"damage":1.0,"enemies":"Chosen","floor":22.0,"turns":4.0},{"damage":0.0,"enemies":"downfall:FleeingMerchant","floor":26.0,"turns":4.0},{"damage":43.0,"enemies":"Book of Stabbing","floor":27.0,"turns":7.0},{"damage":12.0,"enemies":"3 Cultists","floor":28.0,"turns":5.0},{"damage":20.0,"enemies":"Slavers","floor":31.0,"turns":5.0},{"damage":9.0,"enemies":"Centurion and Healer","floor":32.0,"turns":6.0},{"damage":22.0,"enemies":"SI_MIRROR_ARCHETYPE","floor":33.0,"turns":12.0},{"damage":0.0,"enemies":"3 Shapes","floor":36.0,"turns":7.0},{"damage":5.0,"enemies":"3 Darklings","floor":37.0,"turns":5.0},{"damage":25.0,"enemies":"2 Orb Walkers","floor":38.0,"turns":5.0},{"damage":16.0,"enemies":"Spire Growth","floor":39.0,"turns":6.0},{"damage":6.0,"enemies":"Writhing Mass","floor":42.0,"turns":5.0},{"damage":5.0,"enemies":"3 Darklings","floor":44.0,"turns":5.0},{"damage":3.0,"enemies":"Maw","floor":46.0,"turns":5.0},{"damage":0.0,"enemies":"Jaw Worm Horde","floor":49.0,"turns":4.0},{"damage":0,"enemies":"WA_ARCHETYPE_DIVINITY","floor":50,"turns":5}],"seed_played":"-717737352543392006","potions_obtained":[{"floor":3.0,"key":"LiquidMemories"},{"floor":6.0,"key":"SteroidPotion"},{"floor":9.0,"key":"LiquidBronze"},{"floor":14.0,"key":"Regen Potion"},{"floor":21.0,"key":"FearPotion"},{"floor":31.0,"key":"AttackPotion"},{"floor":32.0,"key":"Dexterity Potion"},{"floor":37.0,"key":"Block Potion"},{"floor":38.0,"key":"SpeedPotion"},{"floor":39.0,"key":"LiquidMemories"},{"floor":42.0,"key":"SkillPotion"},{"floor":46.0,"key":"FairyPotion"}],"is_trial":false,"path_per_floor":["R","M","M","?","M","E","T","R","M","M","R","$","R","M","M","B",null,"R","?","$","M","M","R","T","R","$","E","M","?","R","E","M","B",null,"R","M","M","?","M","R","T","M","?","M","R","M","R","?","M","B",null],"character_chosen":"GUARDIAN","items_purchased":["FairyPotion","Guardian:DecasProtection","Guardian:PolyBeam"],"campfire_rested":0,"item_purchase_floors":[12,20,20],"current_hp_per_floor":[80,77,76,76,76,72,72,72,64,57,57,72,72,69,69,57,80,80,75,77,76,75,75,75,75,80,49,49,41,41,33,36,26,80,80,80,75,50,46,46,46,52,52,47,47,44,44,44,44,44],"gold":274,"neow_bonus":"BOSS_RELIC","is_daily":false,"chose_seed":false,"campfire_upgraded":12,"win_rate":0.0,"timestamp":1613926351,"path_taken":["R","M","M","?","M","E","T","R","M","?","R","$","R","M","M","BOSS","R","?","?","M","M","R","T","R","$","E","M","?","R","E","M","BOSS","R","M","?","?","M","R","T","M","?","M","R","M","R","?","M","BOSS"],"items_purchased_type":["Potion","Card","Card"],"build_version":"2020-12-18","purchased_purges":1,"victory":true,"max_hp_per_floor":[80,80,80,80,80,80,80,80,80,80,80,80,80,80,80,80,80,80,80,80,80,80,80,80,80,80,80,80,80,80,80,80,80,80,80,80,80,80,80,80,80,80,80,80,80,80,80,80,80,80],"relic_stats":{"Happy Flower":[42],"counters":[28,142],"Shuriken":[8],"Blue Candle":[0],"Bronze Scales":[188],"MealTicket":25,"obtain_stats":[{"Happy Flower":6,"Blue Candle":19,"Guardian:ModeShifter":0,"downfall:HeartBlessingGreen":35,"Empty Cage":17,"Shuriken":31,"Bronze Scales":27,"MealTicket":7,"Coffee Dripper":34,"Bottled Lightning":41,"Unceasing Top":38,"Runic Pyramid":0,"Meat on the Bone":24},{"Happy Flower":4,"Blue Candle":10,"Guardian:ModeShifter":0,"downfall:HeartBlessingGreen":19,"Empty Cage":10,"Shuriken":17,"Bronze Scales":15,"MealTicket":4,"Coffee Dripper":19,"Bottled Lightning":23,"Unceasing Top":22,"Runic Pyramid":0,"Meat on the Bone":13},{"Happy Flower":16,"Blue Candle":41,"Guardian:ModeShifter":0,"downfall:HeartBlessingGreen":95,"Empty Cage":41,"Shuriken":77,"Bronze Scales":67,"MealTicket":16,"Coffee Dripper":95,"Bottled Lightning":118,"Unceasing Top":112,"Runic Pyramid":0,"Meat on the Bone":56}],"Unceasing Top":[0],"Meat on the Bone":84},"card_choices":[{"not_picked":["Guardian:TemporalShield","Guardian:TemporalStrike"],"picked":"Guardian:Gem_Red","floor":2.0},{"not_picked":["Guardian:ShieldCharger","Guardian:Gem_Cyan"],"picked":"Guardian:BaubleBeam","floor":3.0},{"not_picked":["Guardian:Gem_Crimson","Guardian:TemporalStrike","Guardian:Gem_Lightblue"],"picked":"SKIP","floor":5.0},{"not_picked":["Guardian:Repulse","Guardian:MultiBeam"],"picked":"Guardian:RefractedBeam","floor":6.0},{"not_picked":["Guardian:Reroute","Guardian:TimeBomb"],"picked":"Guardian:Clone","floor":9.0},{"not_picked":["Guardian:ChargeCore","Guardian:Gem_Cyan","Guardian:EvasiveProtocol"],"picked":"SKIP","floor":10.0},{"not_picked":["Guardian:Harden","Guardian:Planning"],"picked":"Guardian:Gem_Green","floor":12.0},{"not_picked":["Guardian:PrimingBeam","Guardian:ExploitGems","Guardian:Gem_Green"],"picked":"SKIP","floor":14.0},{"not_picked":["Guardian:Planning","Guardian:MultiBeam","Guardian:TimeBomb"],"picked":"SKIP","floor":15.0},{"not_picked":["Guardian:RevengeProtocol","Guardian:TimeSifter"],"picked":"Guardian:StasisField","floor":16.0},{"not_picked":["Guardian:SentryBeam+1","Guardian:PolyBeam"],"picked":"Guardian:PiercingHide+1","floor":20.0},{"not_picked":["Guardian:Gem_Blue","Guardian:RollAttack","Guardian:Recover+1"],"picked":"SKIP","floor":21.0},{"not_picked":["Guardian:Gem_Crimson","Guardian:RollAttack","Guardian:Recover"],"picked":"SKIP","floor":22.0},{"not_picked":["Guardian:Reroute","Guardian:TemporalShield"],"picked":"Guardian:FierceBash","floor":26.0},{"not_picked":["Guardian:PiercingHide","Guardian:BodySlam"],"picked":"Guardian:Gem_Yellow","floor":27.0},{"not_picked":["Guardian:Gem_Crimson","Guardian:TemporalShield","Guardian:Gem_Lightblue"],"picked":"SKIP","floor":28.0},{"not_picked":["Guardian:Reroute","Guardian:PrismaticBeam","Guardian:Harden"],"picked":"SKIP","floor":31.0},{"not_picked":["Guardian:ChargeCore","Guardian:PrismaticBeam"],"picked":"Guardian:BronzeArmor","floor":32.0},{"not_picked":["Guardian:FastForward","Guardian:ConstructionForm"],"picked":"Guardian:TimeSifter","floor":33.0},{"not_picked":["Guardian:Gem_Cyan","Guardian:WalkerClaw+1","Guardian:TimeBomb"],"picked":"SKIP","floor":36.0},{"not_picked":["Guardian:Recover","Guardian:SentryBeam"],"picked":"Guardian:Gem_Red","floor":37.0},{"not_picked":["Guardian:RollAttack","Guardian:Repulse","Guardian:Incinerate+1"],"picked":"SKIP","floor":39.0},{"not_picked":["Guardian:Gem_Green","Guardian:VentSteam+1"],"picked":"Guardian:Gem_Red","floor":42.0},{"not_picked":["Guardian:Recover+1","Guardian:ConstructionForm"],"picked":"Guardian:ShieldCharger+1","floor":44.0},{"not_picked":["Guardian:Incinerate+1","Guardian:Gem_White","Guardian:Gem_Red"],"picked":"SKIP","floor":46.0},{"not_picked":["Guardian:Reroute","Guardian:Incinerate+1"],"picked":"Guardian:BronzeOrb","floor":49.0}],"player_experience":10621563,"relics_obtained":[{"floor":6.0,"key":"Happy Flower"},{"floor":7.0,"key":"MealTicket"},{"floor":24.0,"key":"Meat on the Bone"},{"floor":27.0,"key":"Bronze Scales"},{"floor":31.0,"key":"Shuriken"},{"floor":38.0,"key":"Unceasing Top"},{"floor":41.0,"key":"Bottled Lightning"}],"event_choices":[{"cards_removed":["Guardian:CurlUp"],"damage_healed":0.0,"max_hp_gain":0.0,"max_hp_loss":0.0,"gold_gain":0.0,"event_name":"Bonfire Elementals","player_choice":"Offered Basic","floor":4.0,"gold_loss":0.0,"damage_taken":0.0},{"damage_healed":0.0,"max_hp_gain":0.0,"max_hp_loss":0.0,"gold_gain":0.0,"event_name":"Mysterious Sphere","player_choice":"Fight","floor":38.0,"gold_loss":0.0,"damage_taken":0.0},{"cards_removed":["Guardian:Defend_Guardian"],"damage_healed":0.0,"max_hp_gain":0.0,"max_hp_loss":0.0,"gold_gain":0.0,"event_name":"Falling","player_choice":"Removed Skill","floor":48.0,"gold_loss":0.0,"damage_taken":0.0}],"is_beta":true,"boss_relics":[{"not_picked":["Busted Crown","Calling Bell"],"picked":"Empty Cage"},{"not_picked":["Snecko Eye","SlaversCollar"],"picked":"Coffee Dripper"}],"items_purged_floors":[12],"is_endless":false,"potions_floor_spawned":[3,6,9,14,21,31,32,37,38,39,42,46],"ascension_level":0}}