{"host":"y2ptgajoxt8nh64w","time":1613909642,"event":{"mods":["100% Spire Juice","AchievementEnabler","Act Like it!","Arknights","BaseMod","Better Vampires","Colored Map","Colored Powertips","Conspire","DeckTracker","Friendly Minions","Gensokyo","GifTheSpireLib","Hallownest","Highlight Path","KinomotoSakuraMod(Ä¾Ö®±¾Ó£)","KomeijiMod","Marisa£¨ìFÓê¡¡Ä§ÀíÉ³£©","Minty Spire (QoL Compilation)","Prisma Mod","Quick Restart","Rare Cards Sparkle","Reimu£¨²©ÀöÁéÃÎ£©","Relic Stats","RumiaBox-Â¶Ã×æ«µÄÉñÃØºÐ×Ó","RyuuouÁúÍõ","StSLib","Waifu the Spire","Wide Potions","Youmu£¨»êÆÇÑýÃÎ£©","¡¾¹¦ÄÜMod¡¿»ìãçÖ®»·ÐÞ¸´²¹¶¡","¡¾¹¦ÄÜMod¡¿´ÏÃ÷µÄ×îÖÕBoss","¡¾ÒÅÎï¿¨ÅÆ¡¿REMEMod"],"gold_per_floor":[110,110,110,124,136,165,18,35,58,75,75,75,75,105,105,210,210,183,183,183,193,208,208,237,247,316,327,358,374,334,334,334,429,429,439,452,452,452,452,452,452,452],"floor_reached":41,"language":"ZHS","playtime":3294,"items_purged":[],"score":466,"play_id":"b25d75e1-8484-45ee-8a14-b45e0549f020","local_time":"20210221201402","is_ascension_mode":false,"campfire_choices":[{"floor":11.0,"key":"REST"},{"floor":13.0,"key":"RECALL"},{"floor":15.0,"key":"REST"},{"floor":23.0,"key":"REST"},{"floor":32.0,"key":"REST"},{"data":"PrismaMod:IllyaUberDefendChannel","floor":40.0,"key":"SMITH"}],"circlet_count":0,"master_deck":["PrismaMod:IllyaCommonDefend+1","PrismaMod:IllyaCommonDefend","PrismaMod:IllyaCommonDefend","PrismaMod:IllyaCommonDefend","PrismaMod:IllyaCommonDefend","PrismaMod:IllyaUncommonAttack","PrismaMod:IllyaUncommonDefend","PrismaMod:IllyaInstallAvenger","PrismaMod:IllyaUncommonEvoke","PrismaMod:IllyaUncommonAOEAttack","PrismaMod:IllyaFriendMaker","PrismaMod:IllyaBride","PrismaMod:IllyaBride","PrismaMod:IllyaAssassinRevenge","PrismaMod:IllyaGrail","PrismaMod:IllyaUberDefendChannel+1","PrismaMod:IllyaCommonEvoke","PrismaMod:IllyaGrail+1","PrismaMod:IllyaUberChannel","PrismaMod:IllyaUberPoisonChannel","PrismaMod:IllyaSaphire","PrismaMod:IllyaDevil+1","Bite","Bite","Bite","Bite","PrismaMod:IllyaInstallLancer","PrismaMod:IllyaPoisonTippedWeapons","PrismaMod:IllyaStunPoison+1","Wraith"],"relics":["PrismaMod:PrismaRuby","Orichalcum","Nunchaku","conspire:RunicOctahedron","Nloth\u0027s Gift","GodSword3","GodSword5","Bottled Flame","ZunR:ReiMu","EasyGame_NEW"],"acts_visited":["Exordium","TheCity","TheBeyond"],"potions_floor_usage":[41],"damage_taken":[{"damage":3.0,"enemies":"2 Louse","floor":1.0,"turns":3.0},{"damage":1.0,"enemies":"Small Slimes","floor":4.0,"turns":2.0},{"damage":1.0,"enemies":"Cultist","floor":5.0,"turns":4.0},{"damage":27.0,"enemies":"Lagavulin","floor":6.0,"turns":8.0},{"damage":0.0,"enemies":"Red Slaver","floor":8.0,"turns":4.0},{"damage":1.0,"enemies":"3 Louse","floor":10.0,"turns":3.0},{"damage":19.0,"enemies":"Gremlin Nob","floor":14.0,"turns":5.0},{"damage":22.0,"enemies":"Slime Boss","floor":16.0,"turns":15.0},{"damage":14.0,"enemies":"2 Thieves","floor":18.0,"turns":5.0},{"damage":9.0,"enemies":"Spheric Guardian","floor":21.0,"turns":10.0},{"damage":13.0,"enemies":"3 Cultists","floor":22.0,"turns":6.0},{"damage":48.0,"enemies":"Book of Stabbing","floor":24.0,"turns":7.0},{"damage":0.0,"enemies":"Chosen and Byrds","floor":25.0,"turns":4.0},{"damage":0.0,"enemies":"Snecko","floor":27.0,"turns":5.0},{"damage":17.0,"enemies":"REME_1_Revenger","floor":28.0,"turns":8.0},{"damage":10.0,"enemies":"Snake Plant","floor":29.0,"turns":5.0},{"damage":13.0,"enemies":"Champ","floor":33.0,"turns":15.0},{"damage":10.0,"enemies":"Orb Walker","floor":35.0,"turns":4.0},{"damage":23.0,"enemies":"3 Darklings","floor":36.0,"turns":4.0},{"damage":75,"enemies":"Giant Head","floor":41,"turns":10}],"seed_played":"6299957448909143803","potions_obtained":[{"floor":4.0,"key":"LiquidBronze"},{"floor":8.0,"key":"GrandPatriotsElixir:ReiMu"},{"floor":14.0,"key":"FearPotion"},{"floor":16.0,"key":"GamblersBrew"},{"floor":21.0,"key":"DuplicationPotion"},{"floor":22.0,"key":"conspire:TimeTravelPotion"},{"floor":25.0,"key":"Regen Potion"},{"floor":35.0,"key":"ColorlessPotion"}],"is_trial":false,"path_per_floor":["M","?","?","M","M","E","$","M","T","M","R","?","R","E","R","B",null,"M","?","?","M","M","R","E","M","T","M","E","M","?","?","R","B",null,"M","M","?","?","?","R","E"],"character_chosen":"ILLYA","items_purchased":["Orichalcum"],"campfire_rested":4,"item_purchase_floors":[7],"current_hp_per_floor":[79,63,63,62,61,34,34,34,34,33,57,57,57,38,62,40,82,68,52,52,43,30,56,22,22,22,22,21,11,11,11,34,39,66,60,39,39,39,39,39,0,0],"gold":452,"neow_bonus":"TEN_PERCENT_HP_BONUS","is_daily":false,"chose_seed":false,"campfire_upgraded":1,"win_rate":0.0,"timestamp":1613909642,"path_taken":["M","?","?","M","?","E","?","M","T","M","R","?","R","E","R","BOSS","M","?","?","?","M","R","E","M","T","M","E","M","?","?","R","BOSS","M","M","?","?","?","R","E"],"items_purchased_type":["Relic"],"build_version":"2020-12-22","purchased_purges":0,"victory":false,"max_hp_per_floor":[82,82,82,82,82,82,82,82,82,82,82,82,82,82,82,82,82,82,87,87,87,87,87,87,87,87,87,87,87,87,66,66,66,66,66,66,66,66,66,66,66,66],"relic_stats":{"Nunchaku":[14],"counters":[20,127],"Nloth\u0027s Gift":0,"Orichalcum":[312],"obtain_stats":[{"PrismaMod:PrismaRuby":0,"Nunchaku":14,"Bottled Flame":28,"ZunR:ReiMu":30,"conspire:RunicOctahedron":17,"Nloth\u0027s Gift":20,"GodSword5":26,"Orichalcum":7,"GodSword3":24,"EasyGame_NEW":34,"REME_ComplimentaryCards":0},{"PrismaMod:PrismaRuby":0,"Nunchaku":7,"Bottled Flame":15,"ZunR:ReiMu":16,"conspire:RunicOctahedron":8,"Nloth\u0027s Gift":9,"GodSword5":13,"Orichalcum":4,"GodSword3":12,"EasyGame_NEW":17,"REME_ComplimentaryCards":0},{"PrismaMod:PrismaRuby":0,"Nunchaku":29,"Bottled Flame":89,"ZunR:ReiMu":94,"conspire:RunicOctahedron":44,"Nloth\u0027s Gift":49,"GodSword5":76,"Orichalcum":17,"GodSword3":72,"EasyGame_NEW":109,"REME_ComplimentaryCards":0}]},"card_choices":[{"not_picked":["PrismaMod:IllyaDetonatingBlow","PrismaMod:IllyaCheapChannelDefend"],"picked":"PrismaMod:IllyaUncommonEvoke","floor":1.0},{"not_picked":["PrismaMod:IllyaCommonEvoke","PrismaMod:IllyaBoysLove"],"picked":"PrismaMod:IllyaUncommonAOEAttack","floor":4.0},{"not_picked":["PrismaMod:IllyaMinorZwei","PrismaMod:IllyaPoisonTippedWeapons"],"picked":"PrismaMod:IllyaFriendMaker","floor":5.0},{"not_picked":["PrismaMod:IllyaAssassinRevenge","PrismaMod:IllyaGrailKun"],"picked":"PrismaMod:IllyaBride","floor":6.0},{"not_picked":["PrismaMod:IllyaUpgradeOrbs","PrismaMod:IllyaCommandSeal"],"picked":"PrismaMod:IllyaBride","floor":8.0},{"not_picked":["PrismaMod:IllyaPartialInstallAssassin","PrismaMod:IllyaDualEvoke"],"picked":"PrismaMod:IllyaAssassinRevenge","floor":10.0},{"not_picked":["PrismaMod:IllyaFeed","PrismaMod:IllyaBride"],"picked":"PrismaMod:IllyaGrail","floor":14.0},{"not_picked":["PrismaMod:IllyaInstallArcher","PrismaMod:IllyaInstallCaster"],"picked":"PrismaMod:IllyaUberDefendChannel","floor":16.0},{"not_picked":["PrismaMod:IllyaBride","PrismaMod:IllyaCheapChannelPoison"],"picked":"PrismaMod:IllyaCommonEvoke","floor":18.0},{"not_picked":["PrismaMod:IllyaCommonEvoke","PrismaMod:IllyaCommandSeal"],"picked":"PrismaMod:IllyaGrail+1","floor":21.0},{"not_picked":["PrismaMod:IllyaPoisonBomb","PrismaMod:IllyaTestament"],"picked":"PrismaMod:IllyaUberChannel","floor":22.0},{"not_picked":["PrismaMod:IllyaFeed","PrismaMod:IllyaTestament"],"picked":"PrismaMod:IllyaUberPoisonChannel","floor":24.0},{"not_picked":["PrismaMod:IllyaCheapChannelAttack","PrismaMod:IllyaPoisonTippedWeapons","PrismaMod:IllyaCheapChannelPoison"],"picked":"SKIP","floor":25.0},{"not_picked":["PrismaMod:IllyaCheapChannelDefend","PrismaMod:IllyaGrailKun","PrismaMod:IllyaMinorZwei"],"picked":"SKIP","floor":27.0},{"not_picked":["PrismaMod:IllyaUncommonAOEAttack","PrismaMod:IllyaCommonEvoke"],"picked":"PrismaMod:IllyaSaphire","floor":28.0},{"not_picked":["PrismaMod:IllyaSaphire","PrismaMod:IllyaRussianRoulette"],"picked":"PrismaMod:IllyaDevil+1","floor":29.0},{"not_picked":["PrismaMod:IllyaUberDefendChannel","PrismaMod:IllyaInstallMoonCancer"],"picked":"PrismaMod:IllyaInstallLancer","floor":33.0},{"not_picked":["PrismaMod:IllyaMinorRapidFire+1","PrismaMod:IllyaGun"],"picked":"PrismaMod:IllyaPoisonTippedWeapons","floor":35.0},{"not_picked":["PrismaMod:IllyaCheapChannelDefend+1","PrismaMod:IllyaPoisonTippedWeapons"],"picked":"PrismaMod:IllyaStunPoison+1","floor":36.0}],"player_experience":3336,"relics_obtained":[{"floor":14.0,"key":"Nunchaku"},{"floor":24.0,"key":"GodSword3"},{"floor":26.0,"key":"GodSword5"},{"floor":28.0,"key":"Bottled Flame"}],"event_choices":[{"damage_healed":0.0,"max_hp_gain":0.0,"max_hp_loss":0.0,"gold_gain":0.0,"event_name":"Shining Light","player_choice":"Entered Light","floor":2.0,"gold_loss":0.0,"damage_taken":16.0,"cards_upgraded":["PrismaMod:IllyaCommonDefend","PrismaMod:IllyaCommonAttack"]},{"cards_removed":["Iron Wave"],"damage_healed":0.0,"max_hp_gain":0.0,"max_hp_loss":0.0,"gold_gain":0.0,"event_name":"NoteForYourself","player_choice":"Took Card","floor":3.0,"gold_loss":0.0,"damage_taken":0.0,"cards_obtained":["Iron Wave"]},{"cards_removed":["PrismaMod:IllyaCommonAttack"],"damage_healed":0.0,"max_hp_gain":0.0,"max_hp_loss":0.0,"gold_gain":0.0,"event_name":"Living Wall","player_choice":"Forget","floor":12.0,"gold_loss":0.0,"damage_taken":0.0},{"damage_healed":0.0,"max_hp_gain":5.0,"max_hp_loss":0.0,"gold_gain":0.0,"event_name":"Forgotten Altar","player_choice":"Shed Blood","floor":19.0,"gold_loss":0.0,"damage_taken":21.0},{"damage_healed":0.0,"max_hp_gain":0.0,"max_hp_loss":0.0,"gold_gain":0.0,"event_name":"N\u0027loth","player_choice":"Traded Relic","floor":20.0,"relics_lost":["REME_ComplimentaryCards"],"gold_loss":0.0,"damage_taken":0.0,"relics_obtained":["Nloth\u0027s Gift"]},{"damage_healed":0.0,"max_hp_gain":0.0,"max_hp_loss":0.0,"gold_gain":0.0,"event_name":"ZunEvent","player_choice":"¹ºÂòÉñ¾Æ","floor":30.0,"gold_loss":40.0,"damage_taken":0.0,"relics_obtained":["ZunR:ReiMu"]},{"damage_healed":0.0,"max_hp_gain":0.0,"max_hp_loss":21.0,"gold_gain":0.0,"event_name":"Vampires","player_choice":"Became a vampire","floor":31.0,"gold_loss":0.0,"damage_taken":0.0,"cards_obtained":["Bite","Bite","Bite","Bite"]},{"damage_healed":0.0,"max_hp_gain":0.0,"max_hp_loss":0.0,"gold_gain":0.0,"event_name":"OrinTheCat","player_choice":"Ignored","floor":38.0,"gold_loss":0.0,"damage_taken":0.0},{"damage_healed":0.0,"max_hp_gain":0.0,"max_hp_loss":0.0,"gold_gain":0.0,"event_name":"Match and Keep!","player_choice":"0 cards matched","floor":39.0,"gold_loss":0.0,"damage_taken":0.0,"cards_obtained":[]}],"is_beta":false,"boss_relics":[{"not_picked":["Calling Bell","Busted Crown"],"picked":"conspire:RunicOctahedron"},{"not_picked":["Empty Cage","Snecko Eye"],"picked":"EasyGame_NEW"}],"items_purged_floors":[],"is_endless":false,"potions_floor_spawned":[4,8,14,16,21,22,25,27,35],"killed_by":"Giant Head","ascension_level":0}}