{"host":"6ve8qn5s1am4lo6s","time":1613946257,"event":{"mods":["AchievementEnabler","Act Like it!","BaseMod","Better Altar","Better Match","Better Note","Better Vampires","BetterRewards","CapriCore","Displayed Cursed Tome","Evolution","Minty Spire (QoL Compilation)","Permanent Neow","Relic Stats","StSLib","The Animator"],"gold_per_floor":[111,125,125,135,57,57,91,91,160,160,176,190,190,203,203,300,300,320,126,126,26,26,26,43,43,43,62,62,62,89,105,105,105,105],"floor_reached":33,"language":"ENG","playtime":2236,"items_purged":["Strike_B","Strike_B"],"score":267,"play_id":"b7cd3001-2260-4ac0-bab8-ffa90a4b71f8","local_time":"20210221172417","is_ascension_mode":false,"campfire_choices":[{"data":"White Noise","floor":6,"key":"SMITH"},{"floor":8,"key":"REST"},{"data":"Creative AI","floor":10,"key":"SMITH"},{"floor":13,"key":"REST"},{"data":"Dualcast","floor":15,"key":"SMITH"},{"floor":23,"key":"RECALL"},{"data":"Zap","floor":29,"key":"SMITH"},{"floor":32,"key":"REST"}],"circlet_count":0,"master_deck":["Strike_B","Strike_B","Defend_B","Defend_B","Defend_B","Defend_B","Zap+1","Dualcast+1","Core Surge","Conserve Battery","Static Discharge","White Noise+1","Creative AI+1","Self Repair","Steam","Consume","Self Repair","Conserve Battery","Conserve Battery"],"relics":["Cracked Core","EVO:Axolotl","CultistMask","Boot","Velvet Choker","Bag of Marbles","InkBottle"],"acts_visited":["Exordium","TheCity"],"potions_floor_usage":[7,16,25,33,33],"damage_taken":[{"damage":11,"enemies":"Jaw Worm","floor":1,"turns":2},{"damage":6,"enemies":"Cultist","floor":2,"turns":3},{"damage":3,"enemies":"2 Louse","floor":4,"turns":2},{"damage":55,"enemies":"Gremlin Nob","floor":7,"turns":6},{"damage":6,"enemies":"Blue Slaver","floor":11,"turns":5},{"damage":28,"enemies":"Exordium Thugs","floor":12,"turns":5},{"damage":14,"enemies":"3 Louse","floor":14,"turns":2},{"damage":10,"enemies":"Hexaghost","floor":16,"turns":9},{"damage":9,"enemies":"Shell Parasite","floor":18,"turns":7},{"damage":16,"enemies":"Spheric Guardian","floor":24,"turns":4},{"damage":0,"enemies":"Snake Plant","floor":25,"turns":1},{"damage":9,"enemies":"Cultist and Chosen","floor":27,"turns":5},{"damage":74,"enemies":"Slavers","floor":30,"turns":7},{"damage":21,"enemies":"Chosen and Byrds","floor":31,"turns":6},{"damage":49,"enemies":"Collector","floor":33,"turns":5}],"seed_played":"-6581953169157386475","potions_obtained":[{"floor":1,"key":"BlessingOfTheForge"},{"floor":4,"key":"Regen Potion"},{"floor":7,"key":"SteroidPotion"},{"floor":11,"key":"SmokeBomb"},{"floor":27,"key":"Dexterity Potion"}],"is_trial":false,"path_per_floor":["M","M","?","M","$","R","E","R","T","R","M","M","R","M","R","B",null,"M","$","?","$","?","R","M","M","T","M","$","R","E","M","R","B"],"character_chosen":"DEFECT","items_purchased":["White Noise","Self Repair","Conserve Battery"],"campfire_rested":3,"item_purchase_floors":[5,19,19],"current_hp_per_floor":[64,58,58,55,55,55,15,37,37,37,31,3,25,18,18,8,75,73,73,73,73,85,85,83,83,83,85,85,85,25,18,43,0,0],"gold":105,"neow_bonus":"ONE_RANDOM_RARE_CARD","is_daily":false,"chose_seed":false,"campfire_upgraded":4,"win_rate":0.0,"timestamp":1613946257,"path_taken":["M","M","?","M","$","R","E","R","T","R","?","M","R","M","R","BOSS","M","$","?","?","?","R","M","M","T","?","$","R","E","M","R","BOSS"],"items_purchased_type":["Card","Card","Card"],"build_version":"2020-12-22","purchased_purges":2,"victory":false,"max_hp_per_floor":[75,75,75,75,75,75,75,75,75,75,75,75,75,75,75,75,75,75,75,75,75,85,85,85,85,85,85,85,85,85,85,85,85,85],"relic_stats":{"counters":[38,187],"Boot":[8],"obtain_stats":[{"Ice Cream":0,"Gremlin Horn":0,"Nilry\u0027s Codex":0,"Bottled Tornado":0,"Smiling Mask":23,"Boot":7,"Burning Blood":0,"Blood Vial":0,"Sozu":17,"Centennial Puzzle":0,"Nunchaku":0,"Dream Catcher":0,"Philosopher\u0027s Stone":34,"Kunai":0,"Red Skull":0,"InkBottle":43,"Potion Belt":0,"Golden Idol":0,"Blue Candle":0,"Oddly Smooth Stone":0,"Velvet Choker":17,"White Beast Statue":0,"Akabeko":0,"Runic Dome":0,"Anchor":0,"CaptainsWheel":7,"Molten Egg 2":0,"CultistMask":3,"Art of War":26,"Bag of Marbles":26,"Champion Belt":0,"Bottled Lightning":41,"TungstenRod":0},{"Ice Cream":0,"Gremlin Horn":0,"Nilry\u0027s Codex":0,"Bottled Tornado":0,"Smiling Mask":12,"Boot":27,"Burning Blood":0,"Blood Vial":0,"Sozu":8,"Centennial Puzzle":0,"Nunchaku":0,"Dream Catcher":0,"Philosopher\u0027s Stone":16,"Kunai":0,"Red Skull":0,"InkBottle":20,"Potion Belt":0,"Golden Idol":0,"Blue Candle":0,"Oddly Smooth Stone":0,"Velvet Choker":31,"White Beast Statue":0,"Akabeko":0,"Runic Dome":0,"Anchor":0,"CaptainsWheel":4,"Molten Egg 2":0,"CultistMask":25,"Art of War":12,"Bag of Marbles":34,"Champion Belt":0,"Bottled Lightning":20,"TungstenRod":0},{"Ice Cream":0,"Gremlin Horn":0,"Nilry\u0027s Codex":0,"Bottled Tornado":0,"Smiling Mask":54,"Boot":131,"Burning Blood":0,"Blood Vial":0,"Sozu":35,"Centennial Puzzle":0,"Nunchaku":0,"Dream Catcher":0,"Philosopher\u0027s Stone":77,"Kunai":0,"Red Skull":0,"InkBottle":96,"Potion Belt":0,"Golden Idol":0,"Blue Candle":0,"Oddly Smooth Stone":0,"Velvet Choker":152,"White Beast Statue":0,"Akabeko":0,"Runic Dome":0,"Anchor":0,"CaptainsWheel":18,"Molten Egg 2":0,"CultistMask":123,"Art of War":54,"Bag of Marbles":164,"Champion Belt":0,"Bottled Lightning":96,"TungstenRod":0}],"InkBottle":[17]},"card_choices":[{"not_picked":["Double Energy","Go for the Eyes"],"picked":"Conserve Battery","floor":1},{"not_picked":["Recycle","Darkness","Reprogram"],"picked":"SKIP","floor":2},{"not_picked":["BootSequence","Sunder"],"picked":"Static Discharge","floor":4},{"not_picked":["Sweeping Beam","Conserve Battery"],"picked":"Creative AI","floor":7},{"not_picked":["Compile Driver","Coolheaded","Recycle"],"picked":"SKIP","floor":11},{"not_picked":["Compile Driver","Chill"],"picked":"Self Repair","floor":12},{"not_picked":["Gash","Hologram"],"picked":"Steam","floor":14},{"not_picked":["Creative AI","All For One"],"picked":"Rainbow","floor":16},{"not_picked":["Compile Driver","Cold Snap+1"],"picked":"Consume","floor":18},{"not_picked":["Cold Snap","Steam"],"picked":"Conserve Battery","floor":24},{"not_picked":["Aggregate","Undo","Barrage"],"picked":"SKIP","floor":27},{"not_picked":["Auto Shields","Skim","All For One"],"picked":"SKIP","floor":30},{"not_picked":["Stack","Coolheaded","Beam Cell+1"],"picked":"SKIP","floor":31}],"player_experience":444638,"relics_obtained":[{"floor":7,"key":"Boot"},{"floor":26,"key":"Bag of Marbles"},{"floor":30,"key":"InkBottle"}],"event_choices":[{"damage_healed":0,"gold_gain":0,"player_choice":"Trade","damage_taken":0,"relics_obtained":["CultistMask"],"max_hp_gain":0,"max_hp_loss":0,"event_name":"FaceTrader","floor":3,"gold_loss":0},{"cards_removed":["Strike_B"],"damage_healed":0,"gold_gain":0,"player_choice":"Give","damage_taken":0,"max_hp_gain":0,"max_hp_loss":0,"event_name":"betterNote:BetterNote","floor":20,"gold_loss":0,"cards_obtained":["Strike_G"]},{"cards_removed":["Rainbow"],"damage_healed":2,"gold_gain":0,"player_choice":"Offered Rare","damage_taken":0,"max_hp_gain":10,"max_hp_loss":0,"event_name":"Bonfire Elementals","floor":22,"gold_loss":0}],"is_beta":false,"boss_relics":[{"not_picked":["Busted Crown","Empty Cage"],"picked":"Velvet Choker"}],"items_purged_floors":[19,21],"is_endless":false,"potions_floor_spawned":[1,4,7,11,25,27],"killed_by":"Collector","ascension_level":0}}