{"host":"x205naxbihvu3p76","time":1613919113,"event":{"mods":["AchievementEnabler","BaseMod","Minty Spire (QoL Compilation)","StSLib","SuperFastMode"],"gold_per_floor":[113,113,263,275,32,67,79,107,145,173,185,224,254,277,289,301,301],"floor_reached":16,"language":"KOR","playtime":260,"items_purged":["Doubt"],"score":267,"play_id":"b92c6ad7-d9e7-4a5b-94f0-f78ccd52dc04","local_time":"20210221235153","is_ascension_mode":true,"campfire_choices":[{"data":"Barricade","floor":7,"key":"SMITH"},{"data":"Uppercut","floor":11,"key":"SMITH"},{"data":"Armaments","floor":15,"key":"SMITH"}],"circlet_count":0,"master_deck":["AscendersBane","Strike_R+1","Strike_R","Strike_R","Strike_R","Strike_R","Defend_R","Defend_R","Defend_R","Defend_R","Bash","Shrug It Off+1","Pommel Strike","Inflame","Barricade+1","Uppercut+1","Power Through","True Grit","Armaments+1"],"relics":["Burning Blood","NeowsBlessing","Membership Card","MawBank","Tiny Chest","Nunchaku"],"acts_visited":["Exordium"],"potions_floor_usage":[13,16],"damage_taken":[{"damage":0,"enemies":"Small Slimes","floor":1,"turns":1},{"damage":0,"enemies":"2 Louse","floor":4,"turns":1},{"damage":0,"enemies":"Lagavulin","floor":6,"turns":3},{"damage":1,"enemies":"Cultist","floor":8,"turns":3},{"damage":5,"enemies":"3 Louse","floor":10,"turns":4},{"damage":26,"enemies":"Gremlin Nob","floor":12,"turns":4},{"damage":20,"enemies":"Lots of Slimes","floor":13,"turns":6},{"damage":1,"enemies":"2 Fungi Beasts","floor":14,"turns":3},{"damage":41,"enemies":"The Guardian","floor":16,"turns":6}],"seed_played":"3499160947433281270","potions_obtained":[{"floor":4,"key":"SpeedPotion"},{"floor":8,"key":"Block Potion"},{"floor":14,"key":"Dexterity Potion"}],"is_trial":false,"path_per_floor":["M","?","?","M","$","E","R","M","T","M","R","E","M","M","R","B"],"character_chosen":"IRONCLAD","items_purchased":["Membership Card","Inflame"],"campfire_rested":0,"item_purchase_floors":[5,5],"current_hp_per_floor":[74,51,51,57,57,63,63,68,68,69,69,49,35,40,40,0,0],"gold":301,"neow_bonus":"THREE_ENEMY_KILL","is_daily":false,"chose_seed":false,"campfire_upgraded":3,"win_rate":0.0,"timestamp":1613919113,"path_taken":["M","?","?","M","$","E","R","M","T","M","R","E","M","M","R","BOSS"],"items_purchased_type":["Relic","Card"],"build_version":"2020-12-22","purchased_purges":1,"victory":false,"max_hp_per_floor":[75,75,75,75,75,75,75,75,75,75,75,75,75,75,75,75,75],"card_choices":[{"not_picked":["Flex","Heavy Blade"],"picked":"Shrug It Off","floor":1},{"not_picked":["Pummel","Clash"],"picked":"Pommel Strike","floor":4},{"not_picked":["Whirlwind","Perfected Strike"],"picked":"Barricade","floor":6},{"not_picked":["Rage","True Grit"],"picked":"Uppercut","floor":8},{"not_picked":["Disarm","Infernal Blade"],"picked":"Power Through","floor":10},{"not_picked":["Flex","Twin Strike"],"picked":"True Grit","floor":12},{"not_picked":["Carnage","Warcry","Cleave"],"picked":"SKIP","floor":13},{"not_picked":["Iron Wave","True Grit"],"picked":"Armaments","floor":14}],"player_experience":1037132,"relics_obtained":[{"floor":6,"key":"MawBank"},{"floor":9,"key":"Tiny Chest"},{"floor":12,"key":"Nunchaku"}],"event_choices":[{"damage_healed":0,"gold_gain":0,"player_choice":"Entered Light","damage_taken":23,"max_hp_gain":0,"max_hp_loss":0,"event_name":"Shining Light","floor":2,"gold_loss":0,"cards_upgraded":["Strike_R","Shrug It Off"]},{"damage_healed":0,"gold_gain":150,"player_choice":"AGREE","damage_taken":0,"max_hp_gain":0,"max_hp_loss":0,"event_name":"Liars Game","floor":3,"gold_loss":0,"cards_obtained":["Doubt"]}],"is_beta":false,"boss_relics":[],"items_purged_floors":[5],"is_endless":false,"potions_floor_spawned":[4,8,12,14],"killed_by":"The Guardian","ascension_level":19}}