{"host":"ssceekdvsvld625r","time":1613901304,"event":{"mods":["AchievementEnabler","BaseMod","Better Third Choice","Block Reminder","Colored Map","Colored Powertips","Downfall","Minty Spire (QoL Compilation)","Permanent Neow","Quick Restart","Rare Cards Sparkle","Relic Stats","Reliquary","Replay The Spire","Shop Mod","StSLib"],"gold_per_floor":[99,112,212,229,249,274,299,314,327,346,9,19,19,34,49,49,49,49],"floor_reached":16,"language":"ENG","playtime":1693,"items_purged":[],"score":98,"play_id":"daddcd1a-caf7-4215-9f67-bf3a9976a0ac","local_time":"20210221025504","is_ascension_mode":false,"campfire_choices":[{"floor":1,"key":"RECALL"},{"floor":13,"key":"REST"}],"circlet_count":0,"master_deck":["champ:Strike","champ:Strike","champ:Strike","champ:Strike","champ:Defend","champ:Defend","champ:Defend","champ:Execute","champ:Taunt","champ:FocusedBerserking","champ:EnGarde","champ:PreciseThrust","champ:StanceDance","champ:BerserkersShout","champ:Shatter","champ:CrookedStrike","champ:DeathBlow","champ:GladiatorStyle","champ:PreciseThrust","champ:Lariat"],"relics":["champ:ChampionCrown","CloakClasp","Toy Ornithopter","Lantern","Pear"],"acts_visited":["Exordium"],"potions_floor_usage":[16,16,16],"damage_taken":[{"damage":19,"enemies":"Small Slimes","floor":2,"turns":3},{"damage":135,"enemies":"Small Slimes","floor":3,"turns":14},{"damage":24,"enemies":"Jaw Worm","floor":4,"turns":4},{"damage":10,"enemies":"2 Louse","floor":5,"turns":2},{"damage":14,"enemies":"2 Fungi Beasts","floor":8,"turns":3},{"damage":18,"enemies":"downfall:LooterAlt","floor":9,"turns":4},{"damage":23,"enemies":"Exordium Wildlife","floor":10,"turns":4},{"damage":15,"enemies":"downfall:FleeingMerchant","floor":11,"turns":4},{"damage":23,"enemies":"Large Slime","floor":12,"turns":3},{"damage":14,"enemies":"3 Louse","floor":14,"turns":2},{"damage":27,"enemies":"Gremlin Gang","floor":15,"turns":4},{"damage":94,"enemies":"DF_ARCHETYPE_STREAMLINE","floor":16,"turns":6}],"seed_played":"-7073592608250039088","potions_obtained":[{"floor":5,"key":"FearPotion"},{"floor":8,"key":"FearPotion"},{"floor":10,"key":"bronze:BurnAndBuffPotion"},{"floor":14,"key":"AttackPotion"}],"is_trial":false,"path_per_floor":["R_BF","M","?","M","M","T","T","M","M","M","$","M","R","M","M","B"],"character_chosen":"THE_CHAMP","items_purchased":["Pear","champ:GladiatorStyle"],"campfire_rested":1,"item_purchase_floors":[11,11],"current_hp_per_floor":[90,81,25,23,23,23,23,19,19,16,24,24,54,50,43,0,0,0],"gold":49,"neow_bonus":"REMOVE_CARD","is_daily":false,"chose_seed":false,"campfire_upgraded":0,"win_rate":0.0,"timestamp":1613901304,"path_taken":["R_BF","M","?","M","M","?","T","M","M","M","$","M","R","M","M","BOSS"],"items_purchased_type":["Relic","Card"],"build_version":"2020-12-22","purchased_purges":0,"victory":false,"max_hp_per_floor":[90,90,90,90,90,90,90,90,90,90,100,100,100,100,100,100,100,100],"relic_stats":{"counters":[12,53],"CloakClasp":[44],"obtain_stats":[{"Lantern":7,"Pear":11,"champ:ChampionCrown":0,"CloakClasp":3,"Toy Ornithopter":6},{"Lantern":4,"Pear":8,"champ:ChampionCrown":0,"CloakClasp":2,"Toy Ornithopter":4},{"Lantern":23,"Pear":38,"champ:ChampionCrown":0,"CloakClasp":17,"Toy Ornithopter":23}],"Toy Ornithopter":15},"card_choices":[{"not_picked":["champ:Parry","champ:CrookedStrike"],"picked":"champ:FocusedBerserking","floor":2},{"not_picked":["champ:FanOfKnives","champ:PreciseThrust"],"picked":"champ:EnGarde","floor":3},{"not_picked":["champ:CrookedStrike","champ:ShieldSlam"],"picked":"champ:PreciseThrust","floor":4},{"not_picked":["champ:PerfectedStrike","champ:SetATrap"],"picked":"champ:StanceDance","floor":5},{"not_picked":["champ:EnGarde","champ:BladeFlurry"],"picked":"champ:BerserkersShout","floor":8},{"not_picked":["champ:Backstep","champ:SkillfulDodge"],"picked":"champ:Shatter","floor":9},{"not_picked":["champ:DefensiveShout","champ:FalseCounter"],"picked":"champ:CrookedStrike","floor":10},{"not_picked":["champ:PerfectedStrike","champ:Parry"],"picked":"champ:DeathBlow","floor":11},{"not_picked":["champ:GladiatorForm","champ:FlashCut","champ:AdrenalArmor"],"picked":"SKIP","floor":12},{"not_picked":["champ:SkillfulDodge","champ:BladeFlurry"],"picked":"champ:PreciseThrust","floor":14},{"not_picked":["champ:DefensiveShout","champ:FocusedBerserking"],"picked":"champ:Lariat","floor":15}],"player_experience":75318,"relics_obtained":[{"floor":3,"key":"CloakClasp"},{"floor":6,"key":"Toy Ornithopter"},{"floor":7,"key":"Lantern"}],"event_choices":[],"is_beta":false,"boss_relics":[],"items_purged_floors":[],"is_endless":false,"potions_floor_spawned":[5,8,10,14,15],"killed_by":"DF_ARCHETYPE_STREAMLINE","ascension_level":0}}