{"host":"g7uq9uzahx9e0kti","time":1613897422,"event":{"mods":["100% Spire Juice","AchievementEnabler","Act Like it!","Arknights","BaseMod","CapriCore","Hermit","Koishi","Minty Spire (QoL Compilation)","Permanent Neow","Quick Restart","StSLib","SuperFastMode","The Bug Knight","The Cursed","The Hierophant","The Poker Player","Together in Spire","WarShipGirlsR/??á´Ò³R mod"],"gold_per_floor":[20,10,10,20,20,20,46,46,117,131,150,150,169,169,169],"floor_reached":14,"language":"KOR","playtime":500,"items_purged":[],"score":90,"play_id":"ca4fbbba-f079-4a3c-afcd-bcaf8975aef6","local_time":"20210221175022","is_ascension_mode":false,"campfire_choices":[{"floor":6,"key":"DIG"},{"floor":8,"key":"DIG"},{"floor":12,"key":"DIG"}],"circlet_count":0,"master_deck":["rmod:strick","rmod:strick","rmod:strick","rmod:strick","rmod:defend","rmod:defend+1","rmod:defend+1","rmod:defend","rmod:basicallowance","rmod:maingunfire","rmod:fletcherpendant","rmod:supportaircraftcarrier","rmod:aluminumsupply","Regret","Decay","rmod:fletcherpendant","rmod:tearstotiara","rmod:diamondstrike"],"relics":["rmod:firstchargereward","Shovel","War Paint","Oddly Smooth Stone","InkBottle","HollowMod:StagPassRelic","Eternal Feather","rmod:extraamm"],"acts_visited":["Exordium"],"potions_floor_usage":[14],"damage_taken":[{"damage":0,"enemies":"Small Slimes","floor":1,"turns":2},{"damage":2,"enemies":"2 Louse","floor":4,"turns":2},{"damage":33,"enemies":"HollowMod:MossKnight","floor":7,"turns":18},{"damage":6,"enemies":"Jaw Worm","floor":10,"turns":3},{"damage":18,"enemies":"Large Slime","floor":11,"turns":3},{"damage":5,"enemies":"Exordium Thugs","floor":13,"turns":4},{"damage":20,"enemies":"Gremlin Nob","floor":14,"turns":2}],"seed_played":"-8583642165131558726","potions_obtained":[{"floor":11,"key":"PowerPotion"},{"floor":13,"key":"Ancient Potion"}],"is_trial":false,"path_per_floor":["M","?","?","M","?","R","E","R","T","M","M","R","M","E"],"character_chosen":"PRAEFECT","items_purchased":[],"campfire_rested":0,"item_purchase_floors":[],"current_hp_per_floor":[75,75,75,73,73,73,40,40,40,34,16,25,20,0,0],"gold":169,"neow_bonus":"ONE_RARE_RELIC","is_daily":false,"chose_seed":false,"campfire_upgraded":0,"win_rate":0.0,"timestamp":1613897422,"path_taken":["M","?","?","M","?","R","E","R","T","?","M","R","M","E"],"items_purchased_type":[],"build_version":"2020-12-22","purchased_purges":0,"victory":false,"max_hp_per_floor":[75,75,75,75,75,75,75,75,75,75,75,75,75,75,75],"card_choices":[{"not_picked":["rmod:combined","rmod:royalracing"],"picked":"rmod:fletcherpendant","floor":1},{"not_picked":[],"picked":"rmod:supportaircraftcarrier","floor":2},{"not_picked":[],"picked":"rmod:aluminumsupply","floor":2},{"not_picked":["rmod:luckystar","rmod:salvage","rmod:victimresponsibility"],"picked":"SKIP","floor":4},{"not_picked":["rmod:generalist","rmod:combined"],"picked":"rmod:fletcherpendant","floor":7},{"not_picked":["rmod:garrisonisland","rmod:aluminumsupply"],"picked":"rmod:tearstotiara","floor":10},{"not_picked":["rmod:smokecover","rmod:goodsister","rmod:aluminumsupply"],"picked":"SKIP","floor":11},{"not_picked":["rmod:heivgo","rmod:firesupport"],"picked":"rmod:diamondstrike","floor":13}],"player_experience":159753,"relics_obtained":[{"floor":6,"key":"Oddly Smooth Stone"},{"floor":7,"key":"InkBottle"},{"floor":8,"key":"HollowMod:StagPassRelic"},{"floor":9,"key":"Eternal Feather"},{"floor":12,"key":"rmod:extraamm"}],"event_choices":[{"damage_healed":0,"gold_gain":0,"player_choice":"Box","damage_taken":0,"relics_obtained":["War Paint"],"max_hp_gain":0,"max_hp_loss":0,"event_name":"Big Fish","floor":3,"gold_loss":0,"cards_obtained":["Regret"]},{"damage_healed":0,"gold_gain":0,"player_choice":"Cursed","damage_taken":0,"max_hp_gain":0,"max_hp_loss":0,"event_name":"Wheel of Change","floor":5,"gold_loss":0,"cards_obtained":["Decay"]}],"is_beta":false,"boss_relics":[],"items_purged_floors":[],"is_endless":false,"potions_floor_spawned":[11,13],"killed_by":"Gremlin Nob","ascension_level":0}}