{"host":"bf5upntvbdompq33","time":1613878637,"event":{"mods":["BaseMod","Bestiary","Colored Map","Colored Powertips","Curses Come First","Highlight Path","Minty Spire (QoL Compilation)","StSLib","ojb\u0027s Info Mod"],"gold_per_floor":[117,5,21,196,207,241,241,268,318,318,318],"floor_reached":10,"language":"ENG","playtime":458,"items_purged":["Strike_R"],"score":129,"play_id":"f9828199-d4ae-43d8-8ae4-0d3833a88c39","local_time":"20210220203717","is_ascension_mode":true,"campfire_choices":[{"floor":7,"key":"REST"}],"circlet_count":0,"master_deck":["AscendersBane","Strike_R","Strike_R","Strike_R","Strike_R","Defend_R","Defend_R","Defend_R","Defend_R","Bash","Disarm","Dark Embrace","Clothesline","Doubt","Impervious","Thunderclap","Limit Break"],"relics":["Burning Blood","Bird Faced Urn","Letter Opener","Pen Nib","Boot"],"acts_visited":["Exordium"],"potions_floor_usage":[5,8],"damage_taken":[{"damage":8,"enemies":"Cultist","floor":1,"turns":6},{"damage":10,"enemies":"Jaw Worm","floor":3,"turns":4},{"damage":3,"enemies":"2 Louse","floor":5,"turns":5},{"damage":71,"enemies":"Lagavulin","floor":6,"turns":13},{"damage":22,"enemies":"Gremlin Nob","floor":8,"turns":5},{"damage":20,"enemies":"3 Sentries","floor":10,"turns":3}],"seed_played":"4492659121665259787","potions_obtained":[{"floor":5,"key":"Fruit Juice"},{"floor":6,"key":"LiquidMemories"},{"floor":8,"key":"Dexterity Potion"}],"is_trial":false,"path_per_floor":["M","$","M","?","M","E","R","E","T","E"],"character_chosen":"IRONCLAD","items_purchased":["Dark Embrace"],"campfire_rested":1,"item_purchase_floors":[2],"current_hp_per_floor":[66,66,62,62,70,7,28,12,12,0,0],"gold":318,"neow_bonus":"ONE_RARE_RELIC","is_daily":false,"chose_seed":false,"campfire_upgraded":0,"win_rate":0.0,"timestamp":1613878637,"path_taken":["M","$","?","?","M","E","R","E","T","E"],"items_purchased_type":["Card"],"build_version":"2020-12-22","purchased_purges":1,"victory":false,"max_hp_per_floor":[68,68,68,68,73,73,73,73,73,73,73],"card_choices":[{"not_picked":["Thunderclap","Blood for Blood"],"picked":"Disarm","floor":1},{"not_picked":["Wild Strike","Headbutt"],"picked":"Clothesline","floor":3},{"not_picked":["Body Slam","Blood for Blood"],"picked":"Impervious","floor":5},{"not_picked":["Perfected Strike","Flex"],"picked":"Thunderclap","floor":6},{"not_picked":["Sever Soul","Inflame"],"picked":"Limit Break","floor":8}],"player_experience":1675627,"relics_obtained":[{"floor":6,"key":"Letter Opener"},{"floor":8,"key":"Pen Nib"},{"floor":9,"key":"Boot"}],"event_choices":[{"damage_healed":0,"gold_gain":175,"player_choice":"AGREE","damage_taken":0,"max_hp_gain":0,"max_hp_loss":0,"event_name":"Liars Game","floor":4,"gold_loss":0,"cards_obtained":["Doubt"]}],"is_beta":false,"boss_relics":[],"items_purged_floors":[2],"is_endless":false,"potions_floor_spawned":[5,6,8],"killed_by":"3 Sentries","ascension_level":14}}