{"host":"51f9r4o9zca2xpvz","time":1613915884,"event":{"mods":["AchievementEnabler","BaseMod","Minty Spire (QoL Compilation)"],"gold_per_floor":[118,133,133,12,31,56,79,79,79,89,89,39,39,39,39,142,142,129,129,144,178,27,27,58,72,72,72,87,103,103,103],"floor_reached":30,"language":"ENG","playtime":3019,"items_purged":[],"score":248,"play_id":"d40b3bd8-bb2c-4da2-9040-fcfcd5b473f0","local_time":"20210221055804","is_ascension_mode":false,"campfire_choices":[{"floor":8,"key":"DIG"},{"floor":11,"key":"DIG"},{"floor":15,"key":"REST"},{"floor":23,"key":"DIG"}],"circlet_count":0,"master_deck":["Strike_G+1","Strike_G+1","Strike_G+1","Strike_G+1","Strike_G+1","Defend_G+1","Defend_G+1","Defend_G+1","Defend_G+1","Defend_G+1","Neutralize+1","Flying Knee","Skewer","Finisher","Flying Knee","Flying Knee","Choke+1","Masterful Stab","Dagger Spray","A Thousand Cuts","Quick Slash","Prepared+1","Dash+1","Endless Agony","Phantasmal Killer","Dagger Spray","Acrobatics","Underhanded Strike","Shame","Skewer"],"relics":["Ring of the Snake","Pen Nib","FaceOfCleric","Shovel","Odd Mushroom","Anchor","Gremlin Horn","Potion Belt","SlaversCollar","Red Mask","Orrery","Sundial","Bronze Scales","Mummified Hand","Dream Catcher"],"acts_visited":["Exordium","TheCity"],"potions_floor_usage":[16,25,30,30],"damage_taken":[{"damage":0,"enemies":"Cultist","floor":1,"turns":5},{"damage":0,"enemies":"Small Slimes","floor":2,"turns":3},{"damage":6,"enemies":"2 Louse","floor":5,"turns":2},{"damage":9,"enemies":"3 Sentries","floor":6,"turns":8},{"damage":20,"enemies":"The Mushroom Lair","floor":7,"turns":4},{"damage":0,"enemies":"Looter","floor":10,"turns":3},{"damage":53,"enemies":"The Guardian","floor":16,"turns":17},{"damage":22,"enemies":"2 Thieves","floor":18,"turns":4},{"damage":0,"enemies":"Chosen","floor":20,"turns":4},{"damage":15,"enemies":"Masked Bandits","floor":21,"turns":4},{"damage":35,"enemies":"Book of Stabbing","floor":24,"turns":5},{"damage":0,"enemies":"Centurion and Healer","floor":25,"turns":3},{"damage":2,"enemies":"Snecko","floor":28,"turns":5},{"damage":2,"enemies":"Shelled Parasite and Fungi","floor":29,"turns":4},{"damage":14,"enemies":"Chosen and Byrds","floor":30,"turns":5}],"seed_played":"3435868929776561292","potions_obtained":[{"floor":5,"key":"FairyPotion"},{"floor":7,"key":"Dexterity Potion"},{"floor":18,"key":"DistilledChaos"},{"floor":21,"key":"EssenceOfSteel"},{"floor":28,"key":"ColorlessPotion"}],"is_trial":false,"path_per_floor":["M","M","?","$","M","E","?","R","T","M","R","?","$","?","R","B",null,"M","?","M","?","$","R","E","M","T","?","M","M","M"],"character_chosen":"THE_SILENT","items_purchased":["Finisher","Flying Knee","Orrery"],"campfire_rested":1,"item_purchase_floors":[4,4,22],"current_hp_per_floor":[70,70,70,70,65,57,38,38,38,39,39,39,39,24,46,23,75,54,54,55,41,41,41,7,8,8,8,7,6,0,0],"gold":103,"neow_bonus":"RANDOM_COMMON_RELIC","is_daily":false,"chose_seed":false,"campfire_upgraded":0,"win_rate":0.0,"timestamp":1613915884,"path_taken":["M","?","?","$","?","E","?","R","T","M","R","?","$","?","R","BOSS","M","?","M","?","?","R","E","?","T","?","M","M","M"],"items_purchased_type":["Card","Card","Relic"],"build_version":"2020-12-22","purchased_purges":0,"victory":false,"max_hp_per_floor":[70,70,70,70,71,72,73,73,73,74,74,74,74,74,74,75,75,76,76,77,78,78,78,79,80,80,80,81,82,82,82],"card_choices":[{"not_picked":["Dagger Throw","Reflex"],"picked":"Flying Knee","floor":1},{"not_picked":["Catalyst","Prepared"],"picked":"Skewer","floor":2},{"not_picked":["PiercingWail","Poisoned Stab"],"picked":"Flying Knee","floor":5},{"not_picked":["Malaise","Terror"],"picked":"Choke","floor":6},{"not_picked":["Noxious Fumes","Catalyst"],"picked":"Masterful Stab","floor":7},{"not_picked":["Well Laid Plans","Underhanded Strike"],"picked":"Dagger Spray","floor":10},{"not_picked":["Tools of the Trade","Die Die Die"],"picked":"A Thousand Cuts","floor":16},{"not_picked":["Choke+1","Sucker Punch","Dagger Spray"],"picked":"SKIP","floor":18},{"not_picked":["Footwork","Bane"],"picked":"Quick Slash","floor":20},{"not_picked":["Blur+1","Eviscerate"],"picked":"Prepared+1","floor":21},{"not_picked":["Flying Knee","Acrobatics"],"picked":"Dash+1","floor":22},{"not_picked":["Deadly Poison","Choke"],"picked":"Endless Agony","floor":22},{"not_picked":["Slice+1","Calculated Gamble"],"picked":"Phantasmal Killer","floor":22},{"not_picked":["Backflip","Deadly Poison"],"picked":"Dagger Spray","floor":22},{"not_picked":["Bane","Choke"],"picked":"Acrobatics","floor":22},{"not_picked":["Acrobatics","Caltrops+1"],"picked":"Underhanded Strike","floor":24},{"not_picked":["Deflect","Outmaneuver","Escape Plan+1"],"picked":"SKIP","floor":25},{"not_picked":["Backstab","Deadly Poison"],"picked":"Skewer","floor":28},{"not_picked":["Dodge and Roll","Blur","Dagger Spray"],"picked":"SKIP","floor":29}],"player_experience":20401,"relics_obtained":[{"floor":6,"key":"Shovel"},{"floor":7,"key":"Odd Mushroom"},{"floor":8,"key":"Anchor"},{"floor":9,"key":"Gremlin Horn"},{"floor":11,"key":"Potion Belt"},{"floor":21,"key":"Red Mask"},{"floor":23,"key":"Sundial"},{"floor":24,"key":"Bronze Scales"},{"floor":26,"key":"Mummified Hand"}],"event_choices":[{"damage_healed":0,"gold_gain":0,"player_choice":"Trade","damage_taken":0,"relics_obtained":["FaceOfCleric"],"max_hp_gain":0,"max_hp_loss":0,"event_name":"FaceTrader","floor":3,"gold_loss":0},{"damage_healed":0,"gold_gain":0,"player_choice":"Fought Mushrooms","damage_taken":0,"max_hp_gain":0,"max_hp_loss":0,"event_name":"Mushrooms","floor":7,"gold_loss":0},{"cards_removed":["Survivor"],"damage_healed":0,"gold_gain":0,"player_choice":"Card Removal","damage_taken":0,"max_hp_gain":0,"max_hp_loss":0,"event_name":"The Cleric","floor":12,"gold_loss":50},{"damage_healed":0,"gold_gain":0,"player_choice":"Entered Light","damage_taken":15,"max_hp_gain":0,"max_hp_loss":0,"event_name":"Shining Light","floor":14,"gold_loss":0,"cards_upgraded":["Neutralize","Choke"]},{"damage_healed":0,"gold_gain":0,"player_choice":"Simplicity","damage_taken":0,"max_hp_gain":0,"max_hp_loss":0,"event_name":"Back to Basics","floor":19,"gold_loss":0,"cards_upgraded":["Strike_G","Strike_G","Strike_G","Strike_G","Strike_G","Defend_G","Defend_G","Defend_G","Defend_G","Defend_G"]},{"damage_healed":0,"gold_gain":0,"player_choice":"Fought Bandits","damage_taken":0,"max_hp_gain":0,"max_hp_loss":0,"event_name":"Masked Bandits","floor":21,"gold_loss":0},{"damage_healed":0,"gold_gain":0,"player_choice":"Stole Relic","damage_taken":0,"relics_obtained":["Dream Catcher"],"max_hp_gain":0,"max_hp_loss":0,"event_name":"Addict","floor":27,"gold_loss":0,"cards_obtained":["Shame"]}],"is_beta":false,"boss_relics":[{"not_picked":["SacredBark","Empty Cage"],"picked":"SlaversCollar"}],"items_purged_floors":[],"is_endless":false,"potions_floor_spawned":[5,7,18,21,28],"killed_by":"Chosen and Byrds","ascension_level":0}}