{"host":"r40cn8c2kv7g6k3i","time":1613905407,"event":{"mods":["ATMod(∞¢Ë™Mod)","Act Like it!","BaseMod","Colored Powertips","Downfall","Gensokyo","Hallownest","KinomotoSakuraMod(ƒæ÷Æ±æ”£)","KomeijiMod","Marisa£®ÏF”Í°°ƒß¿Ì…≥£©","Minty Spire (QoL Compilation)","Onozuka Komachi Mod","Prisma Mod","Reimu£®≤©¿ˆ¡È√Œ£©","Remilia£®¿Ÿ√◊¿Ú—«£©","Replay The Spire","Shop Mod","Spicy Shops","StSLib","The Alterego","The Bug Knight","The Servant 0.9.4","UnlockEverythingMod","WarShipGirlsR/’ΩΩ¢…Ÿ≈ÆR mod","Youmu£®ªÍ∆«—˝√Œ£©","Yuri Mod"],"gold_per_floor":[115,12,12,28,28,28,60,80,80,97,97,97,115,140,140,236,236,253,3,0,0,17,17,334,334,334,334,547,566,0,18,18,115,115,130,145,158,178,193,193,223,223,223,223,241,241,241,10,10,10,10,10,10,36,36],"floor_reached":56,"language":"ZHS","playtime":5561,"items_purged":["Hallucinations"],"score":1289,"play_id":"606dc420-19e5-4c12-8bf2-8ed2b3b88dbe","local_time":"20210221190327","is_ascension_mode":false,"campfire_choices":[{"data":"NineCharacters:ReiMu","floor":6,"key":"SMITH"},{"data":"UniversalSpiritual:ReiMu","floor":11,"key":"SMITH"},{"data":"AT_CelerityRune","floor":15,"key":"SMITH"},{"data":"CeremonyResonance:ReiMu","floor":23,"key":"SMITH"},{"floor":25,"key":"REST"},{"data":"NB:ReiMu","floor":27,"key":"SMITH"},{"floor":32,"key":"DIG"},{"floor":40,"key":"RECALL"},{"data":"YinYangSange:ReiMu","floor":46,"key":"SMITH"},{"floor":49,"key":"REST"},{"data":"Amulet:ReiMu","floor":52,"key":"SMITH"}],"circlet_count":0,"master_deck":["Strike_Lin:ReiMu","Strike_Lin:ReiMu","Strike_Lin:ReiMu","Strike_Lin:ReiMu","Defend_Lin:ReiMu","Defend_Lin:ReiMu","Defend_Lin:ReiMu","Defend_Lin:ReiMu","NB:ReiMu+1","Stagnation:ReiMu","AT_CelerityRune+1","NineCharacters:ReiMu+1","RainPray2:ReiMu","SpreadBorder2:ReiMu","UniversalSpiritual:ReiMu+1","SpreadBorder2:ReiMu","Amulet:ReiMu+1","Authority:ReiMu","BlastKick2:ReiMu","AlertArray:ReiMu+1","Gensokyo:RPG","Enchanting:ReiMu","CeremonyResonance:ReiMu+1","ManaGlint:ReiMu","WonderfulDomain:ReiMu+1","Gathering:ReiMu","RainPray2:ReiMu","TightArray:ReiMu+1","OrbThrow:ReiMu+1","NineCharacters:ReiMu","SubcavityInstant:ReiMu","LovePray:ReiMu","Madness","YinYangSange:ReiMu+1","Authority:ReiMu","Conquer:ReiMu","RainPray2:ReiMu","SubAcupoint:ReiMu","Dreaming2:ReiMu+1","SpringWay:ReiMu","PrepareRite:ReiMu","Injury","FineLineFantasy:ReiMu","hexamod:NightmareGuise+1"],"relics":["FlyPower:ReiMu","AT_ATBox","NeowsBlessing","Gensokyo:Justice","Quantum Egg","AT_BellowingDragoncrestRing","BodyOfKamiR:ReiMu","ReplayTheSpireMod:Lightbulb","Cursed Key","Regal Pillow","AT_SunfireAegis","Chameleon Ring","Blue Doll","Lee\u0027s Waffle","BargainBundle","AT_RabadonDeathcap","Snecko Eye","Potion Belt","Gensokyo:TheCrow","PrismaticShard","Mummified Hand"],"acts_visited":["Gensokyo:Gensokyo","Gensokyo:Gensokyoer","Gensokyo:Gensokyoest","TheEnding"],"potions_floor_usage":[22,24,33],"damage_taken":[{"damage":0,"enemies":"Gensokyo:Python","floor":1,"turns":1},{"damage":0,"enemies":"Gensokyo:2_Kodama","floor":4,"turns":1},{"damage":0,"enemies":"Gensokyo:Aya","floor":7,"turns":1},{"damage":0,"enemies":"Gensokyo:3_Fairies","floor":8,"turns":4},{"damage":3,"enemies":"Gensokyo:VengefulSpirit","floor":10,"turns":6},{"damage":1,"enemies":"Gensokyo:Kitsune","floor":13,"turns":5},{"damage":0,"enemies":"Gensokyo:Mamizou","floor":14,"turns":5},{"damage":21,"enemies":"Gensokyo:Yukari","floor":16,"turns":15},{"damage":3,"enemies":"Gensokyo:CosmicMonolith","floor":18,"turns":5},{"damage":39,"enemies":"Gensokyo:3_Dogs","floor":22,"turns":7},{"damage":10,"enemies":"Gensokyo:Wraith","floor":24,"turns":9},{"damage":1,"enemies":"Gensokyo:Slime_Group","floor":28,"turns":6},{"damage":11,"enemies":"Gensokyo:Monolith_and_Dog","floor":29,"turns":5},{"damage":0,"enemies":"Gensokyo:Wraith","floor":31,"turns":4},{"damage":0,"enemies":"Gensokyo:Eiki","floor":33,"turns":6},{"damage":0,"enemies":"Gensokyo:3_Boulders","floor":35,"turns":2},{"damage":0,"enemies":"Gensokyo:3_Bats","floor":36,"turns":1},{"damage":0,"enemies":"Gensokyo:Rafflesia","floor":37,"turns":6},{"damage":0,"enemies":"Gensokyo:Dusk_and_Dawn","floor":38,"turns":3},{"damage":15,"enemies":"Gensokyo:4_Bats","floor":39,"turns":4},{"damage":16,"enemies":"Gensokyo:Kasen","floor":41,"turns":4},{"damage":0,"enemies":"Gensokyo:SeedOfUnknown","floor":45,"turns":4},{"damage":7,"enemies":"Gensokyo:Scarlet_Devils","floor":50,"turns":6},{"damage":16,"enemies":"Shield and Spear","floor":54,"turns":4},{"damage":8,"enemies":"The Heart","floor":55,"turns":7}],"seed_played":"8390593413014248181","potions_obtained":[{"floor":8,"key":"Dexterity Potion"},{"floor":10,"key":"bronze:BurnAndBuffPotion"},{"floor":13,"key":"ZuzhouPotion:ReiMu"},{"floor":14,"key":"Fire Potion"},{"floor":28,"key":"Block Potion"},{"floor":33,"key":"Fire Potion"},{"floor":36,"key":"PinkPotion:ReiMu"},{"floor":45,"key":"Block Potion"}],"is_trial":false,"path_per_floor":["M","$","?","M","COS","R","E","M","T","M","R","T","M","E","R","B",null,"M","COS","?","?","M","R","M","R","T","R","M","M","$","M","R","B",null,"M","M","M","M","M","R","E","?","T","?","M","R","?","COS","R","B",null,"R","$","E","B",null],"character_chosen":"REIMU","items_purchased":["NineCharacters:ReiMu","Blue Doll","OrbThrow:ReiMu+1","Lee\u0027s Waffle","BargainBundle","NineCharacters:ReiMu","SubcavityInstant:ReiMu","LovePray:ReiMu","Madness","Swift Potion"],"campfire_rested":2,"item_purchase_floors":[2,30,30,30,30,30,30,30,30,30],"current_hp_per_floor":[65,65,65,65,65,65,65,65,65,62,62,62,61,61,61,40,65,62,62,62,60,21,21,11,44,44,44,43,32,67,67,67,67,67,67,67,67,67,52,52,36,36,36,36,36,36,36,36,67,67,67,67,67,51,43],"gold":36,"neow_bonus":"THREE_ENEMY_KILL","is_daily":false,"chose_seed":false,"campfire_upgraded":7,"win_rate":0.0,"timestamp":1613905407,"path_taken":["M","$","?","M","COS","R","E","M","T","M","R","?","M","E","R","BOSS","M","COS","?","?","M","R","?","R","T","R","M","M","$","M","R","BOSS","M","?","M","M","M","R","E","?","T","?","M","R","?","COS","R","BOSS","R","$","E","BOSS"],"items_purchased_type":["Card","Relic","Card","Relic","Relic","Card","Card","Card","Card","Potion"],"build_version":"2020-12-22","purchased_purges":1,"victory":true,"max_hp_per_floor":[65,65,65,65,65,65,65,65,65,65,65,65,65,65,65,65,65,65,65,65,60,60,60,60,60,60,60,60,60,67,67,67,67,67,67,67,67,67,67,67,67,67,67,67,67,67,67,67,67,67,67,67,67,67,67],"card_choices":[{"not_picked":["Intuition:ReiMu","OrbThrow:ReiMu"],"picked":"Mountainwind:ReiMu","floor":1},{"not_picked":["TightArray:ReiMu","SpringWay:ReiMu"],"picked":"RainPray2:ReiMu","floor":4},{"not_picked":["SubAcupoint:ReiMu","PayForSelf:ReiMu"],"picked":"SpreadBorder2:ReiMu","floor":7},{"not_picked":["Conquer:ReiMu","LearningPray:ReiMu"],"picked":"UniversalSpiritual:ReiMu","floor":8},{"not_picked":["Crusade:ReiMu","PayForSelf:ReiMu"],"picked":"SpreadBorder2:ReiMu","floor":10},{"not_picked":["RainPray2:ReiMu","EmergencyTakeOff:ReiMu"],"picked":"Amulet:ReiMu","floor":13},{"not_picked":["ForcedLanding:ReiMu","WonderfulDomain:ReiMu"],"picked":"Authority:ReiMu","floor":14},{"not_picked":["CardOfSanctity:ReiMu","RunawayExorcism:ReiMu"],"picked":"BlastKick2:ReiMu","floor":16},{"not_picked":["SpringWay:ReiMu","EmergencyTakeOff:ReiMu+1"],"picked":"AlertArray:ReiMu+1","floor":18},{"not_picked":[],"picked":"Enchanting:ReiMu","floor":20},{"not_picked":[],"picked":"CeremonyResonance:ReiMu","floor":20},{"not_picked":["Intuition:ReiMu","RunawayExorcism:ReiMu"],"picked":"ManaGlint:ReiMu","floor":22},{"not_picked":["AirManeuver:ReiMu+1","EmergencyTakeOff:ReiMu+1"],"picked":"WonderfulDomain:ReiMu+1","floor":24},{"not_picked":["TightArray:ReiMu","DoubleButterfly:ReiMu+1"],"picked":"Gathering:ReiMu","floor":24},{"not_picked":["SafetyPray:ReiMu","DoubleButterfly:ReiMu"],"picked":"RainPray2:ReiMu","floor":28},{"not_picked":["WonderfulDomain:ReiMu","EmergencyTakeOff:ReiMu"],"picked":"TightArray:ReiMu+1","floor":29},{"not_picked":["InherentArray:ReiMu","SpringWay:ReiMu+1"],"picked":"YinYangSange:ReiMu","floor":31},{"not_picked":["KamiRite:ReiMu","HakureiPhantom:ReiMu"],"picked":"Authority:ReiMu","floor":33},{"not_picked":["DoubleButterfly:ReiMu+1","ForcedLanding:ReiMu+1"],"picked":"Conquer:ReiMu","floor":35},{"not_picked":["TightArray:ReiMu+1","SealNeedle:ReiMu+1"],"picked":"RainPray2:ReiMu","floor":36},{"not_picked":["EmergencyTakeOff:ReiMu","Enchanting:ReiMu"],"picked":"SubAcupoint:ReiMu","floor":37},{"not_picked":["RainPray2:ReiMu+1","LovePray:ReiMu+1"],"picked":"Dreaming2:ReiMu+1","floor":38},{"not_picked":["EmergencyTakeOff:ReiMu","WonderfulDomain:ReiMu+1"],"picked":"SpringWay:ReiMu","floor":39},{"not_picked":["RainPray2:ReiMu","AirManeuver:ReiMu+1"],"picked":"PrepareRite:ReiMu","floor":41},{"not_picked":["OrbThrow:ReiMu","SubcavityInstant:ReiMu+1"],"picked":"FineLineFantasy:ReiMu","floor":45},{"not_picked":["PrismaMod:IllyaCheapChannelPoison","ClowCardTheFreeze"],"picked":"hexamod:NightmareGuise+1","floor":54}],"player_experience":202369,"relics_obtained":[{"floor":7,"key":"Quantum Egg"},{"floor":9,"key":"AT_BellowingDragoncrestRing"},{"floor":12,"key":"BodyOfKamiR:ReiMu"},{"floor":14,"key":"ReplayTheSpireMod:Lightbulb"},{"floor":26,"key":"Chameleon Ring"},{"floor":32,"key":"AT_RabadonDeathcap"},{"floor":41,"key":"Potion Belt"},{"floor":54,"key":"Mummified Hand"}],"event_choices":[],"is_beta":false,"boss_relics":[{"not_picked":["ChewingGum","DonationBox:ReiMu"],"picked":"Cursed Key"},{"not_picked":["ReplayTheSpireMod:DimensionalGlitch","Replay:Bronze Core"],"picked":"Snecko Eye"}],"items_purged_floors":[30],"is_endless":false,"potions_floor_spawned":[8,10,13,14,18,28,33,35,36,39,45],"ascension_level":0}}