{"host":"y76clbnovzmw9ubx","time":1613947928,"event":{"mods":["AchievementEnabler","BaseMod","Minty Spire (QoL Compilation)","Permanent Neow","Relic Stats"],"gold_per_floor":[113,130,22,33,0,32,32,57,57,85,85,97,97,125,125,196,196,207,4,15,27,42,53,53,53,101,121,121,121],"floor_reached":28,"language":"ENG","playtime":1746,"items_purged":["Strike_G"],"score":500,"play_id":"7ec00172-785d-48e4-8ad7-36c9e36d1dd9","local_time":"20210221175208","is_ascension_mode":true,"campfire_choices":[{"data":"Noxious Fumes","floor":7,"key":"SMITH"},{"floor":11,"key":"REST"},{"floor":13,"key":"REST"},{"floor":15,"key":"REST"},{"floor":24,"key":"REST"}],"circlet_count":0,"master_deck":["AscendersBane","Strike_G","Strike_G","Defend_G","Defend_G","Defend_G","Defend_G","Defend_G","Survivor","Neutralize","Dagger Spray","Noxious Fumes+1","Deflect","Blade Dance","Skewer","Blade Dance","Corpse Explosion","Noxious Fumes","Well Laid Plans","Catalyst","Backflip","Choke","PiercingWail"],"relics":["Ring of the Snake","Oddly Smooth Stone","Bottled Tornado","Potion Belt","Bag of Marbles","Snake Skull","Mummified Hand","Black Star","Lantern"],"acts_visited":["Exordium","TheCity"],"potions_floor_usage":[6,8,18,21,23,27],"damage_taken":[{"damage":0,"enemies":"Small Slimes","floor":1,"turns":3},{"damage":0,"enemies":"Cultist","floor":2,"turns":4},{"damage":0,"enemies":"2 Louse","floor":4,"turns":3},{"damage":0,"enemies":"Looter","floor":5,"turns":4},{"damage":14,"enemies":"Lagavulin","floor":6,"turns":7},{"damage":5,"enemies":"3 Sentries","floor":8,"turns":6},{"damage":37,"enemies":"Lagavulin","floor":10,"turns":6},{"damage":0,"enemies":"Lots of Slimes","floor":12,"turns":4},{"damage":12,"enemies":"3 Sentries","floor":14,"turns":6},{"damage":28,"enemies":"Hexaghost","floor":16,"turns":9},{"damage":7,"enemies":"2 Thieves","floor":18,"turns":3},{"damage":22,"enemies":"Shell Parasite","floor":20,"turns":5},{"damage":25,"enemies":"Snake Plant","floor":21,"turns":4},{"damage":0,"enemies":"3 Cultists","floor":22,"turns":2},{"damage":0,"enemies":"Sentry and Sphere","floor":23,"turns":3},{"damage":17,"enemies":"Cultist and Chosen","floor":27,"turns":4},{"damage":5,"enemies":"Gremlin Leader","floor":28,"turns":2}],"seed_played":"4118233598294826310","potions_obtained":[{"floor":4,"key":"FearPotion"},{"floor":6,"key":"Block Potion"},{"floor":10,"key":"Energy Potion"},{"floor":14,"key":"Poison Potion"},{"floor":16,"key":"Block Potion"},{"floor":18,"key":"FearPotion"},{"floor":23,"key":"FearPotion"}],"is_trial":false,"path_per_floor":["M","M","?","M","M","E","R","E","T","E","R","M","R","E","R","B",null,"M","$","M","M","M","M","R","?","T","M","E"],"character_chosen":"THE_SILENT","items_purchased":["Well Laid Plans","Strength Potion"],"campfire_rested":4,"item_purchase_floors":[19,19],"current_hp_per_floor":[59,59,59,59,59,45,45,40,40,3,22,22,41,29,48,20,55,48,48,26,1,1,1,20,20,20,3,0,0],"gold":121,"neow_bonus":"THREE_CARDS","is_daily":false,"chose_seed":false,"campfire_upgraded":1,"win_rate":0.0,"timestamp":1613947928,"path_taken":["M","M","?","M","M","E","R","E","T","E","R","?","R","E","R","BOSS","M","?","?","M","?","M","R","?","T","M","E"],"items_purchased_type":["Card","Potion"],"build_version":"2020-12-22","purchased_purges":1,"victory":false,"max_hp_per_floor":[66,66,66,66,66,66,66,66,66,66,66,66,66,66,66,66,66,66,66,66,66,66,66,66,66,66,66,66,66],"relic_stats":{"counters":[17,75],"Mummified Hand":[18],"Snake Skull":[52],"Black Star":0,"obtain_stats":[{"Potion Belt":8,"Lantern":26,"Mummified Hand":14,"Oddly Smooth Stone":3,"Snake Skull":10,"Bag of Marbles":9,"Black Star":17,"Bottled Tornado":6,"Ring of the Snake":0},{"Potion Belt":6,"Lantern":15,"Mummified Hand":9,"Oddly Smooth Stone":2,"Snake Skull":7,"Bag of Marbles":6,"Black Star":10,"Bottled Tornado":5,"Ring of the Snake":0},{"Potion Belt":27,"Lantern":69,"Mummified Hand":43,"Oddly Smooth Stone":7,"Snake Skull":33,"Bag of Marbles":27,"Black Star":52,"Bottled Tornado":21,"Ring of the Snake":0}],"Ring of the Snake":[34]},"card_choices":[{"not_picked":["Bouncing Flask","Cloak And Dagger"],"picked":"Dagger Spray","floor":0},{"not_picked":["Deflect","Heel Hook"],"picked":"Noxious Fumes","floor":1},{"not_picked":["Cloak And Dagger","Prepared"],"picked":"Deflect","floor":2},{"not_picked":["Endless Agony","Deflect"],"picked":"Blade Dance","floor":4},{"not_picked":["Dagger Throw","Heel Hook","Deadly Poison"],"picked":"SKIP","floor":5},{"not_picked":["Deadly Poison","Blade Dance"],"picked":"Skewer","floor":6},{"not_picked":["All Out Attack","Underhanded Strike","Outmaneuver"],"picked":"SKIP","floor":8},{"not_picked":["Flying Knee","Outmaneuver"],"picked":"Blade Dance","floor":10},{"not_picked":["Sucker Punch","Burst","Prepared"],"picked":"SKIP","floor":12},{"not_picked":["Dash","Outmaneuver","Quick Slash"],"picked":"SKIP","floor":14},{"not_picked":["Adrenaline","Venomology"],"picked":"Corpse Explosion","floor":16},{"not_picked":["Predator","Outmaneuver"],"picked":"Noxious Fumes","floor":18},{"not_picked":["Well Laid Plans","Cloak And Dagger"],"picked":"Catalyst","floor":20},{"not_picked":["Dagger Throw","Prepared","Skewer"],"picked":"SKIP","floor":21},{"not_picked":["Poisoned Stab","PiercingWail"],"picked":"Backflip","floor":22},{"not_picked":["Bane+1","Heel Hook","All Out Attack"],"picked":"SKIP","floor":23},{"not_picked":["Die Die Die","Setup+1","Predator"],"picked":"SKIP","floor":27}],"player_experience":3272134,"relics_obtained":[{"floor":6,"key":"Bottled Tornado"},{"floor":8,"key":"Potion Belt"},{"floor":9,"key":"Bag of Marbles"},{"floor":10,"key":"Snake Skull"},{"floor":14,"key":"Mummified Hand"},{"floor":26,"key":"Lantern"}],"event_choices":[{"damage_healed":0,"gold_gain":0,"player_choice":"Paid Gold","damage_taken":0,"relics_obtained":["Oddly Smooth Stone"],"max_hp_gain":0,"max_hp_loss":0,"event_name":"WeMeetAgain","floor":3,"gold_loss":108},{"damage_healed":0,"gold_gain":0,"cards_transformed":["Strike_G","Strike_G"],"player_choice":"Became Test Subject","damage_taken":0,"max_hp_gain":0,"max_hp_loss":0,"event_name":"Drug Dealer","floor":25,"gold_loss":0,"cards_obtained":["Choke","PiercingWail"]}],"is_beta":false,"boss_relics":[{"not_picked":["WristBlade","Velvet Choker"],"picked":"Black Star"}],"items_purged_floors":[19],"is_endless":false,"potions_floor_spawned":[4,6,10,14,16,18,23],"killed_by":"Gremlin Leader","ascension_level":20}}