{"host":"bg8va46pgqgvtzim","time":1613917197,"event":{"mods":["BaseMod","Minty Spire (QoL Compilation)","Quick Restart","StSLib","SuperFastMode"],"gold_per_floor":[117,137,151,251,269,279,279,279,311,338,353,378,404,415,21,31,31,63,13,29,46,46,46,151,151,165,165,179,179,197,122,135,135,165,180,180,211,211,279,310,330,330,350,350,350,362,362,460,460,475,34,53,73,93,93,126,126,145,197,197,214,214,214],"floor_reached":62,"language":"ZHS","playtime":2126,"items_purged":["Strike_P"],"score":788,"play_id":"a8cc4a1e-633b-4484-be5a-203da568e4e9","local_time":"20210221221957","is_ascension_mode":true,"campfire_choices":[{"data":"Eruption","floor":8.0,"key":"SMITH"},{"data":"Collect","floor":17.0,"key":"SMITH"},{"data":"Pray","floor":22.0,"key":"SMITH"},{"data":"MentalFortress","floor":23.0,"key":"SMITH"},{"floor":36.0,"key":"REST"},{"data":"Prostrate","floor":42.0,"key":"SMITH"},{"data":"Prostrate","floor":47.0,"key":"SMITH"},{"data":"Apotheosis","floor":57.0,"key":"SMITH"}],"circlet_count":0,"master_deck":["Strike_P+1","Defend_P+1","Eruption+1","Vigilance+1","CarveReality","FlurryOfBlows","TalkToTheHand","FearNoEvil","TalkToTheHand","Collect+1","Indignation","Prostrate+1","Pray+1","MentalFortress+1","Adaptation+1","Establishment","FlurryOfBlows+1","Protect+1","Prostrate+1","DeusExMachina","ClearTheMind+1","EmptyMind","SpiritShield","Meditate","DevaForm","Sanctity+1","Apotheosis+1","Adaptation","Secret Technique","Impatience"],"relics":["PureWater","Potion Belt","War Paint","Nunchaku","Orichalcum","Singing Bowl","Whetstone","VioletLotus","Tiny Chest","PreservedInsect","Darkstone Periapt","Question Card","Empty Cage","Mummified Hand","Oddly Smooth Stone","Lantern"],"acts_visited":["Exordium","TheCity","TheBeyond"],"potions_floor_usage":[],"damage_taken":[{"damage":1.0,"enemies":"2 Louse","floor":1.0,"turns":2.0},{"damage":0.0,"enemies":"Cultist","floor":2.0,"turns":3.0},{"damage":0.0,"enemies":"Jaw Worm","floor":3.0,"turns":2.0},{"damage":5.0,"enemies":"Red Slaver","floor":5.0,"turns":2.0},{"damage":6.0,"enemies":"Exordium Wildlife","floor":6.0,"turns":3.0},{"damage":14.0,"enemies":"3 Sentries","floor":9.0,"turns":7.0},{"damage":0.0,"enemies":"2 Fungi Beasts","floor":11.0,"turns":1.0},{"damage":6.0,"enemies":"Lagavulin","floor":12.0,"turns":6.0},{"damage":0.0,"enemies":"Lots of Slimes","floor":14.0,"turns":3.0},{"damage":0.0,"enemies":"Blue Slaver","floor":16.0,"turns":3.0},{"damage":10.0,"enemies":"Gremlin Nob","floor":18.0,"turns":4.0},{"damage":2.0,"enemies":"Looter","floor":20.0,"turns":2.0},{"damage":0.0,"enemies":"Exordium Wildlife","floor":21.0,"turns":3.0},{"damage":25.0,"enemies":"The Guardian","floor":24.0,"turns":6.0},{"damage":13.0,"enemies":"3 Byrds","floor":26.0,"turns":5.0},{"damage":0.0,"enemies":"Chosen","floor":28.0,"turns":4.0},{"damage":9.0,"enemies":"Shelled Parasite and Fungi","floor":30.0,"turns":5.0},{"damage":2.0,"enemies":"3 Cultists","floor":32.0,"turns":5.0},{"damage":40.0,"enemies":"Slavers","floor":34.0,"turns":6.0},{"damage":0.0,"enemies":"Centurion and Healer","floor":35.0,"turns":6.0},{"damage":5.0,"enemies":"Book of Stabbing","floor":37.0,"turns":5.0},{"damage":11.0,"enemies":"Slavers","floor":40.0,"turns":4.0},{"damage":14.0,"enemies":"Cultist and Chosen","floor":41.0,"turns":7.0},{"damage":0.0,"enemies":"Sentry and Sphere","floor":43.0,"turns":4.0},{"damage":3.0,"enemies":"Cultist and Chosen","floor":46.0,"turns":6.0},{"damage":0.0,"enemies":"Automaton","floor":48.0,"turns":10.0},{"damage":11.0,"enemies":"3 Darklings","floor":50.0,"turns":6.0},{"damage":0.0,"enemies":"Orb Walker","floor":52.0,"turns":2.0},{"damage":10.0,"enemies":"Jaw Worm Horde","floor":53.0,"turns":4.0},{"damage":6.0,"enemies":"Maw","floor":54.0,"turns":6.0},{"damage":30.0,"enemies":"Reptomancer","floor":56.0,"turns":5.0},{"damage":0.0,"enemies":"Spire Growth","floor":58.0,"turns":5.0},{"damage":17.0,"enemies":"3 Darklings","floor":61.0,"turns":3.0},{"damage":14,"enemies":"Nemesis","floor":62,"turns":2}],"seed_played":"2792684655552559806","potions_obtained":[{"floor":5.0,"key":"Fire Potion"},{"floor":6.0,"key":"BottledMiracle"},{"floor":9.0,"key":"DistilledChaos"},{"floor":14.0,"key":"ColorlessPotion"},{"floor":20.0,"key":"Ambrosia"},{"floor":24.0,"key":"DuplicationPotion"},{"floor":28.0,"key":"Strength Potion"},{"floor":35.0,"key":"EssenceOfSteel"},{"floor":40.0,"key":"Dexterity Potion"},{"floor":41.0,"key":"ColorlessPotion"},{"floor":43.0,"key":"EssenceOfSteel"},{"floor":52.0,"key":"StancePotion"},{"floor":53.0,"key":"Block Potion"},{"floor":56.0,"key":"Dexterity Potion"}],"is_trial":false,"path_per_floor":["M","M","M","?","M","M","?","R","E","T","M","E","T","M","$","M","R","E","?","M","M","R","R","B",null,"M","?","M","M","M","?","M","R","E","M","R","E","T","T","E","M","R","M","M","?","M","R","B",null,"M","$","M","M","M","?","E","R","M","T","?","M","E"],"character_chosen":"WATCHER","items_purchased":["Indignation","Singing Bowl","Apotheosis","Mummified Hand"],"campfire_rested":1,"item_purchase_floors":[15,15,51,51],"current_hp_per_floor":[71,71,71,71,66,60,65,65,51,51,51,45,45,45,45,45,45,35,35,33,33,33,33,8,77,64,64,64,64,57,57,55,55,15,15,38,33,33,33,24,10,10,10,10,37,36,36,36,83,72,72,72,64,60,60,32,32,34,34,26,11,0,0],"gold":214,"neow_bonus":"TRANSFORM_CARD","is_daily":false,"chose_seed":false,"campfire_upgraded":7,"win_rate":0.0,"timestamp":1613917197,"path_taken":["M","M","M","?","M","?","?","R","E","?","M","E","T","M","$","?","R","E","?","M","M","R","R","BOSS","M","?","M","M","?","?","M","R","E","M","R","E","T","T","E","M","R","M","M","?","M","R","BOSS","M","$","M","M","M","?","E","R","M","T","?","M","E"],"items_purchased_type":["Card","Relic","Card","Relic"],"build_version":"2020-12-22","purchased_purges":1,"victory":false,"max_hp_per_floor":[72,72,72,72,72,72,77,77,77,77,77,77,77,77,77,77,77,77,77,77,77,77,77,77,77,77,77,77,77,79,79,79,79,79,79,79,79,79,79,81,81,81,81,81,81,83,83,83,83,83,83,83,85,87,83,85,85,87,87,89,91,91,91],"card_choices":[{"not_picked":["EmptyBody","PathToVictory"],"picked":"FlurryOfBlows","floor":1.0},{"not_picked":["Protect","Perseverance"],"picked":"TalkToTheHand","floor":2.0},{"not_picked":["Weave","PathToVictory","FollowUp"],"picked":"SKIP","floor":3.0},{"not_picked":["FollowUp","ForeignInfluence"],"picked":"FearNoEvil","floor":5.0},{"not_picked":["CutThroughFate","EmptyFist","SashWhip"],"picked":"SKIP","floor":6.0},{"not_picked":["ThirdEye","Ragnarok","ReachHeaven"],"picked":"SKIP","floor":9.0},{"not_picked":["ThirdEye","Crescendo","SashWhip"],"picked":"SKIP","floor":11.0},{"not_picked":["WheelKick","EmptyFist"],"picked":"TalkToTheHand","floor":12.0},{"not_picked":["FlyingSleeves","JustLucky"],"picked":"Collect","floor":14.0},{"not_picked":["Protect","CutThroughFate"],"picked":"Prostrate","floor":16.0},{"not_picked":["WreathOfFlame","Wish"],"picked":"Pray","floor":18.0},{"not_picked":["EmptyFist","Prostrate"],"picked":"MentalFortress","floor":20.0},{"not_picked":["Pray","PathToVictory"],"picked":"Adaptation","floor":21.0},{"not_picked":["Ragnarok","Vault"],"picked":"Establishment","floor":24.0},{"not_picked":["Protect","ClearTheMind"],"picked":"FlurryOfBlows+1","floor":26.0},{"not_picked":["FlurryOfBlows","ClearTheMind+1"],"picked":"Protect+1","floor":28.0},{"not_picked":["FlurryOfBlows+1","Halt","CutThroughFate"],"picked":"Singing Bowl","floor":30.0},{"not_picked":["EmptyBody","InnerPeace"],"picked":"Prostrate","floor":32.0},{"not_picked":["WindmillStrike","Weave"],"picked":"DeusExMachina","floor":34.0},{"not_picked":["CutThroughFate","Evaluate"],"picked":"ClearTheMind+1","floor":35.0},{"not_picked":["InnerPeace","DeceiveReality"],"picked":"EmptyMind","floor":37.0},{"not_picked":["FlurryOfBlows","Nirvana","Consecrate"],"picked":"Singing Bowl","floor":40.0},{"not_picked":["SashWhip","Perseverance+1","LikeWater"],"picked":"SpiritShield","floor":41.0},{"not_picked":["Consecrate","PathToVictory","CrushJoints"],"picked":"Meditate","floor":43.0},{"not_picked":["FollowUp","PathToVictory","FlyingSleeves+1","CutThroughFate+1"],"picked":"Singing Bowl","floor":46.0},{"not_picked":["SpiritShield","Ragnarok","Wish"],"picked":"DevaForm","floor":48.0},{"not_picked":["PathToVictory","Protect+1","CrushJoints+1"],"picked":"Sanctity+1","floor":50.0},{"not_picked":["TalkToTheHand+1","CutThroughFate+1","Study+1"],"picked":"Adaptation","floor":52.0},{"not_picked":["Evaluate","Protect","CutThroughFate","WreathOfFlame"],"picked":"Singing Bowl","floor":53.0},{"not_picked":["Halt","BowlingBash","EmptyBody","SandsOfTime+1"],"picked":"Singing Bowl","floor":54.0},{"not_picked":["Omniscience","WindmillStrike","JustLucky","EmptyBody+1"],"picked":"Singing Bowl","floor":56.0},{"not_picked":["Nirvana","Crescendo+1","ThirdEye+1","EmptyMind"],"picked":"Singing Bowl","floor":58.0},{"not_picked":["Enlightenment","Secret Weapon","Jack Of All Trades","Forethought"],"picked":"Singing Bowl","floor":60.0},{"not_picked":["Dark Shackles","Finesse","Metamorphosis"],"picked":"Secret Technique","floor":60.0},{"not_picked":["Flash of Steel","Jack Of All Trades","Dark Shackles"],"picked":"Impatience","floor":60.0},{"not_picked":["FlyingSleeves","EmptyBody+1","Evaluate+1","Collect+1"],"picked":"Singing Bowl","floor":61.0}],"player_experience":2514378,"relics_obtained":[{"floor":9.0,"key":"Potion Belt"},{"floor":10.0,"key":"War Paint"},{"floor":12.0,"key":"Nunchaku"},{"floor":13.0,"key":"Orichalcum"},{"floor":18.0,"key":"Whetstone"},{"floor":34.0,"key":"Tiny Chest"},{"floor":37.0,"key":"PreservedInsect"},{"floor":39.0,"key":"Darkstone Periapt"},{"floor":40.0,"key":"Question Card"},{"floor":56.0,"key":"Oddly Smooth Stone"},{"floor":59.0,"key":"Lantern"}],"event_choices":[{"damage_healed":0.0,"max_hp_gain":0.0,"max_hp_loss":0.0,"gold_gain":100.0,"event_name":"Wheel of Change","player_choice":"Gold","floor":4.0,"gold_loss":0.0,"damage_taken":0.0},{"damage_healed":0.0,"max_hp_gain":5.0,"max_hp_loss":0.0,"gold_gain":0.0,"event_name":"Big Fish","player_choice":"Donut","floor":7.0,"gold_loss":0.0,"damage_taken":0.0},{"cards_removed":["Defend_P"],"damage_healed":0.0,"max_hp_gain":0.0,"max_hp_loss":0.0,"gold_gain":0.0,"event_name":"The Cleric","player_choice":"Card Removal","floor":19.0,"gold_loss":50.0,"damage_taken":0.0},{"damage_healed":0.0,"max_hp_gain":0.0,"max_hp_loss":0.0,"gold_gain":0.0,"event_name":"Accursed Blacksmith","player_choice":"Forge","floor":27.0,"gold_loss":0.0,"damage_taken":0.0,"cards_upgraded":["Adaptation"]},{"cards_removed":["Strike_P"],"damage_healed":0.0,"max_hp_gain":0.0,"max_hp_loss":0.0,"gold_gain":0.0,"event_name":"Beggar","player_choice":"Gave Gold","floor":31.0,"gold_loss":75.0,"damage_taken":0.0},{"damage_healed":27.0,"max_hp_gain":0.0,"max_hp_loss":0.0,"gold_gain":0.0,"event_name":"The Library","player_choice":"Heal","floor":45.0,"gold_loss":0.0,"damage_taken":0.0},{"damage_healed":0.0,"max_hp_gain":0.0,"max_hp_loss":4.0,"gold_gain":0.0,"event_name":"Winding Halls","player_choice":"Max HP","floor":55.0,"gold_loss":0.0,"damage_taken":0.0},{"damage_healed":0.0,"max_hp_gain":0.0,"max_hp_loss":0.0,"gold_gain":0.0,"event_name":"SensoryStone","player_choice":"Memory 3","floor":60.0,"gold_loss":0.0,"damage_taken":10.0}],"is_beta":false,"boss_relics":[{"not_picked":["Black Star","Pandora\u0027s Box"],"picked":"VioletLotus"},{"not_picked":["Coffee Dripper","HolyWater"],"picked":"Empty Cage"}],"items_purged_floors":[15],"is_endless":false,"potions_floor_spawned":[5,6,9,14,20,24,28,35,40,41,43,52,53,56],"killed_by":"Nemesis","ascension_level":1}}