{"host":"nmkcaqa6reak99j3","time":1613873150,"event":{"mods":["BaseMod","Minty Spire (QoL Compilation)","Replay The Spire","StSLib","SuperFastMode"],"gold_per_floor":[114,64,64,82,82,82,96,96,121,147,32,32,44,64,64,168,168,187,220,56,76,87,87,87,87,87,112,132,158,175,175,175,273,273,286,300,320,90,103,128,128,350,375,375,385,385,385,397,397,397,397,397,16,43,43],"floor_reached":56,"language":"ENG","playtime":4252,"items_purged":["Abandon"],"score":1097,"play_id":"af1d9616-6565-4a68-858c-1e1dc03af6eb","local_time":"20210221150550","is_ascension_mode":false,"campfire_choices":[{"data":"Headbutt","floor":6,"key":"SMITH"},{"data":"Disarm","floor":8,"key":"SMITH"},{"floor":12,"key":"REST"},{"floor":15,"key":"DIG"},{"floor":23,"key":"REST"},{"data":"Metallicize","floor":25,"key":"SMITH"},{"floor":32,"key":"DIG"},{"floor":44,"key":"RECALL"},{"floor":49,"key":"DIG"},{"floor":52,"key":"REST"}],"circlet_count":0,"master_deck":["Iron Wave+1","Headbutt+1","Disarm+1","Disarm+1","ReplayReversal+1","ReplayTheSpireMod:Stacked+1","Metallicize+1","Sword Boomerang+1","Combust+1","Combust+1","Pommel Strike+1","Exhume+1","Barricade+1","Anger+1","Entrench+1","Armaments+1","Armaments+1","Shrug It Off+1","Metallicize+1","Havoc+1","Wild Strike+1","Dual Wield+1","Feel No Pain+1","Run Through+1","Ghostly+1","Ghostly+1","Ghostly+1","Ghostly+1","Ghostly+1","Corruption+1","Flame Barrier+1","Cleave+1","Flame Barrier+1","Body Slam+1","Entrench+1","Entrench+1","Iron Wave+1","Rupture","Pot Of Greed","Pot Of Greed","Pot Of Greed","Pot Of Greed","Body Slam"],"relics":["Burning Blood","Durian","ReplayTheSpireMod:TigerMarble","Ornamental Fan","Paper Frog","Pandora\u0027s Box","Red Mask","Bottled Lightning","Potion Belt","Replay:Mystery Machine","Torii","Philosopher\u0027s Stone","Guide Book","ReplayTheSpireMod:Spearhead","Mark of the Bloom","Toy Ornithopter","Replay:PocketPolymizer","Grinning Jar","Sling","InkBottle"],"acts_visited":["Exordium","TheCity","TheBeyond","TheEnding"],"potions_floor_usage":[19,36,39,50,50,55,55,55,55],"damage_taken":[{"damage":3,"enemies":"2 Louse","floor":1,"turns":3},{"damage":0,"enemies":"Jaw Worm","floor":4,"turns":3},{"damage":0,"enemies":"Cultist","floor":7,"turns":4},{"damage":50,"enemies":"3 Sentries","floor":10,"turns":12},{"damage":0,"enemies":"2 Fungi Beasts","floor":13,"turns":2},{"damage":0,"enemies":"Blue Slaver","floor":14,"turns":5},{"damage":9,"enemies":"Fading Forest","floor":16,"turns":11},{"damage":27,"enemies":"2 Thieves","floor":18,"turns":4},{"damage":31,"enemies":"Masked Bandits","floor":19,"turns":5},{"damage":10,"enemies":"Spheric Guardian","floor":21,"turns":9},{"damage":12,"enemies":"Cultist and Chosen","floor":22,"turns":7},{"damage":2,"enemies":"Gremlin Leader","floor":27,"turns":13},{"damage":22,"enemies":"3 Cultists","floor":28,"turns":6},{"damage":7,"enemies":"Snake Plant","floor":30,"turns":7},{"damage":15,"enemies":"Champ","floor":33,"turns":19},{"damage":11,"enemies":"3 Shapes","floor":35,"turns":7},{"damage":6,"enemies":"3 Darklings","floor":36,"turns":10},{"damage":0,"enemies":"Spire Growth","floor":37,"turns":11},{"damage":8,"enemies":"Sphere and 2 Shapes","floor":39,"turns":12},{"damage":12,"enemies":"Giant Head","floor":40,"turns":17},{"damage":0,"enemies":"4 Shapes","floor":45,"turns":10},{"damage":2,"enemies":"Transient","floor":48,"turns":5},{"damage":1,"enemies":"Replay:Hell Engine","floor":50,"turns":11},{"damage":2,"enemies":"Shield and Spear","floor":54,"turns":11},{"damage":0,"enemies":"The Heart","floor":55,"turns":10}],"seed_played":"7187762447940655368","potions_obtained":[{"floor":1,"key":"Cursed Concoction"},{"floor":13,"key":"Block Potion"},{"floor":14,"key":"BlessingOfTheForge"},{"floor":18,"key":"Milkshake"},{"floor":22,"key":"ColorlessPotion"},{"floor":27,"key":"SteroidPotion"},{"floor":28,"key":"Adrenaline Potion"},{"floor":36,"key":"Elixir"},{"floor":45,"key":"BlessingOfTheForge"}],"is_trial":false,"path_per_floor":["M","?","?","M","$","R","M","R","T","E","$","R","M","M","R","B",null,"M","?","$","M","M","R","?","R","T","E","M","T","M","?","R","B",null,"M","M","M","$","M","E","?","?","T","R","M","?","?","M","R","B",null,"R","$","E","B",null],"character_chosen":"IRONCLAD","items_purchased":["ReplayReversal","ReplayTheSpireMod:Stacked","Shrug It Off+1","Metallicize","Havoc","Guide Book","Grinning Jar","Sling","LiquidMemories"],"campfire_rested":3,"item_purchase_floors":[11,11,20,20,20,38,53,53,53],"current_hp_per_floor":[64,64,57,63,63,63,69,69,69,25,25,50,56,62,62,69,85,64,39,39,35,29,54,54,54,54,58,42,42,41,41,41,32,42,37,37,42,42,40,36,36,36,36,36,36,36,36,34,34,33,33,33,33,31,31],"gold":43,"neow_bonus":"ONE_RARE_RELIC","is_daily":false,"chose_seed":false,"campfire_upgraded":3,"win_rate":0.0,"timestamp":1613873150,"path_taken":["M","?","?","M","$","R","M","R","T","E","?","R","M","M","R","BOSS","M","?","$","M","M","R","?","R","T","E","M","?","?","?","R","BOSS","M","M","M","$","M","E","?","?","T","R","M","?","?","M","R","BOSS","R","$","E","BOSS"],"items_purchased_type":["Card","Card","Card","Card","Card","Relic","Relic","Relic","Potion"],"build_version":"2020-12-22","purchased_purges":1,"victory":true,"max_hp_per_floor":[85,85,85,85,85,85,85,85,85,85,85,85,85,85,85,85,85,85,85,85,85,85,85,85,85,85,85,85,85,85,42,42,42,42,42,42,42,42,42,42,42,42,42,42,42,42,42,42,42,42,42,42,42,42,42],"card_choices":[{"not_picked":["Pummel","Cleave"],"picked":"Iron Wave","floor":1},{"not_picked":["Replay:Undeath\u0027s Touch","Clothesline"],"picked":"Headbutt","floor":4},{"not_picked":["Thunderclap","Blood for Blood"],"picked":"Disarm","floor":7},{"not_picked":["True Grit","Bludgeon"],"picked":"Disarm","floor":10},{"not_picked":["Replay:Undeath\u0027s Touch","Pummel"],"picked":"Metallicize","floor":13},{"not_picked":["Blood for Blood","Sentinel"],"picked":"Sword Boomerang","floor":14},{"not_picked":["Demon Form","Impervious"],"picked":"Replay:Many Hands","floor":16},{"not_picked":["ReplayReversal","Run Through"],"picked":"Armaments","floor":18},{"not_picked":["Second Wind","Anger"],"picked":"Armaments","floor":19},{"not_picked":["ReplayTheSpireMod:Strike From Hell","Run Through"],"picked":"Wild Strike+1","floor":21},{"not_picked":["Havoc","Bludgeon","ReplayTheSpireMod:Strike From Hell+1"],"picked":"SKIP","floor":22},{"not_picked":["Clothesline+1","Double Tap"],"picked":"Dual Wield+1","floor":27},{"not_picked":["Cleave","Perfected Strike"],"picked":"Feel No Pain","floor":28},{"not_picked":["Intimidate","Hemokinesis+1"],"picked":"Run Through+1","floor":30},{"not_picked":["Eclipse","Replay:Many Hands"],"picked":"Corruption","floor":33},{"not_picked":["Pummel+1","Cleave"],"picked":"Flame Barrier","floor":35},{"not_picked":["Thunderclap+1","Flex+1"],"picked":"Cleave+1","floor":36},{"not_picked":["Rampage+1","Twin Strike+1"],"picked":"Flame Barrier","floor":37},{"not_picked":["Carnage+1","Hemokinesis","Havoc+1"],"picked":"SKIP","floor":39},{"not_picked":["Demon Form","Iron Wave+1"],"picked":"Body Slam+1","floor":40},{"not_picked":["Fire Breathing","True Grit"],"picked":"Entrench+1","floor":45},{"not_picked":["Clash+1","Sentinel+1"],"picked":"Iron Wave+1","floor":48},{"not_picked":["Clash+1","Clothesline+1"],"picked":"Body Slam","floor":54}],"player_experience":466018,"relics_obtained":[{"floor":10,"key":"Ornamental Fan"},{"floor":15,"key":"Paper Frog"},{"floor":19,"key":"Red Mask"},{"floor":26,"key":"Bottled Lightning"},{"floor":27,"key":"Potion Belt"},{"floor":29,"key":"Replay:Mystery Machine"},{"floor":32,"key":"Torii"},{"floor":40,"key":"ReplayTheSpireMod:Spearhead"},{"floor":43,"key":"Toy Ornithopter"},{"floor":49,"key":"Replay:PocketPolymizer"},{"floor":54,"key":"InkBottle"}],"event_choices":[{"cards_removed":["Strike_R"],"damage_healed":0,"gold_gain":0,"player_choice":"Card Removal","damage_taken":0,"max_hp_gain":0,"max_hp_loss":0,"event_name":"The Cleric","floor":2,"gold_loss":50},{"damage_healed":0,"gold_gain":0,"player_choice":"Success","damage_taken":7,"relics_obtained":["ReplayTheSpireMod:TigerMarble"],"max_hp_gain":0,"max_hp_loss":0,"event_name":"Scrap Ooze","floor":3,"gold_loss":0},{"damage_healed":0,"gold_gain":0,"player_choice":"Fought Bandits","damage_taken":0,"max_hp_gain":0,"max_hp_loss":0,"event_name":"Masked Bandits","floor":19,"gold_loss":0},{"damage_healed":0,"gold_gain":0,"cards_transformed":["Bash","Replay:Many Hands"],"player_choice":"Became Test Subject","damage_taken":0,"max_hp_gain":0,"max_hp_loss":0,"event_name":"Drug Dealer","floor":24,"gold_loss":0,"cards_obtained":["Clothesline","Abandon"]},{"damage_healed":0,"gold_gain":0,"player_choice":"Became a Ghost","damage_taken":0,"max_hp_gain":0,"max_hp_loss":43,"event_name":"Ghosts","floor":31,"gold_loss":0,"cards_obtained":["Ghostly","Ghostly","Ghostly","Ghostly","Ghostly"]},{"damage_healed":0,"gold_gain":0,"player_choice":"Upgrade","damage_taken":0,"relics_obtained":["Mark of the Bloom"],"max_hp_gain":0,"max_hp_loss":0,"event_name":"MindBloom","floor":41,"gold_loss":0,"cards_upgraded":["Iron Wave","Disarm","ReplayReversal","ReplayTheSpireMod:Stacked","Metallicize","Sword Boomerang","Combust","Combust","Pommel Strike","Exhume","Barricade","Anger","Entrench","Armaments","Armaments","Havoc","Clothesline","Feel No Pain","Ghostly","Ghostly","Ghostly","Ghostly","Ghostly","Flame Barrier","Flame Barrier"]},{"damage_healed":0,"gold_gain":222,"player_choice":"Wore Mask","damage_taken":0,"max_hp_gain":0,"max_hp_loss":0,"event_name":"Tomb of Lord Red Mask","floor":42,"gold_loss":0},{"cards_removed":["Clothesline"],"damage_healed":0,"gold_gain":0,"player_choice":"Removed Attack","damage_taken":0,"max_hp_gain":0,"max_hp_loss":0,"event_name":"Falling","floor":46,"gold_loss":0},{"damage_healed":0,"gold_gain":0,"player_choice":"Copied","damage_taken":0,"max_hp_gain":0,"max_hp_loss":0,"event_name":"Duplicator","floor":47,"gold_loss":0,"cards_obtained":["Entrench"]}],"is_beta":false,"boss_relics":[{"not_picked":["Fusion Hammer","Empty Cage"],"picked":"Pandora\u0027s Box"},{"not_picked":["SacredBark","Honey Jar"],"picked":"Philosopher\u0027s Stone"}],"items_purged_floors":[38],"is_endless":false,"potions_floor_spawned":[1,13,14,18,22,27,28,33,36,37,45],"ascension_level":0}}