{"host":"c6u7e77myxvw4d0m","time":1613939840,"event":{"mods":["AchievementEnabler","BaseMod","Bestiary","Colored Map","Colored Powertips","Minty Spire (QoL Compilation)","Rare Cards Sparkle","Relic Stats","everything is the same but u backflip on backflip"],"gold_per_floor":[217,11,28,43,53,53,68,94,94,94,121,121,121,121,121],"floor_reached":14,"language":"ENG","playtime":770,"items_purged":[],"score":200,"play_id":"44b147e2-f9bf-4c34-997b-439ac1962100","local_time":"20210221223720","is_ascension_mode":true,"campfire_choices":[{"data":"Dash","floor":6,"key":"SMITH"},{"floor":10,"key":"REST"},{"floor":12,"key":"REST"}],"circlet_count":0,"master_deck":["AscendersBane","Strike_G","Strike_G","Strike_G","Strike_G","Strike_G","Defend_G","Defend_G","Defend_G","Defend_G","Defend_G","Survivor","Neutralize","Blur","Adrenaline","Flying Knee","Poisoned Stab","Flechettes","Dash+1","Backflip","Infinite Blades+1"],"relics":["Ring of the Snake","Frozen Egg 2","Letter Opener","Eternal Feather","Mercury Hourglass"],"acts_visited":["Exordium"],"potions_floor_usage":[8,14],"damage_taken":[{"damage":3,"enemies":"Cultist","floor":1,"turns":5},{"damage":15,"enemies":"Small Slimes","floor":3,"turns":5},{"damage":0,"enemies":"2 Louse","floor":4,"turns":3},{"damage":0,"enemies":"Exordium Wildlife","floor":5,"turns":4},{"damage":0,"enemies":"2 Fungi Beasts","floor":7,"turns":4},{"damage":25,"enemies":"3 Sentries","floor":8,"turns":10},{"damage":34,"enemies":"Lagavulin","floor":11,"turns":8},{"damage":32,"enemies":"Gremlin Nob","floor":14,"turns":3}],"seed_played":"3285124963203888262","potions_obtained":[{"floor":1,"key":"Energy Potion"},{"floor":7,"key":"Block Potion"}],"is_trial":false,"path_per_floor":["M","$","M","M","M","R","M","E","T","R","E","R","T","E"],"character_chosen":"THE_SILENT","items_purchased":["Adrenaline","Flying Knee"],"campfire_rested":2,"item_purchase_floors":[2,2],"current_hp_per_floor":[56,56,41,41,41,41,41,16,16,35,1,32,32,0,0],"gold":121,"neow_bonus":"HUNDRED_GOLD","is_daily":false,"chose_seed":false,"campfire_upgraded":1,"win_rate":0.0,"timestamp":1613939840,"path_taken":["M","$","M","?","M","R","M","E","T","R","E","R","?","E"],"items_purchased_type":["Card","Card"],"build_version":"2020-12-22","purchased_purges":0,"victory":false,"max_hp_per_floor":[66,66,66,66,66,66,66,66,66,66,66,66,66,66,66],"relic_stats":{"counters":[8,42],"Eternal Feather":12,"Letter Opener":[15],"obtain_stats":[{"Eternal Feather":11,"Letter Opener":9,"Frozen Egg 2":8,"Ring of the Snake":0,"Mercury Hourglass":13},{"Eternal Feather":7,"Letter Opener":6,"Frozen Egg 2":6,"Ring of the Snake":0,"Mercury Hourglass":7},{"Eternal Feather":39,"Letter Opener":31,"Frozen Egg 2":31,"Ring of the Snake":0,"Mercury Hourglass":39}],"Ring of the Snake":[16],"Mercury Hourglass":[9]},"card_choices":[{"not_picked":["Outmaneuver","Calculated Gamble"],"picked":"Blur","floor":1},{"not_picked":["Dodge and Roll","Backflip"],"picked":"Poisoned Stab","floor":3},{"not_picked":["Flying Knee","Riddle With Holes"],"picked":"Flechettes","floor":4},{"not_picked":["Reflex","Prepared"],"picked":"Dash","floor":5},{"not_picked":["Flying Knee","Quick Slash","Choke"],"picked":"SKIP","floor":7},{"not_picked":["PiercingWail","Poisoned Stab"],"picked":"Backflip","floor":8},{"not_picked":["Tactician","Poisoned Stab"],"picked":"Infinite Blades+1","floor":11}],"player_experience":859112,"relics_obtained":[{"floor":8,"key":"Frozen Egg 2"},{"floor":9,"key":"Letter Opener"},{"floor":11,"key":"Eternal Feather"},{"floor":13,"key":"Mercury Hourglass"}],"event_choices":[],"is_beta":false,"boss_relics":[],"items_purged_floors":[],"is_endless":false,"potions_floor_spawned":[1,7],"killed_by":"Gremlin Nob","ascension_level":20}}