{"host":"9rqxlbwknj581inl","time":1613873951,"event":{"mods":["AchievementEnabler","BaseMod","Colored Map","Colored Powertips","Dark Map","Highlight Path","Minty Spire (QoL Compilation)","Quick Restart","Random Character Button","Random Character Mod"],"gold_per_floor":[117,117,137,157,176,176,205,205,251,327,47,72,83,101,101,202,202,221,235,65,65,88,119,138,138,138,237,237,237,248,248,248,348,398,409,426,439,450,450,28,28,43,43,43,63,83,83,83,83],"floor_reached":48,"language":"ENG","playtime":10453,"items_purged":["Strike_P","Strike_P","Defend_P"],"score":514,"play_id":"13c9e853-2fb9-489b-ba93-589b6252f583","local_time":"20210220191911","is_ascension_mode":false,"campfire_choices":[{"data":"Eruption","floor":6,"key":"SMITH"},{"data":"Vigilance","floor":8,"key":"SMITH"},{"data":"Establishment","floor":15,"key":"SMITH"},{"data":"EmptyBody","floor":25,"key":"SMITH"},{"data":"EmptyFist","floor":28,"key":"SMITH"},{"data":"Evaluate","floor":32,"key":"SMITH"},{"data":"SandsOfTime","floor":41,"key":"SMITH"},{"data":"Adaptation","floor":44,"key":"SMITH"},{"data":"MasterReality","floor":47,"key":"SMITH"}],"circlet_count":0,"master_deck":["Defend_P+1","Defend_P","Defend_P","Eruption+1","Vigilance+1","SashWhip","SandsOfTime+1","FearNoEvil","ThirdEye","Establishment+1","Protect","DeceiveReality","WindmillStrike","Evaluate+1","EmptyFist+1","MentalFortress","BowlingBash","Meditate","EmptyBody+1","EmptyBody","Adaptation+1","Impatience","MasterReality+1","Halt","Sanctity+1","WaveOfTheHand","FlurryOfBlows","Indignation","Conclude+1","Crescendo","CrushJoints"],"relics":["PureWater","Lantern","Eternal Feather","MawBank","Bag of Preparation","HandDrill","Ice Cream","Empty Cage","Bag of Marbles","White Beast Statue","Kunai","MutagenicStrength","Tiny House","Frozen Egg 2","Bottled Flame","Shuriken"],"acts_visited":["Exordium","TheCity","TheBeyond"],"potions_floor_usage":[13,18,19,23,24,33,33,33,36,37,45,45,45],"damage_taken":[{"damage":0,"enemies":"Small Slimes","floor":1,"turns":2},{"damage":4,"enemies":"Jaw Worm","floor":3,"turns":2},{"damage":2,"enemies":"2 Louse","floor":4,"turns":2},{"damage":7,"enemies":"Red Slaver","floor":5,"turns":3},{"damage":14,"enemies":"Lagavulin","floor":7,"turns":4},{"damage":0,"enemies":"Gremlin Nob","floor":10,"turns":3},{"damage":6,"enemies":"3 Sentries","floor":12,"turns":6},{"damage":0,"enemies":"Large Slime","floor":13,"turns":4},{"damage":0,"enemies":"Lots of Slimes","floor":14,"turns":4},{"damage":0,"enemies":"Slime Boss","floor":16,"turns":4},{"damage":0,"enemies":"Chosen","floor":18,"turns":4},{"damage":2,"enemies":"2 Thieves","floor":19,"turns":5},{"damage":3,"enemies":"Book of Stabbing","floor":23,"turns":5},{"damage":19,"enemies":"3 Cultists","floor":24,"turns":4},{"damage":6,"enemies":"Snake Plant","floor":30,"turns":3},{"damage":5,"enemies":"Champ","floor":33,"turns":10},{"damage":13,"enemies":"3 Shapes","floor":35,"turns":6},{"damage":20,"enemies":"3 Darklings","floor":36,"turns":7},{"damage":3,"enemies":"Jaw Worm Horde","floor":37,"turns":4},{"damage":6,"enemies":"Maw","floor":38,"turns":8},{"damage":2,"enemies":"3 Darklings","floor":42,"turns":10},{"damage":23,"enemies":"Transient","floor":45,"turns":5},{"damage":0,"enemies":"Maw","floor":46,"turns":6},{"damage":80,"enemies":"Reptomancer","floor":48,"turns":3}],"seed_played":"8437893735742642979","potions_obtained":[{"floor":5,"key":"LiquidMemories"},{"floor":7,"key":"SpeedPotion"},{"floor":12,"key":"CultistPotion"},{"floor":13,"key":"PowerPotion"},{"floor":18,"key":"EntropicBrew"},{"floor":24,"key":"Weak Potion"},{"floor":30,"key":"EntropicBrew"},{"floor":33,"key":"Explosive Potion"},{"floor":34,"key":"SteroidPotion"},{"floor":36,"key":"Energy Potion"},{"floor":37,"key":"Fire Potion"},{"floor":45,"key":"Regen Potion"},{"floor":46,"key":"DuplicationPotion"}],"is_trial":false,"path_per_floor":["M","?","M","M","M","R","E","R","T","?","$","E","M","M","R","B",null,"M","M","$","?","T","E","M","R","T","?","R","?","M","?","R","B",null,"M","M","M","M","T","$","R","M","T","R","M","M","R","E"],"character_chosen":"WATCHER","items_purchased":["DeceiveReality","HandDrill","Meditate","Bottled Flame","Block Potion"],"campfire_rested":0,"item_purchase_floors":[11,11,20,40,40],"current_hp_per_floor":[72,72,68,66,59,59,45,54,54,54,54,48,48,48,57,57,72,72,70,70,57,57,54,35,47,47,47,59,59,53,41,53,48,82,69,49,46,40,40,40,55,53,53,68,45,45,63,0,0],"gold":83,"neow_bonus":"RANDOM_COMMON_RELIC","is_daily":false,"chose_seed":false,"campfire_upgraded":9,"win_rate":0.0,"timestamp":1613873951,"path_taken":["M","?","M","M","M","R","E","R","T","?","$","E","M","M","R","BOSS","M","M","$","?","?","E","M","R","T","?","R","?","M","?","R","BOSS","M","M","M","M","?","$","R","M","T","R","M","M","R","E"],"items_purchased_type":["Card","Relic","Card","Relic","Potion"],"build_version":"2020-12-22","purchased_purges":3,"victory":false,"max_hp_per_floor":[72,72,72,72,72,72,72,72,72,72,72,72,72,72,72,72,72,72,72,72,77,77,77,77,77,77,77,77,77,77,77,77,77,82,82,82,82,82,82,82,82,82,82,82,82,82,82,82,82],"card_choices":[{"not_picked":["BowlingBash","FlurryOfBlows"],"picked":"SashWhip","floor":1},{"not_picked":["ReachHeaven","Prostrate"],"picked":"SandsOfTime","floor":3},{"not_picked":["FlurryOfBlows","CrushJoints"],"picked":"FearNoEvil","floor":4},{"not_picked":["CrushJoints","ReachHeaven"],"picked":"ThirdEye","floor":5},{"not_picked":["Wireheading","EmptyFist"],"picked":"Establishment","floor":7},{"not_picked":["CrushJoints","Prostrate"],"picked":"Protect","floor":10},{"not_picked":["Evaluate","Vault"],"picked":"WindmillStrike","floor":12},{"not_picked":["PathToVictory","FlyingSleeves"],"picked":"Evaluate","floor":13},{"not_picked":["FollowUp","Collect"],"picked":"EmptyFist","floor":14},{"not_picked":["FollowUp","SashWhip+1"],"picked":"MentalFortress","floor":18},{"not_picked":["ClearTheMind","ThirdEye"],"picked":"BowlingBash","floor":19},{"not_picked":["Prostrate+1","InnerPeace"],"picked":"EmptyBody","floor":23},{"not_picked":["Alpha","CrushJoints"],"picked":"EmptyBody","floor":24},{"not_picked":["FollowUp","Collect+1"],"picked":"Adaptation","floor":30},{"not_picked":["Scrawl","Omniscience"],"picked":"MasterReality","floor":33},{"not_picked":["ClearTheMind+1","EmptyFist+1"],"picked":"Halt","floor":34},{"not_picked":["CrushJoints","JustLucky+1"],"picked":"Sanctity+1","floor":35},{"not_picked":["EmptyBody","WindmillStrike"],"picked":"WaveOfTheHand","floor":36},{"not_picked":["Perseverance","Worship"],"picked":"FlurryOfBlows","floor":37},{"not_picked":["Protect","ReachHeaven"],"picked":"Indignation","floor":38},{"not_picked":["JustLucky","CutThroughFate+1"],"picked":"Conclude+1","floor":42},{"not_picked":["JustLucky","ThirdEye"],"picked":"Crescendo","floor":45},{"not_picked":["Crescendo","SignatureMove"],"picked":"CrushJoints","floor":46}],"player_experience":178860,"relics_obtained":[{"floor":7,"key":"Eternal Feather"},{"floor":9,"key":"MawBank"},{"floor":12,"key":"Ice Cream"},{"floor":22,"key":"Bag of Marbles"},{"floor":23,"key":"White Beast Statue"},{"floor":26,"key":"Kunai"},{"floor":39,"key":"Frozen Egg 2"},{"floor":43,"key":"Shuriken"}],"event_choices":[{"damage_healed":0,"gold_gain":0,"player_choice":"Ignored","damage_taken":0,"max_hp_gain":0,"max_hp_loss":0,"event_name":"Liars Game","floor":2,"gold_loss":0},{"damage_healed":0,"gold_gain":30,"player_choice":"Searched \u00273\u0027 times","damage_taken":0,"relics_obtained":["Bag of Preparation"],"max_hp_gain":0,"max_hp_loss":0,"event_name":"Dead Adventurer","floor":10,"gold_loss":0},{"damage_healed":0,"gold_gain":0,"player_choice":"Shed Blood","damage_taken":18,"max_hp_gain":5,"max_hp_loss":0,"event_name":"Forgotten Altar","floor":21,"gold_loss":0},{"damage_healed":0,"gold_gain":99,"player_choice":"Stole From Cult","damage_taken":0,"max_hp_gain":0,"max_hp_loss":0,"event_name":"Nest","floor":27,"gold_loss":0},{"damage_healed":0,"gold_gain":0,"player_choice":"Inject Mutagens","damage_taken":0,"relics_obtained":["MutagenicStrength"],"max_hp_gain":0,"max_hp_loss":0,"event_name":"Drug Dealer","floor":29,"gold_loss":0},{"damage_healed":0,"gold_gain":0,"player_choice":"CARD ","damage_taken":12,"max_hp_gain":0,"max_hp_loss":0,"event_name":"Knowing Skull","floor":31,"potions_obtained":[],"gold_loss":0,"cards_obtained":["Impatience"]}],"is_beta":false,"boss_relics":[{"not_picked":["Busted Crown","Ectoplasm"],"picked":"Empty Cage"},{"not_picked":["Runic Dome","Cursed Key"],"picked":"Tiny House"}],"items_purged_floors":[11,20,40],"is_endless":false,"potions_floor_spawned":[5,7,12,13,18,24,30,33,35,36,37,38,42,45,46],"killed_by":"Reptomancer","ascension_level":0}}