{"host":"7zq0fgva91iwgkd5","time":1613939383,"event":{"mods":["AchievementEnabler","BaseMod","Bestiary","Card Forge","Colored Map","Curses Come First","DeckTracker","Minty Spire (QoL Compilation)","Quick Restart","Rare Cards Sparkle","Remove Card Discount Mod","StSLib"],"gold_per_floor":[110,110,110,128,149,180,180,180,180,223,270,270,293,293,293,392,392,405,129,149,172,172,172,213,233,257,298,298,319,319,340,340,430,730,754,754,61,75,96,96,137,137,217,217,255,291,119,137,137,137,137,137,26,69,69,69],"floor_reached":55,"language":"ENG","playtime":1515,"items_purged":[],"score":1589,"play_id":"ac909914-0ea4-4e2c-b294-2c6f7e6beab4","local_time":"20210221212943","is_ascension_mode":true,"campfire_choices":[{"floor":7,"key":"RECALL"},{"floor":12,"key":"REST"},{"data":"Inflame","floor":15,"key":"SMITH"},{"floor":23,"key":"REST"},{"floor":28,"key":"REST"},{"data":"Inflame","floor":32,"key":"SMITH"},{"floor":40,"key":"REST"},{"floor":42,"key":"REST"},{"floor":44,"key":"REST"},{"floor":49,"key":"REST"},{"floor":52,"key":"REST"}],"circlet_count":0,"master_deck":["AscendersBane","Strike_R+1","Defend_R+1","Defend_R+1","Bash+1","Barricade+1","Bludgeon+1","Cleave+1","Demon Form+1","Double Tap+1","Feed+1","Flame Barrier+1","Ghostly Armor+1","Immolate+1","Impervious+1","Inflame+1","Iron Wave+1","Limit Break+1","Metallicize+1","Reaper+1","Seeing Red+1","Shockwave+1","Shrug It Off+1","Spot Weakness+1","Uppercut+1","Inflame+1","Whirlwind+1","J.A.X.+1","Carnage+1","Inflame+1","Juggernaut+1","CurseOfTheBell","Immolate+1","Secret Weapon+1","Heavy Blade+1","Entrench+1"],"relics":["Burning Blood","Hammer of Thor","Seething Fire","Anvil of the Gods","Golden Idol","Strawberry","Red Skull","Bottled Lightning","Oddly Smooth Stone","Regal Pillow","Cursed Key","Blue Candle","Bronze Scales","Happy Flower","InkBottle","Calling Bell","Orichalcum","HornCleat","Old Coin","Boot","WingedGreaves","War Paint","Question Card","Pear","TungstenRod","Strange Spoon","Pantograph"],"acts_visited":["Exordium","TheCity","TheBeyond","TheEnding"],"potions_floor_usage":[6,16,21,21,21,27,33,46,48,50,54],"damage_taken":[{"damage":9,"enemies":"Jaw Worm","floor":1,"turns":2},{"damage":3,"enemies":"Small Slimes","floor":4,"turns":3},{"damage":0,"enemies":"2 Louse","floor":5,"turns":2},{"damage":16,"enemies":"3 Sentries","floor":6,"turns":3},{"damage":15,"enemies":"Gremlin Nob","floor":10,"turns":3},{"damage":12,"enemies":"Lots of Slimes","floor":13,"turns":4},{"damage":36,"enemies":"Hexaghost","floor":16,"turns":8},{"damage":3,"enemies":"2 Thieves","floor":18,"turns":3},{"damage":0,"enemies":"Shell Parasite","floor":20,"turns":5},{"damage":21,"enemies":"Cultist and Chosen","floor":21,"turns":6},{"damage":23,"enemies":"Book of Stabbing","floor":24,"turns":4},{"damage":5,"enemies":"Centurion and Healer","floor":25,"turns":2},{"damage":24,"enemies":"Slavers","floor":27,"turns":3},{"damage":0,"enemies":"Snecko","floor":29,"turns":3},{"damage":7,"enemies":"Cultist and Chosen","floor":31,"turns":4},{"damage":63,"enemies":"Automaton","floor":33,"turns":8},{"damage":27,"enemies":"3 Shapes","floor":35,"turns":3},{"damage":2,"enemies":"3 Darklings","floor":38,"turns":2},{"damage":18,"enemies":"4 Shapes","floor":39,"turns":2},{"damage":45,"enemies":"Nemesis","floor":41,"turns":7},{"damage":9,"enemies":"Reptomancer","floor":45,"turns":5},{"damage":22,"enemies":"Nemesis","floor":46,"turns":3},{"damage":10,"enemies":"Transient","floor":48,"turns":6},{"damage":76,"enemies":"Donu and Deca","floor":50,"turns":6},{"damage":22,"enemies":"Shield and Spear","floor":54,"turns":5},{"damage":121,"enemies":"The Heart","floor":55,"turns":8}],"seed_played":"-1704134483050575103","potions_obtained":[{"floor":4,"key":"SkillPotion"},{"floor":6,"key":"Regen Potion"},{"floor":13,"key":"Fire Potion"},{"floor":16,"key":"BlessingOfTheForge"},{"floor":18,"key":"EntropicBrew"},{"floor":21,"key":"SkillPotion"},{"floor":29,"key":"AttackPotion"},{"floor":33,"key":"Fire Potion"},{"floor":38,"key":"Energy Potion"},{"floor":48,"key":"CultistPotion"}],"is_trial":false,"path_per_floor":["M","?","?","M","M","E","R","?","T","E","T","R","M","?","R","B",null,"M","$","M","M","?","R","E","M","T","E","R","M","?","M","R","B",null,"M","?","$","M","M","R","E","R","T","R","E","E","$","M","R","B",null,"R","$","E","B"],"character_chosen":"IRONCLAD","items_purchased":["Blue Candle","Secret Weapon","Boot","WingedGreaves","Strange Spoon","HeartOfIron"],"campfire_rested":8,"item_purchase_floors":[19,37,37,37,47,53],"current_hp_per_floor":[72,72,44,51,57,82,82,77,77,68,68,97,97,97,97,97,97,101,101,101,101,101,101,84,85,85,67,101,101,101,100,100,68,93,92,92,92,96,84,105,82,105,105,105,112,96,96,110,115,107,116,119,119,103,0,0],"gold":69,"neow_bonus":"TEN_PERCENT_HP_BONUS","is_daily":false,"chose_seed":false,"campfire_upgraded":2,"win_rate":0.0,"timestamp":1613939383,"path_taken":["M","?","?","M","M","E","R","?","T","E","?","R","?","?","R","BOSS","M","$","M","?","?","R","E","M","T","E","R","M","?","M","R","BOSS","M","?","$","M","?","R","E","R","T","R","E","E","$","M","R","BOSS","R","$","E","BOSS"],"items_purchased_type":["Relic","Card","Relic","Relic","Relic","Potion"],"build_version":"2020-12-22","purchased_purges":0,"victory":false,"max_hp_per_floor":[82,82,82,86,86,97,97,97,97,97,97,97,97,97,97,97,97,101,101,101,101,101,101,101,101,101,101,101,101,101,101,101,101,101,105,105,105,105,105,105,105,105,105,105,115,115,115,115,115,119,119,119,119,119,119,119],"card_choices":[{"not_picked":["Shrug It Off","Wild Strike"],"picked":"Inflame","floor":1},{"not_picked":["Battle Trance","Bloodletting","Armaments"],"picked":"SKIP","floor":4},{"not_picked":["Rage","Clash","Burning Pact"],"picked":"SKIP","floor":5},{"not_picked":["Ghostly Armor","Heavy Blade","Rage"],"picked":"SKIP","floor":6},{"not_picked":["Entrench","Searing Blow","Flex"],"picked":"SKIP","floor":10},{"not_picked":["Burning Pact","Pommel Strike","Rupture"],"picked":"SKIP","floor":13},{"not_picked":["Rage","Hemokinesis","Clash"],"picked":"SKIP","floor":18},{"not_picked":["Headbutt","Evolve"],"picked":"Whirlwind","floor":20},{"not_picked":["Rage","Warcry+1","Offering"],"picked":"SKIP","floor":21},{"not_picked":["Corruption","Combust","Power Through"],"picked":"SKIP","floor":24},{"not_picked":["Sword Boomerang","Clothesline","Rage"],"picked":"SKIP","floor":25},{"not_picked":["Anger","Pummel","Reckless Charge+1"],"picked":"SKIP","floor":27},{"not_picked":["Hemokinesis+1","Second Wind+1"],"picked":"Carnage","floor":29},{"not_picked":["Thunderclap","Searing Blow"],"picked":"Inflame","floor":31},{"not_picked":["Fiend Fire","Berserk"],"picked":"Juggernaut","floor":33},{"not_picked":["Headbutt","True Grit","Shrug It Off"],"picked":"SKIP","floor":35},{"not_picked":["Iron Wave","True Grit","Rampage"],"picked":"SKIP","floor":38},{"not_picked":["Clash","Headbutt","Sever Soul+1"],"picked":"SKIP","floor":39},{"not_picked":["Intimidate","Second Wind","Immolate"],"picked":"SKIP","floor":41},{"not_picked":["Power Through","Hemokinesis","Evolve","Sentinel"],"picked":"SKIP","floor":45},{"not_picked":["Body Slam","Demon Form","Iron Wave"],"picked":"Heavy Blade+1","floor":46},{"not_picked":["Anger+1","Iron Wave+1","Wild Strike+1","Clash"],"picked":"SKIP","floor":48},{"not_picked":["Rupture+1","Shrug It Off","Second Wind"],"picked":"Entrench+1","floor":54}],"player_experience":183234,"relics_obtained":[{"floor":6,"key":"Strawberry"},{"floor":10,"key":"Bottled Lightning"},{"floor":11,"key":"Oddly Smooth Stone"},{"floor":24,"key":"Bronze Scales"},{"floor":26,"key":"Happy Flower"},{"floor":27,"key":"InkBottle"},{"floor":34,"key":"Orichalcum"},{"floor":34,"key":"HornCleat"},{"floor":34,"key":"Old Coin"},{"floor":41,"key":"War Paint"},{"floor":43,"key":"Question Card"},{"floor":45,"key":"Pear"},{"floor":46,"key":"TungstenRod"},{"floor":54,"key":"Pantograph"}],"event_choices":[{"damage_healed":0,"gold_gain":0,"player_choice":"Leave","damage_taken":0,"max_hp_gain":0,"max_hp_loss":0,"event_name":"The Cleric","floor":2,"gold_loss":0},{"damage_healed":0,"gold_gain":0,"player_choice":"Take Damage","damage_taken":28,"relics_obtained":["Golden Idol"],"max_hp_gain":0,"max_hp_loss":0,"event_name":"Golden Idol","floor":3,"gold_loss":0},{"damage_healed":0,"gold_gain":0,"player_choice":"Success","damage_taken":5,"relics_obtained":["Red Skull"],"max_hp_gain":0,"max_hp_loss":0,"event_name":"Scrap Ooze","floor":8,"gold_loss":0},{"damage_healed":0,"gold_gain":0,"player_choice":"Gave Potion","damage_taken":0,"relics_obtained":["Regal Pillow"],"max_hp_gain":0,"max_hp_loss":0,"event_name":"WeMeetAgain","floor":14,"gold_loss":0},{"damage_healed":0,"gold_gain":0,"player_choice":"Obtain J.A.X.","damage_taken":0,"max_hp_gain":0,"max_hp_loss":0,"event_name":"Drug Dealer","floor":22,"gold_loss":0,"cards_obtained":["J.A.X."]},{"cards_removed":["Strike_R"],"damage_healed":0,"gold_gain":0,"player_choice":"Card Removal","damage_taken":0,"max_hp_gain":0,"max_hp_loss":0,"event_name":"Wheel of Change","floor":30,"gold_loss":0},{"damage_healed":0,"gold_gain":0,"player_choice":"1 cards matched","damage_taken":0,"max_hp_gain":0,"max_hp_loss":0,"event_name":"Match and Keep!","floor":36,"gold_loss":0,"cards_obtained":["Immolate"]}],"is_beta":false,"boss_relics":[{"not_picked":["Astrolabe","Sozu"],"picked":"Cursed Key"},{"not_picked":["Runic Pyramid","SacredBark"],"picked":"Calling Bell"}],"items_purged_floors":[],"is_endless":false,"potions_floor_spawned":[4,6,13,16,18,20,21,29,33,38,39,45,48],"killed_by":"The Heart","ascension_level":17}}