{"host":"hf83sijwe64ts2lm","time":1613875376,"event":{"mods":["2.2 Compatiblity","BaseMod","Better Altar","Better Match","Better Note","Better Sensory Stone","Better Skull","Better Third Choice","Colored Map","Colored Powertips","Highlight Path","Hubris","Infinite Spire","Minty Spire (QoL Compilation)","Quick Restart","Rare Cards Sparkle","Relic Stats","Reliquary","Replay The Spire","Shop Mod","Spicy Shops","Spire Arcade","StSLib","Thieving Mod"],"gold_per_floor":[110,110,121,121,141,141,161,188,266,35,62,62,79,95,95,197,197,216,216,227,227,252,252,49,49,130,148,148,148,162,162,162],"floor_reached":31,"language":"ENG","playtime":630,"items_purged":["Regret"],"score":306,"play_id":"0dcfd53f-db7e-427a-bfad-0f2bac0ef70f","local_time":"20210220214256","is_ascension_mode":true,"campfire_choices":[{"floor":6,"key":"RECALL"},{"floor":12,"key":"REST"},{"floor":15,"key":"REST"},{"floor":23,"key":"REST"},{"floor":25,"key":"REST"}],"circlet_count":0,"master_deck":["Strike_R","Strike_R","Strike_R","Strike_R","Strike_R","Defend_R","Defend_R","Defend_R","Defend_R","Bash","Fiend Fire","Armaments","Dark Embrace","Flex","Inflame+1","Heavy Blade","Inflame+1","Whirlwind","Replay:Undeath\u0027s Touch","Thunderclap","Rupture","Reaper","Heavy Blade+1","Inflame+1","Run Through+1","infinitespire:Starlight","Infernal Blade","ReplayUltimateDefense","Cleave","Seeing Red","Thunderclap","Dropkick"],"relics":["Burning Blood","Ginger","Replay:Bottled Eggs","Du-Vu Doll","SlaversCollar","Dream Catcher","hubris:Reverence"],"acts_visited":["Exordium","TheCity"],"potions_floor_usage":[5,8,8,13,14,20,31],"damage_taken":[{"damage":14,"enemies":"Jaw Worm","floor":1,"turns":4},{"damage":1,"enemies":"2 Louse","floor":3,"turns":3},{"damage":0,"enemies":"Cultist","floor":5,"turns":2},{"damage":8,"enemies":"Exordium Wildlife","floor":7,"turns":3},{"damage":45,"enemies":"Lagavulin","floor":8,"turns":5},{"damage":31,"enemies":"Replay:BlueRogue","floor":11,"turns":5},{"damage":8,"enemies":"Gremlin Gang","floor":13,"turns":2},{"damage":18,"enemies":"Exordium Thugs","floor":14,"turns":3},{"damage":64,"enemies":"Hexaghost","floor":16,"turns":11},{"damage":38,"enemies":"3 Byrds","floor":18,"turns":7},{"damage":39,"enemies":"Shell Parasite","floor":20,"turns":5},{"damage":46,"enemies":"Centurion and Healer","floor":27,"turns":5},{"damage":24,"enemies":"Snake Plant","floor":30,"turns":4},{"damage":54,"enemies":"Shelled Parasite and Fungi","floor":31,"turns":3}],"seed_played":"8552200167683137934","potions_obtained":[{"floor":1,"key":"ColorlessPotion"},{"floor":4,"key":"FairyPotion"},{"floor":4,"key":"SkillPotion"},{"floor":7,"key":"CultistPotion"},{"floor":11,"key":"Dexterity Potion"},{"floor":13,"key":"Milkshake"},{"floor":18,"key":"Block Potion"},{"floor":30,"key":"Energy Potion"}],"is_trial":false,"path_per_floor":["M","?","M","?","M","R","M","E","T","$","E","R","M","M","R","B",null,"M","?","M","AVR","T","R","$","R","T","M","PTL","PTL","M","M"],"character_chosen":"IRONCLAD","items_purchased":["Inflame","Whirlwind","ReplayUltimateDefense","Cleave"],"campfire_rested":4,"item_purchase_floors":[10,10,24,24],"current_hp_per_floor":[72,72,77,77,80,80,78,39,39,39,14,38,36,24,48,37,69,37,37,17,17,17,41,41,65,65,42,42,42,41,0,0],"gold":162,"neow_bonus":"ONE_RANDOM_RARE_CARD","is_daily":false,"chose_seed":false,"campfire_upgraded":0,"win_rate":0.0,"timestamp":1613875376,"path_taken":["M","?","M","?","M","R","?","E","T","$","E","R","M","M","R","BOSS","M","?","?","AVR","?","R","$","R","T","M","PTL","PTL","M","M"],"items_purchased_type":["Card","Card","Card","Card"],"build_version":"2020-12-22","purchased_purges":1,"victory":false,"max_hp_per_floor":[80,80,80,80,80,80,80,80,80,80,80,80,80,80,80,80,80,80,80,80,80,80,80,80,80,80,80,80,80,80,80,80],"relic_stats":{"Dream Catcher":2,"counters":[14,62],"Ginger":[5],"obtain_stats":[{"Du-Vu Doll":11,"SlaversCollar":17,"Dream Catcher":22,"Ginger":2,"Replay:Bottled Eggs":8,"Burning Blood":0,"hubris:Reverence":26},{"Du-Vu Doll":6,"SlaversCollar":9,"Dream Catcher":11,"Ginger":1,"Replay:Bottled Eggs":5,"Burning Blood":0,"hubris:Reverence":11},{"Du-Vu Doll":22,"SlaversCollar":38,"Dream Catcher":50,"Ginger":4,"Replay:Bottled Eggs":17,"Burning Blood":0,"hubris:Reverence":50}],"Burning Blood":75},"card_choices":[{"not_picked":["Twin Strike","Uppercut"],"picked":"Armaments","floor":1},{"not_picked":["Searing Blow","Abandon"],"picked":"Dark Embrace","floor":3},{"not_picked":["Entrench","Warcry"],"picked":"Flex","floor":5},{"not_picked":["Warcry","hubris:SharpeningStone"],"picked":"Inflame","floor":7},{"not_picked":["Searing Blow","Burning Pact","Heavy Blade"],"picked":"SKIP","floor":8},{"not_picked":["Searing Blow","Burning Pact"],"picked":"Heavy Blade","floor":8},{"not_picked":["Berserk","Demonic Infusion"],"picked":"Replay:Undeath\u0027s Touch","floor":11},{"not_picked":["Shrug It Off","Power Through"],"picked":"Thunderclap","floor":13},{"not_picked":["Havoc","Reckless Charge"],"picked":"Rupture","floor":14},{"not_picked":["Offering","Immolate"],"picked":"Reaper","floor":16},{"not_picked":["Twin Strike","True Grit+1"],"picked":"Heavy Blade+1","floor":18},{"not_picked":["Warcry","Body Slam"],"picked":"Run Through+1","floor":20},{"not_picked":["True Grit","Twin Strike"],"picked":"Infernal Blade","floor":23},{"not_picked":["Barricade","Anger"],"picked":"Seeing Red","floor":25},{"not_picked":["Body Slam","Havoc"],"picked":"Thunderclap","floor":27},{"not_picked":["Body Slam","Clothesline"],"picked":"Dropkick","floor":30}],"player_experience":190312,"relics_obtained":[{"floor":8,"key":"Replay:Bottled Eggs"},{"floor":11,"key":"Du-Vu Doll"},{"floor":22,"key":"Dream Catcher"},{"floor":26,"key":"hubris:Reverence"}],"event_choices":[{"damage_healed":0,"gold_gain":0,"player_choice":"Box","damage_taken":0,"relics_obtained":["Ginger"],"max_hp_gain":0,"max_hp_loss":0,"event_name":"Big Fish","floor":2,"gold_loss":0,"cards_obtained":["Regret"]},{"damage_healed":0,"gold_gain":0,"player_choice":"Got Potions","damage_taken":0,"max_hp_gain":0,"max_hp_loss":0,"event_name":"Lab","floor":4,"gold_loss":0},{"damage_healed":0,"gold_gain":0,"player_choice":"Copied","damage_taken":0,"max_hp_gain":0,"max_hp_loss":0,"event_name":"Duplicator","floor":19,"gold_loss":0,"cards_obtained":["Inflame"]}],"is_beta":false,"boss_relics":[{"not_picked":["ReplayTheSpireMod:DimensionalGlitch","Pandora\u0027s Box"],"picked":"SlaversCollar"}],"items_purged_floors":[10],"is_endless":false,"potions_floor_spawned":[1,7,11,13,18,30],"killed_by":"Shelled Parasite and Fungi","ascension_level":5}}