{"host":"t75twhtg6c476ygg","time":1613920020,"event":{"mods":["AchievementEnabler","BaseMod","Colored Powertips","Minty Spire (QoL Compilation)","Quick Restart","Relic Stats","StSLib","SuperFastMode"],"gold_per_floor":[114,129,304,54,0,30,45,75,75,75,105,55,5,20,20,120,120,135,135,135,485,500,530,530,545,545,270,270,300,315,330,330,430,430,445,460,10,334,349,379,379,379,404,434,449,449,464,464,464,464],"floor_reached":51,"language":"ENG","playtime":84538,"items_purged":[],"score":1088,"play_id":"e1b06fb5-4309-4356-b41e-e74a15f00e0b","local_time":"20210221150700","daily_mods":["Shiny","Red Cards","DeadlyEvents"],"is_ascension_mode":false,"campfire_choices":[{"floor":10.0,"key":"REST"},{"data":"Storm","floor":15.0,"key":"SMITH"},{"data":"Creative AI","floor":24.0,"key":"SMITH"},{"data":"1","floor":28.0,"key":"LIFT"},{"data":"2","floor":32.0,"key":"LIFT"},{"data":"3","floor":41,"key":"LIFT"},{"data":"Amplify","floor":46,"key":"SMITH"},{"data":"Fission","floor":49,"key":"SMITH"}],"circlet_count":0,"master_deck":["Double Tap","Demon Form","Bludgeon","Feed","Limit Break","Corruption","Barricade","Fiend Fire+1","Berserk","Impervious","Juggernaut","Reaper","Offering","Immolate","Multi-Cast","Hyperbeam","Thunder Strike","Biased Cognition","Machine Learning","Electrodynamics","Buffer","Rainbow","Seek","Meteor Strike","Echo Form","Reboot","Amplify","Creative AI+1","Fission+1","Core Surge","Cold Snap","Dual Wield","Biased Cognition","Loop","Storm+1","Buffer","Necronomicurse","Defragment","Amplify+1"],"relics":["Cracked Core","Mummified Hand","Singing Bowl","Anchor","Gambling Chip","Oddly Smooth Stone","Whetstone","Strawberry","Bird Faced Urn","Shuriken","Empty Cage","Necronomicon","MutagenicStrength","Kunai","Chemical X","Meat on the Bone","Mercury Hourglass","Matryoshka","OrangePellets","Orichalcum","Girya","Letter Opener","Busted Crown","Incense Burner","Bronze Scales","Old Coin","Centennial Puzzle","MealTicket","Blood Vial","Boot"],"acts_visited":["Exordium","TheCity","TheBeyond"],"potions_floor_usage":[50,50],"damage_taken":[{"damage":0.0,"enemies":"Cultist","floor":1.0,"turns":2.0},{"damage":17.0,"enemies":"Jaw Worm","floor":2.0,"turns":2.0},{"damage":9.0,"enemies":"3 Sentries","floor":6.0,"turns":3.0},{"damage":0.0,"enemies":"Small Slimes","floor":7.0,"turns":2.0},{"damage":43.0,"enemies":"Gremlin Nob","floor":8.0,"turns":3.0},{"damage":0.0,"enemies":"3 Sentries","floor":11.0,"turns":1.0},{"damage":0.0,"enemies":"Looter","floor":14.0,"turns":2.0},{"damage":72.0,"enemies":"Hexaghost","floor":16.0,"turns":3.0},{"damage":6.0,"enemies":"Spheric Guardian","floor":18.0,"turns":2.0},{"damage":0.0,"enemies":"Chosen","floor":22.0,"turns":2.0},{"damage":10.0,"enemies":"Slavers","floor":23.0,"turns":2.0},{"damage":0.0,"enemies":"Snecko","floor":25.0,"turns":2.0},{"damage":19.0,"enemies":"Gremlin Leader","floor":29.0,"turns":3.0},{"damage":0.0,"enemies":"Snake Plant","floor":30.0,"turns":2.0},{"damage":0.0,"enemies":"Cultist and Chosen","floor":31.0,"turns":2.0},{"damage":0.0,"enemies":"Collector","floor":33.0,"turns":4.0},{"damage":2.0,"enemies":"3 Shapes","floor":35.0,"turns":2.0},{"damage":0.0,"enemies":"Orb Walker","floor":36.0,"turns":1.0},{"damage":15.0,"enemies":"2 Orb Walkers","floor":38.0,"turns":2.0},{"damage":0,"enemies":"Writhing Mass","floor":39,"turns":2},{"damage":0,"enemies":"Nemesis","floor":40,"turns":3},{"damage":0,"enemies":"Giant Head","floor":44,"turns":4},{"damage":14,"enemies":"Maw","floor":45,"turns":4},{"damage":6,"enemies":"Jaw Worm Horde","floor":47,"turns":1},{"damage":0,"enemies":"Time Eater","floor":50,"turns":3}],"seed_played":"3618718455484561711","potions_obtained":[{"floor":11.0,"key":"CultistPotion"},{"floor":14.0,"key":"SteroidPotion"},{"floor":16.0,"key":"SkillPotion"},{"floor":18.0,"key":"CultistPotion"}],"is_trial":false,"path_per_floor":["M","M","?","$","?","E","M","E","T","R","E","$","?","M","R","B",null,"M","?","?","$","M","E","R","M","T","$","R","E","M","M","R","B",null,"M","M","$","?","M","E","R","?","T","E","M","R","M","?","R","B",null],"character_chosen":"DEFECT","items_purchased":["Singing Bowl","Bird Faced Urn","Shuriken","Kunai","Chemical X","Meat on the Bone","FairyPotion","OrangePellets","Orichalcum","Girya","Defragment","Incense Burner","Bronze Scales"],"campfire_rested":1,"item_purchase_floors":[4,12,12,21,21,21,27,27,27,27,27,37,37],"current_hp_per_floor":[75,62,62,62,62,63,68,32,32,57,64,64,64,84,84,34,92,92,76,76,76,84,86,86,100,100,100,100,91,103,106,106,106,106,106,110,110,97,114,116,116,116,116,118,120,120,122,116,116,116],"gold":464,"neow_bonus":"","is_daily":true,"chose_seed":false,"campfire_upgraded":4,"win_rate":0.0,"timestamp":1613920020,"path_taken":["M","M","?","$","?","E","M","?","T","R","?","$","?","M","R","BOSS","M","?","?","$","M","E","R","M","T","?","R","E","M","M","R","BOSS","M","M","$","?","M","E","R","?","T","E","M","R","M","?","R","BOSS"],"items_purchased_type":["Relic","Relic","Relic","Relic","Relic","Relic","Potion","Relic","Relic","Relic","Card","Relic","Relic"],"build_version":"2020-12-22","purchased_purges":0,"victory":true,"max_hp_per_floor":[75,75,75,75,75,77,82,85,85,85,92,92,92,92,92,92,92,94,94,94,94,96,98,98,100,100,100,100,102,104,106,106,106,106,108,110,110,112,114,116,116,116,116,118,120,120,122,116,116,116],"relic_stats":{"Singing Bowl":34,"counters":[25,58],"Whetstone":["Fiend Fire","All For One"],"Letter Opener":[31],"Orichalcum":[48],"Boot":[0],"Mercury Hourglass":[121],"Blood Vial":0,"OrangePellets":[20],"Centennial Puzzle":[6],"Busted Crown":16,"Mummified Hand":[255],"Shuriken":[9],"Gambling Chip":[7],"Bird Faced Urn":[114],"Bronze Scales":[30],"MealTicket":0,"Necronomicon":[11],"Kunai":[7],"Chemical X":[4],"obtain_stats":[{"Singing Bowl":4,"Incense Burner":37,"Whetstone":9,"Empty Cage":17,"Boot":44,"Old Coin":38,"Blood Vial":43,"Centennial Puzzle":40,"Matryoshka":26,"Mummified Hand":2,"Gambling Chip":6,"Strawberry":11,"MealTicket":43,"Necronomicon":19,"Kunai":21,"Chemical X":21,"Cracked Core":0,"Girya":27,"Oddly Smooth Stone":8,"Letter Opener":29,"Orichalcum":27,"Mercury Hourglass":23,"OrangePellets":27,"Anchor":5,"Busted Crown":34,"Shuriken":12,"Bird Faced Urn":12,"MutagenicStrength":20,"Bronze Scales":37,"Meat on the Bone":21},{"Singing Bowl":2,"Incense Burner":18,"Whetstone":5,"Empty Cage":8,"Boot":22,"Old Coin":19,"Blood Vial":21,"Centennial Puzzle":21,"Matryoshka":12,"Mummified Hand":2,"Gambling Chip":3,"Strawberry":6,"MealTicket":21,"Necronomicon":9,"Kunai":9,"Chemical X":9,"Cracked Core":0,"Girya":12,"Oddly Smooth Stone":5,"Letter Opener":13,"Orichalcum":12,"Mercury Hourglass":11,"OrangePellets":12,"Anchor":2,"Busted Crown":16,"Shuriken":6,"Bird Faced Urn":6,"MutagenicStrength":9,"Bronze Scales":18,"Meat on the Bone":9},{"Singing Bowl":4,"Incense Burner":39,"Whetstone":12,"Empty Cage":18,"Boot":50,"Old Coin":41,"Blood Vial":46,"Centennial Puzzle":46,"Matryoshka":26,"Mummified Hand":4,"Gambling Chip":7,"Strawberry":13,"MealTicket":46,"Necronomicon":20,"Kunai":20,"Chemical X":20,"Cracked Core":0,"Girya":26,"Oddly Smooth Stone":12,"Letter Opener":29,"Orichalcum":26,"Mercury Hourglass":24,"OrangePellets":26,"Anchor":4,"Busted Crown":37,"Shuriken":13,"Bird Faced Urn":13,"MutagenicStrength":20,"Bronze Scales":39,"Meat on the Bone":20}],"Meat on the Bone":0},"card_choices":[{"not_picked":["Gash","Intimidate"],"picked":"Cold Snap","floor":1.0},{"not_picked":["Clothesline","Entrench"],"picked":"Dual Wield","floor":2.0},{"not_picked":["Heatsinks","FTL","Dark Embrace"],"picked":"Singing Bowl","floor":6.0},{"not_picked":["Sword Boomerang","True Grit","Intimidate"],"picked":"Singing Bowl","floor":7.0},{"not_picked":["Dual Wield","Conserve Battery"],"picked":"Biased Cognition","floor":8.0},{"not_picked":["Doom and Gloom","Pommel Strike"],"picked":"Loop","floor":11.0},{"not_picked":["Reinforced Body","Heavy Blade"],"picked":"Storm","floor":14.0},{"not_picked":["Double Tap","Juggernaut"],"picked":"Buffer","floor":16.0},{"not_picked":["Beam Cell","Seeing Red","Battle Trance+1"],"picked":"Singing Bowl","floor":18.0},{"not_picked":["Cleave","Shrug It Off","Beam Cell"],"picked":"Singing Bowl","floor":22.0},{"not_picked":["BootSequence","Havoc+1","Force Field"],"picked":"Singing Bowl","floor":23.0},{"not_picked":["Burning Pact","Headbutt","Streamline"],"picked":"Singing Bowl","floor":25.0},{"not_picked":["Headbutt","Battle Trance","Blizzard"],"picked":"Singing Bowl","floor":29.0},{"not_picked":["Heavy Blade","Warcry","Rainbow"],"picked":"Singing Bowl","floor":30.0},{"not_picked":["Rebound","Reckless Charge+1","Anger"],"picked":"Singing Bowl","floor":31.0},{"not_picked":["Juggernaut","Machine Learning"],"picked":"Amplify","floor":33.0},{"not_picked":["Twin Strike"],"picked":"Singing Bowl","floor":35.0},{"not_picked":["Thunderclap+1"],"picked":"Singing Bowl","floor":36.0},{"not_picked":["Intimidate+1"],"picked":"Singing Bowl","floor":38.0},{"not_picked":["Rebound+1"],"picked":"Singing Bowl","floor":39},{"not_picked":["Rage"],"picked":"Singing Bowl","floor":40},{"not_picked":["Heatsinks+1"],"picked":"Singing Bowl","floor":44},{"not_picked":["Chill+1"],"picked":"Singing Bowl","floor":45},{"not_picked":["Compile Driver+1"],"picked":"Singing Bowl","floor":47}],"player_experience":383263,"relics_obtained":[{"floor":6.0,"key":"Gambling Chip"},{"floor":8.0,"key":"Oddly Smooth Stone"},{"floor":9.0,"key":"Whetstone"},{"floor":11.0,"key":"Strawberry"},{"floor":19.0,"key":"Necronomicon"},{"floor":23.0,"key":"Mercury Hourglass"},{"floor":26.0,"key":"Matryoshka"},{"floor":29.0,"key":"Letter Opener"},{"floor":38.0,"key":"Old Coin"},{"floor":40,"key":"Centennial Puzzle"},{"floor":43,"key":"MealTicket"},{"floor":43,"key":"Blood Vial"},{"floor":44,"key":"Boot"}],"event_choices":[{"damage_healed":0.0,"max_hp_gain":0.0,"max_hp_loss":0.0,"gold_gain":175.0,"event_name":"Liars Game","player_choice":"AGREE","floor":3.0,"gold_loss":0.0,"damage_taken":0.0,"cards_obtained":["Doubt"]},{"damage_healed":0.0,"max_hp_gain":0.0,"max_hp_loss":0.0,"gold_gain":0.0,"event_name":"WeMeetAgain","player_choice":"Paid Gold","floor":5.0,"gold_loss":54.0,"damage_taken":0.0,"relics_obtained":["Anchor"]},{"damage_healed":0.0,"max_hp_gain":0.0,"max_hp_loss":0.0,"gold_gain":0.0,"event_name":"World of Goop","player_choice":"Left Gold","floor":13.0,"gold_loss":50.0,"damage_taken":0.0},{"damage_healed":0.0,"max_hp_gain":0.0,"max_hp_loss":0.0,"gold_gain":0.0,"event_name":"Cursed Tome","player_choice":"Obtained Book","floor":19.0,"gold_loss":0.0,"damage_taken":16.0},{"damage_healed":0.0,"max_hp_gain":0.0,"max_hp_loss":0.0,"gold_gain":0.0,"event_name":"Drug Dealer","player_choice":"Inject Mutagens","floor":20.0,"gold_loss":0.0,"damage_taken":0.0,"relics_obtained":["MutagenicStrength"]},{"damage_healed":0.0,"max_hp_gain":0.0,"max_hp_loss":0.0,"gold_gain":0.0,"event_name":"Mysterious Sphere","player_choice":"Fight","floor":38.0,"gold_loss":0.0,"damage_taken":0.0},{"cards_removed":["Exhume"],"damage_healed":0,"gold_gain":0,"player_choice":"Removed Skill","damage_taken":0,"max_hp_gain":0,"max_hp_loss":0,"event_name":"Falling","floor":42,"gold_loss":0},{"damage_healed":0,"gold_gain":0,"player_choice":"Max HP","damage_taken":0,"max_hp_gain":0,"max_hp_loss":6,"event_name":"Winding Halls","floor":48,"gold_loss":0}],"is_beta":false,"boss_relics":[{"not_picked":["Tiny House","Runic Dome"],"picked":"Empty Cage"},{"not_picked":["Astrolabe","Cursed Key"],"picked":"Busted Crown"}],"items_purged_floors":[],"is_endless":false,"potions_floor_spawned":[11,14,16,18,25,29,36,38,39,45],"ascension_level":0}}