{"host":"f5n4tidiz2n5sooh","time":1613888041,"event":{"mods":["BaseMod","Colored Map","Minty Spire (QoL Compilation)","Relic Stats","StSLib"],"gold_per_floor":[117,137,117,130,147,147,147],"floor_reached":6,"language":"ENG","playtime":314,"items_purged":[],"score":76,"play_id":"27c22974-f3c3-4938-9c43-951e87c3953d","local_time":"20210221001401","is_ascension_mode":true,"campfire_choices":[],"circlet_count":0,"master_deck":["AscendersBane","Strike_G","Strike_G","Strike_G","Strike_G","Strike_G","Defend_G","Defend_G","Defend_G","Defend_G","Defend_G","Survivor","Neutralize","Wraith Form v2","Sucker Punch","Poisoned Stab","Blade Dance"],"relics":["Ring of the Snake"],"acts_visited":["Exordium"],"potions_floor_usage":[5,6],"damage_taken":[{"damage":2,"enemies":"Small Slimes","floor":1,"turns":5},{"damage":0,"enemies":"Cultist","floor":2,"turns":4},{"damage":1,"enemies":"Jaw Worm","floor":4,"turns":5},{"damage":8,"enemies":"Lots of Slimes","floor":5,"turns":7},{"damage":61,"enemies":"Gremlin Nob","floor":6,"turns":4}],"seed_played":"-7758687300506764260","potions_obtained":[{"floor":3,"key":"PowerPotion"},{"floor":4,"key":"GamblersBrew"}],"is_trial":false,"path_per_floor":["M","M","?","M","M","E"],"character_chosen":"THE_SILENT","items_purchased":[],"campfire_rested":0,"item_purchase_floors":[],"current_hp_per_floor":[42,42,42,41,33,0,0],"gold":147,"neow_bonus":"THREE_RARE_CARDS","is_daily":false,"chose_seed":false,"campfire_upgraded":0,"win_rate":0.0,"timestamp":1613888041,"path_taken":["M","M","?","M","M","E"],"items_purchased_type":[],"build_version":"2020-12-22","purchased_purges":0,"victory":false,"max_hp_per_floor":[66,66,66,66,66,66,66],"relic_stats":{"counters":[5,25],"obtain_stats":[{"Ring of the Snake":0},{"Ring of the Snake":0},{"Ring of the Snake":0}],"Ring of the Snake":[10]},"card_choices":[{"not_picked":["Venomology","Night Terror"],"picked":"Wraith Form v2","floor":0},{"not_picked":["Acrobatics","Backflip"],"picked":"Sucker Punch","floor":1},{"not_picked":["Infinite Blades","Concentrate","Prepared"],"picked":"SKIP","floor":2},{"not_picked":["Flying Knee","Escape Plan"],"picked":"Poisoned Stab","floor":4},{"not_picked":["Backflip","Deflect"],"picked":"Blade Dance","floor":5}],"player_experience":2068264,"relics_obtained":[],"event_choices":[{"damage_healed":0,"gold_gain":0,"player_choice":"Bought 1 Potion","damage_taken":0,"max_hp_gain":0,"max_hp_loss":0,"event_name":"The Woman in Blue","floor":3,"gold_loss":0}],"is_beta":false,"boss_relics":[],"items_purged_floors":[],"is_endless":false,"potions_floor_spawned":[4],"killed_by":"Gremlin Nob","ascension_level":20}}