{"host":"qiddgr1lyn3b7c88","time":1613916840,"event":{"mods":["Aspiration","BaseMod","Colored Map","Highlight Path","Minty Spire (QoL Compilation)","Replay The Spire","Shop Mod","StSLib","Synergy Search","The Alterego","egg"],"gold_per_floor":[119,65,80,80,98,98,108,108,108,118,118,154,168,218,230,365,377,410,446,458,494,521,533,545,559,583,607,622,622,622],"floor_reached":29,"language":"ENG","playtime":1695,"items_purged":[],"score":447,"play_id":"fa0ef41b-7a68-4c2b-a70e-b118ddd6fab5","local_time":"20210221091400","is_ascension_mode":true,"campfire_choices":[{"data":"Zap","floor":6,"key":"SMITH"},{"data":"Fission","floor":8,"key":"SMITH"},{"data":"Lockon","floor":15,"key":"SMITH"},{"data":"Coolheaded","floor":23,"key":"SMITH"}],"circlet_count":0,"master_deck":["Strike_B","Strike_B+1","Defend_B","Defend_B","Defend_B","Defend_B","Zap+1","Dualcast","Glacier","Ball Lightning","Compile Driver+1","Fission+1","Coolheaded+1","Lockon+1","Injury","Cold Snap","Echo Form","Static Discharge+1","Capacitor","FIFO Queue"],"relics":["Cracked Core","Blue Candle","Golden Idol","ReplayTheSpireMod:Shallot","Snecko Eye","Nloth\u0027s Gift","Whetstone"],"acts_visited":["Exordium","TheCity"],"potions_floor_usage":[12,16,22,25,28,29,29],"damage_taken":[{"damage":7,"enemies":"Small Slimes","floor":1,"turns":3},{"damage":0,"enemies":"Cultist","floor":3,"turns":3},{"damage":0,"enemies":"2 Louse","floor":5,"turns":2},{"damage":19,"enemies":"Exordium Wildlife","floor":7,"turns":3},{"damage":0,"enemies":"Blue Slaver","floor":10,"turns":3},{"damage":12,"enemies":"Lagavulin","floor":12,"turns":5},{"damage":0,"enemies":"Gremlin Gang","floor":13,"turns":4},{"damage":6,"enemies":"The Guardian","floor":16,"turns":12},{"damage":0,"enemies":"3 Byrds","floor":18,"turns":5},{"damage":0,"enemies":"2 Thieves","floor":19,"turns":3},{"damage":8,"enemies":"Centurion and Healer","floor":21,"turns":4},{"damage":1,"enemies":"Snake Plant","floor":22,"turns":3},{"damage":16,"enemies":"Shelled Parasite and Fungi","floor":25,"turns":8},{"damage":1,"enemies":"3 Cultists","floor":27,"turns":6},{"damage":26,"enemies":"Snake Plant","floor":28,"turns":3},{"damage":12,"enemies":"Gremlin Leader","floor":29,"turns":2}],"seed_played":"-923714171331070838","potions_obtained":[{"floor":1,"key":"FocusPotion"},{"floor":7,"key":"Swift Potion"},{"floor":12,"key":"Languid Potion"},{"floor":13,"key":"Swift Potion"},{"floor":21,"key":"Strength Potion"},{"floor":22,"key":"Strength Potion"},{"floor":27,"key":"Elixir"}],"is_trial":false,"path_per_floor":["M","$","M","?","M","R","M","R","T","M","?","E","M","T","R_BF","B",null,"M","M","$","M","M","R","?","M","T","M","M","E"],"character_chosen":"DEFECT","items_purchased":["Ball Lightning"],"campfire_rested":0,"item_purchase_floors":[2],"current_hp_per_floor":[61,61,61,61,61,61,42,42,42,42,42,30,30,30,30,24,57,57,57,57,49,48,48,48,32,32,31,5,0,0],"gold":622,"neow_bonus":"REMOVE_TWO","is_daily":false,"chose_seed":false,"campfire_upgraded":4,"win_rate":0.0,"timestamp":1613916840,"path_taken":["M","$","M","?","M","R","M","R","T","?","?","E","M","?","R_BF","BOSS","M","M","$","M","M","R","?","?","T","M","M","E"],"items_purchased_type":["Card"],"build_version":"2020-12-22","purchased_purges":0,"victory":false,"max_hp_per_floor":[68,68,68,68,68,68,68,68,68,68,68,68,68,68,68,68,68,68,68,68,68,68,68,68,68,68,68,68,68,68],"card_choices":[{"not_picked":["Force Field","Steam"],"picked":"Glacier","floor":1},{"not_picked":["Leap","Redo"],"picked":"Compile Driver","floor":3},{"not_picked":["Steam","Force Field","Meteor Strike"],"picked":"SKIP","floor":5},{"not_picked":["Stack","aspiration:Polymerization"],"picked":"Coolheaded","floor":7},{"not_picked":["Crystallizer","Gash"],"picked":"Lockon","floor":10},{"not_picked":["Time Bomb","Multi-Cast"],"picked":"Cold Snap","floor":12},{"not_picked":["aspiration:Polymerization","Chaos","Double Energy"],"picked":"SKIP","floor":13},{"not_picked":["All For One","Amplify"],"picked":"Echo Form","floor":16},{"not_picked":["Compile Driver","Recycle"],"picked":"Static Discharge+1","floor":18},{"not_picked":["Compile Driver","Cold Snap+1","Turbo"],"picked":"SKIP","floor":19},{"not_picked":["Go for the Eyes+1","Hologram+1","White Noise+1"],"picked":"SKIP","floor":21},{"not_picked":["Cold Snap","BasicCrystalCard","Turbo"],"picked":"SKIP","floor":22},{"not_picked":["Barrage","Beam Cell"],"picked":"Capacitor","floor":25},{"not_picked":["ReplayTheSpireMod:Calculation Training","Compile Driver"],"picked":"FIFO Queue","floor":27},{"not_picked":["Conserve Battery+1","Ball Lightning","Recycle"],"picked":"SKIP","floor":28}],"player_experience":1051297,"relics_obtained":[{"floor":9,"key":"Blue Candle"},{"floor":12,"key":"ReplayTheSpireMod:Shallot"},{"floor":14,"key":"MawBank"},{"floor":26,"key":"Whetstone"}],"event_choices":[{"damage_healed":0,"gold_gain":0,"player_choice":"1 cards matched","damage_taken":0,"max_hp_gain":0,"max_hp_loss":0,"event_name":"Match and Keep!","floor":4,"gold_loss":0,"cards_obtained":["Fission"]},{"damage_healed":0,"gold_gain":0,"player_choice":"Take Wound","damage_taken":0,"relics_obtained":["Golden Idol"],"max_hp_gain":0,"max_hp_loss":0,"event_name":"Golden Idol","floor":11,"gold_loss":0,"cards_obtained":["Injury"]},{"damage_healed":0,"gold_gain":0,"player_choice":"Traded Relic","damage_taken":0,"relics_obtained":["Nloth\u0027s Gift"],"max_hp_gain":0,"max_hp_loss":0,"event_name":"N\u0027loth","floor":24,"relics_lost":["MawBank"],"gold_loss":0}],"is_beta":false,"boss_relics":[{"not_picked":["aspiration:SilentSkillbook","Snecko Heart"],"picked":"Snecko Eye"}],"items_purged_floors":[],"is_endless":false,"potions_floor_spawned":[1,7,12,13,21,22,27],"killed_by":"Gremlin Leader","ascension_level":7}}