{"host":"y9sq25med6ebkxz5","time":1613886139,"event":{"mods":["2.2 Compatiblity","AchievementEnabler","BaseMod","Card Forge","Colored Map","Colored Powertips","DeckTracker","Friendly Minions","Minty Spire (QoL Compilation)","Permanent Neow","Remove Card Discount Mod","Shop Mod","StSLib","SuperFastMode","Thrall Mod","WarShipGirlsR/??á´Ò³R mod"],"gold_per_floor":[117,117,129,139,67,67,99,99,99,127,147,172,172,192,192,281,281,300,321,84,84,84,124,142,175,211,223,235,283,295,328,340,451,463,493,546,570,903,903,903,457,484,484,484,178,211,224,239,239,239,239,239,40,69,69,69],"floor_reached":55,"language":"KOR","playtime":3573,"items_purged":[],"score":1511,"play_id":"04b87733-1800-471f-a2cd-ab2fc78925ee","local_time":"20210221144219","is_ascension_mode":true,"campfire_choices":[{"floor":6,"key":"RECALL"},{"floor":8,"key":"REST"},{"floor":15,"key":"REST"},{"floor":28,"key":"REST"},{"floor":30,"key":"REST"},{"floor":32,"key":"REST"},{"floor":40,"key":"REST"},{"floor":44,"key":"REST"},{"floor":49,"key":"REST"},{"floor":52,"key":"REST"}],"circlet_count":0,"master_deck":["AscendersBane","Survivor+1","Neutralize+1","Corpse Explosion+1","Tactician+1","Corpse Explosion+1","Night Terror+1","Caltrops+1","Tactician+1","Deflect+1","Deep Breath+1","Adrenaline+1","Deflect+1","Caltrops+1","Catalyst+1","Calculated Gamble+1","After Image+1","Deadly Poison+1","Escape Plan+1","Calculated Gamble+1","Escape Plan+1","Burst+1","Bouncing Flask+1"],"relics":["Ring of the Snake","Hammer of Thor","Seething Fire","Anvil of the Gods","Eternal Feather","Blue Candle","Odd Mushroom","Ancient Tea Set","MerchantsRug","Tiny Chest","Enchiridion","Blood Vial","Anchor","White Beast Statue","Singing Bowl","Bag of Preparation","TheAbacus","The Courier","Akabeko","TwistedFunnel","Mummified Hand","Bronze Scales","ClockworkSouvenir","Snake Skull"],"acts_visited":["Exordium","TheCity","TheBeyond","TheEnding"],"potions_floor_usage":[12,24,33,50,50,55],"damage_taken":[{"damage":0,"enemies":"2 Louse","floor":1,"turns":1},{"damage":0,"enemies":"Cultist","floor":3,"turns":3},{"damage":1,"enemies":"Jaw Worm","floor":4,"turns":2},{"damage":12,"enemies":"Gremlin Nob","floor":7,"turns":4},{"damage":1,"enemies":"3 Sentries","floor":10,"turns":3},{"damage":0,"enemies":"The Mushroom Lair","floor":11,"turns":2},{"damage":2,"enemies":"Gremlin Nob","floor":12,"turns":3},{"damage":0,"enemies":"2 Fungi Beasts","floor":14,"turns":2},{"damage":31,"enemies":"The Guardian","floor":16,"turns":9},{"damage":0,"enemies":"Spheric Guardian","floor":18,"turns":3},{"damage":21,"enemies":"2 Thieves","floor":19,"turns":3},{"damage":8,"enemies":"Book of Stabbing","floor":23,"turns":5},{"damage":0,"enemies":"Centurion and Healer","floor":24,"turns":5},{"damage":26,"enemies":"Gremlin Leader","floor":25,"turns":6},{"damage":8,"enemies":"Book of Stabbing","floor":29,"turns":3},{"damage":1,"enemies":"Sentry and Sphere","floor":31,"turns":2},{"damage":0,"enemies":"Automaton","floor":33,"turns":2},{"damage":0,"enemies":"3 Shapes","floor":35,"turns":1},{"damage":0,"enemies":"Orb Walker","floor":37,"turns":2},{"damage":0,"enemies":"Giant Head","floor":42,"turns":3},{"damage":10,"enemies":"Nemesis","floor":46,"turns":3},{"damage":1,"enemies":"Transient","floor":47,"turns":5},{"damage":0,"enemies":"4 Shapes","floor":48,"turns":1},{"damage":34,"enemies":"Awakened One","floor":50,"turns":6},{"damage":13,"enemies":"Shield and Spear","floor":54,"turns":4},{"damage":72,"enemies":"The Heart","floor":55,"turns":5}],"seed_played":"-1560187162910549155","potions_obtained":[{"floor":10,"key":"BlessingOfTheForge"},{"floor":11,"key":"LiquidMemories"},{"floor":16,"key":"Energy Potion"},{"floor":19,"key":"FairyPotion"},{"floor":23,"key":"Dexterity Potion"},{"floor":29,"key":"Poison Potion"},{"floor":31,"key":"SneckoOil"},{"floor":33,"key":"SneckoOil"},{"floor":35,"key":"Swift Potion"},{"floor":42,"key":"Dexterity Potion"},{"floor":46,"key":"Swift Potion"},{"floor":47,"key":"Fire Potion"},{"floor":54,"key":"Strength Potion"}],"is_trial":false,"path_per_floor":["M","?","M","M","$","R","E","R","T","E","?","E","?","M","R","B",null,"M","M","$","?","?","E","M","E","T","T","R","E","R","M","R","B",null,"M","$","M","?","?","R","$","E","T","R","$","E","M","M","R","B",null,"R","$","E","B"],"character_chosen":"THE_SILENT","items_purchased":["Tactician","MerchantsRug","Deep Breath","Tiny Chest","Orrery","Singing Bowl","Bag of Preparation","TheAbacus","TwistedFunnel","Mummified Hand","Bronze Scales","ClockworkSouvenir"],"campfire_rested":9,"item_purchase_floors":[5,20,20,20,36,41,41,41,45,45,53,53],"current_hp_per_floor":[59,59,59,58,58,61,49,66,66,65,65,63,40,40,65,34,58,58,37,37,16,16,8,10,11,11,11,39,33,61,62,66,66,66,66,66,66,66,66,66,66,66,66,66,66,63,66,70,77,43,69,77,77,66,0,0],"gold":69,"neow_bonus":"THREE_RARE_CARDS","is_daily":false,"chose_seed":false,"campfire_upgraded":0,"win_rate":0.0,"timestamp":1613886139,"path_taken":["M","?","?","M","$","R","E","R","T","E","?","E","?","M","R","BOSS","M","M","$","?","?","E","?","E","T","?","R","E","R","M","R","BOSS","M","$","M","?","?","R","$","E","T","R","$","E","M","?","R","BOSS","R","$","E","BOSS"],"items_purchased_type":["Card","Relic","Card","Relic","Relic","Relic","Relic","Relic","Relic","Relic","Relic","Relic"],"build_version":"2020-12-22","purchased_purges":0,"victory":false,"max_hp_per_floor":[66,66,66,66,66,66,66,66,66,66,66,66,66,66,66,66,66,66,66,66,66,66,66,66,66,66,66,66,66,66,66,66,66,66,66,66,66,66,66,66,66,66,66,66,66,73,75,77,77,77,77,77,77,79,79,79],"card_choices":[{"not_picked":["Burst","Night Terror"],"picked":"Corpse Explosion","floor":0},{"not_picked":["Slice","Dodge and Roll"],"picked":"Tactician","floor":1},{"not_picked":["Reflex","Dagger Throw","Sucker Punch"],"picked":"SKIP","floor":3},{"not_picked":["Reflex","Setup","Slice"],"picked":"SKIP","floor":4},{"not_picked":["Expertise","Burst"],"picked":"Concentrate","floor":7},{"not_picked":["Prepared","Backstab","Poisoned Stab"],"picked":"SKIP","floor":10},{"not_picked":["Flechettes","Outmaneuver","Underhanded Strike"],"picked":"SKIP","floor":12},{"not_picked":["Dash","Terror","Infinite Blades"],"picked":"SKIP","floor":14},{"not_picked":["Grand Finale","Die Die Die"],"picked":"Corpse Explosion","floor":16},{"not_picked":["Slice","Noxious Fumes"],"picked":"Calculated Gamble","floor":18},{"not_picked":["Endless Agony","Prepared+1"],"picked":"Deflect","floor":19},{"not_picked":["Bullet Time","Accuracy"],"picked":"Deflect","floor":23},{"not_picked":["PiercingWail","Dagger Throw"],"picked":"Caltrops","floor":24},{"not_picked":["Acrobatics","Escape Plan"],"picked":"Catalyst","floor":25},{"not_picked":["Bane","PiercingWail"],"picked":"Calculated Gamble","floor":29},{"not_picked":["Quick Slash+1","Prepared","A Thousand Cuts"],"picked":"SKIP","floor":31},{"not_picked":["Malaise","Doppelganger"],"picked":"After Image","floor":33},{"not_picked":["Flying Knee+1","PiercingWail","Riddle With Holes"],"picked":"SKIP","floor":35},{"not_picked":["Acrobatics","Dagger Spray"],"picked":"Deadly Poison","floor":36},{"not_picked":["Blade Dance+1","Heel Hook"],"picked":"Escape Plan","floor":36},{"not_picked":["Quick Slash","Blade Dance"],"picked":"Calculated Gamble","floor":36},{"not_picked":["Finisher","Outmaneuver+1"],"picked":"Escape Plan+1","floor":37},{"not_picked":["Bane","Endless Agony"],"picked":"Burst","floor":42},{"not_picked":["Blade Dance","Caltrops+1"],"picked":"Bouncing Flask","floor":46},{"not_picked":["Cloak And Dagger+1","Dagger Throw","Bane+1"],"picked":"Singing Bowl","floor":47},{"not_picked":["Dagger Spray+1","Deadly Poison","PiercingWail"],"picked":"Singing Bowl","floor":48},{"not_picked":["Outmaneuver","Caltrops","Endless Agony"],"picked":"Singing Bowl","floor":54}],"player_experience":471820,"relics_obtained":[{"floor":7,"key":"Orichalcum"},{"floor":10,"key":"Blue Candle"},{"floor":11,"key":"Odd Mushroom"},{"floor":12,"key":"Ancient Tea Set"},{"floor":21,"key":"Enchiridion"},{"floor":23,"key":"Blood Vial"},{"floor":25,"key":"MawBank"},{"floor":26,"key":"Anchor"},{"floor":27,"key":"Art of War"},{"floor":29,"key":"White Beast Statue"},{"floor":42,"key":"The Courier"},{"floor":43,"key":"Akabeko"},{"floor":46,"key":"Strawberry"},{"floor":54,"key":"Snake Skull"}],"event_choices":[{"cards_removed":["Tactician"],"damage_healed":0,"gold_gain":0,"player_choice":"Gave Card","damage_taken":0,"relics_obtained":["Eternal Feather"],"max_hp_gain":0,"max_hp_loss":0,"event_name":"WeMeetAgain","floor":2,"gold_loss":0},{"damage_healed":0,"gold_gain":0,"player_choice":"Fought Mushrooms","damage_taken":0,"max_hp_gain":0,"max_hp_loss":0,"event_name":"Mushrooms","floor":11,"gold_loss":0},{"damage_healed":0,"gold_gain":0,"player_choice":"Take Damage","damage_taken":23,"relics_obtained":["Golden Idol"],"max_hp_gain":0,"max_hp_loss":0,"event_name":"Golden Idol","floor":13,"gold_loss":0},{"damage_healed":0,"gold_gain":0,"player_choice":"Obtained Book","damage_taken":21,"max_hp_gain":0,"max_hp_loss":0,"event_name":"Cursed Tome","floor":21,"gold_loss":0},{"damage_healed":0,"gold_gain":0,"player_choice":"Ignored","damage_taken":0,"max_hp_gain":0,"max_hp_loss":0,"event_name":"Transmorgrifier","floor":22,"gold_loss":0},{"damage_healed":0,"gold_gain":333,"player_choice":"Gave Idol","damage_taken":0,"max_hp_gain":0,"max_hp_loss":0,"event_name":"The Moai Head","floor":38,"relics_lost":["Golden Idol"],"gold_loss":0},{"damage_healed":0,"gold_gain":0,"player_choice":"Ignored","damage_taken":0,"max_hp_gain":0,"max_hp_loss":0,"event_name":"Accursed Blacksmith","floor":39,"gold_loss":0}],"is_beta":false,"boss_relics":[{"not_picked":["SlaversCollar","Astrolabe"],"picked":"Pandora\u0027s Box"},{"not_picked":["Sozu","Snecko Eye"],"picked":"Runic Dome"}],"items_purged_floors":[],"is_endless":false,"potions_floor_spawned":[10,11,16,19,23,29,31,33,35,37,42,46,47,48,54],"killed_by":"The Heart","ascension_level":15}}