{"host":"rantoq7h0pygex6x","time":1613883868,"event":{"mods":["AchievementEnabler","BaseMod","BetterRewards","Minty Spire (QoL Compilation)","SuperFastMode"],"gold_per_floor":[113,113,38,58,108,108,134,134,185,220,237,108,108,56,56,133,133,153,170,189,189,114,114,114,114],"floor_reached":24,"language":"ENG","playtime":314,"items_purged":["Strike_R"],"score":404,"play_id":"9ee12f20-cb33-4e4b-bf8a-9f5be2ab1150","local_time":"20210221130428","is_ascension_mode":true,"campfire_choices":[{"data":"Combust","floor":6.0,"key":"SMITH"},{"data":"Anger","floor":8.0,"key":"SMITH"},{"data":"Demon Form","floor":15.0,"key":"SMITH"},{"data":"Shockwave","floor":23.0,"key":"SMITH"}],"circlet_count":0,"master_deck":["AscendersBane","Strike_R","Strike_R","Strike_R","Defend_R","Defend_R+1","Defend_R","Defend_R+1","Bash","Combust+1","Anger+1","Shockwave+1","Demon Form+1","Bandage Up","Shrug It Off","Heavy Blade","Feed","CurseOfTheBell","Armaments+1"],"relics":["Burning Blood","PreservedInsect","Gremlin Horn","Blood Vial","Vajra","Calling Bell","War Paint","Singing Bowl","Champion Belt"],"acts_visited":["Exordium","TheCity"],"potions_floor_usage":[],"damage_taken":[{"damage":7.0,"enemies":"Cultist","floor":1.0,"turns":4.0},{"damage":10.0,"enemies":"2 Louse","floor":4.0,"turns":3.0},{"damage":17.0,"enemies":"3 Sentries","floor":7.0,"turns":4.0},{"damage":29.0,"enemies":"Gremlin Nob","floor":10.0,"turns":4.0},{"damage":7.0,"enemies":"Jaw Worm","floor":11.0,"turns":4.0},{"damage":17.0,"enemies":"Slime Boss","floor":16.0,"turns":4.0},{"damage":27.0,"enemies":"Shell Parasite","floor":18.0,"turns":5.0},{"damage":45.0,"enemies":"Chosen","floor":19.0,"turns":6.0},{"damage":37.0,"enemies":"Centurion and Healer","floor":20.0,"turns":7.0},{"damage":34,"enemies":"Snake Plant","floor":24,"turns":3}],"seed_played":"3734745248425740504","potions_obtained":[{"floor":7.0,"key":"FairyPotion"},{"floor":11.0,"key":"Explosive Potion"}],"is_trial":false,"path_per_floor":["M","T","?","M","?","R","E","R","T","E","M","$","?","$","R","B",null,"M","M","M","?","$","R","M"],"character_chosen":"IRONCLAD","items_purchased":["Combust","Bandage Up","Shrug It Off","Heavy Blade"],"campfire_rested":0,"item_purchase_floors":[0,12,12,14],"current_hp_per_floor":[67,67,67,63,63,63,52,52,52,31,32,32,50,50,50,45,68,55,22,32,32,32,32,0,0],"gold":114,"neow_bonus":"","is_daily":false,"chose_seed":false,"campfire_upgraded":4,"win_rate":0.0,"timestamp":1613883868,"path_taken":["M","?","?","M","?","R","E","R","T","E","?","?","?","$","R","BOSS","M","M","M","?","$","R","M"],"items_purchased_type":["Card","Card","Card","Card"],"build_version":"2020-12-22","purchased_purges":1,"victory":false,"max_hp_per_floor":[75,75,75,75,75,75,75,75,75,75,75,75,75,75,75,75,75,77,77,83,80,80,80,80,80],"card_choices":[{"not_picked":["Twin Strike","Heavy Blade"],"picked":"Anger","floor":1.0},{"not_picked":["Cleave","Body Slam"],"picked":"Shockwave","floor":4.0},{"not_picked":["Sentinel","Entrench","Warcry"],"picked":"SKIP","floor":7.0},{"not_picked":["Headbutt","Armaments"],"picked":"Demon Form","floor":10.0},{"not_picked":["Whirlwind","Bloodletting","Body Slam"],"picked":"SKIP","floor":11.0},{"not_picked":["Offering","Juggernaut"],"picked":"Feed","floor":16.0},{"not_picked":["Infernal Blade","Clothesline","Exhume"],"picked":"Singing Bowl","floor":18.0},{"not_picked":["Dropkick","Headbutt"],"picked":"Armaments+1","floor":19.0},{"not_picked":["Seeing Red","Iron Wave","Flex"],"picked":"Singing Bowl","floor":20.0}],"player_experience":1010282,"relics_obtained":[{"floor":2.0,"key":"PreservedInsect"},{"floor":7.0,"key":"Gremlin Horn"},{"floor":9.0,"key":"Blood Vial"},{"floor":10.0,"key":"Vajra"},{"floor":17.0,"key":"War Paint"},{"floor":17.0,"key":"Singing Bowl"},{"floor":17.0,"key":"Champion Belt"}],"event_choices":[{"cards_removed":["Strike_R"],"damage_healed":0.0,"max_hp_gain":0.0,"max_hp_loss":0.0,"gold_gain":0.0,"event_name":"The Cleric","player_choice":"Card Removal","floor":3.0,"gold_loss":75.0,"damage_taken":0.0},{"damage_healed":0.0,"max_hp_gain":0.0,"max_hp_loss":0.0,"gold_gain":50.0,"event_name":"Golden Shrine","player_choice":"Pray","floor":5.0,"gold_loss":0.0,"damage_taken":0.0},{"damage_healed":18.0,"max_hp_gain":0.0,"max_hp_loss":0.0,"gold_gain":0.0,"event_name":"Mushrooms","player_choice":"Healed and dodged fight","floor":13.0,"gold_loss":0.0,"damage_taken":0.0,"cards_obtained":["Parasite"]},{"cards_removed":["Parasite"],"damage_healed":0.0,"max_hp_gain":0.0,"max_hp_loss":0.0,"gold_gain":0.0,"event_name":"Back to Basics","player_choice":"Elegance","floor":21.0,"gold_loss":0.0,"damage_taken":0.0}],"is_beta":false,"boss_relics":[{"not_picked":["Runic Pyramid","Runic Cube"],"picked":"Calling Bell"}],"items_purged_floors":[22],"is_endless":false,"potions_floor_spawned":[7,11],"killed_by":"Snake Plant","ascension_level":20}}