{"host":"zxkjcgzis4pm3za5","time":1613890152,"event":{"mods":["2.2 Compatiblity","AchievementEnabler","BaseMod","Colored Map","Colored Powertips","Minty Spire (QoL Compilation)","Quick Restart","Random Character Button","Relic Filter Mod","Relic Sorter","Relic Stats","StSLib"],"gold_per_floor":[209,209,20,95,108,139,139,171,198,211,211,226,237,262,262,338,338,358,358,246,246,258,258,283,297,297,297,329,343,343,371,371,442,442,453,453,161,173,183,183,208,208,208,236,236,236,278,293,293,293,293],"floor_reached":50,"language":"ENG","playtime":2296,"items_purged":["Strike_P","Strike_P"],"score":1506,"play_id":"0d5b91f6-e9f6-462c-b3d0-6f8a93db7eac","local_time":"20210221121912","is_ascension_mode":true,"campfire_choices":[{"data":"WheelKick","floor":7.0,"key":"SMITH"},{"floor":11.0,"key":"REST"},{"data":"DeusExMachina","floor":15.0,"key":"SMITH"},{"data":"RitualDagger","floor":23.0,"key":"SMITH"},{"data":"Conclude","floor":27,"key":"SMITH"},{"data":"DeusExMachina","floor":32,"key":"SMITH"},{"floor":40,"key":"RECALL"},{"data":"Wish","floor":42,"key":"SMITH"},{"data":"DevaForm","floor":49,"key":"SMITH"}],"circlet_count":0,"master_deck":["AscendersBane","Strike_P+1","Strike_P+1","Defend_P","Defend_P+1","Defend_P","Defend_P+1","Eruption+1","Vigilance+1","EmptyFist+1","WheelKick+1","BowlingBash","EmptyMind","Consecrate","Tantrum","Meditate","DeusExMachina+1","LessonLearned+1","FlurryOfBlows","Conclude+1","RitualDagger+1","Sanctity+1","Swivel+1","ForeignInfluence+1","DevaForm+1","MentalFortress+1","DeusExMachina+1","Scrawl","ThirdEye","Perseverance+1","Collect+1","Wish+1"],"relics":["HolyWater","Happy Flower","Tiny Chest","Dead Branch","Omamori","Strawberry","MutagenicStrength","Toy Ornithopter","War Paint","Pen Nib","Calling Bell","Centennial Puzzle","Meat on the Bone","TungstenRod","MawBank","Membership Card","Oddly Smooth Stone","Anchor","Sundial","Thread and Needle"],"acts_visited":["Exordium","TheCity","TheBeyond"],"potions_floor_usage":[24,31,35,38,44],"damage_taken":[{"damage":1.0,"enemies":"2 Louse","floor":1.0,"turns":3.0},{"damage":4.0,"enemies":"Small Slimes","floor":5.0,"turns":2.0},{"damage":0.0,"enemies":"Lagavulin","floor":6.0,"turns":3.0},{"damage":15.0,"enemies":"3 Sentries","floor":8.0,"turns":4.0},{"damage":7.0,"enemies":"Jaw Worm","floor":10.0,"turns":3.0},{"damage":0.0,"enemies":"Large Slime","floor":12.0,"turns":3.0},{"damage":0.0,"enemies":"Exordium Thugs","floor":13.0,"turns":2.0},{"damage":0.0,"enemies":"Gremlin Nob","floor":14.0,"turns":2.0},{"damage":3.0,"enemies":"The Guardian","floor":16.0,"turns":7.0},{"damage":0.0,"enemies":"Shell Parasite","floor":18.0,"turns":1.0},{"damage":0.0,"enemies":"Chosen","floor":22.0,"turns":2.0},{"damage":0,"enemies":"Book of Stabbing","floor":24,"turns":2},{"damage":0,"enemies":"3 Cultists","floor":25,"turns":4},{"damage":0,"enemies":"Gremlin Leader","floor":28,"turns":4},{"damage":0,"enemies":"Centurion and Healer","floor":29,"turns":4},{"damage":0,"enemies":"Slavers","floor":31,"turns":3},{"damage":4,"enemies":"Automaton","floor":33,"turns":8},{"damage":0,"enemies":"3 Shapes","floor":35,"turns":3},{"damage":1,"enemies":"3 Darklings","floor":38,"turns":2},{"damage":5,"enemies":"Jaw Worm Horde","floor":39,"turns":2},{"damage":7,"enemies":"Giant Head","floor":41,"turns":5},{"damage":41,"enemies":"Reptomancer","floor":44,"turns":3},{"damage":0,"enemies":"Spire Growth","floor":47,"turns":3},{"damage":0,"enemies":"Sphere and 2 Shapes","floor":48,"turns":2},{"damage":80,"enemies":"Awakened One","floor":50,"turns":7}],"seed_played":"7404948825787040705","potions_obtained":[{"floor":5.0,"key":"FearPotion"},{"floor":10.0,"key":"ColorlessPotion"},{"floor":12.0,"key":"BlessingOfTheForge"},{"floor":13.0,"key":"GamblersBrew"},{"floor":18.0,"key":"Energy Potion"},{"floor":22.0,"key":"Strength Potion"},{"floor":29,"key":"PowerPotion"},{"floor":31,"key":"Swift Potion"},{"floor":35,"key":"Fire Potion"},{"floor":41,"key":"SneckoOil"},{"floor":47,"key":"Ancient Potion"}],"is_trial":false,"path_per_floor":["M","?","$","?","M","E","R","E","T","M","R","M","M","E","R","B",null,"M","?","$","?","M","R","E","M","T","R","E","M","?","E","R","B",null,"M","T","$","M","M","R","E","R","T","E","?","?","M","M","R","B"],"character_chosen":"WATCHER","items_purchased":["EmptyFist","Happy Flower","Conclude","Membership Card","Oddly Smooth Stone"],"campfire_rested":1,"item_purchase_floors":[3,3,20,37,37],"current_hp_per_floor":[60,60,60,49,45,45,45,30,30,23,43,43,43,50,50,47,68,68,68,68,62,62,62,62,62,62,62,62,62,62,67,67,63,72,75,75,75,75,70,70,63,63,63,39,75,75,75,75,75,0,0],"gold":293,"neow_bonus":"HUNDRED_GOLD","is_daily":false,"chose_seed":false,"campfire_upgraded":7,"win_rate":0.0,"timestamp":1613890152,"path_taken":["M","?","$","?","M","E","R","E","T","M","R","M","M","E","R","BOSS","M","?","$","?","M","R","E","M","T","R","E","M","?","E","R","BOSS","M","?","$","M","M","R","E","R","T","E","?","?","M","M","R","BOSS"],"items_purchased_type":["Card","Relic","Card","Relic","Relic"],"build_version":"2020-12-22","purchased_purges":2,"victory":false,"max_hp_per_floor":[68,68,68,68,68,68,68,68,68,68,68,68,68,75,75,75,75,75,75,75,75,75,75,75,75,75,75,75,75,75,75,75,75,75,75,75,75,75,75,75,75,75,75,75,75,75,75,75,75,75,75],"relic_stats":{"Happy Flower":[27],"counters":[25,84],"Dead Branch":[199],"Pen Nib":[11],"War Paint":["Defend_P","Swivel"],"MawBank":12,"Centennial Puzzle":[14],"Sundial":[0],"Tiny Chest":1,"obtain_stats":[{"Happy Flower":3,"Dead Branch":8,"Oddly Smooth Stone":37,"Thread and Needle":44,"Pen Nib":31,"Omamori":9,"War Paint":28,"MawBank":36,"Calling Bell":34,"Centennial Puzzle":34,"Anchor":41,"Sundial":43,"Strawberry":14,"MutagenicStrength":19,"HolyWater":17,"Tiny Chest":6,"Membership Card":37,"PureWater":0,"Toy Ornithopter":24,"TungstenRod":34,"Meat on the Bone":34},{"Happy Flower":1,"Dead Branch":4,"Oddly Smooth Stone":18,"Thread and Needle":22,"Pen Nib":16,"Omamori":4,"War Paint":14,"MawBank":18,"Calling Bell":17,"Centennial Puzzle":17,"Anchor":21,"Sundial":21,"Strawberry":8,"MutagenicStrength":10,"HolyWater":9,"Tiny Chest":3,"Membership Card":18,"PureWater":0,"Toy Ornithopter":12,"TungstenRod":17,"Meat on the Bone":17},{"Happy Flower":3,"Dead Branch":12,"Oddly Smooth Stone":60,"Thread and Needle":72,"Pen Nib":49,"Omamori":12,"War Paint":42,"MawBank":60,"Calling Bell":57,"Centennial Puzzle":57,"Anchor":69,"Sundial":69,"Strawberry":22,"MutagenicStrength":30,"HolyWater":29,"Tiny Chest":8,"Membership Card":60,"PureWater":0,"Toy Ornithopter":34,"TungstenRod":57,"Meat on the Bone":57}],"Toy Ornithopter":14,"TungstenRod":12,"Meat on the Bone":12},"card_choices":[{"not_picked":["Evaluate","Meditate","Sanctity"],"picked":"SKIP","floor":1.0},{"not_picked":["Sanctity","JustLucky"],"picked":"WheelKick","floor":5.0},{"not_picked":["Omniscience","Swivel"],"picked":"BowlingBash","floor":6.0},{"not_picked":["Crescendo","Consecrate"],"picked":"EmptyMind","floor":8.0},{"not_picked":["BowlingBash","EmptyFist"],"picked":"Consecrate","floor":10.0},{"not_picked":["Indignation","Adaptation"],"picked":"Tantrum","floor":12.0},{"not_picked":["JustLucky","Crescendo"],"picked":"Meditate","floor":13.0},{"not_picked":["JustLucky","Devotion"],"picked":"DeusExMachina","floor":14.0},{"not_picked":["Scrawl","Judgement"],"picked":"LessonLearned","floor":16.0},{"not_picked":["Evaluate","SandsOfTime"],"picked":"FlurryOfBlows","floor":18.0},{"not_picked":["CrushJoints","Protect"],"picked":"Sanctity","floor":22.0},{"not_picked":["Prostrate","SandsOfTime"],"picked":"Swivel","floor":24},{"not_picked":["Perseverance","Vengeance"],"picked":"ForeignInfluence+1","floor":25},{"not_picked":["SashWhip","EmptyFist+1"],"picked":"DevaForm","floor":28},{"not_picked":["ClearTheMind","Prostrate"],"picked":"MentalFortress+1","floor":29},{"not_picked":["FlurryOfBlows","Halt"],"picked":"DeusExMachina","floor":31},{"not_picked":["Omniscience","Devotion"],"picked":"Scrawl","floor":33},{"not_picked":["PathToVictory","Prostrate"],"picked":"ThirdEye","floor":35},{"not_picked":["CrushJoints","SandsOfTime"],"picked":"Perseverance+1","floor":38},{"not_picked":["ClearTheMind","MentalFortress"],"picked":"Collect+1","floor":39},{"not_picked":["PathToVictory","SignatureMove"],"picked":"Wish","floor":41},{"not_picked":["BowlingBash","FlurryOfBlows+1","Protect"],"picked":"SKIP","floor":44},{"not_picked":["ReachHeaven+1","Sanctity","ForeignInfluence"],"picked":"SKIP","floor":47},{"not_picked":["CrushJoints","ClearTheMind","PathToVictory"],"picked":"SKIP","floor":48}],"player_experience":408681,"relics_obtained":[{"floor":6.0,"key":"Tiny Chest"},{"floor":8.0,"key":"Dead Branch"},{"floor":9.0,"key":"Omamori"},{"floor":14.0,"key":"Strawberry"},{"floor":24,"key":"Toy Ornithopter"},{"floor":28,"key":"War Paint"},{"floor":31,"key":"Pen Nib"},{"floor":34,"key":"Centennial Puzzle"},{"floor":34,"key":"Meat on the Bone"},{"floor":34,"key":"TungstenRod"},{"floor":36,"key":"MawBank"},{"floor":41,"key":"Anchor"},{"floor":43,"key":"Sundial"},{"floor":44,"key":"Thread and Needle"}],"event_choices":[{"damage_healed":0.0,"max_hp_gain":0.0,"max_hp_loss":0.0,"gold_gain":0.0,"event_name":"Living Wall","player_choice":"Grow","floor":2.0,"gold_loss":0.0,"damage_taken":0.0,"cards_upgraded":["Eruption"]},{"damage_healed":0.0,"max_hp_gain":0.0,"max_hp_loss":0.0,"gold_gain":75.0,"event_name":"World of Goop","player_choice":"Gather Gold","floor":4.0,"gold_loss":0.0,"damage_taken":11.0},{"damage_healed":0.0,"max_hp_gain":0.0,"max_hp_loss":0.0,"gold_gain":0.0,"event_name":"Drug Dealer","player_choice":"Inject Mutagens","floor":19.0,"gold_loss":0.0,"damage_taken":0.0,"relics_obtained":["MutagenicStrength"]},{"damage_healed":0.0,"max_hp_gain":0.0,"max_hp_loss":0.0,"gold_gain":0.0,"event_name":"Nest","player_choice":"Joined the Cult","floor":21.0,"gold_loss":0.0,"damage_taken":6.0,"cards_obtained":["RitualDagger"]},{"damage_healed":0,"gold_gain":0,"player_choice":"Ignored","damage_taken":0,"max_hp_gain":0,"max_hp_loss":0,"event_name":"Ghosts","floor":30,"gold_loss":0},{"damage_healed":36,"gold_gain":0,"player_choice":"Heal","damage_taken":0,"max_hp_gain":0,"max_hp_loss":0,"event_name":"MindBloom","floor":45,"gold_loss":0,"cards_obtained":["Doubt"]},{"damage_healed":0,"gold_gain":0,"player_choice":"Ignored","damage_taken":0,"max_hp_gain":0,"max_hp_loss":0,"event_name":"Tomb of Lord Red Mask","floor":46,"gold_loss":0}],"is_beta":false,"boss_relics":[{"not_picked":["SlaversCollar","SacredBark"],"picked":"HolyWater"},{"not_picked":["VioletLotus","Coffee Dripper"],"picked":"Calling Bell"}],"items_purged_floors":[20,37],"is_endless":false,"potions_floor_spawned":[5,10,12,13,18,22,29,31,35,41,47],"killed_by":"Awakened One","ascension_level":20}}