{"host":"2se5dq1do2gp0x9k","time":1613926398,"event":{"mods":["AchievementEnabler","BaseMod","Block Reminder","Colored Map","Colored Powertips","Minty Spire (QoL Compilation)","Relic Stats","StSLib","SuperFastMode"],"gold_per_floor":[116,116,193,208,208,241,241,252,277,277,307,307,70,89,89,89,89],"floor_reached":16,"language":"ENG","playtime":503,"items_purged":["Strike_G"],"score":216,"play_id":"5aee6407-7d8e-48dd-b95b-ae958318bb29","local_time":"20210221085318","is_ascension_mode":true,"campfire_choices":[{"floor":7.0,"key":"REST"},{"data":"Bane","floor":10.0,"key":"SMITH"},{"floor":12,"key":"REST"},{"data":"Survivor","floor":15,"key":"SMITH"}],"circlet_count":0,"master_deck":["AscendersBane","Strike_G","Strike_G","Strike_G","Defend_G","Defend_G","Defend_G","Defend_G","Defend_G","Survivor+1","Neutralize","Envenom+1","Poisoned Stab","Endless Agony","Cloak And Dagger+1","Bane+1","Prepared+1","Envenom+1","Tactician+1","Blade Dance+1"],"relics":["Ring of the Snake","Toxic Egg 2","Tingsha","Regal Pillow","Frozen Egg 2"],"acts_visited":["Exordium"],"potions_floor_usage":[11,16,16],"damage_taken":[{"damage":1.0,"enemies":"Small Slimes","floor":1.0,"turns":6.0},{"damage":2.0,"enemies":"Jaw Worm","floor":4.0,"turns":4.0},{"damage":31.0,"enemies":"Lagavulin","floor":6.0,"turns":8.0},{"damage":3.0,"enemies":"2 Louse","floor":8.0,"turns":3.0},{"damage":15,"enemies":"3 Sentries","floor":11,"turns":5},{"damage":0,"enemies":"Exordium Thugs","floor":14,"turns":2},{"damage":57,"enemies":"Slime Boss","floor":16,"turns":10}],"seed_played":"-1847911055244192778","potions_obtained":[{"floor":6.0,"key":"Strength Potion"},{"floor":11,"key":"Swift Potion"},{"floor":14,"key":"Dexterity Potion"}],"is_trial":false,"path_per_floor":["M","?","T","M","?","E","R","M","T","R","E","R","$","M","R","B"],"character_chosen":"THE_SILENT","items_purchased":["Envenom+1","Tactician+1"],"campfire_rested":2,"item_purchase_floors":[13,13],"current_hp_per_floor":[58,58,58,56,49,18,37,34,34,34,19,53,53,53,53,0,0],"gold":89,"neow_bonus":"ONE_RANDOM_RARE_CARD","is_daily":false,"chose_seed":false,"campfire_upgraded":2,"win_rate":0.0,"timestamp":1613926398,"path_taken":["M","?","?","M","?","E","R","M","T","R","E","R","$","M","R","BOSS"],"items_purchased_type":["Card","Card"],"build_version":"2020-12-22","purchased_purges":1,"victory":false,"max_hp_per_floor":[66,66,66,66,66,66,66,66,66,66,66,66,66,66,66,66,66],"relic_stats":{"Regal Pillow":15,"counters":[7,38],"Tingsha":[21],"obtain_stats":[{"Regal Pillow":9,"Tingsha":6,"Toxic Egg 2":3,"Frozen Egg 2":11,"Ring of the Snake":0},{"Regal Pillow":4,"Tingsha":3,"Toxic Egg 2":1,"Frozen Egg 2":5,"Ring of the Snake":0},{"Regal Pillow":21,"Tingsha":18,"Toxic Egg 2":6,"Frozen Egg 2":26,"Ring of the Snake":0}],"Ring of the Snake":[15]},"card_choices":[{"not_picked":["Eviscerate","Setup"],"picked":"Poisoned Stab","floor":1.0},{"not_picked":["Choke","Underhanded Strike"],"picked":"Endless Agony","floor":4.0},{"not_picked":["Sucker Punch","Expertise+1"],"picked":"Cloak And Dagger+1","floor":6.0},{"not_picked":["Outmaneuver+1","Predator"],"picked":"Bane","floor":8.0},{"not_picked":["Poisoned Stab","Dodge and Roll+1"],"picked":"Prepared+1","floor":11},{"not_picked":["Flechettes","Dodge and Roll+1"],"picked":"Blade Dance+1","floor":14}],"player_experience":4098127,"relics_obtained":[{"floor":3.0,"key":"Toxic Egg 2"},{"floor":6.0,"key":"Tingsha"},{"floor":9.0,"key":"Regal Pillow"},{"floor":11,"key":"Frozen Egg 2"}],"event_choices":[{"damage_healed":0.0,"max_hp_gain":0.0,"max_hp_loss":0.0,"gold_gain":0.0,"event_name":"Living Wall","player_choice":"Grow","floor":2.0,"gold_loss":0.0,"damage_taken":0.0,"cards_upgraded":["Envenom"]},{"cards_removed":["Strike_G"],"damage_healed":0.0,"max_hp_gain":0.0,"max_hp_loss":0.0,"gold_gain":0.0,"event_name":"Golden Wing","player_choice":"Card Removal","floor":5.0,"gold_loss":0.0,"damage_taken":7.0}],"is_beta":false,"boss_relics":[],"items_purged_floors":[13],"is_endless":false,"potions_floor_spawned":[6,11,14],"killed_by":"Slime Boss","ascension_level":20}}