{"host":"tzyzz5n7hg2ni9q2","time":1613898318,"event":{"mods":["BaseMod","Minty Spire (QoL Compilation)","Quick Restart"],"gold_per_floor":[156,119,134,62,72,72,72,90,90,162,162,162,194,214,230,230,302,302,315,7,24,35,35,35,67,86,86,118,131,131,56,70,70,143,143,163,163,210,220,220,220,220,220,220,220,220],"floor_reached":44,"language":"ENG","playtime":1584,"items_purged":["Clothesline"],"score":762,"play_id":"fdac20ca-617b-4a65-890a-9cf7b870742c","local_time":"20210221100518","is_ascension_mode":true,"campfire_choices":[{"data":"Body Slam","floor":6.0,"key":"SMITH"},{"data":"Cleave","floor":8.0,"key":"SMITH"},{"data":"Seeing Red","floor":11.0,"key":"SMITH"},{"data":"True Grit","floor":15.0,"key":"SMITH"},{"data":"Uppercut","floor":23.0,"key":"SMITH"},{"data":"Barricade","floor":32.0,"key":"SMITH"},{"data":"Offering","floor":40,"key":"SMITH"},{"data":"Dodge and Roll","floor":42,"key":"SMITH"}],"circlet_count":0,"master_deck":["AscendersBane","Bash","Body Slam+1","Seeing Red+1","Battle Trance","Cleave+1","Fire Breathing","True Grit+1","Offering+1","Fiend Fire","Shockwave","Sever Soul","Feed","Uppercut+1","Fire Breathing","Juggernaut","Armaments+1","Backflip","Seeing Red","Leap","Barricade+1","Dodge and Roll+1","Ghostly Armor"],"relics":["Burning Blood","Happy Flower","Meat on the Bone","Red Skull","Pandora\u0027s Box","Bronze Scales","PrismaticShard","Omamori","Paper Frog","Regal Pillow","Mark of Pain","Unceasing Top","Shuriken"],"acts_visited":["Exordium","TheCity","TheBeyond"],"potions_floor_usage":[],"damage_taken":[{"damage":5.0,"enemies":"2 Louse","floor":1.0,"turns":3.0},{"damage":1.0,"enemies":"Small Slimes","floor":2.0,"turns":4.0},{"damage":7.0,"enemies":"Jaw Worm","floor":4.0,"turns":3.0},{"damage":1.0,"enemies":"3 Louse","floor":7.0,"turns":4.0},{"damage":40.0,"enemies":"3 Sentries","floor":12.0,"turns":9.0},{"damage":2.0,"enemies":"Looter","floor":13.0,"turns":3.0},{"damage":6.0,"enemies":"Exordium Thugs","floor":14.0,"turns":4.0},{"damage":14.0,"enemies":"Slime Boss","floor":16.0,"turns":8.0},{"damage":22.0,"enemies":"2 Thieves","floor":18.0,"turns":3.0},{"damage":4.0,"enemies":"3 Byrds","floor":20.0,"turns":3.0},{"damage":6.0,"enemies":"Cultist and Chosen","floor":21.0,"turns":3.0},{"damage":27.0,"enemies":"Gremlin Leader","floor":24.0,"turns":4.0},{"damage":14.0,"enemies":"Centurion and Healer","floor":25.0,"turns":8.0},{"damage":53.0,"enemies":"Slavers","floor":27.0,"turns":4.0},{"damage":16.0,"enemies":"Snake Plant","floor":28.0,"turns":3.0},{"damage":20.0,"enemies":"Colosseum Slavers","floor":29.0,"turns":3.0},{"damage":6.0,"enemies":"Chosen and Byrds","floor":31.0,"turns":4.0},{"damage":38.0,"enemies":"Automaton","floor":33.0,"turns":10.0},{"damage":10.0,"enemies":"3 Shapes","floor":35.0,"turns":4.0},{"damage":19.0,"enemies":"2 Orb Walkers","floor":37.0,"turns":3.0},{"damage":6,"enemies":"3 Darklings","floor":38,"turns":4},{"damage":62,"enemies":"Reptomancer","floor":44,"turns":7}],"seed_played":"-327449973029431963","potions_obtained":[{"floor":1.0,"key":"FearPotion"},{"floor":4.0,"key":"Fire Potion"},{"floor":18.0,"key":"PowerPotion"},{"floor":24.0,"key":"BloodPotion"},{"floor":31.0,"key":"SpeedPotion"},{"floor":33.0,"key":"LiquidMemories"},{"floor":38,"key":"LiquidBronze"}],"is_trial":false,"path_per_floor":["M","M","$","M","$","R","M","R","T","?","R","E","M","M","R","B",null,"M","$","M","M","?","R","E","M","T","E","M","?","$","M","R","B",null,"M","?","?","M","?","R","?","R","T","E"],"character_chosen":"IRONCLAD","items_purchased":["Battle Trance","Bronze Scales","PrismaticShard"],"campfire_rested":0,"item_purchase_floors":[3,19,19],"current_hp_per_floor":[7,69,74,74,73,73,73,75,75,75,80,80,58,62,62,62,54,74,61,61,63,63,63,63,54,50,50,32,34,32,32,44,44,24,71,67,67,54,54,54,54,54,54,54,0,0],"gold":220,"neow_bonus":"RANDOM_COMMON_RELIC","is_daily":false,"chose_seed":false,"campfire_upgraded":8,"win_rate":0.0,"timestamp":1613898318,"path_taken":["M","M","$","M","$","R","M","R","T","?","R","E","M","M","R","BOSS","M","$","M","M","?","R","E","M","T","E","M","?","?","M","R","BOSS","M","?","?","?","?","R","?","R","T","E"],"items_purchased_type":["Card","Relic","Relic"],"build_version":"2020-12-22","purchased_purges":1,"victory":false,"max_hp_per_floor":[75,75,75,75,75,75,75,75,75,75,80,80,80,80,80,80,80,80,83,83,83,83,83,83,83,87,87,87,87,87,87,87,87,87,87,87,87,87,87,83,83,83,83,83,83,83],"card_choices":[{"not_picked":["Spot Weakness","Anger"],"picked":"Body Slam","floor":1.0},{"not_picked":["Searing Blow","Burning Pact"],"picked":"Seeing Red","floor":2.0},{"not_picked":["Sword Boomerang","Dark Embrace"],"picked":"Cleave","floor":4.0},{"not_picked":["Thunderclap","Body Slam","Battle Trance"],"picked":"SKIP","floor":7.0},{"not_picked":["Flex","Dark Embrace"],"picked":"Fire Breathing","floor":12.0},{"not_picked":["Armaments","Combust"],"picked":"True Grit","floor":13.0},{"not_picked":["Thunderclap","Sever Soul","Metallicize"],"picked":"SKIP","floor":14.0},{"not_picked":["Reaper","Exhume"],"picked":"Offering","floor":16.0},{"not_picked":["Reckless Charge","Iron Wave"],"picked":"Armaments+1","floor":18.0},{"not_picked":["Disarm","Armaments"],"picked":"Backflip","floor":20.0},{"not_picked":["Quick Slash","Prostrate","MentalFortress"],"picked":"SKIP","floor":21.0},{"not_picked":["Steam","Cleave","Turbo"],"picked":"SKIP","floor":24.0},{"not_picked":["Underhanded Strike","Thunderclap","CrushJoints"],"picked":"SKIP","floor":25.0},{"not_picked":["Vengeance","Dagger Spray"],"picked":"Leap","floor":27.0},{"not_picked":["Go for the Eyes","Steam"],"picked":"Barricade","floor":28.0},{"not_picked":["Blade Dance","Beam Cell"],"picked":"Dodge and Roll","floor":31.0},{"not_picked":["Streamline+1","Dagger Spray","BowlingBash"],"picked":"SKIP","floor":35.0},{"not_picked":["True Grit","Rebound"],"picked":"Ghostly Armor","floor":37.0},{"not_picked":["Sunder","Sadistic Nature","Shockwave+1"],"picked":"SKIP","floor":38}],"player_experience":318120,"relics_obtained":[{"floor":9.0,"key":"Meat on the Bone"},{"floor":12.0,"key":"Red Skull"},{"floor":24.0,"key":"Omamori"},{"floor":26.0,"key":"Paper Frog"},{"floor":27.0,"key":"Regal Pillow"},{"floor":37.0,"key":"Unceasing Top"},{"floor":43,"key":"Shuriken"}],"event_choices":[{"damage_healed":0.0,"max_hp_gain":5.0,"max_hp_loss":0.0,"gold_gain":0.0,"event_name":"Big Fish","player_choice":"Donut","floor":10.0,"gold_loss":0.0,"damage_taken":0.0},{"damage_healed":0.0,"max_hp_gain":0.0,"max_hp_loss":0.0,"gold_gain":0.0,"event_name":"The Library","player_choice":"Read","floor":22.0,"gold_loss":0.0,"damage_taken":0.0,"cards_obtained":["Seeing Red"]},{"damage_healed":0.0,"max_hp_gain":0.0,"max_hp_loss":0.0,"gold_gain":0.0,"event_name":"Colosseum","player_choice":"Fight","floor":29.0,"gold_loss":0.0,"damage_taken":0.0},{"damage_healed":0.0,"max_hp_gain":0.0,"max_hp_loss":0.0,"gold_gain":0.0,"event_name":"Colosseum","player_choice":"Fled From Nobs","floor":29.0,"gold_loss":0.0,"damage_taken":0.0},{"cards_removed":["Cleave"],"damage_healed":0.0,"max_hp_gain":0.0,"max_hp_loss":0.0,"gold_gain":0.0,"event_name":"Falling","player_choice":"Removed Attack","floor":36.0,"gold_loss":0.0,"damage_taken":0.0},{"damage_healed":0.0,"max_hp_gain":0.0,"max_hp_loss":0.0,"gold_gain":0.0,"event_name":"Mysterious Sphere","player_choice":"Fight","floor":37.0,"gold_loss":0.0,"damage_taken":0.0},{"damage_healed":0,"gold_gain":0,"player_choice":"Max HP","damage_taken":0,"max_hp_gain":0,"max_hp_loss":4,"event_name":"Winding Halls","floor":39,"gold_loss":0},{"damage_healed":0,"gold_gain":0,"player_choice":"Ignored","damage_taken":0,"max_hp_gain":0,"max_hp_loss":0,"event_name":"Tomb of Lord Red Mask","floor":41,"gold_loss":0}],"is_beta":false,"boss_relics":[{"not_picked":["Philosopher\u0027s Stone","Runic Pyramid"],"picked":"Pandora\u0027s Box"},{"not_picked":["Velvet Choker","Runic Dome"],"picked":"Mark of Pain"}],"items_purged_floors":[30],"is_endless":false,"potions_floor_spawned":[1,4,7,18,24,31,33,38],"killed_by":"Reptomancer","ascension_level":14}}