{"host":"rm0ctv8qd8mnbkg1","time":1613922335,"event":{"mods":["Aspiration","BaseMod","Beaked The Cultist","BetterRewards","Colored Map","DNKmod","Dark Map","Defuse TimeMaze Blight","Downfall","Friendly Minions","Hubris","Marisa????????","Minty Spire (QoL Compilation)","MostiFishMod","Permanent Neow","Rare Cards Sparkle","Relic Sorter","Reliquary","Replay The Spire","RumiaBox-????????","Shade Mod","Shop Mod","Spicy Shops","Spire Arcade","StSLib","The Construct","The Servant 0.9.4","TheVacant","Wandering Minibosses","[IsaacMod]????","??????REMEMod"],"gold_per_floor":[10020,10020,9174,9174,9186,9213,9229,9229,9229,9248,9267,8322,8322,8351,8351,8451,8551,8562,8582,8597,8612,8624,8655,8655,8005,8028,8042,8072,8072,8089,8107,8107,8202,8202,8219,8219,7321,7340,7354,7384,7384,7409,7409,7425,7450,7422,6312,6312,6312,6327],"floor_reached":51,"language":"ENG","playtime":1019,"items_purged":["Pride","Shame","Shame"],"score":1474,"play_id":"6ff1c8c9-7a1d-4841-a8c7-4b3565d0f82b","local_time":"20210221154535","is_ascension_mode":true,"campfire_choices":[{"data":"Pulse","floor":8,"key":"SMITH"},{"data":"Pulse","floor":13,"key":"SMITH"},{"data":"Static Discharge","floor":15,"key":"SMITH"},{"data":"aspiration:Polymerization","floor":24,"key":"SMITH"},{"data":"A Thousand Cuts","floor":29,"key":"SMITH"},{"data":"Static Discharge","floor":32,"key":"SMITH"},{"data":"ReplayUltimateDefense","floor":41,"key":"SMITH"},{"data":"Loop","floor":49,"key":"SMITH"}],"circlet_count":0,"master_deck":["Strike_B","Strike_B+1","Strike_B+3","Strike_B+1","Defend_B","Defend_B+1","Defend_B+1","Defend_B","Zap","Dualcast","BloodyBrimstone","REME_SelfUpgrade","Prepared","Static Discharge+1","Riddle With Holes+1","Skewer","Pulse+1","Pulse+1","Ball Lightning","MostiFishMod:Distribution+1","ReplayGash","Capacitor+1","Capacitor+1","Gash+1","Backstab","A Thousand Cuts+1","Ball Lightning","Storm","aspiration:Polymerization+1","Static Discharge+1","Biased Cognition+1","BasicCrystalCard+1","Loop+1","ReplayUltimateDefense+1","Static Discharge","hubris:PowerSurge+1","ReplayGash","Streamline+1","Consume","Loop+1"],"relics":["Cracked Core","REME_ComplimentaryCards","DaveBox","HushsDoor","PokeGo","CombinedTypeHook","aspiration:Nostalgia","m_TsuchinokoRing","Potion Belt","Strange Spoon","Toy Ornithopter","Simple Rune","Pen Nib","Replay:PocketPolymizer","Lantern","aspiration:MysteriousAuxiliaryCore","construct:RocketBooster","OriginationStaff","Replay:Wanted Poster","Orichalcum","bronze:DonusWashers","Blood Vial","Whetstone","NineVolt","Sundial","MagicMushroom","hubris:EmptyBottle","hubris:Potato","Bottled Lightning","GodSword1","hubris:ToyBattleship","reliquary:Sod","MawBank","Replay:Bandana","StrikeDummy","DoctorsRemote","Habit","Guide Book"],"acts_visited":["Exordium","TheCity","TheBeyond"],"potions_floor_usage":[20,33,33,33,33,38,38],"damage_taken":[{"damage":0,"enemies":"2 Louse","floor":1,"turns":2},{"damage":0,"enemies":"Jaw Worm","floor":5,"turns":2},{"damage":0,"enemies":"Gremlin Nob","floor":6,"turns":2},{"damage":0,"enemies":"Small Slimes","floor":7,"turns":1},{"damage":0,"enemies":"Exordium Thugs","floor":10,"turns":2},{"damage":0,"enemies":"Large Slime","floor":11,"turns":2},{"damage":0,"enemies":"Lagavulin","floor":14,"turns":2},{"damage":10,"enemies":"Slime Boss","floor":16,"turns":5},{"damage":0,"enemies":"Spheric Guardian","floor":18,"turns":1},{"damage":6,"enemies":"3 Byrds","floor":19,"turns":2},{"damage":0,"enemies":"Centurion and Healer","floor":20,"turns":2},{"damage":0,"enemies":"Chosen and Byrds","floor":21,"turns":2},{"damage":0,"enemies":"Shelled Parasite and Fungi","floor":22,"turns":2},{"damage":0,"enemies":"Book of Stabbing","floor":23,"turns":2},{"damage":3,"enemies":"Centurion and Healer","floor":27,"turns":2},{"damage":0,"enemies":"Slavers","floor":28,"turns":2},{"damage":0,"enemies":"3 Cultists","floor":30,"turns":2},{"damage":0,"enemies":"Sentry and Sphere","floor":31,"turns":2},{"damage":0,"enemies":"Champ","floor":33,"turns":2},{"damage":0,"enemies":"3 Shapes","floor":35,"turns":2},{"damage":0,"enemies":"3 Darklings","floor":38,"turns":2},{"damage":0,"enemies":"Sphere and 2 Shapes","floor":39,"turns":1},{"damage":0,"enemies":"Nemesis","floor":40,"turns":3},{"damage":0,"enemies":"Giant Head","floor":42,"turns":2},{"damage":0,"enemies":"Jaw Worm Horde","floor":44,"turns":2},{"damage":0,"enemies":"Nemesis","floor":45,"turns":3},{"damage":0,"enemies":"hubris:GrandSnecko","floor":50,"turns":2}],"seed_played":"-3997529918903416236","potions_obtained":[{"floor":1,"key":"Toxic Potion"},{"floor":14,"key":"PowerPotion"},{"floor":16,"key":"hexamod:SoulburnPotion"},{"floor":20,"key":"Fruit Juice"},{"floor":21,"key":"Cursed Concoction"},{"floor":33,"key":"DistilledChaos"}],"is_trial":false,"path_per_floor":["M","?","$","?","M","E","M","R","T","M","M","$","R","E","R","B",null,"M","M","M","M","M","E","R","$","T","M","E","R","M","M","R","B",null,"M","?","$","M","M","E","R","E","T","M","E","?","$","?","R","B",null],"character_chosen":"DEFECT","items_purchased":["Potion Belt","Static Discharge","Riddle With Holes","Skewer","Strange Spoon","Toy Ornithopter","Simple Rune","Lantern","aspiration:MysteriousAuxiliaryCore","Capacitor","construct:RocketBooster","Gash","bronze:DonusWashers","Blood Vial","Static Discharge","Whetstone","NineVolt","Loop","hubris:EmptyBottle","hubris:Potato","Bottled Lightning","ReplayUltimateDefense","Replay:Bandana","StrikeDummy","Loop","DoctorsRemote","Habit","Guide Book"],"campfire_rested":0,"item_purchase_floors":[3,3,3,3,3,3,3,12,12,12,12,12,25,25,25,25,25,37,37,37,37,37,47,47,47,47,47,47],"current_hp_per_floor":[1000,1000,1000,1000,1000,1000,997,997,997,997,997,997,997,997,997,987,995,995,989,999,999,999,999,999,999,999,998,1000,1000,999,999,999,999,1006,1006,1006,1006,1006,1003,1003,1003,1003,1003,1003,1003,1003,1003,1003,1003,1003],"gold":6327,"neow_bonus":"NOSTALGIA","is_daily":false,"chose_seed":false,"campfire_upgraded":8,"win_rate":0.0,"timestamp":1613922335,"path_taken":["M","?","$","?","M","E","M","R","T","M","?","$","R","E","R","BOSS","M","M","M","M","M","E","R","$","T","M","E","R","M","M","R","BOSS","M","?","$","M","M","E","R","E","T","?","E","?","?","?","R","BOSS"],"items_purchased_type":["Relic","Card","Card","Card","Relic","Relic","Relic","Relic","Relic","Card","Relic","Card","Relic","Relic","Card","Relic","Relic","Card","Relic","Relic","Relic","Card","Relic","Relic","Card","Relic","Relic","Relic"],"build_version":"2020-12-22","purchased_purges":3,"victory":true,"max_hp_per_floor":[1000,1000,1000,1000,1000,1000,997,997,997,997,997,997,997,997,997,997,997,997,997,1002,1002,1002,1002,1002,1002,1002,1002,1002,1002,999,999,999,999,1006,1006,1006,1006,1006,1003,1003,1003,1003,1003,1003,1003,1003,1003,1003,1003,1003],"card_choices":[{"not_picked":[],"picked":"BloodyBrimstone","floor":0},{"not_picked":["Beam Cell","Fan","Leap"],"picked":"Prepared","floor":1},{"not_picked":["Bomb","Sweeping Beam","Redo"],"picked":"Pulse","floor":5},{"not_picked":["Reboot","MostiFishMod:PushDownKick"],"picked":"Pulse","floor":6},{"not_picked":["Beam Cell","Compile Driver"],"picked":"Ball Lightning","floor":7},{"not_picked":["Sweeping Beam","Turbo"],"picked":"MostiFishMod:Distribution","floor":10},{"not_picked":["Reinforced Body","Hologram"],"picked":"ReplayGash","floor":11},{"not_picked":["Heatsinks","Lockon"],"picked":"Backstab","floor":14},{"not_picked":["MostiFishMod:SeaWaves","ReplayRNGCard","Rainbow"],"picked":"A Thousand Cuts","floor":16},{"not_picked":["Rebound","Leap","MostiFishMod:PushDownKick+1"],"picked":"SKIP","floor":18},{"not_picked":["MostiFishMod:PushDownKick","Auto Shields"],"picked":"Ball Lightning","floor":19},{"not_picked":["MostiFishMod:PushDownKick","Biased Cognition"],"picked":"Storm","floor":20},{"not_picked":["ReplayTheSpireMod:System Scan+1","Turbo","Barrage"],"picked":"SKIP","floor":21},{"not_picked":["Darkness","Undo+1"],"picked":"aspiration:Polymerization","floor":22},{"not_picked":["Hologram","MostiFishMod:ReprogramOld+1","BootSequence","Turbo"],"picked":"SKIP","floor":23},{"not_picked":["Rebound+1","Reinforced Body+1","Hologram"],"picked":"SKIP","floor":27},{"not_picked":["Leap","Stack+1","Coolheaded"],"picked":"SKIP","floor":28},{"not_picked":["Skim+1","Panic Button","ReplayTheSpireMod:Repulse"],"picked":"SKIP","floor":30},{"not_picked":["Panic Button","Stack","Time Bomb"],"picked":"SKIP","floor":31},{"not_picked":["Amplify","MostiFishMod:Prepare"],"picked":"Biased Cognition","floor":33},{"not_picked":["Turbo","Streamline"],"picked":"BasicCrystalCard+1","floor":35},{"not_picked":["MostiFishMod:SeaWaves","Cold Snap"],"picked":"Static Discharge","floor":38},{"not_picked":["REME_Whirling+1","Blizzard+1"],"picked":"hubris:PowerSurge+1","floor":39},{"not_picked":["Lockon+1","Compile Driver","Stack+1"],"picked":"ReplayGash","floor":40},{"not_picked":["ReplayTheSpireMod:System Scan","Steam Power+1"],"picked":"Streamline+1","floor":42},{"not_picked":["Beam Cell","Steam"],"picked":"Consume","floor":44},{"not_picked":["Fan+1","Thunder Strike","Sweeping Beam+1"],"picked":"SKIP","floor":45}],"player_experience":396032,"relics_obtained":[{"floor":6,"key":"Pen Nib"},{"floor":9,"key":"Replay:PocketPolymizer"},{"floor":14,"key":"OriginationStaff"},{"floor":23,"key":"Orichalcum"},{"floor":28,"key":"Sundial"},{"floor":40,"key":"GodSword1"},{"floor":42,"key":"hubris:ToyBattleship"},{"floor":43,"key":"reliquary:Sod"},{"floor":45,"key":"MawBank"}],"event_choices":[{"damage_healed":0,"gold_gain":0,"player_choice":"Ignored","damage_taken":0,"max_hp_gain":0,"max_hp_loss":0,"event_name":"Transmorgrifier","floor":36,"gold_loss":0},{"damage_healed":0,"gold_gain":0,"player_choice":"Upgraded Two","damage_taken":0,"max_hp_gain":0,"max_hp_loss":0,"event_name":"Designer","floor":46,"gold_loss":40,"cards_upgraded":["Gash","Strike_B"]},{"damage_healed":0,"gold_gain":0,"player_choice":"Ignored","damage_taken":0,"max_hp_gain":0,"max_hp_loss":0,"event_name":"SecretPortal","floor":48,"gold_loss":0}],"is_beta":false,"boss_relics":[{"not_picked":["reliquary:WritOfMandamus","SlaversCollar"],"picked":"Replay:Wanted Poster"},{"not_picked":[]},{"not_picked":["REME_DuelDisc","beaked:SacredDeck"],"picked":"MagicMushroom"},{"not_picked":[]}],"items_purged_floors":[25,37,47],"is_endless":false,"potions_floor_spawned":[1,6,7,14,16,20,21,22,28,30,33,35,42,45],"ascension_level":5}}