{"host":"ow66nzv2xecjoor3","time":1613871642,"event":{"mods":["BaseMod","Bestiary","Block Reminder","Colored Powertips","Curses Come First","Highlight Path","Keyboard Shortcuts","Minty Spire (QoL Compilation)","Permanent Neow","Relic Stats","StSLib","UnlockEverythingMod"],"gold_per_floor":[159,197,251,231,283,283,334,371,371,371,446,30,84,84,84,180,180,241,272,18,18,58,58,92,172,172,231,231,285,285,319,319,413,413,447,447,512,24,104,140,174,199,275,332,332,381,245,245,245,245,265,265,265,70,101,101],"floor_reached":57,"language":"ENG","playtime":3406,"items_purged":["Strike_G","Pain","Strike_G"],"score":2874,"play_id":"d30689ac-0947-4311-8a38-8f6207f5240b","local_time":"20210220194042","is_ascension_mode":true,"campfire_choices":[{"floor":6.0,"key":"REST"},{"floor":10.0,"key":"REST"},{"data":"Neutralize","floor":15.0,"key":"SMITH"},{"floor":23.0,"key":"REST"},{"floor":30.0,"key":"RECALL"},{"floor":32.0,"key":"REST"},{"floor":49,"key":"REST"},{"floor":53,"key":"REST"}],"circlet_count":0,"master_deck":["AscendersBane","Defend_G","Defend_G","Defend_G","Defend_G","Defend_G","Survivor","Neutralize+1","HandOfGreed","Deflect","Dagger Spray","Acrobatics","Backstab","Terror","Adrenaline","Die Die Die","Predator+1","Footwork","Acrobatics","Calculated Gamble+1","PiercingWail","Doppelganger","Caltrops+1","Cloak And Dagger+1","Well Laid Plans+1","Outmaneuver","Night Terror","Noxious Fumes+1","Setup+1","Catalyst+1","Backflip+1","Deflect+1","Footwork","Acrobatics"],"relics":["Ring of the Snake","CaptainsWheel","Ninja Scroll","Bronze Scales","Oddly Smooth Stone","OrangePellets","WarpedTongs","Fusion Hammer","Membership Card","Paper Crane","Dead Branch","Ancient Tea Set","Pocketwatch","MutagenicStrength","Astrolabe","Ice Cream","Mummified Hand","Lee\u0027s Waffle","Ginger","CeramicFish","Gambling Chip","Regal Pillow","Medical Kit","TheAbacus","Strawberry","Letter Opener"],"acts_visited":["Exordium","TheCity","TheBeyond","TheEnding"],"potions_floor_usage":[51,56,56],"damage_taken":[{"damage":0.0,"enemies":"2 Louse","floor":1.0,"turns":3.0},{"damage":6.0,"enemies":"Cultist","floor":2.0,"turns":5.0},{"damage":5.0,"enemies":"Small Slimes","floor":3.0,"turns":3.0},{"damage":6.0,"enemies":"2 Fungi Beasts","floor":5.0,"turns":4.0},{"damage":6.0,"enemies":"Gremlin Nob","floor":7.0,"turns":3.0},{"damage":3.0,"enemies":"Exordium Wildlife","floor":8.0,"turns":7.0},{"damage":14.0,"enemies":"3 Sentries","floor":11.0,"turns":10.0},{"damage":10.0,"enemies":"3 Louse","floor":13.0,"turns":4.0},{"damage":11.0,"enemies":"The Guardian","floor":16.0,"turns":12.0},{"damage":6.0,"enemies":"3 Byrds","floor":18.0,"turns":4.0},{"damage":2.0,"enemies":"Shell Parasite","floor":19.0,"turns":5.0},{"damage":12.0,"enemies":"Snake Plant","floor":22.0,"turns":5.0},{"damage":3.0,"enemies":"Shelled Parasite and Fungi","floor":24.0,"turns":7.0},{"damage":7.0,"enemies":"Slavers","floor":25.0,"turns":5.0},{"damage":1.0,"enemies":"Book of Stabbing","floor":27.0,"turns":6.0},{"damage":0.0,"enemies":"Sentry and Sphere","floor":29.0,"turns":3.0},{"damage":0.0,"enemies":"Snecko","floor":31.0,"turns":2.0},{"damage":37.0,"enemies":"Automaton","floor":33.0,"turns":7.0},{"damage":0,"enemies":"3 Darklings","floor":35,"turns":2},{"damage":9,"enemies":"2 Orb Walkers","floor":37,"turns":3},{"damage":0,"enemies":"3 Shapes","floor":39,"turns":10},{"damage":21,"enemies":"Giant Head","floor":40,"turns":7},{"damage":0,"enemies":"Mind Bloom Boss Battle","floor":41,"turns":1},{"damage":0,"enemies":"Transient","floor":42,"turns":6},{"damage":0,"enemies":"Reptomancer","floor":44,"turns":2},{"damage":0,"enemies":"Writhing Mass","floor":46,"turns":5},{"damage":1,"enemies":"Awakened One","floor":50,"turns":16},{"damage":24,"enemies":"Donu and Deca","floor":51,"turns":9},{"damage":3,"enemies":"Shield and Spear","floor":55,"turns":5},{"damage":54,"enemies":"The Heart","floor":56,"turns":8}],"seed_played":"-1674376886664413777","potions_obtained":[{"floor":1.0,"key":"LiquidMemories"},{"floor":3.0,"key":"LiquidBronze"},{"floor":4.0,"key":"Dexterity Potion"},{"floor":24.0,"key":"SkillPotion"},{"floor":25.0,"key":"LiquidMemories"},{"floor":33.0,"key":"Weak Potion"}],"is_trial":false,"path_per_floor":["M","M","M","?","M","R","E","M","T","R","E","$","M","?","R","B",null,"M","M","$","T","M","R","M","E","T","E","?","M","R","M","R","B",null,"M","?","?","$","M","E","?","M","T","E","?","M","$","?","R","B","B",null,"R","$","E","B",null],"character_chosen":"THE_SILENT","items_purchased":["Oddly Smooth Stone","OrangePellets","Membership Card","Footwork","Mummified Hand","Lee\u0027s Waffle","Night Terror","Ginger","Footwork","Medical Kit","Acrobatics","Poison Potion","TheAbacus","Strawberry"],"campfire_rested":6,"item_purchase_floors":[12,12,20,20,38,38,38,38,47,47,47,54,54,54],"current_hp_per_floor":[44,38,33,33,27,46,40,37,37,56,42,42,32,32,32,21,55,49,47,47,47,35,54,51,44,44,43,43,43,43,43,62,25,56,56,56,47,73,73,52,52,52,52,52,52,52,52,52,69,68,44,63,69,76,73,19],"gold":101,"neow_bonus":"RANDOM_COLORLESS_2","is_daily":false,"chose_seed":false,"campfire_upgraded":1,"win_rate":0.0,"timestamp":1613871642,"path_taken":["M","M","M","?","?","R","E","M","T","R","E","$","M","?","R","BOSS","M","M","$","?","M","R","M","E","T","E","?","M","R","M","R","BOSS","M","?","?","$","M","E","?","M","T","E","?","M","$","?","R","BOSS","BOSS","R","$","E","BOSS"],"items_purchased_type":["Relic","Relic","Relic","Card","Relic","Relic","Card","Relic","Card","Relic","Card","Potion","Relic","Relic"],"build_version":"2020-12-22","purchased_purges":3,"victory":true,"max_hp_per_floor":[66,66,66,66,66,66,66,66,66,66,66,66,66,66,66,66,66,66,66,66,66,66,66,66,66,66,66,66,66,66,66,66,66,66,66,66,66,73,73,73,73,73,73,73,73,73,73,69,69,69,69,69,69,76,76,76],"relic_stats":{"Lee\u0027s Waffle":26,"Regal Pillow":0,"counters":[30,169],"Dead Branch":[235],"Astrolabe":["Caltrops","Cloak And Dagger","Well Laid Plans"],"CeramicFish":63,"Ginger":[3],"Letter Opener":[50],"Medical Kit":[6],"WarpedTongs":[130],"OrangePellets":[14],"TheAbacus":[12],"Mummified Hand":[52],"Bronze Scales":[540],"Gambling Chip":[18],"obtain_stats":[{"Ice Cream":37,"Regal Pillow":44,"CeramicFish":40,"Ginger":38,"Ancient Tea Set":26,"TheAbacus":54,"Ninja Scroll":9,"Mummified Hand":38,"Gambling Chip":41,"Strawberry":54,"Fusion Hammer":17,"Ring of the Snake":0,"Lee\u0027s Waffle":38,"Dead Branch":25,"Astrolabe":34,"Oddly Smooth Stone":12,"Letter Opener":55,"Paper Crane":21,"Medical Kit":47,"WarpedTongs":14,"OrangePellets":12,"CaptainsWheel":7,"Bronze Scales":11,"MutagenicStrength":28,"Membership Card":20,"Pocketwatch":27},{"Ice Cream":20,"Regal Pillow":25,"CeramicFish":22,"Ginger":20,"Ancient Tea Set":14,"TheAbacus":28,"Ninja Scroll":6,"Mummified Hand":20,"Gambling Chip":23,"Strawberry":28,"Fusion Hammer":9,"Ring of the Snake":0,"Lee\u0027s Waffle":20,"Dead Branch":14,"Astrolabe":18,"Oddly Smooth Stone":7,"Letter Opener":29,"Paper Crane":11,"Medical Kit":26,"WarpedTongs":8,"OrangePellets":7,"CaptainsWheel":5,"Bronze Scales":7,"MutagenicStrength":15,"Membership Card":11,"Pocketwatch":15},{"Ice Cream":100,"Regal Pillow":126,"CeramicFish":117,"Ginger":100,"Ancient Tea Set":77,"TheAbacus":156,"Ninja Scroll":25,"Mummified Hand":100,"Gambling Chip":118,"Strawberry":156,"Fusion Hammer":51,"Ring of the Snake":0,"Lee\u0027s Waffle":100,"Dead Branch":77,"Astrolabe":95,"Oddly Smooth Stone":35,"Letter Opener":161,"Paper Crane":60,"Medical Kit":131,"WarpedTongs":39,"OrangePellets":35,"CaptainsWheel":18,"Bronze Scales":35,"MutagenicStrength":83,"Membership Card":60,"Pocketwatch":83}],"Ring of the Snake":[60],"Pocketwatch":[23]},"card_choices":[{"not_picked":["Panache","Master of Strategy"],"picked":"HandOfGreed","floor":0.0},{"not_picked":["Deadly Poison","Cloak And Dagger"],"picked":"Deflect","floor":1.0},{"not_picked":["Deflect","Tactician"],"picked":"Dagger Spray","floor":2.0},{"not_picked":["Flying Knee","PiercingWail"],"picked":"Acrobatics","floor":3.0},{"not_picked":["Blade Dance","Acrobatics"],"picked":"Backstab","floor":5.0},{"not_picked":["PiercingWail","Flying Knee"],"picked":"Backflip","floor":7.0},{"not_picked":["Finisher","Quick Slash","Slice"],"picked":"SKIP","floor":8.0},{"not_picked":["Endless Agony","Deflect"],"picked":"Terror","floor":11.0},{"not_picked":["Concentrate","Blade Dance"],"picked":"Adrenaline","floor":13.0},{"not_picked":["Doppelganger","Unload"],"picked":"Die Die Die","floor":16.0},{"not_picked":["Quick Slash","Infinite Blades","Bane"],"picked":"SKIP","floor":18.0},{"not_picked":["Endless Agony","Cloak And Dagger"],"picked":"Predator+1","floor":19.0},{"not_picked":["Prepared","Finisher","Underhanded Strike"],"picked":"SKIP","floor":22.0},{"not_picked":["Deadly Poison","Poisoned Stab"],"picked":"Acrobatics","floor":24.0},{"not_picked":["All Out Attack+1","Bane","Masterful Stab"],"picked":"SKIP","floor":25.0},{"not_picked":["Corpse Explosion","Dodge and Roll"],"picked":"Calculated Gamble+1","floor":27.0},{"not_picked":["Cloak And Dagger","Underhanded Strike","Blade Dance"],"picked":"SKIP","floor":29.0},{"not_picked":["Dagger Spray","Sucker Punch"],"picked":"PiercingWail","floor":31.0},{"not_picked":["Die Die Die","Unload"],"picked":"Doppelganger","floor":33.0},{"not_picked":["Flechettes","PiercingWail","Dagger Throw+1"],"picked":"SKIP","floor":35},{"not_picked":["PiercingWail+1","Slice"],"picked":"Outmaneuver","floor":37},{"not_picked":["Catalyst+1","Sucker Punch+1","Outmaneuver"],"picked":"SKIP","floor":39},{"not_picked":["Catalyst","Dagger Throw"],"picked":"Noxious Fumes+1","floor":40},{"not_picked":["Backflip","Slice"],"picked":"Setup+1","floor":41},{"not_picked":["Underhanded Strike","Corpse Explosion"],"picked":"Catalyst+1","floor":42},{"not_picked":["Flechettes+1","Slice"],"picked":"Backflip+1","floor":44},{"not_picked":["Terror+1","Noxious Fumes+1"],"picked":"Deflect+1","floor":46},{"not_picked":["All Out Attack","Dagger Throw","Prepared"],"picked":"SKIP","floor":55}],"player_experience":2915740,"relics_obtained":[{"floor":7.0,"key":"CaptainsWheel"},{"floor":9.0,"key":"Ninja Scroll"},{"floor":11.0,"key":"Bronze Scales"},{"floor":21.0,"key":"Paper Crane"},{"floor":25.0,"key":"Dead Branch"},{"floor":26.0,"key":"Ancient Tea Set"},{"floor":27.0,"key":"Pocketwatch"},{"floor":37,"key":"Ice Cream"},{"floor":40,"key":"CeramicFish"},{"floor":41,"key":"Gambling Chip"},{"floor":44,"key":"Regal Pillow"},{"floor":55,"key":"Letter Opener"}],"event_choices":[{"damage_healed":0.0,"max_hp_gain":0.0,"max_hp_loss":0.0,"gold_gain":0.0,"event_name":"The Woman in Blue","player_choice":"Bought 1 Potion","floor":4.0,"gold_loss":0.0,"damage_taken":0.0},{"damage_healed":0.0,"max_hp_gain":0.0,"max_hp_loss":0.0,"gold_gain":0.0,"event_name":"Accursed Blacksmith","player_choice":"Rummage","floor":14.0,"gold_loss":0.0,"damage_taken":0.0,"relics_obtained":["WarpedTongs"],"cards_obtained":["Pain"]},{"damage_healed":0.0,"max_hp_gain":0.0,"max_hp_loss":0.0,"gold_gain":0.0,"event_name":"Drug Dealer","player_choice":"Inject Mutagens","floor":28.0,"gold_loss":0.0,"damage_taken":0.0,"relics_obtained":["MutagenicStrength"]},{"damage_healed":0,"gold_gain":0,"player_choice":"Ignored","damage_taken":0,"max_hp_gain":0,"max_hp_loss":0,"event_name":"Tomb of Lord Red Mask","floor":36,"gold_loss":0},{"damage_healed":0,"gold_gain":0,"player_choice":"Fight","damage_taken":0,"max_hp_gain":0,"max_hp_loss":0,"event_name":"Mysterious Sphere","floor":37,"gold_loss":0},{"damage_healed":0,"gold_gain":0,"player_choice":"Fight","damage_taken":0,"max_hp_gain":0,"max_hp_loss":0,"event_name":"MindBloom","floor":41,"gold_loss":0},{"cards_removed":["Backflip"],"damage_healed":0,"gold_gain":0,"player_choice":"Removed Skill","damage_taken":0,"max_hp_gain":0,"max_hp_loss":0,"event_name":"Falling","floor":45,"gold_loss":0},{"damage_healed":0,"gold_gain":0,"player_choice":"Max HP","damage_taken":0,"max_hp_gain":0,"max_hp_loss":4,"event_name":"Winding Halls","floor":48,"gold_loss":0}],"is_beta":false,"boss_relics":[{"not_picked":["Calling Bell","Black Star"],"picked":"Fusion Hammer"},{"not_picked":["Philosopher\u0027s Stone","Cursed Key"],"picked":"Astrolabe"}],"items_purged_floors":[12,20,38],"is_endless":false,"potions_floor_spawned":[1,3,5,24,25,29,31,33,35,41,42],"ascension_level":20}}