{"host":"1a8lb11wemezctea","time":1613925592,"event":{"mods":["BaseMod","Colored Powertips","Highlight Path","Minty Spire (QoL Compilation)"],"gold_per_floor":[118,0,0,15,25,25,45,56,79,107,123,142,158,34,34,136,136,149,159,159,179,193,193,205,205,254,254,270,288,141,241,241,337,337,351,361,375,60,77,77,105,105,105,116,116,116,116,166,166,166,166],"floor_reached":50,"language":"ENG","playtime":3004,"items_purged":["Strike_B","Strike_B"],"score":718,"play_id":"e028d6d1-1d02-4edc-a542-ff56d7b2f512","local_time":"20210221113952","is_ascension_mode":true,"campfire_choices":[{"data":"Genetic Algorithm","floor":6,"key":"SMITH"},{"data":"Defragment","floor":15,"key":"SMITH"},{"data":"Defragment","floor":23,"key":"SMITH"},{"floor":25,"key":"REST"},{"data":"White Noise","floor":27,"key":"SMITH"},{"data":"Hologram","floor":32,"key":"SMITH"},{"data":"Capacitor","floor":40,"key":"SMITH"},{"floor":49,"key":"RECALL"}],"circlet_count":0,"master_deck":["Strike_B","Strike_B","Defend_B","Defend_B+1","Defend_B","Defend_B","Zap","Dualcast","Go for the Eyes","Genetic Algorithm+1","Ball Lightning","Coolheaded","Cold Snap","Streamline","Seek+1","Leap","White Noise+1","Defragment+1","Capacitor+1","Electrodynamics","CurseOfTheBell","Defragment+1","Cold Snap","Chill+1","Self Repair+1","Storm","Hologram+1","Multi-Cast","Lockon","Chaos+1","Double Energy+1"],"relics":["Cracked Core","War Paint","Oddly Smooth Stone","Calling Bell","Anchor","Kunai","Du-Vu Doll","Nloth\u0027s Gift","Philosopher\u0027s Stone","TungstenRod","Pen Nib","Ornamental Fan","Emotion Chip"],"acts_visited":["Exordium","TheCity","TheBeyond"],"potions_floor_usage":[10,10,16,16,16,22,33,37,41,42,44],"damage_taken":[{"damage":0,"enemies":"2 Louse","floor":1,"turns":1},{"damage":0,"enemies":"Cultist","floor":4,"turns":1},{"damage":0,"enemies":"Small Slimes","floor":5,"turns":1},{"damage":20,"enemies":"Gremlin Gang","floor":7,"turns":4},{"damage":5,"enemies":"Exordium Wildlife","floor":8,"turns":4},{"damage":12,"enemies":"Lagavulin","floor":10,"turns":4},{"damage":8,"enemies":"Looter","floor":11,"turns":3},{"damage":5,"enemies":"Large Slime","floor":12,"turns":6},{"damage":0,"enemies":"3 Louse","floor":13,"turns":3},{"damage":0,"enemies":"Slime Boss","floor":16,"turns":3},{"damage":8,"enemies":"Shell Parasite","floor":18,"turns":7},{"damage":8,"enemies":"Chosen","floor":19,"turns":6},{"damage":17,"enemies":"Shelled Parasite and Fungi","floor":21,"turns":6},{"damage":8,"enemies":"Snake Plant","floor":22,"turns":4},{"damage":7,"enemies":"Cultist and Chosen","floor":24,"turns":5},{"damage":9,"enemies":"Shelled Parasite and Fungi","floor":28,"turns":6},{"damage":0,"enemies":"Snecko","floor":29,"turns":7},{"damage":84,"enemies":"Automaton","floor":33,"turns":11},{"damage":1,"enemies":"3 Darklings","floor":35,"turns":5},{"damage":5,"enemies":"Orb Walker","floor":36,"turns":4},{"damage":40,"enemies":"Sphere and 2 Shapes","floor":37,"turns":5},{"damage":14,"enemies":"3 Darklings","floor":39,"turns":5},{"damage":31,"enemies":"Nemesis","floor":41,"turns":7},{"damage":0,"enemies":"Writhing Mass","floor":42,"turns":2},{"damage":12,"enemies":"Sphere and 2 Shapes","floor":44,"turns":4},{"damage":0,"enemies":"Mind Bloom Boss Battle","floor":48,"turns":3},{"damage":72,"enemies":"Awakened One","floor":50,"turns":9}],"seed_played":"-867761500154868116","potions_obtained":[{"floor":4,"key":"FearPotion"},{"floor":7,"key":"EssenceOfDarkness"},{"floor":8,"key":"Explosive Potion"},{"floor":11,"key":"ColorlessPotion"},{"floor":16,"key":"Strength Potion"},{"floor":19,"key":"GamblersBrew"},{"floor":24,"key":"SmokeBomb"},{"floor":28,"key":"FairyPotion"},{"floor":33,"key":"ColorlessPotion"},{"floor":36,"key":"LiquidBronze"},{"floor":41,"key":"Energy Potion"}],"is_trial":false,"path_per_floor":["M","$","?","M","M","R","M","M","T","E","M","M","M","$","R","B",null,"M","M","?","M","M","R","M","R","T","R","M","M","$","?","R","B",null,"M","M","M","$","M","R","E","M","T","M","?","?","?","?","R","B"],"character_chosen":"DEFECT","items_purchased":["Genetic Algorithm","Ball Lightning","FocusPotion","Hologram","TungstenRod"],"campfire_rested":1,"item_purchase_floors":[2,2,14,30,38],"current_hp_per_floor":[68,68,68,68,68,68,48,43,43,31,23,18,18,18,18,18,61,53,45,45,28,20,20,13,35,35,35,36,46,46,46,46,32,64,73,75,45,45,41,41,20,20,20,18,18,18,62,62,62,0,0],"gold":166,"neow_bonus":"THREE_ENEMY_KILL","is_daily":false,"chose_seed":false,"campfire_upgraded":6,"win_rate":0.0,"timestamp":1613925592,"path_taken":["M","$","?","?","M","R","M","M","T","E","M","M","M","$","R","BOSS","M","M","?","?","M","R","?","R","T","R","M","M","$","?","R","BOSS","M","?","M","$","M","R","E","?","T","M","?","?","?","?","R","BOSS"],"items_purchased_type":["Card","Card","Potion","Card","Relic"],"build_version":"2020-12-22","purchased_purges":2,"victory":false,"max_hp_per_floor":[75,75,75,75,75,75,75,75,75,75,75,75,75,75,75,75,75,75,75,75,75,75,75,75,75,75,75,75,75,75,75,75,75,75,75,75,75,75,75,75,75,75,75,75,75,71,62,62,62,62,62],"card_choices":[{"not_picked":["Turbo","Compile Driver"],"picked":"Go for the Eyes","floor":1},{"not_picked":["Turbo","Beam Cell"],"picked":"Cold Snap","floor":4},{"not_picked":["Turbo","Compile Driver"],"picked":"Streamline","floor":5},{"not_picked":["Rebound","Static Discharge"],"picked":"Seek","floor":7},{"not_picked":["Gash","FTL"],"picked":"Leap","floor":8},{"not_picked":["Amplify","Redo"],"picked":"White Noise","floor":10},{"not_picked":["Blizzard","Undo"],"picked":"Defragment","floor":11},{"not_picked":["Storm","Scrape","Blizzard"],"picked":"SKIP","floor":12},{"not_picked":["Gash","Scrape"],"picked":"Capacitor","floor":13},{"not_picked":["Machine Learning","Core Surge"],"picked":"Electrodynamics","floor":16},{"not_picked":["Turbo","Sunder"],"picked":"Defragment","floor":18},{"not_picked":["Leap","Steam Power","Defragment"],"picked":"SKIP","floor":19},{"not_picked":["Leap","Steam Power","Defragment"],"picked":"SKIP","floor":19},{"not_picked":["Compile Driver+1","Gash"],"picked":"Cold Snap","floor":21},{"not_picked":["Darkness","Gash"],"picked":"Chill+1","floor":22},{"not_picked":["Coolheaded","FTL"],"picked":"Self Repair+1","floor":24},{"not_picked":["Buffer","Thunder Strike"],"picked":"Storm","floor":28},{"not_picked":["Sweeping Beam","Electrodynamics","Biased Cognition"],"picked":"SKIP","floor":29},{"not_picked":["Electrodynamics","Buffer"],"picked":"Multi-Cast","floor":33},{"not_picked":["Consume","Leap+1"],"picked":"Lockon","floor":35},{"not_picked":["Beam Cell+1","Self Repair+1","Streamline+1"],"picked":"SKIP","floor":36},{"not_picked":["Chill+1","Defragment","Compile Driver+1"],"picked":"SKIP","floor":37},{"not_picked":["Beam Cell+1","Leap+1"],"picked":"Chaos+1","floor":39},{"not_picked":["Creative AI","Reprogram","Compile Driver+1"],"picked":"SKIP","floor":41},{"not_picked":["Cold Snap","Leap+1"],"picked":"Double Energy+1","floor":44}],"player_experience":282695,"relics_obtained":[{"floor":9,"key":"War Paint"},{"floor":10,"key":"Oddly Smooth Stone"},{"floor":17,"key":"Anchor"},{"floor":17,"key":"Kunai"},{"floor":17,"key":"Du-Vu Doll"},{"floor":41,"key":"Pen Nib"},{"floor":43,"key":"Ornamental Fan"},{"floor":48,"key":"Emotion Chip"}],"event_choices":[{"damage_healed":0,"gold_gain":0,"player_choice":"1 cards matched","damage_taken":0,"max_hp_gain":0,"max_hp_loss":0,"event_name":"Match and Keep!","floor":3,"gold_loss":0,"cards_obtained":["Coolheaded"]},{"damage_healed":0,"gold_gain":0,"player_choice":"Traded Relic","damage_taken":0,"relics_obtained":["Nloth\u0027s Gift"],"max_hp_gain":0,"max_hp_loss":0,"event_name":"N\u0027loth","floor":20,"relics_lost":["NeowsBlessing"],"gold_loss":0},{"damage_healed":0,"gold_gain":100,"player_choice":"Pray","damage_taken":0,"max_hp_gain":0,"max_hp_loss":0,"event_name":"Golden Shrine","floor":31,"gold_loss":0},{"damage_healed":0,"gold_gain":0,"player_choice":"Ignored","damage_taken":0,"max_hp_gain":0,"max_hp_loss":0,"event_name":"Tomb of Lord Red Mask","floor":45,"gold_loss":0},{"damage_healed":0,"gold_gain":0,"player_choice":"Max HP","damage_taken":0,"max_hp_gain":0,"max_hp_loss":4,"event_name":"Winding Halls","floor":46,"gold_loss":0},{"damage_healed":62,"gold_gain":0,"player_choice":"Heal","damage_taken":0,"max_hp_gain":0,"max_hp_loss":9,"event_name":"The Moai Head","floor":47,"gold_loss":0},{"damage_healed":0,"gold_gain":0,"player_choice":"Fight","damage_taken":0,"max_hp_gain":0,"max_hp_loss":0,"event_name":"MindBloom","floor":48,"gold_loss":0}],"is_beta":false,"boss_relics":[{"not_picked":["Runic Dome","Inserter"],"picked":"Calling Bell"},{"not_picked":["Black Star","Snecko Eye"],"picked":"Philosopher\u0027s Stone"}],"items_purged_floors":[14,30],"is_endless":false,"potions_floor_spawned":[4,7,8,11,16,19,24,28,29,33,36,41,42],"killed_by":"Awakened One","ascension_level":7}}