{"host":"rsbhidffjle4v6w5","time":1613926249,"event":{"mods":["Act Like it!","Ascension Reborn","BaseMod","Better Note","Better Third Choice","BetterRewards","Block Reminder","Colored Map","Minty Spire (QoL Compilation)","Quick Restart","Reliquary","Replay The Spire","Ruina","StSLib"],"gold_per_floor":[118,23,40,130,130,162,162,162,162,174,205,205,19,31,31,152,152,177,197,216,216,239,239,15,15,45,45,45],"floor_reached":27,"language":"ENG","playtime":801,"items_purged":[],"score":213,"play_id":"25186704-e387-415d-8f7d-2a803ac7c20b","local_time":"20210221195049","is_ascension_mode":true,"campfire_choices":[{"floor":7.0,"key":"DIG"},{"floor":12.0,"key":"DIG"},{"floor":15.0,"key":"DIG"},{"floor":23.0,"key":"REST"}],"circlet_count":0,"master_deck":["Strike_R","Strike_R","Strike_R","Strike_R","Defend_R+1","Defend_R","Defend_R+1","Defend_R+1","Bash+1","AscMod:ascendersbane","Pommel Strike","Iron Wave","Inflame","Shrug It Off+1","Metallicize","Discovery","Fiend Fire","Pummel","FTL","Juggernaut"],"relics":["Burning Blood","Replay:WaspNest","Unceasing Top","Eternal Feather","Shovel","reliquary:SharkskinSheath","Chameleon Ring","Simple Rune","reliquary:PorcupineQuills","Toy Ornithopter","reliquary:WritOfMandamus","Lee\u0027s Waffle","War Paint","reliquary:QuartzCube","reliquary:Aerogel"],"acts_visited":["Exordium","TheCity"],"potions_floor_usage":[],"damage_taken":[{"damage":6.0,"enemies":"Cultist","floor":1.0,"turns":4.0},{"damage":7.0,"enemies":"Small Slimes","floor":3.0,"turns":3.0},{"damage":1.0,"enemies":"Gremlin Nob","floor":6.0,"turns":3.0},{"damage":3.0,"enemies":"2 Louse","floor":10.0,"turns":2.0},{"damage":17.0,"enemies":"Exordium Thugs","floor":11.0,"turns":5.0},{"damage":1.0,"enemies":"Lots of Slimes","floor":14.0,"turns":4.0},{"damage":52.0,"enemies":"Slime Boss","floor":16.0,"turns":7.0},{"damage":25.0,"enemies":"2 Thieves","floor":18.0,"turns":4.0},{"damage":10.0,"enemies":"Chosen","floor":19.0,"turns":4.0},{"damage":48.0,"enemies":"3 Cultists","floor":20.0,"turns":6.0},{"damage":16.0,"enemies":"Cultist and Chosen","floor":22.0,"turns":4.0},{"damage":9,"enemies":"Gremlin Leader","floor":27,"turns":1}],"seed_played":"-6183738071967906331","potions_obtained":[{"floor":3.0,"key":"BlessingOfTheForge"},{"floor":10.0,"key":"HeartOfIron"},{"floor":14.0,"key":"BloodPotion"},{"floor":20.0,"key":"Strength Potion"}],"is_trial":false,"path_per_floor":["M","$","M","?","?","E","R","?","T","M","M","R","$","M","R","B",null,"M","M","M","?","M","R","$","T","T","E"],"character_chosen":"IRONCLAD","items_purchased":["Replay:WaspNest","Eternal Feather","FearPotion","DistilledChaos","reliquary:PorcupineQuills","Discovery","Lee\u0027s Waffle","War Paint"],"campfire_rested":1,"item_purchase_floors":[0,0,2,2,13,13,24,24],"current_hp_per_floor":[36,36,35,24,24,29,35,35,35,38,27,36,36,41,50,33,80,61,57,15,15,10,46,87,87,87,78,78],"gold":45,"neow_bonus":"","is_daily":false,"chose_seed":false,"campfire_upgraded":0,"win_rate":0.0,"timestamp":1613926249,"path_taken":["M","?","M","?","?","E","R","?","T","?","M","R","$","M","R","BOSS","M","?","M","?","?","R","$","?","T","E"],"items_purchased_type":["Relic","Relic","Potion","Potion","Relic","Card","Relic","Relic"],"build_version":"2020-12-22","purchased_purges":0,"victory":false,"max_hp_per_floor":[80,80,80,80,80,80,80,80,80,80,80,80,80,80,80,80,80,80,80,80,80,80,80,87,87,87,87,87],"card_choices":[{"not_picked":["Replay:Undeath\u0027s Touch","Sword Boomerang"],"picked":"Pommel Strike","floor":1.0},{"not_picked":["Ghostly Armor","Replay:Undeath\u0027s Touch"],"picked":"Iron Wave","floor":3.0},{"not_picked":["Rupture","Flex"],"picked":"Inflame","floor":6.0},{"not_picked":["ReplayTheSpireMod:Muscle Training","ReplayTheSpireMod:Stacked"],"picked":"Shrug It Off","floor":10.0},{"not_picked":["Reckless Charge","Clash"],"picked":"Metallicize","floor":11.0},{"not_picked":["Dual Wield","Spot Weakness","Run Through"],"picked":"SKIP","floor":14.0},{"not_picked":["Corruption","Hemogenesis"],"picked":"Fiend Fire","floor":16.0},{"not_picked":["Twin Strike","Body Slam"],"picked":"Pummel","floor":18.0},{"not_picked":["Blood for Blood","True Grit","Run Through"],"picked":"SKIP","floor":19.0},{"not_picked":["ReplayTheSpireMod:Strike From Hell","Flex","Perfected Strike"],"picked":"SKIP","floor":20.0},{"not_picked":["Shrug It Off","Cleave"],"picked":"Juggernaut","floor":22.0}],"player_experience":1134981,"relics_obtained":[{"floor":6.0,"key":"reliquary:SharkskinSheath"},{"floor":7.0,"key":"Chameleon Ring"},{"floor":12.0,"key":"Simple Rune"},{"floor":15.0,"key":"Toy Ornithopter"},{"floor":25.0,"key":"reliquary:QuartzCube"},{"floor":26.0,"key":"reliquary:Aerogel"}],"event_choices":[{"damage_healed":0.0,"max_hp_gain":0.0,"max_hp_loss":0.0,"gold_gain":75.0,"event_name":"betterThird:BetterGoop","player_choice":"Gold","floor":4.0,"gold_loss":0.0,"damage_taken":11.0},{"damage_healed":0.0,"max_hp_gain":0.0,"max_hp_loss":0.0,"gold_gain":0.0,"event_name":"Living Wall","player_choice":"Grow","floor":5.0,"gold_loss":0.0,"damage_taken":0.0,"cards_upgraded":["Bash"]},{"damage_healed":0.0,"max_hp_gain":0.0,"max_hp_loss":0.0,"gold_gain":0.0,"event_name":"Purifier","player_choice":"Ignored","floor":8.0,"gold_loss":0.0,"damage_taken":0.0},{"cards_removed":["Pummel"],"damage_healed":0.0,"max_hp_gain":0.0,"max_hp_loss":0.0,"gold_gain":0.0,"event_name":"betterNote:BetterNote","player_choice":"Take \u0026 Give","floor":21.0,"gold_loss":0.0,"damage_taken":0.0,"cards_obtained":["FTL"]}],"is_beta":false,"boss_relics":[{"not_picked":["reliquary:KinkedSpring","reliquary:RedPaperclip"],"picked":"reliquary:WritOfMandamus"}],"items_purged_floors":[],"is_endless":false,"potions_floor_spawned":[3,10,14,20],"killed_by":"Gremlin Leader","ascension_level":0}}