{"host":"h0xw20cia6ppa69g","time":1613901010,"event":{"mods":["AchievementEnabler","BaseMod","Colored Map","Filter the Spire","Googly Eyes","Minty Spire (QoL Compilation)","Relic Stats","StSLib","The Awakened One except there are too many feathers","everything is the same but u backflip on backflip"],"gold_per_floor":[109,109,184,196,213,246,246,276,276,276,310,320,320,334,334,436,436,452,452,452,99,109,109,143,143,143,176,187,35,66,14,14,118,118,138,149,149,195,44,44,44],"floor_reached":40,"language":"ENG","playtime":1895,"items_purged":["Shame"],"score":498,"play_id":"97db3ea5-50ac-427c-a3ff-b8a35d196d75","local_time":"20210221035010","is_ascension_mode":true,"campfire_choices":[{"data":"Streamline","floor":7.0,"key":"SMITH"},{"data":"Thunder Strike","floor":13.0,"key":"SMITH"},{"data":"Dualcast","floor":15.0,"key":"SMITH"},{"data":"Double Energy","floor":23.0,"key":"SMITH"},{"data":"Consume","floor":32.0,"key":"SMITH"}],"circlet_count":0,"master_deck":["Zap+1","Dualcast+1","Streamline+1","Rebound","Glacier","Machine Learning+1","Static Discharge+1","Thunder Strike+1","Heatsinks+1","Thunder Strike","Blizzard","Hello World+1","Blizzard","Auto Shields+1","Double Energy+1","Amplify","Amplify","Steam","Capacitor+1","Ball Lightning","Conserve Battery","Turbo+1","Consume+1","Reboot","Auto Shields+1","Static Discharge+1","Recycle","Leap","Buffer+1","BootSequence+1","Master of Strategy","Reinforced Body+1","Self Repair+1","Hologram","Stack"],"relics":["Cracked Core","Ginger","Meat on the Bone","Smiling Mask","Odd Mushroom","Frozen Egg 2","Boot","Pandora\u0027s Box","War Paint","Ancient Tea Set","Akabeko","Pantograph","Dream Catcher","Runic Capacitor","Centennial Puzzle","Snecko Eye","Incense Burner"],"acts_visited":["Exordium","TheCity","TheBeyond"],"potions_floor_usage":[40],"damage_taken":[{"damage":0.0,"enemies":"Small Slimes","floor":1.0,"turns":3.0},{"damage":0.0,"enemies":"2 Louse","floor":4.0,"turns":2.0},{"damage":11.0,"enemies":"Jaw Worm","floor":5.0,"turns":2.0},{"damage":44.0,"enemies":"3 Sentries","floor":6.0,"turns":8.0},{"damage":7.0,"enemies":"The Mushroom Lair","floor":8.0,"turns":5.0},{"damage":6.0,"enemies":"Gremlin Nob","floor":11.0,"turns":3.0},{"damage":5.0,"enemies":"Exordium Wildlife","floor":12.0,"turns":4.0},{"damage":0.0,"enemies":"2 Fungi Beasts","floor":14.0,"turns":3.0},{"damage":7.0,"enemies":"Hexaghost","floor":16.0,"turns":7.0},{"damage":6.0,"enemies":"Chosen","floor":18.0,"turns":5.0},{"damage":17.0,"enemies":"Shell Parasite","floor":22.0,"turns":6.0},{"damage":16.0,"enemies":"Book of Stabbing","floor":24.0,"turns":5.0},{"damage":29.0,"enemies":"Slavers","floor":27.0,"turns":4.0},{"damage":17.0,"enemies":"Sentry and Sphere","floor":28.0,"turns":4.0},{"damage":21.0,"enemies":"Gremlin Leader","floor":30.0,"turns":8.0},{"damage":12.0,"enemies":"Collector","floor":33.0,"turns":10.0},{"damage":21.0,"enemies":"3 Darklings","floor":35.0,"turns":5.0},{"damage":21.0,"enemies":"3 Shapes","floor":36.0,"turns":4.0},{"damage":33.0,"enemies":"2 Orb Walkers","floor":38.0,"turns":5.0},{"damage":25,"enemies":"Reptomancer","floor":40,"turns":2}],"seed_played":"-2725760159592461193","potions_obtained":[{"floor":4.0,"key":"Strength Potion"},{"floor":8.0,"key":"ColorlessPotion"},{"floor":11.0,"key":"Swift Potion"},{"floor":12.0,"key":"EssenceOfSteel"},{"floor":18.0,"key":"FocusPotion"},{"floor":27.0,"key":"SneckoOil"},{"floor":30.0,"key":"Ancient Potion"},{"floor":35.0,"key":"SkillPotion"},{"floor":38.0,"key":"DistilledChaos"}],"is_trial":false,"path_per_floor":["M","?","?","M","M","E","R","?","T","?","E","M","R","M","R","B",null,"M","?","?","$","M","R","E","?","T","E","M","$","E","$","R","B",null,"M","M","?","?","$","E"],"character_chosen":"DEFECT","items_purchased":["Capacitor+1","Ball Lightning","Conserve Battery","Ancient Tea Set","Runic Capacitor","Leap","Self Repair+1","Hologram","Stack"],"campfire_rested":0,"item_purchase_floors":[21,21,21,21,29,31,39,39,39],"current_hp_per_floor":[54,47,36,48,49,17,17,22,22,22,28,35,35,47,47,40,75,69,69,69,69,52,52,48,48,48,31,26,26,17,17,17,42,75,54,45,35,14,14,0,0],"gold":44,"neow_bonus":"ONE_RARE_RELIC","is_daily":false,"chose_seed":false,"campfire_upgraded":5,"win_rate":0.0,"timestamp":1613901010,"path_taken":["M","?","?","M","M","E","R","?","T","?","E","M","R","M","R","BOSS","M","?","?","$","M","R","E","?","T","E","M","$","E","?","R","BOSS","M","M","?","?","?","E"],"items_purchased_type":["Card","Card","Card","Relic","Relic","Card","Card","Card","Card"],"build_version":"2020-12-22","purchased_purges":1,"victory":false,"max_hp_per_floor":[75,75,75,75,75,75,75,75,75,75,75,75,75,75,75,75,75,75,75,75,75,75,75,75,75,75,75,75,75,75,75,75,75,75,75,75,75,75,75,75,75],"relic_stats":{"Dream Catcher":0,"Centennial Puzzle":[12],"counters":[20,95],"Pantograph":25,"Snecko Eye":[33,51,34,27],"Pandora\u0027s Box":["Blizzard","Hello World","Blizzard","Auto Shields","Double Energy","Amplify","Amplify"],"Ginger":[12],"War Paint":["Auto Shields","Zap"],"Smiling Mask":25,"Boot":[13],"obtain_stats":[{"Runic Capacitor":29,"Incense Burner":38,"Ginger":0,"Odd Mushroom":8,"Frozen Egg 2":9,"War Paint":20,"Smiling Mask":6,"Boot":11,"Ancient Tea Set":21,"Akabeko":24,"Dream Catcher":27,"Centennial Puzzle":30,"Pantograph":26,"Snecko Eye":34,"Pandora\u0027s Box":17,"Cracked Core":0,"Meat on the Bone":2},{"Runic Capacitor":14,"Incense Burner":19,"Ginger":0,"Odd Mushroom":5,"Frozen Egg 2":5,"War Paint":10,"Smiling Mask":4,"Boot":6,"Ancient Tea Set":10,"Akabeko":12,"Dream Catcher":13,"Centennial Puzzle":15,"Pantograph":12,"Snecko Eye":16,"Pandora\u0027s Box":9,"Cracked Core":0,"Meat on the Bone":1},{"Runic Capacitor":61,"Incense Burner":93,"Ginger":0,"Odd Mushroom":20,"Frozen Egg 2":20,"War Paint":42,"Smiling Mask":15,"Boot":23,"Ancient Tea Set":42,"Akabeko":53,"Dream Catcher":57,"Centennial Puzzle":69,"Pantograph":53,"Snecko Eye":79,"Pandora\u0027s Box":37,"Cracked Core":0,"Meat on the Bone":3}],"Meat on the Bone":168},"card_choices":[{"not_picked":["White Noise","Conserve Battery"],"picked":"Streamline","floor":1.0},{"not_picked":["Leap","Heatsinks","Gash"],"picked":"SKIP","floor":4.0},{"not_picked":["Turbo","Genetic Algorithm"],"picked":"Rebound","floor":5.0},{"not_picked":["Stack","Coolheaded"],"picked":"Glacier","floor":6.0},{"not_picked":["Fusion","Stack"],"picked":"Static Discharge+1","floor":11.0},{"not_picked":["Redo","Steam"],"picked":"Thunder Strike","floor":12.0},{"not_picked":["Stack","Undo"],"picked":"Heatsinks+1","floor":14.0},{"not_picked":["Amplify","Machine Learning+1"],"picked":"Thunder Strike","floor":16.0},{"not_picked":["Lockon","Gash+1"],"picked":"Steam","floor":18.0},{"not_picked":["Beam Cell","Barrage"],"picked":"Turbo+1","floor":22.0},{"not_picked":["Turbo+1","Rebound"],"picked":"Consume","floor":24.0},{"not_picked":["Cold Snap","Rebound"],"picked":"Auto Shields+1","floor":27.0},{"not_picked":["Glacier","Conserve Battery"],"picked":"Static Discharge+1","floor":28.0},{"not_picked":["Chaos","Multi-Cast"],"picked":"Recycle","floor":30.0},{"not_picked":["All For One","Thunder Strike"],"picked":"Buffer+1","floor":33.0},{"not_picked":["Beam Cell","Rebound"],"picked":"BootSequence+1","floor":35.0},{"not_picked":["Coolheaded","Rebound+1","Go for the Eyes"],"picked":"SKIP","floor":36.0},{"not_picked":["Dark Shackles","Bandage Up"],"picked":"Master of Strategy","floor":37.0},{"not_picked":["Chill","Rebound"],"picked":"Reinforced Body+1","floor":38.0}],"player_experience":3895579,"relics_obtained":[{"floor":6.0,"key":"Smiling Mask"},{"floor":8.0,"key":"Odd Mushroom"},{"floor":9.0,"key":"Frozen Egg 2"},{"floor":11.0,"key":"Boot"},{"floor":24.0,"key":"Akabeko"},{"floor":26.0,"key":"Pantograph"},{"floor":27.0,"key":"Dream Catcher"},{"floor":30.0,"key":"Centennial Puzzle"},{"floor":38.0,"key":"Incense Burner"}],"event_choices":[{"damage_healed":0.0,"max_hp_gain":0.0,"max_hp_loss":0.0,"gold_gain":0.0,"event_name":"Scrap Ooze","player_choice":"Success","floor":2.0,"gold_loss":0.0,"damage_taken":7.0,"relics_obtained":["Meat on the Bone"]},{"damage_healed":0.0,"max_hp_gain":0.0,"max_hp_loss":0.0,"gold_gain":75.0,"event_name":"World of Goop","player_choice":"Gather Gold","floor":3.0,"gold_loss":0.0,"damage_taken":11.0},{"damage_healed":0.0,"max_hp_gain":0.0,"max_hp_loss":0.0,"gold_gain":0.0,"event_name":"Mushrooms","player_choice":"Fought Mushrooms","floor":8.0,"gold_loss":0.0,"damage_taken":0.0},{"damage_healed":0.0,"max_hp_gain":0.0,"max_hp_loss":0.0,"gold_gain":0.0,"cards_transformed":["Strike_B"],"event_name":"Living Wall","player_choice":"Change","floor":10.0,"gold_loss":0.0,"damage_taken":0.0,"cards_obtained":["Machine Learning"]},{"damage_healed":0.0,"max_hp_gain":0.0,"max_hp_loss":0.0,"gold_gain":0.0,"event_name":"Vampires","player_choice":"Ignored","floor":19.0,"gold_loss":0.0,"damage_taken":0.0},{"damage_healed":0.0,"max_hp_gain":0.0,"max_hp_loss":0.0,"gold_gain":0.0,"event_name":"Addict","player_choice":"Stole Relic","floor":20.0,"gold_loss":0.0,"damage_taken":0.0,"relics_obtained":["War Paint"],"cards_obtained":["Shame"]},{"damage_healed":0.0,"max_hp_gain":0.0,"max_hp_loss":0.0,"gold_gain":0.0,"event_name":"The Library","player_choice":"Read","floor":25.0,"gold_loss":0.0,"damage_taken":0.0,"cards_obtained":["Reboot"]},{"damage_healed":0.0,"max_hp_gain":0.0,"max_hp_loss":0.0,"gold_gain":0.0,"event_name":"SensoryStone","player_choice":"Memory 3","floor":37.0,"gold_loss":0.0,"damage_taken":10.0},{"damage_healed":0.0,"max_hp_gain":0.0,"max_hp_loss":0.0,"gold_gain":0.0,"event_name":"Mysterious Sphere","player_choice":"Fight","floor":38.0,"gold_loss":0.0,"damage_taken":0.0}],"is_beta":false,"boss_relics":[{"not_picked":["Philosopher\u0027s Stone","Busted Crown"],"picked":"Pandora\u0027s Box"},{"not_picked":["Black Star","SlaversCollar"],"picked":"Snecko Eye"}],"items_purged_floors":[21],"is_endless":false,"potions_floor_spawned":[4,8,11,12,14,18,27,30,35,38],"killed_by":"Reptomancer","ascension_level":1}}