{"host":"pjjzz70vl4t83ifx","time":1613950096,"event":{"mods":["AchievementEnabler","BaseMod","Card Forge","Colored Map","Colored Powertips","Highlight Path","Infinite Spire","Minty Spire (QoL Compilation)","Permanent Neow","Practice Mode","Rare Cards Sparkle","Relic Stats","StSLib","Synergy Search"],"gold_per_floor":[109,126,126,137,137,137,167,167,167,167,167],"floor_reached":10,"language":"ENG","playtime":260,"items_purged":[],"score":112,"play_id":"4120de95-f51b-43ce-822c-8fd0c8d7daff","local_time":"20210221152816","is_ascension_mode":true,"campfire_choices":[{"data":"Sword Boomerang","floor":6,"key":"SMITH"},{"data":"Armaments","floor":8,"key":"SMITH"}],"circlet_count":0,"master_deck":["AscendersBane","Strike_R","Strike_R","Strike_R","Strike_R","Strike_R","Defend_R","Defend_R","Defend_R","Defend_R","Bash+1","Cleave","Spot Weakness","Sword Boomerang+1","Armaments+1"],"relics":["Burning Blood","Hammer of Thor","Seething Fire","Anvil of the Gods","MealTicket","Singing Bowl","Eternal Feather"],"acts_visited":["Exordium"],"potions_floor_usage":[10],"damage_taken":[{"damage":17,"enemies":"Small Slimes","floor":1,"turns":5},{"damage":8,"enemies":"Jaw Worm","floor":2,"turns":4},{"damage":3,"enemies":"2 Louse","floor":4,"turns":3},{"damage":30,"enemies":"3 Sentries","floor":7,"turns":6},{"damage":40,"enemies":"Lagavulin","floor":10,"turns":6}],"seed_played":"2181149077592831887","potions_obtained":[{"floor":2,"key":"DistilledChaos"}],"is_trial":false,"path_per_floor":["M","M","?","M","?","R","E","R","T","E"],"character_chosen":"IRONCLAD","items_purchased":[],"campfire_rested":0,"item_purchase_floors":[],"current_hp_per_floor":[57,55,55,58,58,58,34,34,34,0,0],"gold":167,"neow_bonus":"RANDOM_COMMON_RELIC","is_daily":false,"chose_seed":false,"campfire_upgraded":2,"win_rate":0.0,"timestamp":1613950096,"path_taken":["M","M","?","M","?","R","E","R","T","E"],"items_purchased_type":[],"build_version":"2020-12-22","purchased_purges":0,"victory":false,"max_hp_per_floor":[75,75,75,75,75,75,75,75,75,75,75],"relic_stats":{"Singing Bowl":0,"counters":[5,24],"MealTicket":0,"Eternal Feather":0,"obtain_stats":[{"Singing Bowl":7,"Anvil of the Gods":0,"MealTicket":0,"Eternal Feather":9,"Hammer of Thor":0,"Seething Fire":0,"Burning Blood":0},{"Singing Bowl":4,"Anvil of the Gods":0,"MealTicket":0,"Eternal Feather":4,"Hammer of Thor":0,"Seething Fire":0,"Burning Blood":0},{"Singing Bowl":18,"Anvil of the Gods":0,"MealTicket":0,"Eternal Feather":18,"Hammer of Thor":0,"Seething Fire":0,"Burning Blood":0}],"Burning Blood":24},"card_choices":[{"not_picked":["Warcry","Evolve"],"picked":"Cleave","floor":1},{"not_picked":["Dark Embrace","Warcry"],"picked":"Spot Weakness","floor":2},{"not_picked":["Disarm","Second Wind"],"picked":"Sword Boomerang","floor":4},{"not_picked":["Double Tap","Flame Barrier"],"picked":"Armaments","floor":7}],"player_experience":261882,"relics_obtained":[{"floor":7,"key":"Singing Bowl"},{"floor":9,"key":"Eternal Feather"}],"event_choices":[{"damage_healed":0,"gold_gain":0,"player_choice":"Ignored","damage_taken":0,"max_hp_gain":0,"max_hp_loss":0,"event_name":"Liars Game","floor":3,"gold_loss":0},{"damage_healed":0,"gold_gain":0,"player_choice":"Grow","damage_taken":0,"max_hp_gain":0,"max_hp_loss":0,"event_name":"Living Wall","floor":5,"gold_loss":0,"cards_upgraded":["Bash"]}],"is_beta":false,"boss_relics":[],"items_purged_floors":[],"is_endless":false,"potions_floor_spawned":[2],"killed_by":"Lagavulin","ascension_level":14}}