{"host":"qxeepl7ydvsgmfdb","time":1613929718,"event":{"mods":["AchievementEnabler","BaseMod","Colored Powertips","Minty Spire (QoL Compilation)","Quick Restart","slay the spire mod where everything is the same but ironclad has a cowboy hat"],"gold_per_floor":[116,116,11,11,30,62,62,75,99,99,115,115,130,161,161,161,161],"floor_reached":16,"language":"ENG","playtime":1438,"items_purged":[],"score":250,"play_id":"ff91b9a6-9076-48d5-a06b-a52290ab04a0","local_time":"20210221124838","is_ascension_mode":true,"campfire_choices":[{"data":"Cloak And Dagger","floor":7,"key":"SMITH"},{"data":"Dagger Spray","floor":10,"key":"SMITH"},{"data":"Strike_G","floor":15,"key":"PURGE"}],"circlet_count":0,"master_deck":["AscendersBane","Strike_G","Strike_G","Strike_G","Defend_G","Defend_G","Defend_G","Defend_G","Defend_G","Survivor","Neutralize","Dagger Spray+1","Cloak And Dagger+1","Deflect","Poisoned Stab","Blade Dance"],"relics":["Ring of the Snake","NeowsBlessing","Smiling Mask","Toy Ornithopter","Peace Pipe"],"acts_visited":["Exordium"],"potions_floor_usage":[14,14],"damage_taken":[{"damage":0,"enemies":"2 Louse","floor":1,"turns":1},{"damage":0,"enemies":"Cultist","floor":5,"turns":1},{"damage":0,"enemies":"3 Sentries","floor":6,"turns":1},{"damage":4,"enemies":"Jaw Worm","floor":8,"turns":3},{"damage":9,"enemies":"Gremlin Gang","floor":11,"turns":2},{"damage":3,"enemies":"Looter","floor":13,"turns":3},{"damage":16,"enemies":"Gremlin Nob","floor":14,"turns":5},{"damage":58,"enemies":"Hexaghost","floor":16,"turns":15}],"seed_played":"-6537356607618833490","potions_obtained":[{"floor":6,"key":"Explosive Potion"},{"floor":8,"key":"GhostInAJar"}],"is_trial":false,"path_per_floor":["M","?","$","?","M","E","R","M","T","R","M","?","M","E","R","B"],"character_chosen":"THE_SILENT","items_purchased":["Cloak And Dagger","PowerPotion"],"campfire_rested":0,"item_purchase_floors":[3,3],"current_hp_per_floor":[59,59,59,59,59,59,59,55,55,55,46,76,73,65,65,7,7],"gold":161,"neow_bonus":"THREE_ENEMY_KILL","is_daily":false,"chose_seed":false,"campfire_upgraded":2,"win_rate":0.0,"timestamp":1613929718,"path_taken":["M","?","$","?","M","E","R","?","T","R","?","?","M","E","R","BOSS"],"items_purchased_type":["Card","Potion"],"build_version":"2020-12-22","purchased_purges":0,"victory":false,"max_hp_per_floor":[66,66,66,66,66,66,66,66,66,66,66,76,76,76,76,76,76],"card_choices":[{"not_picked":["Underhanded Strike","Concentrate"],"picked":"Dagger Spray","floor":1},{"not_picked":["Bane","Calculated Gamble"],"picked":"Deflect","floor":5},{"not_picked":["Dash","Infinite Blades"],"picked":"Poisoned Stab","floor":6},{"not_picked":["Quick Slash","Backflip"],"picked":"Blade Dance","floor":8},{"not_picked":["Backflip","Unload","Flying Knee"],"picked":"SKIP","floor":11},{"not_picked":["Flying Knee","Backflip","Quick Slash"],"picked":"SKIP","floor":13},{"not_picked":["Underhanded Strike","Choke","Sucker Punch"],"picked":"SKIP","floor":14}],"player_experience":189484,"relics_obtained":[{"floor":6,"key":"Smiling Mask"},{"floor":9,"key":"Toy Ornithopter"},{"floor":14,"key":"Peace Pipe"}],"event_choices":[{"damage_healed":0,"gold_gain":0,"cards_transformed":["Strike_G"],"player_choice":"Transformed","damage_taken":0,"max_hp_gain":0,"max_hp_loss":0,"event_name":"Transmorgrifier","floor":2,"gold_loss":0,"cards_obtained":["Doppelganger"]},{"damage_healed":0,"gold_gain":0,"player_choice":"Forge","damage_taken":0,"max_hp_gain":0,"max_hp_loss":0,"event_name":"Accursed Blacksmith","floor":4,"gold_loss":0,"cards_upgraded":["Doppelganger"]},{"cards_removed":["Doppelganger"],"damage_healed":20,"gold_gain":0,"player_choice":"Offered Rare","damage_taken":0,"max_hp_gain":10,"max_hp_loss":0,"event_name":"Bonfire Elementals","floor":12,"gold_loss":0}],"is_beta":false,"boss_relics":[],"items_purged_floors":[],"is_endless":false,"potions_floor_spawned":[6,8,11],"killed_by":"Hexaghost","ascension_level":17}}