{"host":"uafoej811sw8via1","time":1613866617,"event":{"mods":["BaseMod","Minty Spire (QoL Compilation)","Relic Stats","StSLib"],"gold_per_floor":[114,129,304,9,9,39,54,84,84,114,114,15,30,45,45,145,145,160,160,172,5,20,50,65,80,105,204,204,234,249,264,264,364,364,379,379,394,616,646,646,125,140,215,230,230,230,245,260,260,260],"floor_reached":51,"language":"ENG","playtime":5668,"items_purged":["Doubt","Demon Form"],"score":939,"play_id":"75d2df06-e6be-4367-b319-da460a9facfb","local_time":"20210220191657","daily_mods":["Shiny","Red Cards","DeadlyEvents"],"is_ascension_mode":false,"campfire_choices":[{"data":"Seek","floor":15,"key":"SMITH"},{"data":"Apotheosis","floor":28,"key":"SMITH"},{"data":"Seek","floor":32,"key":"SMITH"},{"data":"Fission","floor":40,"key":"SMITH"},{"data":"Aggregate","floor":46,"key":"SMITH"},{"data":"Offering","floor":49,"key":"SMITH"}],"circlet_count":0,"master_deck":["Double Tap","Bludgeon+1","Feed","Limit Break","Corruption","Barricade","Fiend Fire","Berserk","Impervious","Juggernaut","Brutality","Reaper","Exhume","Offering+1","Immolate","Multi-Cast","Hyperbeam","Thunder Strike+1","Biased Cognition","Machine Learning","Electrodynamics","Buffer","Rainbow","Seek+1","Meteor Strike","Echo Form","All For One","Reboot","Amplify","Creative AI","Fission+1","Core Surge","Cold Snap","Entrench","Hologram","Biased Cognition","Doom and Gloom","Conserve Battery","Reinforced Body","Core Surge","Battle Trance+1","Ghostly","Ghostly","Ghostly","Ghostly","Ghostly","Apotheosis+1","Skim","Seek+1","Aggregate+1","Capacitor+1","Master of Strategy","Skim","Normality","Normality","Rainbow"],"relics":["Cracked Core","Singing Bowl","Anchor","Gambling Chip","Oddly Smooth Stone","Whetstone","Mercury Hourglass","Runic Dome","Red Mask","Strawberry","Centennial Puzzle","Matryoshka","Cursed Key","Letter Opener","OrangePellets","Ornamental Fan","Symbiotic Virus","MealTicket","Blood Vial"],"acts_visited":["Exordium","TheCity","TheBeyond"],"potions_floor_usage":[10,16,33],"damage_taken":[{"damage":0.0,"enemies":"Cultist","floor":1.0,"turns":2.0},{"damage":6.0,"enemies":"Jaw Worm","floor":2.0,"turns":4.0},{"damage":15.0,"enemies":"3 Sentries","floor":6.0,"turns":2.0},{"damage":0.0,"enemies":"Small Slimes","floor":7.0,"turns":2.0},{"damage":8.0,"enemies":"Gremlin Nob","floor":8.0,"turns":4.0},{"damage":0,"enemies":"3 Sentries","floor":10,"turns":2},{"damage":6,"enemies":"Looter","floor":13,"turns":2},{"damage":6,"enemies":"2 Fungi Beasts","floor":14,"turns":5},{"damage":20,"enemies":"Hexaghost","floor":16,"turns":7},{"damage":8,"enemies":"Spheric Guardian","floor":18,"turns":3},{"damage":1,"enemies":"Masked Bandits","floor":20,"turns":4},{"damage":0,"enemies":"Chosen","floor":22,"turns":5},{"damage":7,"enemies":"Slavers","floor":23,"turns":5},{"damage":8,"enemies":"Snecko","floor":24,"turns":4},{"damage":6,"enemies":"Snake Plant","floor":25,"turns":2},{"damage":14,"enemies":"Gremlin Leader","floor":29,"turns":6},{"damage":11,"enemies":"Cultist and Chosen","floor":30,"turns":6},{"damage":3,"enemies":"Centurion and Healer","floor":31,"turns":8},{"damage":21,"enemies":"Collector","floor":33,"turns":10},{"damage":0,"enemies":"3 Shapes","floor":35,"turns":2},{"damage":3,"enemies":"Orb Walker","floor":37,"turns":3},{"damage":0,"enemies":"Nemesis","floor":39,"turns":7},{"damage":7,"enemies":"Writhing Mass","floor":42,"turns":3},{"damage":0,"enemies":"Maw","floor":44,"turns":7},{"damage":0,"enemies":"Jaw Worm Horde","floor":47,"turns":1},{"damage":3,"enemies":"3 Darklings","floor":48,"turns":3},{"damage":14,"enemies":"Time Eater","floor":50,"turns":10}],"seed_played":"3618718455484561711","potions_obtained":[{"floor":5.0,"key":"LiquidBronze"},{"floor":5.0,"key":"Swift Potion"},{"floor":5.0,"key":"Ancient Potion"},{"floor":6.0,"key":"CultistPotion"},{"floor":8.0,"key":"BlessingOfTheForge"},{"floor":13,"key":"CultistPotion"},{"floor":16,"key":"ColorlessPotion"},{"floor":18,"key":"Ancient Potion"},{"floor":29,"key":"GamblersBrew"},{"floor":42,"key":"SpeedPotion"}],"is_trial":false,"path_per_floor":["M","M","?","$","?","E","M","E","T","E","T","$","M","M","R","B",null,"M","?","?","$","M","E","M","M","T","?","R","E","M","M","R","B",null,"M","?","M","?","E","R","$","M","T","M","T","R","M","M","R","B",null],"character_chosen":"DEFECT","items_purchased":["Singing Bowl","Hologram","Conserve Battery","Apotheosis","OrangePellets","Master of Strategy","Skim"],"campfire_rested":0,"item_purchase_floors":[4,4,12,21,41,41,41],"current_hp_per_floor":[75,69,69,69,69,56,61,53,53,57,57,57,54,51,51,36,97,89,48,55,55,57,67,65,61,61,61,61,54,52,65,65,46,95,101,97,94,94,94,94,94,93,93,95,95,95,97,114,114,106],"gold":260,"neow_bonus":"","is_daily":true,"chose_seed":false,"campfire_upgraded":6,"win_rate":0.0,"timestamp":1613866617,"path_taken":["M","M","?","$","?","E","M","?","T","?","?","$","?","M","R","BOSS","M","?","?","$","M","E","?","M","T","?","R","E","M","M","R","BOSS","M","?","M","?","?","R","$","?","T","M","?","R","M","M","R","BOSS"],"items_purchased_type":["Relic","Card","Card","Card","Relic","Card","Card"],"build_version":"2020-12-22","purchased_purges":2,"victory":true,"max_hp_per_floor":[75,75,75,75,75,77,82,82,82,86,86,86,89,92,92,97,97,97,48,56,56,58,75,81,83,83,83,83,83,87,93,93,95,95,101,107,107,107,107,107,107,113,113,115,115,115,115,117,117,117],"relic_stats":{"Singing Bowl":34,"counters":[27,117],"Whetstone":["Thunder Strike","Bludgeon"],"Letter Opener":[81],"Cursed Key":2,"Mercury Hourglass":[411],"Blood Vial":6,"OrangePellets":[9],"Centennial Puzzle":[24],"Ornamental Fan":[12],"Gambling Chip":[58],"MealTicket":0,"obtain_stats":[{"Singing Bowl":4,"Oddly Smooth Stone":9,"Whetstone":10,"Letter Opener":39,"Cursed Key":34,"Mercury Hourglass":11,"Blood Vial":45,"Runic Dome":17,"OrangePellets":41,"Anchor":6,"Centennial Puzzle":26,"Matryoshka":29,"Ornamental Fan":43,"Gambling Chip":8,"Strawberry":23,"MealTicket":45,"Red Mask":20,"Cracked Core":0,"Symbiotic Virus":43},{"Singing Bowl":2,"Oddly Smooth Stone":5,"Whetstone":6,"Letter Opener":22,"Cursed Key":19,"Mercury Hourglass":6,"Blood Vial":24,"Runic Dome":9,"OrangePellets":22,"Anchor":3,"Centennial Puzzle":15,"Matryoshka":16,"Ornamental Fan":23,"Gambling Chip":5,"Strawberry":13,"MealTicket":24,"Red Mask":11,"Cracked Core":0,"Symbiotic Virus":23},{"Singing Bowl":6,"Oddly Smooth Stone":14,"Whetstone":16,"Letter Opener":93,"Cursed Key":81,"Mercury Hourglass":16,"Blood Vial":103,"Runic Dome":30,"OrangePellets":93,"Anchor":8,"Centennial Puzzle":52,"Matryoshka":58,"Ornamental Fan":96,"Gambling Chip":14,"Strawberry":47,"MealTicket":103,"Red Mask":37,"Cracked Core":0,"Symbiotic Virus":96}]},"card_choices":[{"not_picked":["Gash","Intimidate"],"picked":"Cold Snap","floor":1.0},{"not_picked":["Clothesline","Dual Wield"],"picked":"Entrench","floor":2.0},{"not_picked":["Heatsinks","FTL","Dark Embrace"],"picked":"Singing Bowl","floor":6.0},{"not_picked":["Sword Boomerang","True Grit","Intimidate"],"picked":"Singing Bowl","floor":7.0},{"not_picked":["Dual Wield","Conserve Battery"],"picked":"Biased Cognition","floor":8.0},{"not_picked":["Loop","Pommel Strike"],"picked":"Doom and Gloom","floor":10},{"not_picked":["Heavy Blade","Storm"],"picked":"Reinforced Body","floor":13},{"not_picked":["Sweeping Beam","Ball Lightning"],"picked":"Core Surge","floor":14},{"not_picked":["Buffer","Biased Cognition","Limit Break"],"picked":"Singing Bowl","floor":16},{"not_picked":["Beam Cell","Seeing Red"],"picked":"Battle Trance+1","floor":18},{"not_picked":["Streamline","Genetic Algorithm","Hemokinesis"],"picked":"Singing Bowl","floor":20},{"not_picked":["BootSequence","Havoc+1","Force Field"],"picked":"Singing Bowl","floor":22},{"not_picked":["Burning Pact","Headbutt","Streamline"],"picked":"Singing Bowl","floor":23},{"not_picked":["Redo+1","Sweeping Beam+1","Heavy Blade"],"picked":"Singing Bowl","floor":24},{"not_picked":["Flex+1","Burning Pact","Sword Boomerang"],"picked":"Singing Bowl","floor":25},{"not_picked":["Pommel Strike","Gash"],"picked":"Skim","floor":29},{"not_picked":["Chill","Rebound"],"picked":"Seek","floor":30},{"not_picked":["Body Slam","Leap","Sentinel+1"],"picked":"Singing Bowl","floor":31},{"not_picked":["Double Tap","Feed","Reaper"],"picked":"Singing Bowl","floor":33},{"not_picked":["Twin Strike+1","Thunderclap+1","Cleave+1"],"picked":"Singing Bowl","floor":35},{"not_picked":["Swift Strike","Enlightenment","Metamorphosis"],"picked":"Singing Bowl","floor":36},{"not_picked":["Madness","Trip","Finesse"],"picked":"Singing Bowl","floor":36},{"not_picked":["The Bomb","Enlightenment","Discovery"],"picked":"Singing Bowl","floor":36},{"not_picked":["Perfected Strike+1","Chill+1"],"picked":"Aggregate","floor":37},{"not_picked":["Stack","Pommel Strike+1"],"picked":"Capacitor+1","floor":39},{"not_picked":["Beam Cell+1","Leap+1","Headbutt"],"picked":"Singing Bowl","floor":42},{"not_picked":["Self Repair+1","Sword Boomerang+1","BootSequence"],"picked":"Singing Bowl","floor":44},{"not_picked":["Leap","Self Repair+1"],"picked":"Rainbow","floor":47},{"not_picked":["Heavy Blade+1","Evolve","Bloodletting+1"],"picked":"Singing Bowl","floor":48}],"player_experience":1072029,"relics_obtained":[{"floor":6.0,"key":"Anchor"},{"floor":8.0,"key":"Gambling Chip"},{"floor":9.0,"key":"Oddly Smooth Stone"},{"floor":10,"key":"Whetstone"},{"floor":11,"key":"Mercury Hourglass"},{"floor":20,"key":"Red Mask"},{"floor":23,"key":"Strawberry"},{"floor":26,"key":"Centennial Puzzle"},{"floor":29,"key":"Matryoshka"},{"floor":39,"key":"Letter Opener"},{"floor":43,"key":"Ornamental Fan"},{"floor":43,"key":"Symbiotic Virus"},{"floor":45,"key":"MealTicket"},{"floor":45,"key":"Blood Vial"}],"event_choices":[{"damage_healed":0.0,"max_hp_gain":0.0,"max_hp_loss":0.0,"gold_gain":175.0,"event_name":"Liars Game","player_choice":"AGREE","floor":3.0,"gold_loss":0.0,"damage_taken":0.0,"cards_obtained":["Doubt"]},{"damage_healed":0.0,"max_hp_gain":0.0,"max_hp_loss":0.0,"gold_gain":0.0,"event_name":"Lab","player_choice":"Got Potions","floor":5.0,"gold_loss":0.0,"damage_taken":0.0},{"damage_healed":0,"gold_gain":0,"player_choice":"Became a Ghost","damage_taken":0,"max_hp_gain":0,"max_hp_loss":49,"event_name":"Ghosts","floor":19,"gold_loss":0,"cards_obtained":["Ghostly","Ghostly","Ghostly","Ghostly","Ghostly"]},{"damage_healed":0,"gold_gain":0,"player_choice":"Fought Bandits","damage_taken":0,"max_hp_gain":0,"max_hp_loss":0,"event_name":"Masked Bandits","floor":20,"gold_loss":0},{"damage_healed":0,"gold_gain":99,"player_choice":"Stole From Cult","damage_taken":0,"max_hp_gain":0,"max_hp_loss":0,"event_name":"Nest","floor":27,"gold_loss":0},{"damage_healed":0,"gold_gain":0,"player_choice":"Memory 3","damage_taken":10,"max_hp_gain":0,"max_hp_loss":0,"event_name":"SensoryStone","floor":36,"gold_loss":0},{"damage_healed":0,"gold_gain":222,"player_choice":"Wore Mask","damage_taken":0,"max_hp_gain":0,"max_hp_loss":0,"event_name":"Tomb of Lord Red Mask","floor":38,"gold_loss":0}],"is_beta":false,"boss_relics":[{"not_picked":["Tiny House","Empty Cage"],"picked":"Runic Dome"},{"not_picked":["Astrolabe","Busted Crown"],"picked":"Cursed Key"}],"items_purged_floors":[12,41],"is_endless":false,"potions_floor_spawned":[6,7,8,13,14,16,18,23,29,30,42,47],"ascension_level":0}}