{"host":"91blwi3hgehj6ch9","time":1613949826,"event":{"mods":["2.2 Compatiblity","AchievementEnabler","BaseMod","Colored Map","DeckTracker","Keyboard Shortcuts","Minty Spire (QoL Compilation)","Permanent Neow","Relic Stats","StSLib","SuperFastMode","everything is the same but u backflip on backflip"],"gold_per_floor":[111,111,124,139,64,64,97,97,97,97,53,103,121,136,136,136,136],"floor_reached":16,"language":"KOR","playtime":444,"items_purged":["Strike_G"],"score":200,"play_id":"02032623-1189-439d-adc2-ef6b129ad8e7","local_time":"20210222082346","is_ascension_mode":true,"campfire_choices":[{"floor":6.0,"key":"REST"},{"floor":8.0,"key":"REST"},{"data":"Tactician","floor":10.0,"key":"SMITH"},{"floor":15.0,"key":"REST"}],"circlet_count":0,"master_deck":["AscendersBane","Strike_G","Strike_G","Strike_G","Defend_G","Defend_G","Defend_G","Survivor","Neutralize","Dagger Throw","Quick Slash","Tactician+1","Prepared","Masterful Stab+1","Riddle With Holes+1","Backflip"],"relics":["Ring of the Snake","Paper Crane","Molten Egg 2"],"acts_visited":["Exordium"],"potions_floor_usage":[16,16],"damage_taken":[{"damage":11.0,"enemies":"Jaw Worm","floor":1.0,"turns":6.0},{"damage":0.0,"enemies":"Small Slimes","floor":3.0,"turns":3.0},{"damage":1.0,"enemies":"Cultist","floor":4.0,"turns":3.0},{"damage":61.0,"enemies":"3 Sentries","floor":7.0,"turns":16.0},{"damage":1.0,"enemies":"Lots of Slimes","floor":13.0,"turns":3.0},{"damage":0.0,"enemies":"Looter","floor":14.0,"turns":2.0},{"damage":49,"enemies":"Hexaghost","floor":16,"turns":11}],"seed_played":"-1143291477943225510","potions_obtained":[{"floor":3.0,"key":"Regen Potion"},{"floor":7.0,"key":"Block Potion"},{"floor":14.0,"key":"Weak Potion"}],"is_trial":false,"path_per_floor":["M","?","M","M","$","R","E","R","T","R","$","?","M","M","R","B"],"character_chosen":"THE_SILENT","items_purchased":["Masterful Stab+1"],"campfire_rested":3,"item_purchase_floors":[11],"current_hp_per_floor":[33,33,33,32,32,51,5,24,24,24,24,24,23,23,42,0,0],"gold":136,"neow_bonus":"REMOVE_TWO","is_daily":false,"chose_seed":false,"campfire_upgraded":1,"win_rate":0.0,"timestamp":1613949826,"path_taken":["M","?","M","M","$","R","E","R","T","R","$","?","M","M","R","BOSS"],"items_purchased_type":["Card"],"build_version":"2020-12-22","purchased_purges":1,"victory":false,"max_hp_per_floor":[66,66,66,66,66,66,66,66,66,66,66,66,66,66,66,66,66],"relic_stats":{"counters":[7,44],"obtain_stats":[{"Molten Egg 2":9,"Paper Crane":7,"Ring of the Snake":0},{"Molten Egg 2":4,"Paper Crane":4,"Ring of the Snake":0},{"Molten Egg 2":28,"Paper Crane":28,"Ring of the Snake":0}],"Ring of the Snake":[14]},"card_choices":[{"not_picked":["Quick Slash","Cloak And Dagger"],"picked":"Dagger Throw","floor":1.0},{"not_picked":["Deflect","Terror","Dodge and Roll"],"picked":"SKIP","floor":3.0},{"not_picked":["Choke","Prepared"],"picked":"Tactician","floor":4.0},{"not_picked":["Well Laid Plans","Deadly Poison"],"picked":"Prepared","floor":7.0},{"not_picked":["PiercingWail","Bane+1"],"picked":"Riddle With Holes+1","floor":13.0},{"not_picked":["A Thousand Cuts","Deadly Poison"],"picked":"Backflip","floor":14.0}],"player_experience":298791,"relics_obtained":[{"floor":7.0,"key":"Paper Crane"},{"floor":9.0,"key":"Molten Egg 2"}],"event_choices":[{"damage_healed":0.0,"max_hp_gain":0.0,"max_hp_loss":0.0,"gold_gain":0.0,"cards_transformed":["Defend_G"],"event_name":"Living Wall","player_choice":"Change","floor":2.0,"gold_loss":0.0,"damage_taken":0.0,"cards_obtained":["Quick Slash"]},{"damage_healed":0.0,"max_hp_gain":0.0,"max_hp_loss":0.0,"gold_gain":50.0,"event_name":"Golden Shrine","player_choice":"Pray","floor":12.0,"gold_loss":0.0,"damage_taken":0.0}],"is_beta":false,"boss_relics":[],"items_purged_floors":[5],"is_endless":false,"potions_floor_spawned":[3,7,14],"killed_by":"Hexaghost","ascension_level":20}}