{"host":"x8s7139x96bc3le0","time":1613925207,"event":{"mods":["AchievementEnabler","BaseMod","Bestiary","Minty Spire (QoL Compilation)","Relic Stats","ojb\u0027s Better Paths Mod","ojb\u0027s Info Mod"],"gold_per_floor":[115,115,132,144,144,171,171,201,225,225,225],"floor_reached":10,"language":"ENG","playtime":690,"items_purged":[],"score":125,"play_id":"e4bb951a-4631-491d-a23e-59a13fbbabb6","local_time":"20210221173327","is_ascension_mode":true,"campfire_choices":[{"data":"After Image","floor":7,"key":"SMITH"}],"circlet_count":0,"master_deck":["AscendersBane","Strike_G","Strike_G","Strike_G","Strike_G","Defend_G","Defend_G","Defend_G","Defend_G","Survivor","Neutralize","Accuracy","Cloak And Dagger","Underhanded Strike","Quick Slash","Purity","After Image+1","Endless Agony"],"relics":["Ring of the Snake","Smiling Mask","Bronze Scales","Art of War"],"acts_visited":["Exordium"],"potions_floor_usage":[6,8],"damage_taken":[{"damage":2,"enemies":"Small Slimes","floor":1,"turns":7},{"damage":0,"enemies":"2 Louse","floor":3,"turns":3},{"damage":0,"enemies":"Cultist","floor":4,"turns":4},{"damage":28,"enemies":"Gremlin Nob","floor":6,"turns":5},{"damage":21,"enemies":"3 Sentries","floor":8,"turns":15},{"damage":7,"enemies":"Lagavulin","floor":10,"turns":7}],"seed_played":"1428958641859202325","potions_obtained":[{"floor":1,"key":"DuplicationPotion"},{"floor":6,"key":"Block Potion"}],"is_trial":false,"path_per_floor":["M","?","M","M","?","E","R","E","T","E"],"character_chosen":"THE_SILENT","items_purchased":[],"campfire_rested":0,"item_purchase_floors":[],"current_hp_per_floor":[61,54,54,54,54,26,26,5,5,0,0],"gold":225,"neow_bonus":"TRANSFORM_CARD","is_daily":false,"chose_seed":false,"campfire_upgraded":1,"win_rate":0.0,"timestamp":1613925207,"path_taken":["M","?","M","M","?","E","R","E","T","E"],"items_purchased_type":[],"build_version":"2020-12-22","purchased_purges":0,"victory":false,"max_hp_per_floor":[70,70,70,70,70,70,70,70,70,70,70],"relic_stats":{"counters":[6,41],"Bronze Scales":[9],"Art of War":[1],"Smiling Mask":0,"obtain_stats":[{"Bronze Scales":8,"Art of War":9,"Smiling Mask":6,"Ring of the Snake":0},{"Bronze Scales":5,"Art of War":5,"Smiling Mask":4,"Ring of the Snake":0},{"Bronze Scales":34,"Art of War":34,"Smiling Mask":19,"Ring of the Snake":0}],"Ring of the Snake":[12]},"card_choices":[{"not_picked":["Outmaneuver","Bouncing Flask"],"picked":"Cloak And Dagger","floor":1},{"not_picked":["Accuracy","Finisher"],"picked":"Underhanded Strike","floor":3},{"not_picked":["Heel Hook","Calculated Gamble"],"picked":"Quick Slash","floor":4},{"not_picked":["Dodge and Roll","Dash"],"picked":"After Image","floor":6},{"not_picked":["Reflex","Dodge and Roll"],"picked":"Endless Agony","floor":8}],"player_experience":877209,"relics_obtained":[{"floor":6,"key":"Smiling Mask"},{"floor":8,"key":"Bronze Scales"},{"floor":9,"key":"Art of War"}],"event_choices":[{"cards_removed":["Defend_G"],"damage_healed":0,"gold_gain":0,"player_choice":"Card Removal","damage_taken":7,"max_hp_gain":0,"max_hp_loss":0,"event_name":"Golden Wing","floor":2,"gold_loss":0},{"damage_healed":0,"gold_gain":0,"player_choice":"1 cards matched","damage_taken":0,"max_hp_gain":0,"max_hp_loss":0,"event_name":"Match and Keep!","floor":5,"gold_loss":0,"cards_obtained":["Purity"]}],"is_beta":false,"boss_relics":[],"items_purged_floors":[],"is_endless":false,"potions_floor_spawned":[1,6],"killed_by":"Lagavulin","ascension_level":13}}