{"host":"p48otulg9rbkrcsk","time":1613906253,"event":{"mods":["BaseMod","Colored Map","Downfall","Minty Spire (QoL Compilation)","Quick Restart","StSLib","[功能]功能增强和修复MOD"],"gold_per_floor":[99,99,99,199,199,227,304,320,336,354,154,109,109,119,131,236,236,236,246,246,246,221,240,315,295,295,195,214,189,189,201,221,321,321,321,341,352,371,721,752,826,860,883,883,883,878,878,907,935,947,959,999,1011,1011,1011,1011],"floor_reached":57,"language":"ZHS","playtime":3605,"items_purged":["Guardian:Strike_Guardian","Guardian:Defend_Guardian","Guardian:Defend_Guardian","Guardian:Strike_Guardian","Guardian:Strike_Guardian","Guardian:Defend_Guardian","Pride","Guardian:Defend_Guardian","Doubt","Guardian:FuturePlans","Guardian:TimeCapacitor","Guardian:GatlingBeam","Guardian:WalkerClaw","Regret"],"score":1413,"play_id":"a7eb7c8f-dab4-4943-b848-af14203b5b5a","local_time":"20210221191733","is_ascension_mode":false,"campfire_choices":[{"floor":1.0,"key":"RECALL"},{"data":"Guardian:CurlUp","floor":11.0,"key":"SMITH"},{"data":"Guardian:TemporalShield","floor":13.0,"key":"SMITH"},{"data":"Guardian:FierceBash","floor":18.0,"key":"SMITH"},{"data":"Guardian:TwinSlam","floor":27.0,"key":"SMITH"},{"data":"Guardian:ConstructionForm","floor":30.0,"key":"SMITH"},{"data":"Guardian:FierceBash","floor":35.0,"key":"SMITH"},{"data":"Guardian:FastForward","floor":47.0,"key":"SMITH"},{"data":"Guardian:Suspension","floor":54.0,"key":"SMITH"}],"circlet_count":0,"master_deck":["Guardian:CurlUp+1","Guardian:TwinSlam+1","Guardian:BronzeOrb+1","Guardian:TimeBomb","Guardian:Suspension+1","Guardian:Orbwalk+1","Guardian:ChargeUp","Guardian:TemporalShield+1","Guardian:TemporalStrike+1","Guardian:Emergency+1","Guardian:FierceBash+1","Master of Strategy","Guardian:ConstructionForm+1","Guardian:Incinerate","Guardian:FierceBash+1","Guardian:Emergency+1","Guardian:FastForward+1"],"relics":["Guardian:ModeShifter","downfall:HeartsMalice","Guardian:StasisCodex","Matryoshka","downfall:HeartBlessingRed","downfall:HeartBlessingGreen","Pantograph","bronze:DonusWashers","Cursed Key","Guardian:PocketSentry","downfall:RedIOU","champ:Barbells","Blood Vial","Regal Pillow","sneckomod:BlankCard","Centennial Puzzle","downfall:HeartBlessingBlue","Mummified Hand","hexamod:CandleOfCauterizing","Guardian:BottledAnomaly","SlaversCollar","Chemical X","Pear","Omamori","Akabeko","Dream Catcher","Slimebound:PreparedRelic","Ornamental Fan","Boot","Meat on the Bone","Slimebound:StickyStick","Toolbox","Strange Spoon","FossilizedHelix","Anchor","MawBank","Bag of Preparation","Bottled Tornado","Guardian:GemstoneGun"],"acts_visited":["Exordium","TheCity","TheBeyond","TheEnding"],"potions_floor_usage":[56,56,56],"damage_taken":[{"damage":0.0,"enemies":"Small Slimes","floor":2.0,"turns":1.0},{"damage":0.0,"enemies":"2 Louse","floor":3.0,"turns":1.0},{"damage":0.0,"enemies":"3 Sentries","floor":6.0,"turns":1.0},{"damage":1.0,"enemies":"Jaw Worm","floor":8.0,"turns":4.0},{"damage":10.0,"enemies":"downfall:LooterAlt","floor":9.0,"turns":3.0},{"damage":16.0,"enemies":"Lots of Slimes","floor":10.0,"turns":4.0},{"damage":1.0,"enemies":"downfall:FleeingMerchant","floor":12.0,"turns":4.0},{"damage":6.0,"enemies":"Exordium Thugs","floor":14.0,"turns":3.0},{"damage":4.0,"enemies":"Gremlin Gang","floor":15.0,"turns":4.0},{"damage":39.0,"enemies":"IC_STATUS_ARCHETYPE","floor":16.0,"turns":9.0},{"damage":4.0,"enemies":"Chosen","floor":19.0,"turns":3.0},{"damage":4.0,"enemies":"downfall:FleeingMerchant","floor":22.0,"turns":4.0},{"damage":10.0,"enemies":"Spheric Guardian","floor":23.0,"turns":3.0},{"damage":15.0,"enemies":"downfall:FleeingMerchant","floor":25.0,"turns":4.0},{"damage":4.0,"enemies":"3 Cultists","floor":28.0,"turns":3.0},{"damage":14.0,"enemies":"downfall:FleeingMerchant","floor":29.0,"turns":4.0},{"damage":0.0,"enemies":"Cultist and Chosen","floor":31.0,"turns":4.0},{"damage":0.0,"enemies":"Snecko","floor":32.0,"turns":3.0},{"damage":0.0,"enemies":"WA_ARCHETYPE_CALM","floor":33.0,"turns":5.0},{"damage":18.0,"enemies":"Orb Walker","floor":36.0,"turns":3.0},{"damage":12.0,"enemies":"3 Darklings","floor":37.0,"turns":3.0},{"damage":5.0,"enemies":"Maw","floor":38.0,"turns":5.0},{"damage":0.0,"enemies":"downfall:FleeingMerchant","floor":39.0,"turns":2.0},{"damage":18.0,"enemies":"Reptomancer","floor":40.0,"turns":5.0},{"damage":0.0,"enemies":"Giant Head","floor":42.0,"turns":5.0},{"damage":0.0,"enemies":"Nemesis","floor":48.0,"turns":3.0},{"damage":3.0,"enemies":"4 Shapes","floor":49.0,"turns":2.0},{"damage":26.0,"enemies":"DF_ARCHETYPE_ORBS","floor":50.0,"turns":3.0},{"damage":0.0,"enemies":"downfall:CharBossMerchant","floor":52.0,"turns":5.0},{"damage":7.0,"enemies":"downfall:NeowBoss","floor":55.0,"turns":7.0},{"damage":67,"enemies":"downfall:NeowBossFinal","floor":56,"turns":5}],"seed_played":"-566237247464097873","potions_obtained":[{"floor":6.0,"key":"Fire Potion"},{"floor":8.0,"key":"Explosive Potion"},{"floor":8.0,"key":"Fire Potion"}],"is_trial":false,"path_per_floor":["R","M","M","?","?","E","T","M","M","M","R","$","R","M","M","B",null,"R","M","?","?","$","M","T","$","?","R","M","$","R","M","M","B",null,"R","M","M","M","$","E","T","E","?","$","?","$","R","E","M","B",null,"E","$","R","B","B",null],"character_chosen":"GUARDIAN","items_purchased":["Pantograph","Pen Nib","bronze:DonusWashers","Guardian:TemporalStrike","Guardian:Emergency","champ:Barbells","Blood Vial","Master of Strategy","Guardian:TimeCapacitor","sneckomod:BlankCard","Guardian:Incinerate","Guardian:Gem_Orange","Centennial Puzzle","Mummified Hand","hexamod:CandleOfCauterizing","Guardian:BottledAnomaly","Guardian:FierceBash","Chemical X","Pear","Omamori","Meat on the Bone","Slimebound:StickyStick","Toolbox","Strange Spoon","FossilizedHelix","Anchor","Guardian:FastForward","Bottled Tornado","Guardian:GemstoneGun"],"campfire_rested":0,"item_purchase_floors":[12,12,12,12,12,22,22,22,22,25,25,25,25,29,29,29,29,39,39,39,44,44,44,46,46,46,46,53,53],"current_hp_per_floor":[80,80,80,80,80,80,80,79,69,53,53,52,52,46,42,28,80,80,76,76,76,72,64,64,51,56,66,64,52,52,54,56,83,90,90,72,62,59,71,55,55,57,57,57,57,57,57,59,58,59,100,100,100,100,93,45],"gold":1011,"neow_bonus":"THREE_ENEMY_KILL","is_daily":false,"chose_seed":false,"campfire_upgraded":8,"win_rate":0.0,"timestamp":1613906253,"path_taken":["R","M","M","?","?","E","T","M","M","M","R","$","R","M","M","BOSS","R","M","?","?","$","M","T","$","?","R","?","?","R","M","M","BOSS","R","M","M","?","$","E","T","E","?","$","?","$","R","E","M","BOSS","E","$","R","BOSS","BOSS"],"items_purchased_type":["Relic","Relic","Relic","Card","Card","Relic","Relic","Card","Card","Relic","Card","Card","Relic","Relic","Relic","Relic","Card","Relic","Relic","Relic","Relic","Relic","Relic","Relic","Relic","Relic","Card","Relic","Relic"],"build_version":"2020-12-22","purchased_purges":14,"victory":true,"max_hp_per_floor":[80,80,80,80,80,80,80,80,80,80,80,80,80,80,80,80,80,80,80,80,80,80,80,80,80,80,90,90,90,90,90,90,90,90,90,90,90,90,100,100,100,100,100,100,100,100,100,100,100,100,100,100,100,100,100,100],"card_choices":[{"not_picked":["Guardian:RollAttack","Guardian:ChargeCore"],"picked":"Guardian:BronzeOrb","floor":2.0},{"not_picked":["Guardian:CrystalBeam","Guardian:Gem_Lightblue"],"picked":"Guardian:WalkerClaw","floor":3.0},{"not_picked":["Guardian:Gem_Red","Guardian:ChargeCore"],"picked":"Guardian:TimeBomb","floor":6.0},{"not_picked":["Guardian:VentSteam","Guardian:Repulse"],"picked":"Guardian:Suspension","floor":8.0},{"not_picked":["Guardian:ShieldCharger","Guardian:Gem_Purple"],"picked":"Guardian:Orbwalk","floor":9.0},{"not_picked":["Guardian:GemFire","Guardian:ShieldSpikes"],"picked":"Guardian:ChargeUp","floor":10.0},{"not_picked":["Guardian:RollAttack","Guardian:Gem_Lightblue"],"picked":"Guardian:TemporalShield","floor":12.0},{"not_picked":["Guardian:PrimingBeam","Guardian:TemporalStrike"],"picked":"Guardian:Gem_Red","floor":14.0},{"not_picked":["Guardian:Suspension","Guardian:SpikerProtocol"],"picked":"Guardian:FuturePlans","floor":15.0},{"not_picked":["Guardian:FastForward","Guardian:ExploitGems"],"picked":"Guardian:FierceBash","floor":16.0},{"not_picked":["Guardian:FuturePlans","Guardian:TemporalShield"],"picked":"Guardian:Gem_Green","floor":19.0},{"not_picked":["Guardian:Gem_Green","Guardian:WalkerClaw"],"picked":"Guardian:Gem_Lightblue","floor":22.0},{"not_picked":["Guardian:Orbwalk","Guardian:TemporalStrike","Guardian:ChargeCore+1"],"picked":"SKIP","floor":23.0},{"not_picked":["Guardian:PrismaticBeam+1","Guardian:HyperBeam_Guardian"],"picked":"Guardian:ConstructionForm","floor":25.0},{"not_picked":["Guardian:Harden+1","Guardian:TimeCapacitor","Guardian:MultiBeam"],"picked":"SKIP","floor":28.0},{"not_picked":["Guardian:Suspension","Guardian:RefractedBeam"],"picked":"Guardian:Gem_Red","floor":29.0},{"not_picked":["Guardian:Gem_Crimson","Guardian:WalkerClaw","Guardian:TemporalStrike+1"],"picked":"SKIP","floor":31.0},{"not_picked":["Guardian:PolyBeam","Guardian:TemporalStrike","Guardian:Gem_Blue"],"picked":"SKIP","floor":32.0},{"not_picked":["Guardian:FierceBash","Guardian:StasisStrike"],"picked":"Guardian:GatlingBeam","floor":33.0},{"not_picked":["Guardian:Harden","Guardian:ChargeCore","Guardian:BronzeArmor"],"picked":"SKIP","floor":36.0},{"not_picked":["Guardian:BodySlam","Guardian:VentSteam+1","Guardian:Emergency"],"picked":"SKIP","floor":37.0},{"not_picked":["Guardian:BodySlam","Guardian:VentSteam+1"],"picked":"Guardian:Emergency","floor":37.0},{"not_picked":["Guardian:SentryBeam","Guardian:Gem_Blue","Guardian:TemporalShield+1"],"picked":"SKIP","floor":38.0},{"not_picked":["Guardian:Reroute+1","Guardian:VentSteam+1"],"picked":"Guardian:Gem_Red","floor":39.0},{"not_picked":["Guardian:Orbwalk","Guardian:Gem_Purple","Guardian:Gem_White"],"picked":"SKIP","floor":40.0},{"not_picked":["Guardian:TemporalShield","Guardian:FloatingOrbs","Guardian:SpikerProtocol"],"picked":"SKIP","floor":42.0},{"not_picked":["Guardian:Recover+1","Guardian:BronzeArmor+1","Guardian:RollAttack"],"picked":"SKIP","floor":48.0},{"not_picked":["Guardian:CrystalBeam","Guardian:Recover","Guardian:DonusPower+1"],"picked":"SKIP","floor":49.0},{"not_picked":["Guardian:WalkerClaw+1","Guardian:Suspension+1","Guardian:VentSteam"],"picked":"SKIP","floor":52.0}],"player_experience":189375,"relics_obtained":[{"floor":6.0,"key":"Guardian:StasisCodex"},{"floor":7.0,"key":"Matryoshka"},{"floor":24.0,"key":"Regal Pillow"},{"floor":40.0,"key":"Akabeko"},{"floor":41.0,"key":"Dream Catcher"},{"floor":41.0,"key":"Slimebound:PreparedRelic"},{"floor":42.0,"key":"Ornamental Fan"},{"floor":43.0,"key":"Boot"},{"floor":48.0,"key":"MawBank"},{"floor":52.0,"key":"Bag of Preparation"}],"event_choices":[{"damage_healed":0.0,"max_hp_gain":0.0,"max_hp_loss":0.0,"gold_gain":0.0,"event_name":"Addict","player_choice":"Stole Relic","floor":20.0,"gold_loss":0.0,"damage_taken":0.0,"relics_obtained":["Guardian:PocketSentry"],"cards_obtained":["Pride"]},{"cards_removed":["Guardian:Gem_Green"],"damage_healed":5.0,"max_hp_gain":0.0,"max_hp_loss":0.0,"gold_gain":0.0,"event_name":"Bonfire Elementals","player_choice":"Offered Common","floor":26.0,"gold_loss":0.0,"damage_taken":0.0},{"cards_removed":["Guardian:Gem_Green"],"damage_healed":5.0,"max_hp_gain":0.0,"max_hp_loss":0.0,"gold_gain":0.0,"event_name":"Bonfire Elementals","player_choice":"Offered Special","floor":26.0,"gold_loss":0.0,"damage_taken":0.0}],"is_beta":false,"boss_relics":[{"not_picked":["Busted Crown","Sozu"],"picked":"Cursed Key"},{"not_picked":["Black Star","Guardian:StasisSlotReductionRelic"],"picked":"SlaversCollar"}],"items_purged_floors":[12,12,12,12,12,12,22,22,25,29,29,39,39,46],"is_endless":false,"potions_floor_spawned":[6,8,8,9,10,14,15,16,19,19,23,28,28,32,32,36,36,37,38,38,42,48,49,49,52],"ascension_level":0}}