{"host":"v4tuy5ykrbdcm9o9","time":1613933276,"event":{"mods":["BaseMod","Duelist Mod","Minty Spire (QoL Compilation)","Replay The Spire","StSLib"],"gold_per_floor":[112,130,205,219,232,263,276,26,26,42,68,68,78,109,109,212,212,222,222,222],"floor_reached":19,"language":"ENG","playtime":1601,"items_purged":[],"score":324,"play_id":"1e31fbc3-dd39-4929-9fdc-34289f551ef7","local_time":"20210221134756","is_ascension_mode":true,"campfire_choices":[{"floor":12,"key":"REST"},{"floor":15,"key":"RECALL"}],"circlet_count":0,"master_deck":["AscendersBane","Strike_P","Strike_P","Strike_P","Strike_P","Defend_P","Defend_P","Defend_P","Defend_P","Eruption","Vigilance","FlyingSleeves","Conclude","WaveOfTheHand","FlurryOfBlows","SashWhip","Establishment","SandsOfTime","Weave","Indignation+1","Replay:Hum","FlyingSleeves","EmptyBody","ThirdEye","Halt","Devotion","InnerPeace+1"],"relics":["PureWater","Tiny Chest","Nunchaku","TeardropLocket","Black Star"],"acts_visited":["Exordium","TheCity"],"potions_floor_usage":[6,11,11,14,14,16],"damage_taken":[{"damage":4,"enemies":"Small Slimes","floor":1,"turns":4},{"damage":0,"enemies":"Cultist","floor":2,"turns":4},{"damage":0,"enemies":"2 Louse","floor":4,"turns":2},{"damage":8,"enemies":"Large Slime","floor":5,"turns":4},{"damage":17,"enemies":"Lagavulin","floor":6,"turns":6},{"damage":3,"enemies":"Looter","floor":7,"turns":2},{"damage":20,"enemies":"Red Slaver","floor":10,"turns":4},{"damage":3,"enemies":"Replay:BlueRogue","floor":11,"turns":3},{"damage":0,"enemies":"Large Slime","floor":13,"turns":3},{"damage":0,"enemies":"Gremlin Nob","floor":14,"turns":2},{"damage":18,"enemies":"Hexaghost","floor":16,"turns":7},{"damage":35,"enemies":"Spheric Guardian","floor":18,"turns":7},{"damage":0,"enemies":"Masked Bandits","floor":19,"turns":2}],"seed_played":"-4255272222489603593","potions_obtained":[{"floor":4,"key":"BlessingOfTheForge"},{"floor":10,"key":"Toxic Potion"},{"floor":11,"key":"Swift Potion"},{"floor":13,"key":"Strength Potion"},{"floor":14,"key":"GamblersBrew"}],"is_trial":false,"path_per_floor":["M","M","?","M","M","E","M","$","T","M","E","R","M","E","R","B",null,"M","?"],"character_chosen":"WATCHER","items_purchased":["Weave","Indignation+1","Replay:Hum","AttackPotion"],"campfire_rested":1,"item_purchase_floors":[8,8,8,8],"current_hp_per_floor":[61,61,54,54,46,29,26,26,26,6,3,24,24,24,24,6,56,21,21,21],"gold":222,"neow_bonus":"THREE_CARDS","is_daily":false,"chose_seed":false,"campfire_upgraded":0,"win_rate":0.0,"timestamp":1613933276,"path_taken":["M","M","?","M","M","E","M","?","T","?","E","R","M","E","R","BOSS","M","?"],"items_purchased_type":["Card","Card","Card","Potion"],"build_version":"2020-12-22","purchased_purges":0,"victory":false,"max_hp_per_floor":[72,72,72,72,72,72,72,72,72,72,72,72,72,72,72,72,72,72,72,72],"card_choices":[{"not_picked":["Replay:AtTheReady","BowlingBash"],"picked":"FlyingSleeves","floor":0},{"not_picked":["Protect","ClearTheMind"],"picked":"Conclude","floor":1},{"not_picked":["FlyingSleeves","Evaluate"],"picked":"WaveOfTheHand","floor":2},{"not_picked":["ForeignInfluence","EmptyBody"],"picked":"FlurryOfBlows","floor":4},{"not_picked":["ClearTheMind","FlyingSleeves"],"picked":"SashWhip","floor":5},{"not_picked":["BowlingBash","Replay:Vibes"],"picked":"Establishment","floor":6},{"not_picked":["Replay:ManipulateFuture","PathToVictory"],"picked":"SandsOfTime","floor":7},{"not_picked":["Vengeance","BowlingBash"],"picked":"FlyingSleeves","floor":10},{"not_picked":["Crescendo","Study"],"picked":"EmptyBody","floor":11},{"not_picked":["Replay:BluntJabs","SashWhip"],"picked":"ThirdEye","floor":13},{"not_picked":["PathToVictory","Worship"],"picked":"Halt","floor":14},{"not_picked":["Brilliance","Wish"],"picked":"Devotion","floor":16},{"not_picked":["Sanctity","EmptyMind"],"picked":"InnerPeace+1","floor":18}],"player_experience":941908,"relics_obtained":[{"floor":6,"key":"Tiny Chest"},{"floor":11,"key":"Nunchaku"},{"floor":14,"key":"TeardropLocket"}],"event_choices":[{"damage_healed":0,"gold_gain":75,"player_choice":"Touch","damage_taken":7,"max_hp_gain":0,"max_hp_loss":0,"event_name":"FaceTrader","floor":3,"gold_loss":0},{"damage_healed":0,"gold_gain":0,"player_choice":"Fought Bandits","damage_taken":0,"max_hp_gain":0,"max_hp_loss":0,"event_name":"Masked Bandits","floor":19,"gold_loss":0}],"is_beta":false,"boss_relics":[{"not_picked":["Ectoplasm","Replay:Ancient Bell"],"picked":"Black Star"}],"items_purged_floors":[],"is_endless":false,"potions_floor_spawned":[4,10,11,13,14],"killed_by":"Masked Bandits","ascension_level":10}}