{"host":"tmk46lqetm74e6y6","time":1613877558,"event":{"mods":["100% Spire Juice","2.2 Compatiblity","Abigail Mod","AchievementEnabler","Act Like it!","Arknights","BaseMod","Beaked The Cultist","Better Match","BetterRewards","CapriCore","ChefMod","Chen","Decade(â§è¨ñæ)","Friendly Minions","GifTheSpireLib","HololiveMod","KinomotoSakuraMod(ñÿîVñ{?)","KiyohimeÅiê¥?Åj","Koishi","KomeijiMod","Magitek Elite","MarisaÅiñ∂âJÅ@ñÇóùçπÅj","Minty Spire (QoL Compilation)","Onozuka Komachi Mod","Permanent Neow","Prisma Mod","Railgun Mod","Random Character Button","Reliquary","Remilia_Scarlet MoedÅiÂQïƒ‰ª?ÅEéz?óãì¡Åj3.3.5","SOSÅiézîb?îVéqÅj","Small Relic Pack","StSLib","SuperFastMode","The Administrix","The Alterego","The Animator","The Bladedancer","The Immortal","The Servant 0.9.4","The Wild Card","TheSwordswoman","Trackpad","Wide Potions","Yakumo Yukari mod","YoumuÅiç∞ÈÆódöÎÅj","Yuri Mod"],"gold_per_floor":[119,8,8,21,21,21,32,32,32,32,63,63,78,92,92,188,188,178,178,178,191,28,28,44,44,44,71,89,89,89],"floor_reached":29,"language":"ENG","playtime":1169,"items_purged":[],"score":243,"play_id":"6f2f0313-a61d-499f-a58b-865961951b8c","local_time":"20210221111918","is_ascension_mode":false,"campfire_choices":[{"data":"Accuracy","floor":6,"key":"SMITH"},{"data":"Neutralize","floor":10,"key":"SMITH"},{"data":"Cloak And Dagger","floor":12,"key":"SMITH"},{"floor":15,"key":"REST"},{"data":"Infinite Blades","floor":23,"key":"SMITH"},{"floor":25,"key":"REST"}],"circlet_count":0,"master_deck":["Strike_G+1","Strike_G+1","Strike_G+1","Strike_G+1","Strike_G+1","Defend_G+1","Defend_G+1","Defend_G+1","Defend_G+1","Defend_G+1","Survivor","Neutralize+1","Sucker Punch","Accuracy+1","Terror","Underhanded Strike","Distraction","Cloak And Dagger+1","Quick Slash","Calculated Gamble","Envenom+1","Flechettes+1","Quick Slash+1","Infinite Blades+1","Burst","Deflect+1","Corpse Explosion","Accuracy"],"relics":["Ring of the Snake","MealTicket","ThirstyCross","reliquary:BoilingFlask","Snake Skull","Black Star","Shovel","InkBottle","reliquary:Knoch"],"acts_visited":["Exordium","TheCity"],"potions_floor_usage":[4,27,27],"damage_taken":[{"damage":4,"enemies":"ats:Genji","floor":1,"turns":6},{"damage":0,"enemies":"Jaw Worm","floor":4,"turns":3},{"damage":0,"enemies":"2 Louse","floor":7,"turns":2},{"damage":16,"enemies":"Lagavulin","floor":11,"turns":6},{"damage":4,"enemies":"Exordium Wildlife","floor":13,"turns":2},{"damage":7,"enemies":"Large Slime","floor":14,"turns":5},{"damage":16,"enemies":"Hexaghost","floor":16,"turns":9},{"damage":12,"enemies":"2 Thieves","floor":18,"turns":4},{"damage":7,"enemies":"Chosen","floor":21,"turns":5},{"damage":10,"enemies":"Snecko","floor":24,"turns":5},{"damage":38,"enemies":"Slavers","floor":27,"turns":4},{"damage":11,"enemies":"Centurion and Healer","floor":28,"turns":5},{"damage":27,"enemies":"Shelled Parasite and Fungi","floor":29,"turns":3}],"seed_played":"-2261736035756328282","potions_obtained":[{"floor":4,"key":"Fruit Juice"},{"floor":13,"key":"CultistPotion"},{"floor":16,"key":"CultistPotion"},{"floor":18,"key":"GamblersBrew"},{"floor":21,"key":"Explosive Potion"},{"floor":27,"key":"CalmPotion"}],"is_trial":false,"path_per_floor":["M","$","?","M","?","R","M","$","T","R","E","R","M","M","R","B",null,"M","?","?","M","$","R","M","R","T","E","M","M"],"character_chosen":"THE_SILENT","items_purchased":["Accuracy","Terror","Infinite Blades","Burst"],"campfire_rested":2,"item_purchase_floors":[2,2,22,22],"current_hp_per_floor":[66,70,70,75,75,75,75,75,75,75,59,59,55,48,70,54,75,63,63,63,56,71,71,61,75,75,37,26,0,0],"gold":89,"neow_bonus":"RANDOM_COMMON_RELIC","is_daily":false,"chose_seed":false,"campfire_upgraded":4,"win_rate":0.0,"timestamp":1613877558,"path_taken":["M","$","?","M","?","R","M","?","T","R","E","R","?","M","R","BOSS","M","?","?","?","$","R","?","R","T","E","?","M"],"items_purchased_type":["Card","Card","Card","Card"],"build_version":"2020-12-22","purchased_purges":0,"victory":false,"max_hp_per_floor":[70,70,70,75,75,75,75,75,75,75,75,75,75,75,75,75,75,75,75,75,75,75,75,75,75,75,75,75,75,75],"card_choices":[{"not_picked":["Dagger Throw","Acrobatics"],"picked":"Sucker Punch","floor":1},{"not_picked":["Deadly Poison","Outmaneuver"],"picked":"Underhanded Strike","floor":4},{"not_picked":["Heel Hook","Poisoned Stab"],"picked":"Distraction","floor":7},{"not_picked":["Eviscerate","Sucker Punch"],"picked":"Cloak And Dagger","floor":11},{"not_picked":["All Out Attack","Outmaneuver"],"picked":"Quick Slash","floor":13},{"not_picked":["Slice","Expertise"],"picked":"Calculated Gamble","floor":14},{"not_picked":["Tools of the Trade","Phantasmal Killer"],"picked":"Envenom","floor":16},{"not_picked":["Tactician","Acrobatics"],"picked":"Flechettes+1","floor":18},{"not_picked":["Dagger Throw","Slice"],"picked":"Quick Slash+1","floor":21},{"not_picked":["Quick Slash","Slice"],"picked":"Deflect+1","floor":24},{"not_picked":["Deadly Poison","PiercingWail"],"picked":"Corpse Explosion","floor":27},{"not_picked":["Underhanded Strike+1","Reflex"],"picked":"Accuracy","floor":28}],"player_experience":96772,"relics_obtained":[{"floor":9,"key":"reliquary:BoilingFlask"},{"floor":11,"key":"Snake Skull"},{"floor":26,"key":"Shovel"},{"floor":27,"key":"InkBottle"},{"floor":27,"key":"reliquary:Knoch"}],"event_choices":[{"damage_healed":0,"gold_gain":0,"player_choice":"Simplicity","damage_taken":0,"max_hp_gain":0,"max_hp_loss":0,"event_name":"Back to Basics","floor":19,"gold_loss":0,"cards_upgraded":["Strike_G","Strike_G","Strike_G","Strike_G","Strike_G","Defend_G","Defend_G","Defend_G","Defend_G","Defend_G"]},{"damage_healed":0,"gold_gain":0,"player_choice":"Upgraded","damage_taken":0,"max_hp_gain":0,"max_hp_loss":0,"event_name":"Upgrade Shrine","floor":20,"gold_loss":0,"cards_upgraded":["Envenom"]}],"is_beta":false,"boss_relics":[{"not_picked":["relicPack:ShieldShield","Fusion Hammer"],"picked":"Black Star"}],"items_purged_floors":[],"is_endless":false,"potions_floor_spawned":[4,13,16,18,21,27],"killed_by":"Shelled Parasite and Fungi","ascension_level":0}}