{"host":"pqs17sqrgflf4eqa","time":1613939089,"event":{"mods":["AchievementEnabler","BaseMod","Bestiary","Better Altar","Better Match","Better Sensory Stone","Better Skull","Better Third Choice","Block Reminder","Bossed Relics","Colored Map","Colored Powertips","Curses Come First","Dark Map","DeckTracker","Defective Defect","Displayed Cursed Tome","Emptier Cage","Googly Eyes","Highlight Path","Minty Spire (QoL Compilation)","Permanent Neow","Poor People Problems","Quick Restart","Slay-I","StSLib","SuperFastMode","Synergy Search","Thieving Mod","Transform Curses","everything is the same but u backflip on backflip","slay the spire mod where everything is the same but ironclad has a cowboy hat"],"gold_per_floor":[212,212,222,241,8,34,34,46,98,117,117,179,179,189,189,293,293,310,330,99,24,24,50,62,96,145,145,19,19,44,55,55,154,154,166,166,179,0,0,26,26,55,55,81,91,109,34,46,46,46,46],"floor_reached":50,"language":"ENG","playtime":1081,"items_purged":["Strike_P"],"score":757,"play_id":"f826576e-01b5-44af-b954-a0416e596439","local_time":"20210221152449","is_ascension_mode":true,"campfire_choices":[{"data":"Vault","floor":7,"key":"SMITH"},{"data":"Vigilance","floor":15,"key":"SMITH"},{"floor":27,"key":"REST"},{"data":"Vault","floor":32,"key":"SMITH"},{"floor":49,"key":"REST"}],"circlet_count":0,"master_deck":["Strike_P","Strike_P","Strike_P","Defend_P","Defend_P","Defend_P","Eruption+1","Vigilance+1","Wallop","Worship","FollowUp","Brilliance+1","Halt","Vault+1","Consecrate","SashWhip","FollowUp","JustLucky","Blasphemy","SignatureMove+1","Swivel","WheelKick","Tantrum+1","Jack Of All Trades+1","Vault+1","Brilliance+1","Conclude+1","Scrawl","Sanctity","Crescendo+1","DevaForm","TalkToTheHand+1","SandsOfTime+1","Sanctity+1","ForeignInfluence+1","FearNoEvil+1"],"relics":["PureWater","Meat on the Bone","Bag of Marbles","Bag of Preparation","Philosopher\u0027s Stone","Lantern","Blood Vial","Molten Egg 2","Oddly Smooth Stone","Dream Catcher","SlaversCollar","Red Mask","White Beast Statue","Vajra","Prayer Wheel","TeardropLocket","PreservedInsect"],"acts_visited":["Exordium","TheCity","TheBeyond"],"potions_floor_usage":[6,6,12,16,18,19,33,33,48,50,50,50],"damage_taken":[{"damage":0,"enemies":"2 Louse","floor":1,"turns":2},{"damage":0,"enemies":"Cultist","floor":3,"turns":2},{"damage":3,"enemies":"Jaw Worm","floor":4,"turns":4},{"damage":35,"enemies":"Lagavulin","floor":6,"turns":3},{"damage":0,"enemies":"Looter","floor":8,"turns":2},{"damage":0,"enemies":"3 Louse","floor":10,"turns":2},{"damage":0,"enemies":"Lagavulin Event","floor":12,"turns":2},{"damage":0,"enemies":"Red Slaver","floor":14,"turns":1},{"damage":34,"enemies":"Hexaghost","floor":16,"turns":5},{"damage":0,"enemies":"2 Thieves","floor":18,"turns":3},{"damage":0,"enemies":"3 Byrds","floor":19,"turns":3},{"damage":24,"enemies":"Book of Stabbing","floor":23,"turns":5},{"damage":37,"enemies":"Centurion and Healer","floor":24,"turns":3},{"damage":0,"enemies":"Gremlin Leader","floor":25,"turns":4},{"damage":3,"enemies":"Slavers","floor":30,"turns":3},{"damage":0,"enemies":"Snake Plant","floor":31,"turns":1},{"damage":24,"enemies":"Automaton","floor":33,"turns":8},{"damage":0,"enemies":"Orb Walker","floor":35,"turns":1},{"damage":1,"enemies":"3 Shapes","floor":37,"turns":2},{"damage":21,"enemies":"Nemesis","floor":40,"turns":5},{"damage":20,"enemies":"Reptomancer","floor":42,"turns":5},{"damage":7,"enemies":"Giant Head","floor":44,"turns":6},{"damage":0,"enemies":"Sphere and 2 Shapes","floor":45,"turns":1},{"damage":8,"enemies":"4 Shapes","floor":46,"turns":1},{"damage":25,"enemies":"Transient","floor":48,"turns":6},{"damage":110,"enemies":"Awakened One","floor":50,"turns":5}],"seed_played":"-2043887321295618120","potions_obtained":[{"floor":3,"key":"AttackPotion"},{"floor":4,"key":"AttackPotion"},{"floor":8,"key":"FearPotion"},{"floor":14,"key":"SteroidPotion"},{"floor":16,"key":"Block Potion"},{"floor":30,"key":"AttackPotion"},{"floor":31,"key":"LiquidMemories"},{"floor":33,"key":"EssenceOfSteel"},{"floor":42,"key":"Regen Potion"},{"floor":44,"key":"DistilledChaos"},{"floor":46,"key":"FearPotion"},{"floor":48,"key":"Weak Potion"}],"is_trial":false,"path_per_floor":["M","?","M","M","$","E","R","M","T","M","?","?","?","M","R","B",null,"M","M","$","?","?","E","M","E","T","R","$","?","E","M","R","B",null,"M","?","M","?","?","E","$","E","T","E","M","M","$","M","R","B"],"character_chosen":"WATCHER","items_purchased":["Brilliance","Halt","BlessingOfTheForge","Lantern","WheelKick","Brilliance+1","EmptyFist+1"],"campfire_rested":2,"item_purchase_floors":[5,5,5,20,20,28,28],"current_hp_per_floor":[72,72,72,69,69,34,34,46,46,46,46,46,46,46,46,24,72,72,72,72,72,72,48,25,39,39,60,60,60,59,61,61,39,72,72,72,71,71,57,38,38,32,32,39,41,47,47,36,57,0,0],"gold":46,"neow_bonus":"HUNDRED_GOLD","is_daily":false,"chose_seed":false,"campfire_upgraded":3,"win_rate":0.0,"timestamp":1613939089,"path_taken":["M","?","?","M","?","E","R","M","T","M","?","?","?","?","R","BOSS","M","M","$","?","?","E","?","E","T","R","?","?","E","M","R","BOSS","M","?","M","?","?","E","?","E","T","E","?","M","$","M","R","BOSS"],"items_purchased_type":["Card","Card","Potion","Relic","Card","Card","Card"],"build_version":"2020-12-22","purchased_purges":1,"victory":false,"max_hp_per_floor":[72,72,72,72,72,72,72,72,72,72,72,72,72,72,72,72,72,72,72,72,72,72,72,72,72,72,72,72,72,72,72,72,72,72,72,72,72,72,72,72,72,72,72,72,72,72,72,72,72,72,72],"card_choices":[{"not_picked":["BowlingBash","Perseverance"],"picked":"Wallop","floor":1},{"not_picked":["Consecrate","Prostrate"],"picked":"Worship","floor":3},{"not_picked":["ThirdEye","JustLucky"],"picked":"FollowUp","floor":4},{"not_picked":["Worship","EmptyBody"],"picked":"Vault","floor":6},{"not_picked":["FlyingSleeves","EmptyFist"],"picked":"Consecrate","floor":8},{"not_picked":["EmptyFist","ClearTheMind"],"picked":"SashWhip","floor":10},{"not_picked":["CutThroughFate","ConjureBlade"],"picked":"FollowUp","floor":12},{"not_picked":["FlyingSleeves","CrushJoints"],"picked":"JustLucky","floor":14},{"not_picked":["LessonLearned","ConjureBlade"],"picked":"Blasphemy","floor":16},{"not_picked":["EmptyBody+1","WreathOfFlame"],"picked":"SignatureMove+1","floor":18},{"not_picked":["PathToVictory+1","FollowUp+1"],"picked":"Swivel","floor":19},{"not_picked":["FearNoEvil+1","Worship+1"],"picked":"Tantrum+1","floor":21},{"not_picked":["Finesse+1","Dramatic Entrance+1"],"picked":"Jack Of All Trades+1","floor":21},{"not_picked":["CarveReality","WindmillStrike"],"picked":"Vault","floor":23},{"not_picked":["FlyingSleeves","CutThroughFate","Evaluate"],"picked":"SKIP","floor":24},{"not_picked":["SashWhip+1","Worship+1","ReachHeaven+1"],"picked":"SKIP","floor":25},{"not_picked":["ConjureBlade","SashWhip+1","Wireheading"],"picked":"SKIP","floor":30},{"not_picked":["FlyingSleeves+1","ThirdEye"],"picked":"Conclude+1","floor":31},{"not_picked":["ConjureBlade","Brilliance+1"],"picked":"Scrawl","floor":33},{"not_picked":["Evaluate+1","SignatureMove+1"],"picked":"Sanctity","floor":35},{"not_picked":["FlyingSleeves+1","FollowUp+1"],"picked":"Crescendo+1","floor":37},{"not_picked":["EmptyBody+1","Swivel+1","Meditate+1"],"picked":"SKIP","floor":40},{"not_picked":["SpiritShield","Crescendo+1","Consecrate+1"],"picked":"SKIP","floor":42},{"not_picked":["FlyingSleeves+1","Prostrate+1","Crescendo+1"],"picked":"SKIP","floor":44},{"not_picked":["MentalFortress","FollowUp+1"],"picked":"TalkToTheHand+1","floor":45},{"not_picked":["Study","BattleHymn+1","InnerPeace"],"picked":"SKIP","floor":45},{"not_picked":["Worship+1","JustLucky+1"],"picked":"SandsOfTime+1","floor":46},{"not_picked":["Nirvana","Indignation+1"],"picked":"Sanctity+1","floor":46},{"not_picked":["Judgement","Crescendo+1"],"picked":"ForeignInfluence+1","floor":48},{"not_picked":["Consecrate+1","Perseverance+1"],"picked":"FearNoEvil+1","floor":48}],"player_experience":154158,"relics_obtained":[{"floor":6,"key":"Meat on the Bone"},{"floor":9,"key":"Bag of Marbles"},{"floor":12,"key":"Bag of Preparation"},{"floor":23,"key":"Blood Vial"},{"floor":25,"key":"Molten Egg 2"},{"floor":26,"key":"Oddly Smooth Stone"},{"floor":30,"key":"Dream Catcher"},{"floor":40,"key":"White Beast Statue"},{"floor":42,"key":"Prayer Wheel"},{"floor":43,"key":"TeardropLocket"},{"floor":44,"key":"PreservedInsect"}],"event_choices":[{"damage_healed":0,"gold_gain":0,"player_choice":"Upgraded","damage_taken":0,"max_hp_gain":0,"max_hp_loss":0,"event_name":"Upgrade Shrine","floor":2,"gold_loss":0,"cards_upgraded":["Eruption"]},{"damage_healed":0,"gold_gain":0,"player_choice":"Grow","damage_taken":0,"max_hp_gain":0,"max_hp_loss":0,"event_name":"Living Wall","floor":11,"gold_loss":0,"cards_upgraded":["Brilliance"]},{"damage_healed":0,"gold_gain":30,"player_choice":"Searched \u00272\u0027 times","damage_taken":0,"max_hp_gain":0,"max_hp_loss":0,"event_name":"Dead Adventurer","floor":12,"gold_loss":0},{"cards_removed":["Defend_P"],"damage_healed":0,"gold_gain":0,"player_choice":"Card Removal","damage_taken":0,"max_hp_gain":0,"max_hp_loss":0,"event_name":"Wheel of Change","floor":13,"gold_loss":0},{"damage_healed":0,"gold_gain":0,"player_choice":"2","damage_taken":0,"max_hp_gain":0,"max_hp_loss":0,"event_name":"betterMatch:BetterMatch","floor":21,"gold_loss":0,"cards_obtained":["betterMatch:UncommonCard","betterMatch:ColorlessUncommonCard"]},{"damage_healed":0,"gold_gain":0,"player_choice":"Ignored","damage_taken":0,"max_hp_gain":0,"max_hp_loss":0,"event_name":"Vampires","floor":22,"gold_loss":0},{"damage_healed":0,"gold_gain":0,"player_choice":"Ignored","damage_taken":0,"max_hp_gain":0,"max_hp_loss":0,"event_name":"Ghosts","floor":29,"gold_loss":0},{"cards_removed":["EmptyFist"],"damage_healed":0,"gold_gain":0,"player_choice":"Removed Attack","damage_taken":0,"max_hp_gain":0,"max_hp_loss":0,"event_name":"Falling","floor":36,"gold_loss":0},{"damage_healed":0,"gold_gain":0,"player_choice":"Paid","damage_taken":0,"relics_obtained":["Red Mask"],"max_hp_gain":0,"max_hp_loss":0,"event_name":"Tomb of Lord Red Mask","floor":38,"gold_loss":179},{"damage_healed":0,"gold_gain":3,"player_choice":"2","damage_taken":0,"max_hp_gain":0,"max_hp_loss":14,"event_name":"betterStone:BetterStone","floor":39,"gold_loss":0}],"is_beta":false,"boss_relics":[{"not_picked":["Astrolabe","SacredBark"],"picked":"Philosopher\u0027s Stone"},{"not_picked":["Pandora\u0027s Box","Fusion Hammer"],"picked":"SlaversCollar"}],"items_purged_floors":[47],"is_endless":false,"potions_floor_spawned":[3,4,8,14,16,30,31,33,42,44,45,46,48],"killed_by":"Awakened One","ascension_level":3}}