{"host":"arr6ayvbhtdnqgr2","time":1613927394,"event":{"mods":["BaseMod","Decade(王小明)","Downfall","Hermit","Marisa（F雨　魔理沙）","Minty Spire (QoL Compilation)","Remilia（蕾米莉亚）","Replay The Spire","StSLib","The Cursed"],"gold_per_floor":[115,115,115,130,130,130,149,178,178,5,39,54,84,84,84,208,208,224,247,64,64,83,83],"floor_reached":22,"language":"ZHS","playtime":1324,"items_purged":[],"score":261,"play_id":"16eb70d1-f8f1-4d63-80f6-5027275eb954","local_time":"20210222010954","daily_mods":["Draft","Shiny","Specialized","Vintage","Heirloom","Flight"],"is_ascension_mode":false,"campfire_choices":[{"floor":6,"key":"REST"},{"floor":15,"key":"REST"}],"circlet_count":0,"master_deck":["StarDustReverie","AbsoluteMagnitude","CollectingQuirk","SuperNova","BlazingStar","UltimateShortwave","CasketOfStar","MaximisePower","TreasureHunter","MillisecondPulsars","SatelliteIllusion","JA","BigCrunch","EscapeVelocity","ManaRampage","BinaryStars","FinalSpark+1","EnergyRecoil","EnergyRecoil","EnergyRecoil","EnergyRecoil","EnergyRecoil","ChargeUpSpray","GravityBeat","PowerUp","RefractionSpark","ShootTheMoon","WitchOfGreed","WitchLeyline","GrandCross","MeteoricShower","DarkMatter","6A","DeepEcoloBomb","Acceleration","AlicesGift","CasketOfStar+1","RefractionSpark+1","DC","EventHorizon","ShootingEcho","Parasite","Parasite","SuperPerseids","ManaRampage","MilkyWay","Transmutation","Dramatic Entrance","Secret Technique"],"relics":["BewitchedHakkero","Prayer Wheel","Mercury Hourglass","Ancient Tea Set","Happy Flower","Replay:Rubber Ducky","Regal Pillow","Vajra","Replay:Wax Seal","ShroomBag","Golden Idol","Pet Ghost","sneckomod:BlankCard","ReplayTheSpireMod:ShopPack","MutagenicStrength","Garlic"],"acts_visited":["Exordium","TheCity"],"potions_floor_usage":[19,19,19],"damage_taken":[{"damage":16,"enemies":"Jaw Worm","floor":1,"turns":4},{"damage":2,"enemies":"2 Louse","floor":4,"turns":2},{"damage":0,"enemies":"Cultist","floor":7,"turns":2},{"damage":3,"enemies":"Looter","floor":8,"turns":2},{"damage":0,"enemies":"Replay:BlueRogue","floor":11,"turns":3},{"damage":4,"enemies":"Large Slime","floor":12,"turns":2},{"damage":13,"enemies":"The Mushroom Lair","floor":13,"turns":3},{"damage":19,"enemies":"Slime Boss","floor":16,"turns":4},{"damage":28,"enemies":"2 Thieves","floor":18,"turns":3},{"damage":25,"enemies":"Shell Parasite","floor":19,"turns":2},{"damage":17,"enemies":"Centurion and Healer","floor":22,"turns":2}],"seed_played":"3745818164926437863","potions_obtained":[{"floor":1,"key":"Regen Potion"},{"floor":7,"key":"BottledSpark"},{"floor":16,"key":"champ:CounterPotion"},{"floor":19,"key":"Elixir"},{"floor":22,"key":"SteroidPotion"}],"is_trial":true,"path_per_floor":["M","?","?","M","?","R","M","M","T","$","E","M","?","?","R","B",null,"M","M","$","?","M"],"character_chosen":"MARISA","items_purchased":["RefractionSpark+1","DC","EventHorizon","MilkyWay","ReplayTheSpireMod:ShopPack"],"campfire_rested":2,"item_purchase_floors":[10,10,10,20,20],"current_hp_per_floor":[59,59,59,57,57,75,75,72,72,72,72,68,55,37,74,55,75,47,27,27,27,10,10],"gold":83,"neow_bonus":"","is_daily":false,"chose_seed":false,"campfire_upgraded":0,"win_rate":0.0,"timestamp":1613927394,"path_taken":["M","?","?","M","?","R","M","M","T","?","E","?","?","?","R","BOSS","M","M","$","?","M"],"items_purchased_type":["Card","Card","Card","Card","Relic"],"build_version":"2020-12-22","purchased_purges":0,"victory":false,"max_hp_per_floor":[75,75,75,75,75,75,75,75,75,75,75,75,75,75,75,75,75,75,75,75,75,75,75],"card_choices":[{"not_picked":["GravityBeat","IllusionStar"],"picked":"ChargeUpSpray","floor":0},{"not_picked":["DeepEcoloBomb","NonDirectionalLaser"],"picked":"GravityBeat","floor":0},{"not_picked":["MeteoricShower","EnergyRecoil"],"picked":"SuperPerseids","floor":0},{"not_picked":["NonDirectionalLaser","OpenUniverse"],"picked":"PowerUp","floor":0},{"not_picked":["Acceleration","SporeBomb"],"picked":"RefractionSpark","floor":0},{"not_picked":["UnstableBomb","NonDirectionalLaser"],"picked":"ShootTheMoon","floor":0},{"not_picked":["Acceleration","DC"],"picked":"WitchOfGreed","floor":0},{"not_picked":["6A","IllusionStar"],"picked":"WitchLeyline","floor":0},{"not_picked":["MilkyWay","WitchLeyline"],"picked":"GrandCross","floor":0},{"not_picked":["SporeBomb","WitchLeyline"],"picked":"MeteoricShower","floor":0},{"not_picked":["NonDirectionalLaser","PowerUp"],"picked":"DarkMatter","floor":0},{"not_picked":["ManaConvection","MachineGunSpark"],"picked":"6A","floor":0},{"not_picked":["NonDirectionalLaser","MeteoricShower"],"picked":"DeepEcoloBomb","floor":0},{"not_picked":["OpenUniverse","UnstableBomb"],"picked":"Acceleration","floor":0},{"not_picked":["LuminesStrike","AsteroidBelt"],"picked":"AlicesGift","floor":0},{"not_picked":["NonDirectionalLaser","Robbery"],"picked":"ShootingEcho","floor":11},{"not_picked":["6A","ManaConvection"],"picked":"SuperPerseids","floor":13},{"not_picked":["FinalSpark","EscapeVelocity"],"picked":"ManaRampage","floor":16},{"not_picked":["Chrysalis","HandOfGreed"],"picked":"Transmutation","floor":20},{"not_picked":["Flash of Steel","Deep Breath"],"picked":"Dramatic Entrance","floor":20},{"not_picked":["Magnetism","PanicButton"],"picked":"Secret Technique","floor":20}],"player_experience":50038,"relics_obtained":[{"floor":1,"key":"Mercury Hourglass"},{"floor":4,"key":"Ancient Tea Set"},{"floor":7,"key":"Happy Flower"},{"floor":8,"key":"Replay:Rubber Ducky"},{"floor":9,"key":"Regal Pillow"},{"floor":11,"key":"Vajra"},{"floor":12,"key":"Replay:Wax Seal"},{"floor":13,"key":"ShroomBag"},{"floor":18,"key":"Pet Ghost"},{"floor":19,"key":"sneckomod:BlankCard"},{"floor":22,"key":"Garlic"}],"event_choices":[{"damage_healed":0,"gold_gain":0,"player_choice":"Ignored","damage_taken":0,"max_hp_gain":0,"max_hp_loss":0,"event_name":"Liars Game","floor":3,"gold_loss":0},{"damage_healed":0,"gold_gain":0,"player_choice":"Fought Mushrooms","damage_taken":0,"max_hp_gain":0,"max_hp_loss":0,"event_name":"Mushrooms_MRS","floor":13,"gold_loss":0},{"damage_healed":0,"gold_gain":0,"player_choice":"Take Damage","damage_taken":18,"relics_obtained":["Golden Idol"],"max_hp_gain":0,"max_hp_loss":0,"event_name":"Golden Idol","floor":14,"gold_loss":0},{"damage_healed":0,"gold_gain":0,"player_choice":"Inject Mutagens","damage_taken":0,"relics_obtained":["MutagenicStrength"],"max_hp_gain":0,"max_hp_loss":0,"event_name":"Drug Dealer","floor":21,"gold_loss":0}],"is_beta":false,"boss_relics":[{"not_picked":["Runic Dome","ChewingGum"],"picked":"BewitchedHakkero"}],"items_purged_floors":[],"is_endless":false,"potions_floor_spawned":[1,7,16,19,22],"killed_by":"Centurion and Healer","ascension_level":0}}