{"host":"tf5skwcwe0vlu2md","time":1613908019,"event":{"mods":["BaseMod","Downfall","Highlight Path","Minty Spire (QoL Compilation)","Quick Restart","StSLib","The Hierophant"],"gold_per_floor":[117,136,116,131,141,174,174,186,186,219,276,376,409,421,421,421,421],"floor_reached":16,"playtime":590,"items_purged":[],"score":198,"play_id":"16543368-2b9e-4e55-8f45-9da4fecfb396","local_time":"20210221224659","is_ascension_mode":true,"campfire_choices":[{"data":"Sunder","floor":7,"key":"SMITH"},{"data":"Hyperbeam","floor":15,"key":"SMITH"}],"circlet_count":0,"master_deck":["Strike_B","Strike_B","Strike_B","Strike_B","Defend_B","Defend_B","Defend_B","Defend_B","Zap","Dualcast","Static Discharge","Sunder+1","Steam","Hyperbeam+1","Steam Power","Auto Shields"],"relics":["Cracked Core","FossilizedHelix","InkBottle","Strawberry","Darkstone Periapt"],"acts_visited":["Exordium"],"potions_floor_usage":[6,10,16,16],"damage_taken":[{"damage":5,"enemies":"Small Slimes","floor":1,"turns":3},{"damage":0,"enemies":"Jaw Worm","floor":2,"turns":2},{"damage":0,"enemies":"Cultist","floor":4,"turns":3},{"damage":6,"enemies":"2 Fungi Beasts","floor":5,"turns":3},{"damage":20,"enemies":"Lagavulin","floor":6,"turns":7},{"damage":0,"enemies":"Exordium Wildlife","floor":8,"turns":2},{"damage":0,"enemies":"Gremlin Nob","floor":10,"turns":3},{"damage":0,"enemies":"3 Sentries","floor":13,"turns":4},{"damage":0,"enemies":"Blue Slaver","floor":14,"turns":3},{"damage":30,"enemies":"Hexaghost","floor":16,"turns":9}],"seed_played":"7655648470651735743","potions_obtained":[{"floor":4,"key":"champ:CounterPotion"},{"floor":6,"key":"LiquidBronze"},{"floor":8,"key":"LiquidMemories"},{"floor":13,"key":"Swift Potion"}],"is_trial":false,"path_per_floor":["M","M","?","M","M","E","R","M","T","E","?","?","E","M","R","B"],"character_chosen":"DEFECT","items_purchased":[],"campfire_rested":0,"item_purchase_floors":[],"current_hp_per_floor":[49,49,49,49,43,23,23,23,23,30,30,30,30,30,30,0,0],"gold":421,"neow_bonus":"ONE_RARE_RELIC","is_daily":false,"chose_seed":false,"campfire_upgraded":2,"win_rate":0.0,"timestamp":1613908019,"path_taken":["M","M","?","M","M","E","R","M","T","E","?","?","E","?","R","BOSS"],"items_purchased_type":[],"build_version":"2020-12-13","purchased_purges":0,"victory":false,"max_hp_per_floor":[75,75,75,75,75,75,75,75,75,82,82,82,82,82,82,82,82],"card_choices":[{"not_picked":["Go for the Eyes","Steam"],"picked":"Static Discharge","floor":1},{"not_picked":["Streamline","Stack","Rebound"],"picked":"SKIP","floor":2},{"not_picked":["Reinforced Body","Genetic Algorithm"],"picked":"Sunder","floor":4},{"not_picked":["Scrape","Compile Driver","Tempest"],"picked":"SKIP","floor":5},{"not_picked":["Storm","Gash","Conserve Battery"],"picked":"SKIP","floor":6},{"not_picked":["Genetic Algorithm","Coolheaded"],"picked":"Steam","floor":8},{"not_picked":["Reprogram","Ball Lightning"],"picked":"Hyperbeam","floor":10},{"not_picked":["Go for the Eyes","Stack"],"picked":"Steam Power","floor":13},{"not_picked":["Reprogram","Cold Snap"],"picked":"Auto Shields","floor":14}],"player_experience":306298,"relics_obtained":[{"floor":6,"key":"InkBottle"},{"floor":10,"key":"Strawberry"},{"floor":13,"key":"Darkstone Periapt"}],"event_choices":[{"damage_healed":0,"gold_gain":0,"player_choice":"Left Gold","damage_taken":0,"max_hp_gain":0,"max_hp_loss":0,"event_name":"World of Goop","floor":3,"gold_loss":20},{"damage_healed":0,"gold_gain":57,"player_choice":"Gained Gold","damage_taken":0,"max_hp_gain":0,"max_hp_loss":0,"event_name":"Golden Wing","floor":11,"gold_loss":0},{"damage_healed":0,"gold_gain":100,"player_choice":"Pray","damage_taken":0,"max_hp_gain":0,"max_hp_loss":0,"event_name":"Golden Shrine","floor":12,"gold_loss":0}],"is_beta":false,"boss_relics":[],"items_purged_floors":[],"is_endless":false,"potions_floor_spawned":[4,6,8,13],"killed_by":"Hexaghost","ascension_level":3}}