{"host":"a4s27ghlnr83kbqz","time":1613909555,"event":{"mods":["AchievementEnabler","BaseMod","Colored Map","Minty Spire (QoL Compilation)","Permanent Neow","SuperFastMode"],"gold_per_floor":[113,139,211,223,72,104,104,138,138,138,138,158,82,116,116,187,187,199,199,199,216,64,64,77,106,153,166,192,205,305,334,334,411,411,427,427,46,61,78,111,111,146,171,198,198,209,125,142,142,142],"floor_reached":51,"language":"KOR","playtime":1465,"items_purged":["Strike_B","Strike_B","Strike_B","Zap"],"score":1995,"play_id":"7b610f63-b6d1-4a35-b382-7faa3d71f2fd","local_time":"20210221211235","is_ascension_mode":true,"campfire_choices":[{"data":"Hyperbeam","floor":7.0,"key":"SMITH"},{"data":"Dualcast","floor":10.0,"key":"SMITH"},{"data":"Beam Cell","floor":15.0,"key":"SMITH"},{"data":"Buffer","floor":23.0,"key":"SMITH"},{"floor":32,"key":"REST"},{"data":"Defragment","floor":45,"key":"SMITH"},{"data":"Loop","floor":49,"key":"SMITH"}],"circlet_count":0,"master_deck":["AscendersBane","Defend_B","Defend_B","Defend_B","Defend_B","Dualcast+1","Conserve Battery","Cold Snap","FTL","Hyperbeam+1","All For One","Ball Lightning","Static Discharge","Beam Cell+1","Buffer+1","Skim","All For One","Defragment+1","All For One","Gash","Echo Form","Creative AI","Panache","Redo+1","Core Surge","Go for the Eyes+1","Loop+1"],"relics":["Cracked Core","NeowsBlessing","Pen Nib","Kunai","Bag of Marbles","Potion Belt","Bottled Lightning","The Courier","Black Star","Anchor","Meat on the Bone","Omamori","Mango","Cables","FossilizedHelix","Gremlin Horn","Strawberry","Mummified Hand","Nuclear Battery","PreservedInsect","Smiling Mask","Question Card","DataDisk","HornCleat","Bag of Preparation","Bronze Scales"],"acts_visited":["Exordium","TheCity","TheBeyond"],"potions_floor_usage":[31,50,50,50,50],"damage_taken":[{"damage":0.0,"enemies":"Cultist","floor":1.0,"turns":1.0},{"damage":0.0,"enemies":"Jaw Worm","floor":4.0,"turns":1.0},{"damage":0.0,"enemies":"Lagavulin","floor":6.0,"turns":1.0},{"damage":0.0,"enemies":"3 Sentries","floor":8.0,"turns":2.0},{"damage":0.0,"enemies":"2 Louse","floor":12.0,"turns":2.0},{"damage":0.0,"enemies":"Lagavulin","floor":14.0,"turns":2.0},{"damage":30.0,"enemies":"Hexaghost","floor":16.0,"turns":7.0},{"damage":6.0,"enemies":"Shell Parasite","floor":18.0,"turns":3.0},{"damage":0.0,"enemies":"2 Thieves","floor":21.0,"turns":1.0},{"damage":0.0,"enemies":"3 Cultists","floor":24.0,"turns":2.0},{"damage":11.0,"enemies":"Book of Stabbing","floor":25.0,"turns":5.0},{"damage":33.0,"enemies":"Shelled Parasite and Fungi","floor":27.0,"turns":6.0},{"damage":0.0,"enemies":"Gremlin Leader","floor":28.0,"turns":4.0},{"damage":1.0,"enemies":"Centurion and Healer","floor":29.0,"turns":7.0},{"damage":0,"enemies":"Colosseum Slavers","floor":30,"turns":2},{"damage":19,"enemies":"Colosseum Nobs","floor":30,"turns":4},{"damage":28,"enemies":"Book of Stabbing","floor":31,"turns":5},{"damage":0,"enemies":"Champ","floor":33,"turns":10},{"damage":0,"enemies":"3 Darklings","floor":35,"turns":2},{"damage":0,"enemies":"Orb Walker","floor":38,"turns":4},{"damage":0,"enemies":"3 Darklings","floor":39,"turns":1},{"damage":0,"enemies":"Reptomancer","floor":40,"turns":1},{"damage":0,"enemies":"Giant Head","floor":42,"turns":6},{"damage":0,"enemies":"Reptomancer","floor":44,"turns":3},{"damage":0,"enemies":"Transient","floor":46,"turns":6},{"damage":0,"enemies":"Jaw Worm Horde","floor":48,"turns":2},{"damage":65,"enemies":"Donu and Deca","floor":50,"turns":6}],"seed_played":"-72352418943829802","potions_obtained":[{"floor":4.0,"key":"Explosive Potion"},{"floor":6.0,"key":"DistilledChaos"},{"floor":16.0,"key":"FearPotion"},{"floor":21.0,"key":"AttackPotion"},{"floor":28.0,"key":"PowerPotion"},{"floor":29.0,"key":"PowerPotion"},{"floor":30,"key":"Ancient Potion"},{"floor":33,"key":"PowerPotion"}],"is_trial":false,"path_per_floor":["M","T","T","M","$","E","R","E","T","R","?","M","$","E","R","B",null,"M","?","?","M","$","R","M","E","T","M","E","M","?","E","R","B",null,"M","?","$","M","M","E","?","E","T","E","R","M","$","M","R","B",null],"character_chosen":"DEFECT","items_purchased":["FTL","Static Discharge","Defragment","PreservedInsect","Panache","Loop"],"campfire_rested":1,"item_purchase_floors":[5,13,22,37,37,47],"current_hp_per_floor":[64,64,64,64,64,64,64,64,64,64,57,57,57,57,57,27,60,54,54,54,54,54,54,54,43,43,22,48,47,40,31,58,58,84,84,84,84,84,84,84,92,92,92,92,92,92,92,92,92,39],"gold":142,"neow_bonus":"THREE_ENEMY_KILL","is_daily":false,"chose_seed":false,"campfire_upgraded":6,"win_rate":0.0,"timestamp":1613909555,"path_taken":["M","?","?","M","?","E","R","E","T","R","?","?","$","E","R","BOSS","M","?","?","?","$","R","M","E","T","M","E","M","?","E","R","BOSS","M","?","$","M","M","E","?","E","T","E","R","M","$","?","R","BOSS"],"items_purchased_type":["Card","Card","Card","Relic","Card","Card"],"build_version":"2020-12-22","purchased_purges":4,"victory":true,"max_hp_per_floor":[71,71,71,71,71,71,71,71,71,71,71,71,71,71,71,71,71,71,71,71,71,71,71,71,71,71,71,85,85,85,92,92,92,92,92,92,92,92,92,92,92,92,92,92,92,92,92,92,92,92],"card_choices":[{"not_picked":["Steam","Leap"],"picked":"Conserve Battery","floor":1.0},{"not_picked":["Leap","Beam Cell"],"picked":"Cold Snap","floor":4.0},{"not_picked":["Compile Driver","Blizzard"],"picked":"Hyperbeam","floor":6.0},{"not_picked":["Rebound","Conserve Battery"],"picked":"All For One","floor":8.0},{"not_picked":["Storm","Aggregate"],"picked":"Ball Lightning","floor":12.0},{"not_picked":["Meteor Strike","Compile Driver"],"picked":"Beam Cell","floor":14.0},{"not_picked":["Creative AI","Multi-Cast"],"picked":"Buffer","floor":16.0},{"not_picked":["Leap","Barrage"],"picked":"Skim","floor":18.0},{"not_picked":["Conserve Battery","Fusion","Coolheaded"],"picked":"SKIP","floor":21.0},{"not_picked":["BootSequence+1","Redo","Beam Cell"],"picked":"SKIP","floor":24.0},{"not_picked":["Storm","Skim","Sunder"],"picked":"SKIP","floor":25.0},{"not_picked":["Barrage","Rebound","Ball Lightning"],"picked":"SKIP","floor":27.0},{"not_picked":["Thunder Strike","Coolheaded"],"picked":"All For One","floor":28.0},{"not_picked":["Streamline","Beam Cell"],"picked":"Gash","floor":29.0},{"not_picked":["Rebound+1","Streamline"],"picked":"Echo Form","floor":30},{"not_picked":["Reprogram+1","Redo","Hyperbeam"],"picked":"SKIP","floor":31},{"not_picked":["Core Surge","All For One"],"picked":"Creative AI","floor":33},{"not_picked":["Leap","Beam Cell","Consume"],"picked":"SKIP","floor":35},{"not_picked":["Darkness","Sweeping Beam","Lockon"],"picked":"SKIP","floor":38},{"not_picked":["Hologram+1","Cold Snap+1"],"picked":"Redo+1","floor":39},{"not_picked":["Compile Driver","Chill","Fission"],"picked":"SKIP","floor":40},{"not_picked":["Beam Cell","Barrage","Chaos"],"picked":"Core Surge","floor":42},{"not_picked":["Capacitor","Streamline","Auto Shields+1","Leap"],"picked":"SKIP","floor":44},{"not_picked":["Capacitor","Streamline","Auto Shields+1","Leap"],"picked":"SKIP","floor":44},{"not_picked":["Conserve Battery","Aggregate","FTL"],"picked":"Go for the Eyes+1","floor":46},{"not_picked":["Ball Lightning+1","Turbo","Barrage","Leap"],"picked":"SKIP","floor":48}],"player_experience":1146995,"relics_obtained":[{"floor":2.0,"key":"Pen Nib"},{"floor":3.0,"key":"Kunai"},{"floor":6.0,"key":"Bag of Marbles"},{"floor":8.0,"key":"Potion Belt"},{"floor":9.0,"key":"Bottled Lightning"},{"floor":14.0,"key":"The Courier"},{"floor":25.0,"key":"Anchor"},{"floor":25.0,"key":"Meat on the Bone"},{"floor":26.0,"key":"Omamori"},{"floor":28.0,"key":"Mango"},{"floor":28.0,"key":"Cables"},{"floor":30,"key":"FossilizedHelix"},{"floor":30,"key":"Gremlin Horn"},{"floor":31,"key":"Strawberry"},{"floor":31,"key":"Mummified Hand"},{"floor":40,"key":"Smiling Mask"},{"floor":40,"key":"Question Card"},{"floor":42,"key":"DataDisk"},{"floor":42,"key":"HornCleat"},{"floor":43,"key":"Bag of Preparation"},{"floor":44,"key":"Bronze Scales"}],"event_choices":[{"cards_removed":["Strike_B"],"damage_healed":0.0,"max_hp_gain":0.0,"max_hp_loss":0.0,"gold_gain":0.0,"event_name":"Golden Wing","player_choice":"Card Removal","floor":11.0,"gold_loss":0.0,"damage_taken":7.0},{"damage_healed":0.0,"max_hp_gain":0.0,"max_hp_loss":0.0,"gold_gain":0.0,"event_name":"Ghosts","player_choice":"Ignored","floor":19.0,"gold_loss":0.0,"damage_taken":0.0},{"damage_healed":0.0,"max_hp_gain":0.0,"max_hp_loss":0.0,"gold_gain":0.0,"event_name":"Duplicator","player_choice":"Copied","floor":20.0,"gold_loss":0.0,"damage_taken":0.0,"cards_obtained":["All For One"]},{"damage_healed":0,"gold_gain":0,"player_choice":"Fight","damage_taken":0,"max_hp_gain":0,"max_hp_loss":0,"event_name":"Colosseum","floor":30,"gold_loss":0},{"damage_healed":0,"gold_gain":0,"player_choice":"Fought Nobs","damage_taken":0,"max_hp_gain":0,"max_hp_loss":0,"event_name":"Colosseum","floor":30,"gold_loss":0},{"damage_healed":0,"gold_gain":0,"player_choice":"Ignored","damage_taken":0,"max_hp_gain":0,"max_hp_loss":0,"event_name":"Tomb of Lord Red Mask","floor":36,"gold_loss":0},{"damage_healed":8,"gold_gain":0,"player_choice":"Full Heal","damage_taken":0,"max_hp_gain":0,"max_hp_loss":0,"event_name":"Wheel of Change","floor":41,"gold_loss":0}],"is_beta":false,"boss_relics":[{"not_picked":["Inserter","FrozenCore"],"picked":"Black Star"},{"not_picked":["Tiny House","Coffee Dripper"],"picked":"Nuclear Battery"}],"items_purged_floors":[5,22,37,47],"is_endless":false,"potions_floor_spawned":[4,6,16,21,28,29,30,33,39,40,42,46],"ascension_level":17}}