{"host":"1bux2ns9kwx2qu1n","time":1613898814,"event":{"mods":["BaseMod","Colored Map","Colored Powertips","Hermit","Minty Spire (QoL Compilation)","Quick Restart","Relic Sorter","StSLib"],"gold_per_floor":[117,117,117,128,148,178,124,124,148,158,174,204,221,249,249,354,354,368,283,300,319,0,0,32,32,32,64,17,342,352,367,367,468,468,479,219,219,236,236,236,236],"floor_reached":40,"language":"ENG","playtime":1846,"items_purged":["hermit:OverwhelmingPower"],"score":638,"play_id":"b9fdb987-1bca-448a-8e41-6cb7fb6fd58f","local_time":"20210221041334","is_ascension_mode":true,"campfire_choices":[{"data":"hermit:PistolWhip","floor":8.0,"key":"SMITH"},{"floor":15.0,"key":"REST"},{"floor":23.0,"key":"REST"},{"floor":25.0,"key":"REST"},{"floor":32.0,"key":"REST"}],"circlet_count":0,"master_deck":["hermit:Snapshot+1","hermit:Covet","hermit:PistolWhip+1","hermit:Vantage","hermit:PistolWhip","hermit:EternalForm","hermit:NoHoldsBarred","hermit:Manifest","Sadistic Nature","hermit:RoundhouseKick","hermit:Manifest","hermit:Brawl","hermit:NoHoldsBarred","hermit:Adapt","hermit:NoHoldsBarred","hermit:Malice","hermit:Horror","hermit:Purgatory","hermit:WideOpen","hermit:Virtue","hermit:Glare","hermit:Brawl","hermit:Scavenge+1","Mayhem"],"relics":["Black Star","Whetstone","Mango","Nunchaku","Potion Belt","Bag of Preparation","White Beast Statue","StoneCalendar","SlaversCollar","Matryoshka","Oddly Smooth Stone","Ancient Tea Set","Anchor","Sundial","Darkstone Periapt","hermit:Spyglass","Happy Flower","Ice Cream","Old Coin","Pandora\u0027s Box"],"acts_visited":["Exordium","TheCity","TheBeyond"],"potions_floor_usage":[40,40],"damage_taken":[{"damage":2.0,"enemies":"Jaw Worm","floor":1.0,"turns":4.0},{"damage":0.0,"enemies":"Small Slimes","floor":4.0,"turns":3.0},{"damage":0.0,"enemies":"2 Louse","floor":5.0,"turns":1.0},{"damage":5.0,"enemies":"Gremlin Nob","floor":6.0,"turns":3.0},{"damage":1.0,"enemies":"Looter","floor":10.0,"turns":3.0},{"damage":11.0,"enemies":"Lots of Slimes","floor":11.0,"turns":3.0},{"damage":30.0,"enemies":"3 Sentries","floor":12.0,"turns":8.0},{"damage":9.0,"enemies":"Exordium Thugs","floor":13.0,"turns":3.0},{"damage":9.0,"enemies":"Lagavulin","floor":14.0,"turns":6.0},{"damage":22.0,"enemies":"Hexaghost","floor":16.0,"turns":7.0},{"damage":1.0,"enemies":"2 Thieves","floor":18.0,"turns":4.0},{"damage":29.0,"enemies":"Chosen","floor":20.0,"turns":5.0},{"damage":24.0,"enemies":"Centurion and Healer","floor":21.0,"turns":3.0},{"damage":25.0,"enemies":"Slavers","floor":24.0,"turns":7.0},{"damage":47.0,"enemies":"Book of Stabbing","floor":27.0,"turns":5.0},{"damage":0.0,"enemies":"Gremlin Leader","floor":29.0,"turns":6.0},{"damage":6.0,"enemies":"Shelled Parasite and Fungi","floor":30.0,"turns":5.0},{"damage":6.0,"enemies":"Cultist and Chosen","floor":31.0,"turns":4.0},{"damage":2.0,"enemies":"Champ","floor":33.0,"turns":7.0},{"damage":19.0,"enemies":"Orb Walker","floor":35.0,"turns":3.0},{"damage":17.0,"enemies":"3 Shapes","floor":38.0,"turns":6.0},{"damage":47,"enemies":"Nemesis","floor":40,"turns":4}],"seed_played":"1312939323268238019","potions_obtained":[{"floor":1.0,"key":"hermit:BlackBile"},{"floor":4.0,"key":"EssenceOfSteel"},{"floor":10.0,"key":"FairyPotion"},{"floor":12.0,"key":"LiquidMemories"},{"floor":14.0,"key":"SteroidPotion"},{"floor":16.0,"key":"Block Potion"},{"floor":18.0,"key":"CultistPotion"},{"floor":20.0,"key":"hermit:BlackBile"},{"floor":21.0,"key":"Strength Potion"},{"floor":24.0,"key":"Ancient Potion"},{"floor":27.0,"key":"ColorlessPotion"},{"floor":29.0,"key":"Fire Potion"},{"floor":30.0,"key":"Swift Potion"},{"floor":33.0,"key":"Energy Potion"},{"floor":35.0,"key":"LiquidMemories"},{"floor":38.0,"key":"Weak Potion"}],"is_trial":false,"path_per_floor":["M","?","$","M","M","E","$","R","T","M","M","E","M","E","R","B",null,"M","?","M","M","$","R","E","R","T","E","$","E","M","M","R","B",null,"M","$","?","M","?","E"],"character_chosen":"HERMIT","items_purchased":["hermit:Vantage","Oddly Smooth Stone","Sadistic Nature","hermit:Manifest","Mayhem"],"campfire_rested":4,"item_purchase_floors":[7,22,22,28,36],"current_hp_per_floor":[66,66,66,66,66,75,75,75,75,74,63,33,24,15,41,19,72,71,71,42,18,18,44,19,45,45,26,26,26,20,14,40,38,76,57,57,57,40,40,0,0],"gold":236,"neow_bonus":"BOSS_RELIC","is_daily":false,"chose_seed":false,"campfire_upgraded":1,"win_rate":0.0,"timestamp":1613898814,"path_taken":["M","?","$","M","M","E","$","R","T","M","M","E","M","E","R","BOSS","M","?","M","M","$","R","E","R","T","E","$","E","M","M","R","BOSS","M","$","?","M","?","E"],"items_purchased_type":["Card","Relic","Card","Card","Card"],"build_version":"2020-12-22","purchased_purges":1,"victory":false,"max_hp_per_floor":[75,75,75,75,75,89,89,89,89,89,89,89,89,89,89,89,89,89,89,89,89,89,89,89,89,89,89,89,89,89,89,89,89,89,89,89,89,89,89,89,89],"card_choices":[{"not_picked":["hermit:Roulette","hermit:Desperado","hermit:LuckOfTheDraw"],"picked":"SKIP","floor":1.0},{"not_picked":["hermit:Roulette","hermit:TakeCover"],"picked":"hermit:PistolWhip","floor":4.0},{"not_picked":["hermit:Roulette","hermit:HighCaliber","hermit:Dive"],"picked":"SKIP","floor":5.0},{"not_picked":["hermit:Purgatory","hermit:FullyLoaded","hermit:HighCaliber"],"picked":"SKIP","floor":6.0},{"not_picked":["hermit:Spite","hermit:Grudge"],"picked":"hermit:PistolWhip","floor":10.0},{"not_picked":["hermit:Deadeye","hermit:HighCaliber","hermit:Combo"],"picked":"SKIP","floor":11.0},{"not_picked":["hermit:SprayPray","hermit:OverwhelmingPower"],"picked":"hermit:EternalForm","floor":12.0},{"not_picked":["hermit:LuckOfTheDraw","hermit:Quickdraw","hermit:Misfire"],"picked":"SKIP","floor":13.0},{"not_picked":["hermit:Virtue","hermit:TakeCover","hermit:SprayPray"],"picked":"SKIP","floor":14.0},{"not_picked":["hermit:Gambit","hermit:Magnum"],"picked":"hermit:OverwhelmingPower","floor":16.0},{"not_picked":["hermit:SprayPray","hermit:Coalescence","hermit:Ricochet"],"picked":"SKIP","floor":18.0},{"not_picked":["hermit:CalledShot+1","hermit:Manifest"],"picked":"hermit:NoHoldsBarred","floor":20.0},{"not_picked":["hermit:CalledShot","hermit:Gestalt+1"],"picked":"hermit:Manifest","floor":21.0},{"not_picked":["hermit:GhostlyPresence","hermit:HoleUp+1"],"picked":"hermit:RoundhouseKick","floor":24.0},{"not_picked":["hermit:Misfire","hermit:Gambit","hermit:Ricochet"],"picked":"SKIP","floor":27.0},{"not_picked":["hermit:Maintenance","hermit:Determination+1"],"picked":"hermit:Brawl","floor":29.0},{"not_picked":["hermit:Spite+1","hermit:Desperado"],"picked":"hermit:PistolWhip","floor":30.0},{"not_picked":["hermit:HoleUp","hermit:BodyArmor+1"],"picked":"hermit:NoHoldsBarred","floor":31.0},{"not_picked":["hermit:BlackWind","hermit:HeroicBravado"],"picked":"hermit:Adapt","floor":33.0},{"not_picked":["hermit:LoneWolf","hermit:Quickdraw+1"],"picked":"hermit:Scavenge+1","floor":35.0},{"not_picked":["hermit:CalledShot+1","hermit:TakeCover+1","hermit:Coalescence"],"picked":"SKIP","floor":38.0}],"player_experience":863039,"relics_obtained":[{"floor":6.0,"key":"Whetstone"},{"floor":6.0,"key":"Mango"},{"floor":9.0,"key":"Nunchaku"},{"floor":12.0,"key":"Potion Belt"},{"floor":12.0,"key":"Bag of Preparation"},{"floor":14.0,"key":"White Beast Statue"},{"floor":14.0,"key":"StoneCalendar"},{"floor":24.0,"key":"Ancient Tea Set"},{"floor":24.0,"key":"Anchor"},{"floor":26.0,"key":"Sundial"},{"floor":26.0,"key":"Darkstone Periapt"},{"floor":27.0,"key":"hermit:Spyglass"},{"floor":27.0,"key":"Happy Flower"},{"floor":29.0,"key":"Ice Cream"},{"floor":29.0,"key":"Old Coin"}],"event_choices":[{"damage_healed":0.0,"max_hp_gain":0.0,"max_hp_loss":0.0,"gold_gain":0.0,"event_name":"The Cleric","player_choice":"Leave","floor":2.0,"gold_loss":0.0,"damage_taken":0.0},{"damage_healed":0.0,"max_hp_gain":0.0,"max_hp_loss":0.0,"gold_gain":0.0,"event_name":"Addict","player_choice":"Obtained Relic","floor":19.0,"gold_loss":85.0,"damage_taken":0.0,"relics_obtained":["Matryoshka"]},{"damage_healed":0.0,"max_hp_gain":0.0,"max_hp_loss":0.0,"gold_gain":0.0,"event_name":"Tomb of Lord Red Mask","player_choice":"Ignored","floor":37.0,"gold_loss":0.0,"damage_taken":0.0},{"cards_removed":["hermit:PistolWhip"],"damage_healed":0.0,"max_hp_gain":0.0,"max_hp_loss":0.0,"gold_gain":0.0,"event_name":"Falling","player_choice":"Removed Attack","floor":39.0,"gold_loss":0.0,"damage_taken":0.0}],"is_beta":false,"boss_relics":[{"not_picked":["hermit:DentedPlate","Philosopher\u0027s Stone"],"picked":"SlaversCollar"},{"not_picked":["Runic Dome","Snecko Eye"],"picked":"Pandora\u0027s Box"}],"items_purged_floors":[36],"is_endless":false,"potions_floor_spawned":[1,4,10,12,14,16,18,20,21,24,27,29,30,31,33,35,38],"killed_by":"Nemesis","ascension_level":6}}