{"host":"edndssuekvzbh3is","time":1613873646,"event":{"mods":["BaseMod","Colored Map","Colored Powertips","Minty Spire (QoL Compilation)","SuperFastMode"],"gold_per_floor":[111,127,127,139,104,104,130,162,197,209,232,272,301,329,341,457,469,491,520,552,84,183,183,196,196,196,196,221,233,233,5,5,104,104,115,115,164,182,195,195,195,195],"floor_reached":41,"language":"ENG","playtime":1650,"items_purged":["Strike_R"],"score":700,"play_id":"c6a73d26-b4bf-4532-bed9-e61b28b70c6d","local_time":"20210220211406","is_ascension_mode":true,"campfire_choices":[{"data":"Dark Embrace","floor":6,"key":"SMITH"},{"floor":15,"key":"REST"},{"data":"Corruption","floor":23,"key":"SMITH"},{"data":"Double Tap","floor":25,"key":"SMITH"},{"floor":27,"key":"REST"},{"data":"Fiend Fire","floor":30,"key":"SMITH"},{"data":"Reaper","floor":32,"key":"SMITH"},{"floor":40,"key":"REST"}],"circlet_count":0,"master_deck":["AscendersBane","Strike_R","Strike_R","Strike_R","Strike_R","Defend_R","Defend_R","Defend_R","Defend_R","Bash","Corruption+1","Cleave+1","Entrench","Dark Embrace+1","Intimidate","Fiend Fire+1","Seeing Red","Pommel Strike","Body Slam","Thunderclap","Seeing Red","Reaper+1","Pummel","Pommel Strike","Burning Pact","Ghostly Armor","Double Tap+1","Battle Trance","Burning Pact","Entrench","Bludgeon","Barricade","Feel No Pain","Armaments","Shrug It Off+1","Parasite","Sentinel","Flex"],"relics":["Burning Blood","MawBank","Toy Ornithopter","Strawberry","Dream Catcher","Snecko Eye","PreservedInsect","Nunchaku","Ancient Tea Set","Cursed Key","CaptainsWheel"],"acts_visited":["Exordium","TheCity","TheBeyond"],"potions_floor_usage":[7,11,16,16,18,29,33,33,33],"damage_taken":[{"damage":4,"enemies":"2 Louse","floor":1,"turns":4},{"damage":16,"enemies":"Jaw Worm","floor":2,"turns":5},{"damage":1,"enemies":"Cultist","floor":4,"turns":3},{"damage":28,"enemies":"Gremlin Nob","floor":7,"turns":6},{"damage":4,"enemies":"Exordium Wildlife","floor":8,"turns":3},{"damage":0,"enemies":"Looter","floor":11,"turns":3},{"damage":30,"enemies":"3 Sentries","floor":12,"turns":6},{"damage":7,"enemies":"2 Fungi Beasts","floor":13,"turns":3},{"damage":12,"enemies":"Blue Slaver","floor":14,"turns":4},{"damage":70,"enemies":"The Guardian","floor":16,"turns":7},{"damage":6,"enemies":"Spheric Guardian","floor":18,"turns":3},{"damage":12,"enemies":"Shell Parasite","floor":19,"turns":3},{"damage":27,"enemies":"Snecko","floor":20,"turns":4},{"damage":12,"enemies":"Centurion and Healer","floor":24,"turns":5},{"damage":0,"enemies":"Gremlin Leader","floor":28,"turns":2},{"damage":28,"enemies":"Shelled Parasite and Fungi","floor":29,"turns":4},{"damage":36,"enemies":"Champ","floor":33,"turns":10},{"damage":9,"enemies":"Orb Walker","floor":35,"turns":3},{"damage":76,"enemies":"2 Orb Walkers","floor":37,"turns":6},{"damage":10,"enemies":"3 Shapes","floor":38,"turns":5},{"damage":0,"enemies":"Writhing Mass","floor":39,"turns":3},{"damage":73,"enemies":"Nemesis","floor":41,"turns":5}],"seed_played":"5806996626745172371","potions_obtained":[{"floor":2,"key":"HeartOfIron"},{"floor":4,"key":"SneckoOil"},{"floor":8,"key":"Block Potion"},{"floor":11,"key":"BloodPotion"},{"floor":13,"key":"SmokeBomb"},{"floor":16,"key":"LiquidMemories"},{"floor":20,"key":"Block Potion"},{"floor":28,"key":"PowerPotion"},{"floor":29,"key":"Weak Potion"}],"is_trial":false,"path_per_floor":["M","M","?","M","?","R","E","M","T","?","M","E","M","M","R","B",null,"M","M","M","$","?","R","M","R","T","R","E","M","R","$","R","B",null,"M","?","?","M","M","R","E"],"character_chosen":"IRONCLAD","items_purchased":["Ghostly Armor","Double Tap","PreservedInsect","LiquidMemories","Entrench","Bludgeon","EssenceOfSteel"],"campfire_rested":3,"item_purchase_floors":[21,21,21,21,31,31,31],"current_hp_per_floor":[53,43,43,48,68,68,46,48,48,52,63,39,38,32,58,21,71,76,70,53,53,53,53,54,54,54,80,86,73,73,73,73,64,81,83,83,23,25,31,55,0,0],"gold":195,"neow_bonus":"THREE_RARE_CARDS","is_daily":false,"chose_seed":false,"campfire_upgraded":5,"win_rate":0.0,"timestamp":1613873646,"path_taken":["M","M","?","M","?","R","E","M","T","?","M","E","M","M","R","BOSS","M","M","M","$","?","R","M","R","T","R","E","M","R","$","R","BOSS","M","?","?","M","M","R","E"],"items_purchased_type":["Card","Card","Relic","Potion","Card","Card","Potion"],"build_version":"2020-12-22","purchased_purges":1,"victory":false,"max_hp_per_floor":[80,80,80,80,80,80,80,80,80,87,87,87,87,87,87,87,87,87,87,87,87,87,87,87,87,87,87,87,87,87,87,87,87,87,87,83,83,83,83,83,83,83],"card_choices":[{"not_picked":["Juggernaut","Exhume"],"picked":"Corruption","floor":0},{"not_picked":["Clash","Anger"],"picked":"Cleave","floor":1},{"not_picked":["Warcry","Thunderclap"],"picked":"Entrench","floor":2},{"not_picked":["Evolve","Twin Strike"],"picked":"Dark Embrace","floor":4},{"not_picked":["Havoc","Cleave"],"picked":"Intimidate","floor":7},{"not_picked":["Sword Boomerang","Flex"],"picked":"Fiend Fire","floor":8},{"not_picked":["Uppercut","Pummel"],"picked":"Seeing Red","floor":11},{"not_picked":["Intimidate","Cleave"],"picked":"Pommel Strike","floor":12},{"not_picked":["Rampage","Rupture"],"picked":"Body Slam","floor":13},{"not_picked":["Cleave","Iron Wave"],"picked":"Thunderclap","floor":14},{"not_picked":["Clothesline","Wild Strike"],"picked":"Seeing Red","floor":15},{"not_picked":["Juggernaut","Feed"],"picked":"Reaper","floor":16},{"not_picked":["Clothesline","Rampage"],"picked":"Pummel","floor":18},{"not_picked":["Intimidate","Iron Wave"],"picked":"Pommel Strike","floor":19},{"not_picked":["Hemokinesis","Wild Strike+1"],"picked":"Burning Pact","floor":20},{"not_picked":["Twin Strike","Evolve"],"picked":"Battle Trance","floor":24},{"not_picked":["Fire Breathing","Havoc+1"],"picked":"Burning Pact","floor":28},{"not_picked":["Headbutt+1","Blood for Blood","Clothesline+1"],"picked":"SKIP","floor":29},{"not_picked":["Fiend Fire","Brutality"],"picked":"Barricade","floor":33},{"not_picked":["Entrench","Iron Wave"],"picked":"Feel No Pain","floor":35},{"not_picked":["Body Slam+1","Dropkick"],"picked":"Armaments","floor":37},{"not_picked":["Headbutt+1","Metallicize+1"],"picked":"Shrug It Off+1","floor":38},{"not_picked":["Heavy Blade","Thunderclap"],"picked":"Sentinel","floor":39},{"not_picked":["Headbutt","Wild Strike"],"picked":"Flex","floor":40}],"player_experience":371361,"relics_obtained":[{"floor":7,"key":"MawBank"},{"floor":9,"key":"Toy Ornithopter"},{"floor":12,"key":"Dream Catcher"},{"floor":26,"key":"Nunchaku"},{"floor":28,"key":"Ancient Tea Set"},{"floor":37,"key":"CaptainsWheel"}],"event_choices":[{"damage_healed":0,"gold_gain":0,"player_choice":"Grow","damage_taken":0,"max_hp_gain":0,"max_hp_loss":0,"event_name":"Living Wall","floor":3,"gold_loss":0,"cards_upgraded":["Cleave"]},{"damage_healed":20,"gold_gain":0,"player_choice":"Healed","damage_taken":0,"max_hp_gain":0,"max_hp_loss":0,"event_name":"The Cleric","floor":5,"gold_loss":35},{"damage_healed":0,"gold_gain":0,"player_choice":"Success","damage_taken":3,"relics_obtained":["Strawberry"],"max_hp_gain":0,"max_hp_loss":0,"event_name":"Scrap Ooze","floor":10,"gold_loss":0},{"damage_healed":0,"gold_gain":99,"player_choice":"Stole From Cult","damage_taken":0,"max_hp_gain":0,"max_hp_loss":0,"event_name":"Nest","floor":22,"gold_loss":0},{"damage_healed":0,"gold_gain":0,"player_choice":"Max HP","damage_taken":0,"max_hp_gain":0,"max_hp_loss":4,"event_name":"Winding Halls","floor":36,"gold_loss":0},{"damage_healed":0,"gold_gain":0,"player_choice":"Fight","damage_taken":0,"max_hp_gain":0,"max_hp_loss":0,"event_name":"Mysterious Sphere","floor":37,"gold_loss":0}],"is_beta":false,"boss_relics":[{"not_picked":["Pandora\u0027s Box","Mark of Pain"],"picked":"Snecko Eye"},{"not_picked":["Velvet Choker","Runic Pyramid"],"picked":"Cursed Key"}],"items_purged_floors":[21],"is_endless":false,"potions_floor_spawned":[2,4,8,11,13,16,20,28,29],"killed_by":"Nemesis","ascension_level":10}}