{"host":"w9457b8yvvshrcoh","time":1613927317,"event":{"mods":["AchievementEnabler","BaseMod","Colored Map","Colored Powertips","Minty Spire (QoL Compilation)","Uncapped"],"gold_per_floor":[109,109,109,36,60,60,73,73,96,114,114,138,163,190,190,315,315,333,351,351,366,366,384,409,409,409],"floor_reached":25,"language":"ENG","playtime":1095,"items_purged":[],"score":197,"play_id":"5711a165-3b85-42af-b723-15b8c605ab5f","local_time":"20210221110837","is_ascension_mode":false,"campfire_choices":[{"data":"White Noise","floor":6,"key":"SMITH"},{"data":"Zap","floor":8,"key":"SMITH"},{"data":"White Noise","floor":11,"key":"SMITH"},{"data":"Melter","floor":15,"key":"SMITH"}],"circlet_count":0,"master_deck":["Strike_B","Strike_B","Strike_B","Strike_B+1","Defend_B","Defend_B","Defend_B","Defend_B","Zap+1","Dualcast+1","All For One","White Noise+1","Injury","Self Repair","Melter+1","Capacitor","White Noise+1","Gash","Cold Snap","Echo Form","Cold Snap","Static Discharge","RitualDagger","Fusion+1","Defragment","Conserve Battery+1"],"relics":["Cracked Core","Golden Idol","Anchor","Lantern","Inserter"],"acts_visited":["Exordium","TheCity"],"potions_floor_usage":[16,23,23,23,24],"damage_taken":[{"damage":10,"enemies":"Jaw Worm","floor":1,"turns":4},{"damage":5,"enemies":"Small Slimes","floor":5,"turns":4},{"damage":6,"enemies":"Cultist","floor":7,"turns":3},{"damage":4,"enemies":"Large Slime","floor":10,"turns":6},{"damage":1,"enemies":"Exordium Thugs","floor":12,"turns":3},{"damage":3,"enemies":"3 Louse","floor":13,"turns":2},{"damage":15,"enemies":"Slime Boss","floor":16,"turns":7},{"damage":15,"enemies":"Shell Parasite","floor":18,"turns":5},{"damage":18,"enemies":"2 Thieves","floor":19,"turns":5},{"damage":16,"enemies":"Snake Plant","floor":21,"turns":3},{"damage":5,"enemies":"Centurion and Healer","floor":23,"turns":6},{"damage":24,"enemies":"Snecko","floor":24,"turns":6},{"damage":27,"enemies":"Snake Plant","floor":25,"turns":2}],"seed_played":"-3870823105540191732","potions_obtained":[{"floor":5,"key":"Dexterity Potion"},{"floor":12,"key":"Fire Potion"},{"floor":18,"key":"FearPotion"},{"floor":21,"key":"Explosive Potion"},{"floor":23,"key":"Weak Potion"}],"is_trial":false,"path_per_floor":["M","?","?","$","M","R","M","R","T","M","R","M","M","T","R","B",null,"M","M","?","M","?","M","M","M"],"character_chosen":"DEFECT","items_purchased":["Self Repair"],"campfire_rested":0,"item_purchase_floors":[4],"current_hp_per_floor":[65,65,50,50,52,52,53,53,53,56,56,62,66,66,66,58,75,60,49,43,27,27,36,26,0,0],"gold":409,"neow_bonus":"ONE_RANDOM_RARE_CARD","is_daily":false,"chose_seed":false,"campfire_upgraded":4,"win_rate":0.0,"timestamp":1613927317,"path_taken":["M","?","?","$","M","R","M","R","T","M","R","M","M","?","R","BOSS","M","M","?","M","?","M","?","M"],"items_purchased_type":["Card"],"build_version":"2020-12-22","purchased_purges":0,"victory":false,"max_hp_per_floor":[75,75,75,75,75,75,75,75,75,75,75,75,75,75,75,75,75,75,75,75,75,75,75,75,75,75],"card_choices":[{"not_picked":["Conserve Battery","Doom and Gloom"],"picked":"White Noise","floor":1},{"not_picked":["Scrape","Double Energy"],"picked":"Melter","floor":5},{"not_picked":["Leap","Rebound"],"picked":"Capacitor","floor":7},{"not_picked":["Consume","Chaos"],"picked":"White Noise","floor":10},{"not_picked":["Reinforced Body","Beam Cell"],"picked":"Gash","floor":12},{"not_picked":["Steam","Consume"],"picked":"Cold Snap","floor":13},{"not_picked":["Buffer","Machine Learning"],"picked":"Echo Form","floor":16},{"not_picked":["Leap+1","FTL"],"picked":"Cold Snap","floor":18},{"not_picked":["Gash","Capacitor"],"picked":"Static Discharge","floor":19},{"not_picked":["Steam Power","Steam"],"picked":"Fusion+1","floor":21},{"not_picked":["Ball Lightning","Melter"],"picked":"Defragment","floor":23},{"not_picked":["Redo","Leap"],"picked":"Conserve Battery+1","floor":24}],"player_experience":33332,"relics_obtained":[{"floor":9,"key":"Anchor"},{"floor":14,"key":"Lantern"}],"event_choices":[{"damage_healed":0,"gold_gain":0,"player_choice":"Take Wound","damage_taken":0,"relics_obtained":["Golden Idol"],"max_hp_gain":0,"max_hp_loss":0,"event_name":"Golden Idol","floor":2,"gold_loss":0,"cards_obtained":["Injury"]},{"damage_healed":0,"gold_gain":0,"player_choice":"Entered Light","damage_taken":15,"max_hp_gain":0,"max_hp_loss":0,"event_name":"Shining Light","floor":3,"gold_loss":0,"cards_upgraded":["Strike_B","Dualcast"]},{"damage_healed":0,"gold_gain":0,"player_choice":"Joined the Cult","damage_taken":6,"max_hp_gain":0,"max_hp_loss":0,"event_name":"Nest","floor":20,"gold_loss":0,"cards_obtained":["RitualDagger"]},{"damage_healed":0,"gold_gain":0,"player_choice":"Bought 0 Potions","damage_taken":0,"max_hp_gain":0,"max_hp_loss":0,"event_name":"The Woman in Blue","floor":22,"gold_loss":0}],"is_beta":false,"boss_relics":[{"not_picked":["Astrolabe","Velvet Choker"],"picked":"Inserter"}],"items_purged_floors":[],"is_endless":false,"potions_floor_spawned":[5,12,18,21,23],"killed_by":"Snake Plant","ascension_level":0}}