{"host":"zk6vb2npgw3pu6j2","time":1613932547,"event":{"mods":["Act Like it!","Aspiration","Bard","BaseMod","Beaked The Cultist","Bestiary","Better Note","Better Sensory Stone","CapriCore","Conspire","Downfall","Friendly Minions","Gensokyo","GifTheSpireLib","Hermit","Hubris","Koishi","Marisa????????","Marked Mod","Minty Spire (QoL Compilation)","Quarter Circle Forward PUNCH!","Reimu??????","Reliquary","Replay The Spire","Retaliation","Ruina","StSLib","The Administrix","The Alterego","The Blue Laboratory","The Bug Knight","The Construct","The Exalted","The Hierophant","The Immortal","The Marked","The Runesmith","The Senshi","The Servant 0.9.4","The Wild Card","TheVacant","Wandering Minibosses","yUi"],"gold_per_floor":[99,115,133,147,47,61,61,61,61,74,102,116,101,101,113,113,113,113],"floor_reached":16,"language":"ENG","playtime":906,"items_purged":[],"score":104,"play_id":"67e7f6fc-82f5-4960-904e-d51a0c73cdc3","local_time":"20210221133547","is_ascension_mode":false,"campfire_choices":[{"floor":1,"key":"RECALL"},{"data":"bronze:Replicate","floor":8,"key":"SMITH"}],"circlet_count":0,"master_deck":["bronze:Strike","bronze:Strike","bronze:Defend","bronze:Defend","bronze:Defend","bronze:Replicate+1","bronze:Goto","bronze:Shield","bronze:WhirlingStrike","bronze:DelayedSlice","Ghostly","bronze:Return","Flechettes","Sucker Punch","hubris:TrickCloak","bronze:BurnOut","bronze:BugBarrage","bronze:MaxOutput","bronze:BugBarrage","bronze:WhirlingStrike"],"relics":["bronze:BronzeCore","Ancient Tea Set","qcfpunch:Wild_Herbs_Ointment"],"acts_visited":["Exordium"],"potions_floor_usage":[16,16],"damage_taken":[{"damage":2,"enemies":"2 Louse","floor":2,"turns":3},{"damage":2,"enemies":"Jaw Worm","floor":3,"turns":5},{"damage":0,"enemies":"Cultist","floor":4,"turns":3},{"damage":3,"enemies":"Blue Slaver","floor":6,"turns":4},{"damage":0,"enemies":"Gremlin Gang","floor":10,"turns":3},{"damage":40,"enemies":"Lagavulin","floor":11,"turns":9},{"damage":2,"enemies":"Exordium Wildlife","floor":12,"turns":2},{"damage":0,"enemies":"downfall:FleeingMerchant","floor":13,"turns":4},{"damage":2,"enemies":"downfall:LooterAlt","floor":15,"turns":4},{"damage":35,"enemies":"WA_ARCHETYPE_RETAIN","floor":16,"turns":6}],"seed_played":"-8459832290983756541","potions_obtained":[{"floor":3,"key":"LiquidBronze"},{"floor":11,"key":"PowerPotion"},{"floor":12,"key":"LifebloodPotion"}],"is_trial":false,"path_per_floor":["R","M","M","M","?","M","T","R","?","M","E","M","$","?","M","B"],"character_chosen":"THE_AUTOMATON","items_purchased":[],"campfire_rested":0,"item_purchase_floors":[],"current_hp_per_floor":[77,75,73,73,73,70,70,70,70,70,30,28,28,28,26,0,0,0],"gold":113,"neow_bonus":"TEN_PERCENT_HP_BONUS","is_daily":false,"chose_seed":false,"campfire_upgraded":1,"win_rate":0.0,"timestamp":1613932547,"path_taken":["R","M","M","M","?","M","T","R","?","?","E","M","$","?","M","BOSS"],"items_purchased_type":[],"build_version":"2020-12-22","purchased_purges":0,"victory":false,"max_hp_per_floor":[77,77,77,77,77,77,77,77,77,77,77,77,77,77,77,77,77,77],"card_choices":[{"not_picked":["bronze:Overheat","bronze:DelayedSlice"],"picked":"bronze:Shield","floor":2},{"not_picked":["bronze:BugBarrage","bronze:OilSpill"],"picked":"bronze:WhirlingStrike","floor":3},{"not_picked":["bronze:FineTuning","bronze:Invalidate"],"picked":"bronze:DelayedSlice","floor":4},{"not_picked":["bronze:Overheat","bronze:DelayedGuard"],"picked":"bronze:Return","floor":6},{"not_picked":["bronze:Shield","bronze:DelayedSlice"],"picked":"bronze:BurnOut","floor":10},{"not_picked":["bronze:Philosophize","bronze:BitShift"],"picked":"bronze:BugBarrage","floor":11},{"not_picked":["bronze:Turbo","bronze:Invalidate"],"picked":"bronze:MaxOutput","floor":12},{"not_picked":["bronze:NullPointer","bronze:Philosophize"],"picked":"bronze:BugBarrage","floor":13},{"not_picked":["bronze:ForLoop","bronze:Return"],"picked":"bronze:WhirlingStrike","floor":15}],"player_experience":310697,"relics_obtained":[{"floor":7,"key":"Ancient Tea Set"},{"floor":11,"key":"qcfpunch:Wild_Herbs_Ointment"}],"event_choices":[{"damage_healed":0,"gold_gain":0,"player_choice":"Argue","damage_taken":0,"max_hp_gain":0,"max_hp_loss":0,"event_name":"conspire:LoneGhost","floor":5,"gold_loss":0}],"is_beta":false,"boss_relics":[],"items_purged_floors":[],"is_endless":false,"potions_floor_spawned":[3,11,12,15],"killed_by":"WA_ARCHETYPE_RETAIN","ascension_level":0}}