{"host":"yecadp3kwkksam5a","time":1613910993,"event":{"mods":["BaseMod","Koishi","Minty Spire (QoL Compilation)","Replay The Spire","StSLib","SuperFastMode","The Cursed","The Gatherer"],"gold_per_floor":[119,137,154,79,93,93,93,125,150,169,179,179,208,208,208,279,279,299,569,600,31,31,31,47,47,47,47,47,147,147,72,122,134,134,212,212,231,281,15,33,45,65,65,65,115,115,115,144,159,190,190,190,190,190,65,95,95],"floor_reached":58,"language":"KOR","playtime":2415,"items_purged":["Strike_R","Strike_R","Anger"],"score":2316,"play_id":"4eb9f41a-406c-410c-939d-d056a191ab72","local_time":"20210221213633","is_ascension_mode":true,"campfire_choices":[{"data":"True Grit","floor":6.0,"key":"SMITH"},{"data":"Entrench","floor":15.0,"key":"SMITH"},{"data":"Dual Wield","floor":23,"key":"SMITH"},{"data":"Shockwave","floor":25,"key":"SMITH"},{"data":"Seeing Red","floor":34,"key":"SMITH"},{"data":"Double Tap","floor":44,"key":"SMITH"},{"data":"Body Slam","floor":47,"key":"SMITH"},{"floor":51,"key":"RECALL"},{"data":"Dark Embrace","floor":54,"key":"SMITH"}],"circlet_count":0,"master_deck":["AscendersBane","Defend_R","Defend_R","Defend_R","Defend_R","Bash","Shrug It Off","True Grit+1","Body Slam+1","Dropkick+1","Dual Wield+1","Entrench+1","Double Tap+1","Feel No Pain","Shockwave+1","Seeing Red+1","Dropkick","Evolve+1","Dark Embrace+1","True Grit+1","Shockwave","Second Wind","Seeing Red","Offering"],"relics":["Burning Blood","Juzu Bracelet","Red Skull","ReplayFunnel","Replay:Bronze Core","Red Mask","ReplayTheSpireMod:Ninjato","TheAbacus","Painkiller Herb","Ice Cream","DollysMirror","Happy Flower","PreservedInsect","Anchor","Garlic"],"acts_visited":["Exordium","TheCity","TheBeyond","TheEnding"],"potions_floor_usage":[16,50],"damage_taken":[{"damage":10.0,"enemies":"Small Slimes","floor":1.0,"turns":3.0},{"damage":2.0,"enemies":"Jaw Worm","floor":2.0,"turns":7.0},{"damage":6.0,"enemies":"Cultist","floor":3.0,"turns":6.0},{"damage":14.0,"enemies":"3 Louse","floor":5.0,"turns":5.0},{"damage":0.0,"enemies":"Lagavulin","floor":8.0,"turns":1.0},{"damage":0.0,"enemies":"Lots of Slimes","floor":10.0,"turns":1.0},{"damage":2.0,"enemies":"Looter","floor":11.0,"turns":3.0},{"damage":0.0,"enemies":"3 Sentries","floor":13.0,"turns":1.0},{"damage":12,"enemies":"Fading Forest","floor":16,"turns":7},{"damage":14,"enemies":"Shell Parasite","floor":18,"turns":7},{"damage":0,"enemies":"Masked Bandits","floor":20,"turns":1},{"damage":1,"enemies":"Spheric Guardian","floor":24,"turns":3},{"damage":0,"enemies":"Chosen and Byrds","floor":33,"turns":1},{"damage":2,"enemies":"Champ","floor":35,"turns":8},{"damage":9,"enemies":"3 Darklings","floor":37,"turns":3},{"damage":32,"enemies":"2 Orb Walkers","floor":38,"turns":4},{"damage":6,"enemies":"Orb Walker","floor":40,"turns":4},{"damage":0,"enemies":"Maw","floor":42,"turns":5},{"damage":0,"enemies":"Giant Head","floor":48,"turns":5},{"damage":0,"enemies":"Sphere and 2 Shapes","floor":49,"turns":6},{"damage":61,"enemies":"Reptomancer","floor":50,"turns":5},{"damage":1,"enemies":"Time Eater","floor":52,"turns":8},{"damage":21,"enemies":"Shield and Spear","floor":56,"turns":5},{"damage":19,"enemies":"The Heart","floor":57,"turns":6}],"seed_played":"-3258031626995832494","potions_obtained":[{"floor":2.0,"key":"GamblersBrew"},{"floor":11.0,"key":"SteroidPotion"},{"floor":18,"key":"Dexterity Potion"},{"floor":24,"key":"Block Potion"},{"floor":35,"key":"FairyPotion"}],"is_trial":false,"path_per_floor":["M","M","M","?","M","R","?","E","T","M","M","?","E","?","R","B",null,"M","?","?","$","?","R","M","R","T","PTL","PTL","?","?","$","?","M","R","B",null,"?","?","T","?","T","?","?","T","T","?","T","E","?","E","T","B",null,"T","T","E","B",null],"character_chosen":"IRONCLAD","items_purchased":["Feel No Pain","Shockwave","ReplayTheSpireMod:Ninjato","TheAbacus","DollysMirror","Second Wind"],"campfire_rested":0,"item_purchase_floors":[21,21,21,21,39,41],"current_hp_per_floor":[71,75,75,75,67,67,67,73,73,79,82,82,82,82,82,76,81,73,46,52,52,52,52,57,57,57,57,57,57,33,33,33,39,39,43,76,73,47,47,47,47,53,53,53,53,53,53,59,65,10,10,65,82,82,82,67,54],"gold":95,"neow_bonus":"TEN_PERCENT_HP_BONUS","is_daily":false,"chose_seed":false,"campfire_upgraded":8,"win_rate":0.0,"timestamp":1613910993,"path_taken":["M","M","M","?","M","R","?","E","T","M","M","?","E","?","R","BOSS","M","?","?","$","?","R","M","R","T","PTL","PTL","?","?","?","?","M","R","BOSS","?","?","T","?","T","?","?","T","T","?","T","E","?","E","T","BOSS","T","T","E","BOSS"],"items_purchased_type":["Card","Card","Relic","Relic","Relic","Card"],"build_version":"2020-12-22","purchased_purges":3,"victory":true,"max_hp_per_floor":[82,82,82,82,82,82,82,82,82,82,82,82,82,82,82,82,82,82,82,82,82,82,82,82,82,82,82,82,82,87,87,87,87,87,87,87,87,87,87,87,87,87,87,87,87,87,87,87,87,87,87,87,87,87,87,87,87],"card_choices":[{"not_picked":["ReplayTheSpireMod:Strike From Hell","Armaments"],"picked":"Shrug It Off","floor":1.0},{"not_picked":["Warcry","Flex"],"picked":"True Grit","floor":2.0},{"not_picked":["Ghostly Armor","Warcry"],"picked":"Anger","floor":3.0},{"not_picked":["Clash","Reaper"],"picked":"Body Slam","floor":5.0},{"not_picked":["Clash","Disarm","Wild Strike"],"picked":"SKIP","floor":8.0},{"not_picked":["Ghostly Armor","Pommel Strike"],"picked":"Dropkick","floor":10.0},{"not_picked":["Flex","Warcry"],"picked":"Dual Wield","floor":11.0},{"not_picked":["Rupture","Havoc"],"picked":"Entrench","floor":13.0},{"not_picked":["Eclipse","Reaper"],"picked":"Double Tap","floor":16},{"not_picked":["Clash","Reckless Charge","Power Through"],"picked":"SKIP","floor":18},{"not_picked":["Bloodletting","Replay:Undeath\u0027s Touch"],"picked":"Dropkick","floor":24},{"not_picked":["ReplayTheSpireMod:Stacked","Rampage","Havoc"],"picked":"SKIP","floor":33},{"not_picked":["Clothesline+1","Battle Trance"],"picked":"Evolve+1","floor":37},{"not_picked":["Run Through","ReplayReversal"],"picked":"Dark Embrace","floor":38},{"not_picked":["Shockwave","True Grit","Flame Barrier"],"picked":"SKIP","floor":40},{"not_picked":["True Grit","Flame Barrier"],"picked":"Shockwave","floor":40},{"not_picked":["Whirlwind","Sword Boomerang","Flame Barrier"],"picked":"SKIP","floor":42},{"not_picked":["Seeing Red","Iron Wave+1","Feel No Pain"],"picked":"SKIP","floor":48},{"not_picked":["Iron Wave+1","Feel No Pain"],"picked":"Seeing Red","floor":48},{"not_picked":["Body Slam+1","ReplayTheSpireMod:LeadingStrike+1","Sword Boomerang"],"picked":"SKIP","floor":49},{"not_picked":["Wild Strike+1","Ghostly Armor","Headbutt+1"],"picked":"SKIP","floor":50},{"not_picked":["Carnage","Headbutt"],"picked":"Offering","floor":56}],"player_experience":647247,"relics_obtained":[{"floor":8.0,"key":"Juzu Bracelet"},{"floor":9.0,"key":"Red Skull"},{"floor":13.0,"key":"ReplayFunnel"},{"floor":20,"key":"Red Mask"},{"floor":38,"key":"Ice Cream"},{"floor":45,"key":"Happy Flower"},{"floor":48,"key":"PreservedInsect"},{"floor":50,"key":"Anchor"},{"floor":56,"key":"Garlic"}],"event_choices":[{"cards_removed":["Strike_R"],"damage_healed":0.0,"max_hp_gain":0.0,"max_hp_loss":0.0,"gold_gain":0.0,"event_name":"The Cleric","player_choice":"Card Removal","floor":4.0,"gold_loss":75.0,"damage_taken":0.0},{"damage_healed":0.0,"max_hp_gain":0.0,"max_hp_loss":0.0,"gold_gain":0.0,"event_name":"Liars Game","player_choice":"Ignored","floor":7.0,"gold_loss":0.0,"damage_taken":0.0},{"cards_removed":["Strike_R"],"damage_healed":0.0,"max_hp_gain":0.0,"max_hp_loss":0.0,"gold_gain":0.0,"event_name":"Purifier","player_choice":"Purged","floor":12.0,"gold_loss":0.0,"damage_taken":0.0},{"damage_healed":0,"gold_gain":270,"player_choice":"GOLD GOLD GOLD ","damage_taken":27,"max_hp_gain":0,"max_hp_loss":0,"event_name":"Knowing Skull","floor":19,"potions_obtained":[],"gold_loss":0,"cards_obtained":[]},{"damage_healed":0,"gold_gain":0,"player_choice":"Fought Bandits","damage_taken":0,"max_hp_gain":0,"max_hp_loss":0,"event_name":"Masked Bandits","floor":20,"gold_loss":0},{"damage_healed":0,"gold_gain":0,"player_choice":"Read","damage_taken":0,"max_hp_gain":0,"max_hp_loss":0,"event_name":"The Library","floor":22,"gold_loss":0,"cards_obtained":["Seeing Red"]},{"damage_healed":0,"gold_gain":0,"player_choice":"Shed Blood","damage_taken":29,"max_hp_gain":5,"max_hp_loss":0,"event_name":"Forgotten Altar","floor":30,"gold_loss":0},{"damage_healed":0,"gold_gain":50,"player_choice":"Stole From Cult","damage_taken":0,"max_hp_gain":0,"max_hp_loss":0,"event_name":"Nest","floor":32,"gold_loss":0},{"damage_healed":0,"gold_gain":0,"player_choice":"Fight","damage_taken":0,"max_hp_gain":0,"max_hp_loss":0,"event_name":"Mysterious Sphere","floor":38,"gold_loss":0},{"cards_removed":["Strike_R"],"damage_healed":0,"gold_gain":0,"player_choice":"Purged","damage_taken":0,"max_hp_gain":0,"max_hp_loss":0,"event_name":"Purifier","floor":43,"gold_loss":0},{"damage_healed":0,"gold_gain":0,"player_choice":"Ignored","damage_taken":0,"max_hp_gain":0,"max_hp_loss":0,"event_name":"SecretPortal","floor":46,"gold_loss":0}],"is_beta":false,"boss_relics":[{"not_picked":["Ring of Chaos","Replay:Ancient Bell"],"picked":"Replay:Bronze Core"},{"not_picked":["Calling Bell","Mark of Pain"],"picked":"Painkiller Herb"}],"items_purged_floors":[31,39,55],"is_endless":false,"potions_floor_spawned":[2,11,13,18,24,33,35,37,48],"ascension_level":19}}