{"host":"6h53a8yusadhw57r","time":1613922234,"event":{"mods":["BaseMod","Infinite Spire","KomeijiMod","Minty Spire (QoL Compilation)","StSLib"],"gold_per_floor":[118,118,118,134,154,180,205,130,130,186,186,212,239,239,239],"floor_reached":14,"language":"FRA","playtime":2170,"items_purged":["Strike_Komeiji"],"score":163,"play_id":"a6461f12-d683-4e34-b2a9-c77f7e5a1030","local_time":"20210221164354","is_ascension_mode":true,"campfire_choices":[{"data":"NarrowSpark","floor":11,"key":"SMITH"}],"circlet_count":0,"master_deck":["Strike_Komeiji","Strike_Komeiji","Strike_Komeiji","Defend_Komeiji","Defend_Komeiji","Defend_Komeiji","Defend_Komeiji","Dash_Komeiji+1","BlessingOfTime","NarrowSpark+1","HenyouMirume","Mishyaguji+1"],"relics":["KomeijisEye","SpellCardsRule","MusicBox","Sundial","Dead Branch","CrystalOfMemory","Du-Vu Doll","CeramicFish","Bronze Scales"],"acts_visited":["Exordium"],"potions_floor_usage":[13],"damage_taken":[{"damage":0,"enemies":"2 Louse","floor":1,"turns":18},{"damage":2,"enemies":"Jaw Worm","floor":4,"turns":8},{"damage":2,"enemies":"Small Slimes","floor":5,"turns":6},{"damage":32,"enemies":"3 Sentries","floor":6,"turns":34},{"damage":0,"enemies":"Looter","floor":7,"turns":3},{"damage":0,"enemies":"Gremlin Nob","floor":10,"turns":4},{"damage":12,"enemies":"Large Slime","floor":13,"turns":2},{"damage":21,"enemies":"3 Sentries","floor":14,"turns":3}],"seed_played":"267825651486305328","potions_obtained":[{"floor":7,"key":"Ancient Potion"},{"floor":10,"key":"FearPotion"},{"floor":13,"key":"Ancient Potion"}],"is_trial":false,"path_per_floor":["M","?","?","M","M","E","M","$","T","E","R","T","M","E"],"character_chosen":"KomeijiSatori","items_purchased":[],"campfire_rested":0,"item_purchase_floors":[],"current_hp_per_floor":[50,50,55,55,55,55,55,55,55,55,55,55,43,22,22],"gold":239,"neow_bonus":"UPGRADE_CARD","is_daily":false,"chose_seed":false,"campfire_upgraded":1,"win_rate":0.0,"timestamp":1613922234,"path_taken":["M","?","?","M","M","E","M","?","T","E","R","?","M","E"],"items_purchased_type":[],"build_version":"2020-12-22","purchased_purges":1,"victory":false,"max_hp_per_floor":[50,50,55,55,55,55,55,55,55,55,55,55,55,55,55],"card_choices":[{"not_picked":["Sabishigari+1","NingyouKasou+1","HisouNoKen"],"picked":"SKIP","floor":1},{"not_picked":["DemonLordCradle","Sabishigari+1","JyouchiJin+1"],"picked":"SKIP","floor":4},{"not_picked":["NingyouKisou+1","HisouNoKen"],"picked":"NarrowSpark","floor":5},{"not_picked":["KokorosuKi+1","KeiseiJin+1","MakuraSeki"],"picked":"SKIP","floor":6},{"not_picked":["NingyouSousou+1","HagoromoMizu"],"picked":"HenyouMirume","floor":7},{"not_picked":["Agarareta+1","WumiGaWareru"],"picked":"Mishyaguji+1","floor":10},{"not_picked":["KokorosuKi+1","MakuraSeki","Agarareta+1"],"picked":"SKIP","floor":13}],"player_experience":414077,"relics_obtained":[{"floor":2,"key":"Sundial"},{"floor":6,"key":"Dead Branch"},{"floor":6,"key":"CrystalOfMemory"},{"floor":9,"key":"Du-Vu Doll"},{"floor":10,"key":"CeramicFish"},{"floor":12,"key":"Bronze Scales"}],"event_choices":[{"damage_healed":0,"gold_gain":0,"player_choice":"Donut","damage_taken":0,"max_hp_gain":5,"max_hp_loss":0,"event_name":"Big Fish","floor":3,"gold_loss":0}],"is_beta":false,"boss_relics":[],"items_purged_floors":[8],"is_endless":false,"potions_floor_spawned":[7,10,13],"killed_by":"3 Sentries","ascension_level":6}}