{"host":"a3wpq7kyokchzawk","time":1613935189,"event":{"mods":["BaseMod","Colored Map","Highlight Path","Minty Spire (QoL Compilation)","Permanent Neow","Potion Indicator Mod","Relic Stats","Weighted Paths"],"gold_per_floor":[365,365,515,38,52,52,76,151,177,192,192,76,94,94,94,94,94],"floor_reached":16,"language":"ENG","playtime":817,"items_purged":["Doubt"],"score":180,"play_id":"03adf186-7c0d-44a1-a764-1dd5aa11e4ea","local_time":"20210221161949","is_ascension_mode":true,"campfire_choices":[{"data":"Armaments","floor":6,"key":"SMITH"},{"data":"Immolate","floor":11,"key":"SMITH"},{"floor":15,"key":"RECALL"}],"circlet_count":0,"master_deck":["AscendersBane","Strike_R","Strike_R","Strike_R","Strike_R","Strike_R","Defend_R","Defend_R","Defend_R","Defend_R","Bash+1","Whirlwind","Feel No Pain","Armaments+1","PanicButton","Feel No Pain","Heavy Blade","Immolate+1","Spot Weakness","Feel No Pain","Headbutt"],"relics":["Burning Blood","Golden Idol","Happy Flower","Red Skull"],"acts_visited":["Exordium"],"potions_floor_usage":[],"damage_taken":[{"damage":6,"enemies":"Cultist","floor":1,"turns":4},{"damage":4,"enemies":"Small Slimes","floor":5,"turns":4},{"damage":0,"enemies":"2 Louse","floor":7,"turns":1},{"damage":0,"enemies":"Gremlin Gang","floor":10,"turns":2},{"damage":17,"enemies":"Large Slime","floor":13,"turns":3},{"damage":46,"enemies":"The Guardian","floor":16,"turns":5}],"seed_played":"8517902402337578433","potions_obtained":[{"floor":10,"key":"SpeedPotion"}],"is_trial":false,"path_per_floor":["M","?","?","$","M","R","M","?","T","M","R","$","M","?","R","B"],"character_chosen":"IRONCLAD","items_purchased":["Happy Flower","Feel No Pain","Armaments","PanicButton","Spot Weakness","Feel No Pain"],"campfire_rested":0,"item_purchase_floors":[4,4,4,4,12,12],"current_hp_per_floor":[68,62,62,62,62,62,62,51,51,57,57,57,46,46,46,0,0],"gold":94,"neow_bonus":"TWO_FIFTY_GOLD","is_daily":false,"chose_seed":false,"campfire_upgraded":2,"win_rate":0.0,"timestamp":1613935189,"path_taken":["M","?","?","$","M","R","M","?","T","M","R","$","M","?","R","BOSS"],"items_purchased_type":["Relic","Card","Card","Card","Card","Card"],"build_version":"2020-12-22","purchased_purges":1,"victory":false,"max_hp_per_floor":[68,62,62,62,62,62,62,62,62,62,62,62,62,62,62,62,62],"relic_stats":{"Happy Flower":[5],"counters":[6,19],"Golden Idol":15,"obtain_stats":[{"Happy Flower":4,"Golden Idol":2,"Burning Blood":0,"Red Skull":9},{"Happy Flower":1,"Golden Idol":1,"Burning Blood":0,"Red Skull":3},{"Happy Flower":4,"Golden Idol":4,"Burning Blood":0,"Red Skull":9}],"Burning Blood":22},"card_choices":[{"not_picked":["Shrug It Off","Infernal Blade"],"picked":"Whirlwind","floor":1},{"not_picked":["Sentinel","Clash"],"picked":"Feel No Pain","floor":5},{"not_picked":["Perfected Strike","Iron Wave"],"picked":"Heavy Blade","floor":7},{"not_picked":["True Grit","Anger"],"picked":"Immolate","floor":10},{"not_picked":["Clothesline","Heavy Blade"],"picked":"Headbutt","floor":13}],"player_experience":2836100,"relics_obtained":[{"floor":9,"key":"Red Skull"}],"event_choices":[{"damage_healed":0,"gold_gain":0,"player_choice":"Lose Max HP","damage_taken":0,"relics_obtained":["Golden Idol"],"max_hp_gain":0,"max_hp_loss":6,"event_name":"Golden Idol","floor":2,"gold_loss":0},{"damage_healed":0,"gold_gain":150,"player_choice":"AGREE","damage_taken":0,"max_hp_gain":0,"max_hp_loss":0,"event_name":"Liars Game","floor":3,"gold_loss":0,"cards_obtained":["Doubt"]},{"damage_healed":0,"gold_gain":75,"player_choice":"Gather Gold","damage_taken":11,"max_hp_gain":0,"max_hp_loss":0,"event_name":"World of Goop","floor":8,"gold_loss":0},{"damage_healed":0,"gold_gain":0,"player_choice":"Upgraded","damage_taken":0,"max_hp_gain":0,"max_hp_loss":0,"event_name":"Upgrade Shrine","floor":14,"gold_loss":0,"cards_upgraded":["Bash"]}],"is_beta":false,"boss_relics":[],"items_purged_floors":[4],"is_endless":false,"potions_floor_spawned":[10],"killed_by":"The Guardian","ascension_level":20}}