{"host":"1e3ivg30op4goso1","time":1613947907,"event":{"mods":["AchievementEnabler","Ascension Unlocker","BaseMod","Colored Map","Minty Spire (QoL Compilation)","Permanent Neow","Quick Restart","Relic Filter","StSLib","SuperFastMode"],"gold_per_floor":[111,61,61,61,73,73,91,116,116,116,116,116,128,140,152,283,295,327,355,367,402,414,465,477,513,549,584,596,329,329,342,342,468,468,491,491,168,186,209,250,583,603,630,243,270,282,313,333,333,333],"floor_reached":51,"language":"ENG","playtime":2456,"items_purged":["Strike_B"],"score":1175,"play_id":"f981f024-f184-4506-ba03-7d4f18a31aed","local_time":"20210221175147","is_ascension_mode":true,"campfire_choices":[{"data":"Defend_B","floor":6.0,"key":"SMITH"},{"data":"Regret","floor":11.0,"key":"PURGE"},{"data":"Injury","floor":15.0,"key":"PURGE"},{"floor":24.0,"key":"REST"},{"data":"Strike_B","floor":28.0,"key":"PURGE"},{"floor":30.0,"key":"REST"},{"data":"Strike_B","floor":32.0,"key":"PURGE"},{"floor":49,"key":"REST"}],"circlet_count":0,"master_deck":["AscendersBane","Strike_B","Defend_B+1","Defend_B+1","Defend_B","Compile Driver+1","Hyperbeam+1","Gash","Reprogram","Gash","FTL","Leap+1","Reprogram","Hyperbeam+1","Finesse","Gash","All For One","CurseOfTheBell","Madness","Gash+1","Beam Cell+1","Reboot","Secret Technique","Go for the Eyes+1"],"relics":["Astrolabe","Sundial","Peace Pipe","Mercury Hourglass","MawBank","Incense Burner","Fusion Hammer","Nunchaku","Anchor","DollysMirror","Calling Bell","Oddly Smooth Stone","Molten Egg 2","Thread and Needle","Kunai","MealTicket","PreservedInsect","Regal Pillow","Ancient Tea Set","Bronze Scales"],"acts_visited":["Exordium","TheCity","TheBeyond"],"potions_floor_usage":[50,50,50,50],"damage_taken":[{"damage":7.0,"enemies":"Jaw Worm","floor":1.0,"turns":2.0},{"damage":5.0,"enemies":"Small Slimes","floor":5.0,"turns":2.0},{"damage":3.0,"enemies":"Cultist","floor":7.0,"turns":3.0},{"damage":23.0,"enemies":"Lagavulin","floor":8.0,"turns":6.0},{"damage":6.0,"enemies":"Hexaghost","floor":16.0,"turns":9.0},{"damage":6.0,"enemies":"Chosen","floor":18.0,"turns":3.0},{"damage":6.0,"enemies":"3 Byrds","floor":19.0,"turns":2.0},{"damage":29.0,"enemies":"Shelled Parasite and Fungi","floor":21.0,"turns":4.0},{"damage":32.0,"enemies":"Gremlin Leader","floor":23.0,"turns":5.0},{"damage":9.0,"enemies":"Snake Plant","floor":25.0,"turns":4.0},{"damage":12.0,"enemies":"Snecko","floor":27.0,"turns":4.0},{"damage":0.0,"enemies":"Cultist and Chosen","floor":31.0,"turns":3.0},{"damage":25.0,"enemies":"Champ","floor":33.0,"turns":12.0},{"damage":0.0,"enemies":"Orb Walker","floor":35.0,"turns":3.0},{"damage":4.0,"enemies":"3 Darklings","floor":38.0,"turns":4.0},{"damage":0.0,"enemies":"Sphere and 2 Shapes","floor":39.0,"turns":3.0},{"damage":30.0,"enemies":"Reptomancer","floor":40.0,"turns":4.0},{"damage":31,"enemies":"Maw","floor":42,"turns":6},{"damage":0,"enemies":"3 Darklings","floor":46,"turns":2},{"damage":0,"enemies":"Nemesis","floor":47,"turns":3},{"damage":0,"enemies":"Jaw Worm Horde","floor":48,"turns":2},{"damage":32,"enemies":"Awakened One","floor":50,"turns":10}],"seed_played":"8453258059169002605","potions_obtained":[{"floor":5.0,"key":"GamblersBrew"},{"floor":18.0,"key":"Regen Potion"},{"floor":19.0,"key":"LiquidBronze"},{"floor":25.0,"key":"AttackPotion"},{"floor":35.0,"key":"EntropicBrew"},{"floor":38.0,"key":"Dexterity Potion"},{"floor":46,"key":"Dexterity Potion"}],"is_trial":false,"path_per_floor":["M","?","?","?","M","R","M","E","T","?","R","?","$","T","R","B",null,"M","M","?","M","$","E","R","M","T","M","R","$","R","M","R","B",null,"M","?","$","M","M","E","?","M","T","$","T","M","E","M","R","B",null],"character_chosen":"DEFECT","items_purchased":["Reprogram","DollysMirror","Finesse","Kunai","Madness","Secret Technique","Regal Pillow"],"campfire_rested":3,"item_purchase_floors":[29,29,29,37,37,44,44],"current_hp_per_floor":[61,61,61,61,56,56,53,30,30,30,30,18,18,18,18,12,59,53,47,47,25,25,14,36,34,34,29,29,29,51,58,58,40,66,73,73,73,69,69,39,39,8,8,23,23,23,23,23,60,28],"gold":333,"neow_bonus":"BOSS_RELIC","is_daily":false,"chose_seed":false,"campfire_upgraded":1,"win_rate":0.0,"timestamp":1613947907,"path_taken":["M","?","?","?","M","R","?","E","T","?","R","?","?","?","R","BOSS","M","M","?","M","$","E","R","?","T","M","R","?","R","M","R","BOSS","M","?","$","M","M","E","?","M","T","?","?","M","E","M","R","BOSS"],"items_purchased_type":["Card","Relic","Card","Relic","Card","Card","Relic"],"build_version":"2020-12-22","purchased_purges":1,"victory":true,"max_hp_per_floor":[75,75,75,75,75,75,75,75,75,75,75,75,75,75,75,75,75,75,75,75,75,75,75,75,75,75,75,75,75,75,75,75,75,75,75,75,75,75,75,75,75,75,75,75,75,75,75,75,75,75],"card_choices":[{"not_picked":["Conserve Battery","Turbo","Steam"],"picked":"SKIP","floor":1.0},{"not_picked":["Coolheaded","Ball Lightning","Genetic Algorithm"],"picked":"SKIP","floor":5.0},{"not_picked":["Turbo","Rebound"],"picked":"Gash","floor":7.0},{"not_picked":["Skim","Scrape"],"picked":"Reprogram","floor":8.0},{"not_picked":["Hologram","Coolheaded","Aggregate"],"picked":"SKIP","floor":18.0},{"not_picked":["Lockon","Cold Snap"],"picked":"Self Repair","floor":19.0},{"not_picked":["Streamline","BootSequence+1"],"picked":"FTL","floor":21.0},{"not_picked":["Auto Shields","Lockon+1"],"picked":"Leap+1","floor":23.0},{"not_picked":["Sunder","Coolheaded","Steam"],"picked":"SKIP","floor":25.0},{"not_picked":["Force Field","Static Discharge","Rebound+1"],"picked":"SKIP","floor":27.0},{"not_picked":["Beam Cell","Go for the Eyes"],"picked":"Gash","floor":31.0},{"not_picked":["Fission","Machine Learning"],"picked":"All For One","floor":33.0},{"not_picked":["Steam","Barrage+1","Electrodynamics"],"picked":"SKIP","floor":35.0},{"not_picked":["Leap+1","Barrage+1"],"picked":"Gash+1","floor":38.0},{"not_picked":["Gash+1","Conserve Battery"],"picked":"Beam Cell+1","floor":39.0},{"not_picked":["Double Energy","Turbo"],"picked":"Reboot","floor":40.0},{"not_picked":["Coolheaded","Heatsinks","Conserve Battery+1"],"picked":"SKIP","floor":42},{"not_picked":["Steam","Sunder+1","Hello World+1"],"picked":"SKIP","floor":46},{"not_picked":["Coolheaded+1","Conserve Battery+1","Aggregate+1"],"picked":"SKIP","floor":47},{"not_picked":["Hologram","Compile Driver+1"],"picked":"Go for the Eyes+1","floor":48}],"player_experience":13406,"relics_obtained":[{"floor":8.0,"key":"Peace Pipe"},{"floor":9.0,"key":"Mercury Hourglass"},{"floor":14.0,"key":"Incense Burner"},{"floor":23.0,"key":"Nunchaku"},{"floor":26.0,"key":"Anchor"},{"floor":34.0,"key":"Oddly Smooth Stone"},{"floor":34.0,"key":"Molten Egg 2"},{"floor":34.0,"key":"Thread and Needle"},{"floor":40.0,"key":"MealTicket"},{"floor":43,"key":"PreservedInsect"},{"floor":45,"key":"Ancient Tea Set"},{"floor":47,"key":"Bronze Scales"}],"event_choices":[{"cards_removed":["Turbo"],"damage_healed":0.0,"max_hp_gain":0.0,"max_hp_loss":0.0,"gold_gain":0.0,"event_name":"The Cleric","player_choice":"Card Removal","floor":2.0,"gold_loss":50.0,"damage_taken":0.0},{"damage_healed":0.0,"max_hp_gain":0.0,"max_hp_loss":0.0,"gold_gain":0.0,"event_name":"Big Fish","player_choice":"Box","floor":3.0,"gold_loss":0.0,"damage_taken":0.0,"relics_obtained":["Sundial"],"cards_obtained":["Regret"]},{"damage_healed":0.0,"max_hp_gain":0.0,"max_hp_loss":0.0,"gold_gain":0.0,"event_name":"Accursed Blacksmith","player_choice":"Forge","floor":4.0,"gold_loss":0.0,"damage_taken":0.0,"cards_upgraded":["Defend_B"]},{"damage_healed":0.0,"max_hp_gain":0.0,"max_hp_loss":0.0,"gold_gain":0.0,"event_name":"Golden Idol","player_choice":"Take Wound","floor":10.0,"gold_loss":0.0,"damage_taken":0.0,"relics_obtained":["Golden Idol"],"cards_obtained":["Injury"]},{"damage_healed":0.0,"max_hp_gain":0.0,"max_hp_loss":0.0,"gold_gain":0.0,"event_name":"Scrap Ooze","player_choice":"Success","floor":12.0,"gold_loss":0.0,"damage_taken":12.0,"relics_obtained":["MawBank"]},{"damage_healed":0.0,"max_hp_gain":0.0,"max_hp_loss":0.0,"gold_gain":0.0,"event_name":"Duplicator","player_choice":"Copied","floor":20.0,"gold_loss":0.0,"damage_taken":0.0,"cards_obtained":["Gash"]},{"cards_removed":["Self Repair"],"damage_healed":0.0,"max_hp_gain":0.0,"max_hp_loss":0.0,"gold_gain":0.0,"event_name":"Falling","player_choice":"Removed Power","floor":36.0,"gold_loss":0.0,"damage_taken":0.0},{"damage_healed":0.0,"max_hp_gain":0.0,"max_hp_loss":0.0,"gold_gain":333.0,"event_name":"The Moai Head","player_choice":"Gave Idol","floor":41.0,"relics_lost":["Golden Idol"],"gold_loss":0.0,"damage_taken":0.0}],"is_beta":false,"boss_relics":[{"not_picked":["Ectoplasm","Empty Cage"],"picked":"Fusion Hammer"},{"not_picked":["Nuclear Battery","Coffee Dripper"],"picked":"Calling Bell"}],"items_purged_floors":[44],"is_endless":false,"potions_floor_spawned":[5,18,19,25,35,38,39,46],"ascension_level":10}}