{"host":"or8fr2mp0k3eluj8","time":1613925291,"event":{"mods":["AchievementEnabler","BaseMod","Colored Map","DeckTracker","Keyboard Shortcuts","Minty Spire (QoL Compilation)","StSLib","SuperFastMode","everything is the same but u backflip on backflip"],"gold_per_floor":[116,128,128,142,142,173,173,186,258,269,298,298,318,318,318,318,318],"floor_reached":16,"language":"KOR","playtime":424,"items_purged":[],"score":123,"play_id":"acddf5ea-51c0-41d1-9e55-b8b1965c5346","local_time":"20210222013451","is_ascension_mode":true,"campfire_choices":[{"data":"Cloak And Dagger","floor":7,"key":"SMITH"},{"floor":12,"key":"REST"},{"floor":15,"key":"REST"}],"circlet_count":0,"master_deck":["Strike_G","Strike_G","Strike_G","Strike_G","Strike_G","Defend_G","Defend_G","Defend_G","Defend_G","Defend_G","Survivor","Neutralize","Deadly Poison","Cloak And Dagger+1","Swift Strike","Finisher","Terror","Blur","Tactician"],"relics":["Ring of the Snake","NeowsBlessing","Tingsha","Blood Vial","Letter Opener","Orichalcum","Golden Idol"],"acts_visited":["Exordium"],"potions_floor_usage":[11],"damage_taken":[{"damage":0,"enemies":"Small Slimes","floor":1,"turns":1},{"damage":0,"enemies":"Cultist","floor":2,"turns":1},{"damage":0,"enemies":"2 Louse","floor":4,"turns":1},{"damage":20,"enemies":"Gremlin Nob","floor":6,"turns":4},{"damage":8,"enemies":"2 Fungi Beasts","floor":8,"turns":3},{"damage":7,"enemies":"Large Slime","floor":10,"turns":4},{"damage":20,"enemies":"Lagavulin","floor":11,"turns":5},{"damage":1,"enemies":"3 Louse","floor":13,"turns":3},{"damage":19,"enemies":"Slime Boss","floor":16,"turns":6}],"seed_played":"-196384758444288817","potions_obtained":[{"floor":1,"key":"DistilledChaos"},{"floor":4,"key":"Weak Potion"},{"floor":10,"key":"SneckoOil"},{"floor":13,"key":"EssenceOfSteel"}],"is_trial":false,"path_per_floor":["M","M","?","M","?","E","R","M","T","M","E","R","M","?","R","B"],"character_chosen":"THE_SILENT","items_purchased":[],"campfire_rested":2,"item_purchase_floors":[],"current_hp_per_floor":[70,70,70,70,67,47,47,41,41,36,18,39,40,23,44,27,27],"gold":318,"neow_bonus":"THREE_ENEMY_KILL","is_daily":false,"chose_seed":false,"campfire_upgraded":1,"win_rate":0.0,"timestamp":1613925291,"path_taken":["M","M","?","?","?","E","R","M","T","M","E","R","M","?","R","BOSS"],"items_purchased_type":[],"build_version":"2020-12-22","purchased_purges":0,"victory":false,"max_hp_per_floor":[70,70,70,70,70,70,70,70,70,70,70,70,70,70,70,70,70],"card_choices":[{"not_picked":["Catalyst","Acrobatics"],"picked":"Deadly Poison","floor":1},{"not_picked":["Prepared","Underhanded Strike"],"picked":"Cloak And Dagger","floor":2},{"not_picked":["Sucker Punch","PiercingWail"],"picked":"Finisher","floor":4},{"not_picked":["Calculated Gamble","Sucker Punch","Underhanded Strike"],"picked":"SKIP","floor":6},{"not_picked":["Expertise","Poisoned Stab"],"picked":"Terror","floor":8},{"not_picked":["Dagger Throw","Eviscerate"],"picked":"Blur","floor":10},{"not_picked":["Slice","Masterful Stab"],"picked":"Tactician","floor":11},{"not_picked":["Expertise","Infinite Blades","Terror"],"picked":"SKIP","floor":13}],"player_experience":432892,"relics_obtained":[{"floor":6,"key":"Blood Vial"},{"floor":9,"key":"Letter Opener"},{"floor":11,"key":"Orichalcum"}],"event_choices":[{"damage_healed":0,"gold_gain":0,"player_choice":"1 cards matched","damage_taken":0,"max_hp_gain":0,"max_hp_loss":0,"event_name":"Match and Keep!","floor":3,"gold_loss":0,"cards_obtained":["Swift Strike"]},{"damage_healed":0,"gold_gain":0,"player_choice":"Success","damage_taken":3,"relics_obtained":["Tingsha"],"max_hp_gain":0,"max_hp_loss":0,"event_name":"Scrap Ooze","floor":5,"gold_loss":0},{"damage_healed":0,"gold_gain":0,"player_choice":"Take Damage","damage_taken":17,"relics_obtained":["Golden Idol"],"max_hp_gain":0,"max_hp_loss":0,"event_name":"Golden Idol","floor":14,"gold_loss":0}],"is_beta":false,"boss_relics":[],"items_purged_floors":[],"is_endless":false,"potions_floor_spawned":[1,4,10,13],"killed_by":"Slime Boss","ascension_level":2}}