{"host":"xg4r5pv6chpuampg","time":1613928602,"event":{"mods":["AchievementEnabler","BaseMod","Googly Eyes","Minty Spire (QoL Compilation)","StSLib","Together in Spire"],"gold_per_floor":[116,116,133,151,169,194,32,32,57,72,72,102,120,137,137,239,239,271,49,49,60,80,115,115,142,142,142,142,162,10,23,23,124,124,164,17,52,52,52,77,77,92,118,118,131,131,131,146,146,146,146],"floor_reached":50,"language":"ENG","playtime":2372,"items_purged":[],"score":576,"play_id":"92fe642a-8a67-4ca7-becd-df28afd85ec3","local_time":"20210221203002","is_ascension_mode":true,"campfire_choices":[{"floor":8,"key":"REST"},{"floor":11,"key":"REST"},{"floor":15,"key":"RECALL"},{"data":"DevaForm","floor":24,"key":"SMITH"},{"data":"Vault","floor":28,"key":"SMITH"},{"floor":32,"key":"REST"},{"data":"Wallop","floor":41,"key":"SMITH"},{"data":"Eruption","floor":44,"key":"SMITH"},{"data":"Dark Shackles","floor":46,"key":"SMITH"},{"data":"SashWhip","floor":49,"key":"SMITH"}],"circlet_count":0,"master_deck":["Strike_P","Strike_P","Strike_P","Defend_P","Defend_P","Defend_P","Defend_P","Eruption+1","Vigilance","FlurryOfBlows+1","EmptyFist","SashWhip+1","Halt","DevaForm+1","Dark Shackles+1","Wallop+1","SandsOfTime+1","TalkToTheHand","DeusExMachina","CurseOfTheBell","Vault+1","FollowUp","WheelKick","FlurryOfBlows+1","TalkToTheHand","FollowUp","Wish+1","Madness","Madness"],"relics":["PureWater","Strawberry","Vajra","Ancient Tea Set","Boot","Calling Bell","MawBank","Eternal Feather","Peace Pipe","PreservedInsect","StrikeDummy","Ornamental Fan","Strange Spoon","Busted Crown","Lee\u0027s Waffle","Whetstone","Bag of Preparation"],"acts_visited":["Exordium","TheCity","TheBeyond"],"potions_floor_usage":[25,31,33,33,35,50],"damage_taken":[{"damage":4,"enemies":"Jaw Worm","floor":1,"turns":4},{"damage":4,"enemies":"Cultist","floor":3,"turns":4},{"damage":0,"enemies":"2 Louse","floor":4,"turns":2},{"damage":7,"enemies":"Exordium Thugs","floor":5,"turns":5},{"damage":31,"enemies":"3 Sentries","floor":6,"turns":12},{"damage":3,"enemies":"Looter","floor":10,"turns":2},{"damage":20,"enemies":"Gremlin Nob","floor":12,"turns":4},{"damage":3,"enemies":"Gremlin Gang","floor":13,"turns":3},{"damage":2,"enemies":"3 Louse","floor":14,"turns":4},{"damage":29,"enemies":"The Guardian","floor":16,"turns":9},{"damage":23,"enemies":"3 Byrds","floor":18,"turns":6},{"damage":8,"enemies":"Shell Parasite","floor":21,"turns":5},{"damage":6,"enemies":"Cultist and Chosen","floor":22,"turns":5},{"damage":6,"enemies":"Slavers","floor":23,"turns":5},{"damage":0,"enemies":"Gremlin Leader","floor":25,"turns":4},{"damage":26,"enemies":"3 Cultists","floor":29,"turns":7},{"damage":3,"enemies":"Shelled Parasite and Fungi","floor":31,"turns":5},{"damage":57,"enemies":"Collector","floor":33,"turns":8},{"damage":11,"enemies":"3 Darklings","floor":35,"turns":7},{"damage":5,"enemies":"Orb Walker","floor":37,"turns":5},{"damage":15,"enemies":"Nemesis","floor":40,"turns":5},{"damage":26,"enemies":"3 Darklings","floor":42,"turns":10},{"damage":0,"enemies":"Jaw Worm Horde","floor":45,"turns":3},{"damage":5,"enemies":"Sphere and 2 Shapes","floor":48,"turns":3},{"damage":107,"enemies":"Donu and Deca","floor":50,"turns":7}],"seed_played":"-3136773654285006039","potions_obtained":[{"floor":4,"key":"BottledMiracle"},{"floor":5,"key":"Strength Potion"},{"floor":13,"key":"GamblersBrew"},{"floor":14,"key":"Explosive Potion"},{"floor":16,"key":"PowerPotion"},{"floor":29,"key":"Weak Potion"},{"floor":31,"key":"Ancient Potion"},{"floor":33,"key":"Fire Potion"},{"floor":35,"key":"Energy Potion"},{"floor":42,"key":"Weak Potion"},{"floor":48,"key":"Explosive Potion"}],"is_trial":false,"path_per_floor":["M","?","M","M","M","E","$","R","T","M","R","E","M","M","R","B",null,"M","$","?","M","M","E","R","E","T","?","R","M","$","M","R","B",null,"M","$","M","?","?","E","R","M","T","R","M","R","$","M","R","B"],"character_chosen":"WATCHER","items_purchased":["DevaForm","Dark Shackles","Vault","PreservedInsect","Strange Spoon","Lee\u0027s Waffle"],"campfire_rested":3,"item_purchase_floors":[7,7,19,19,30,36],"current_hp_per_floor":[75,79,75,75,68,37,37,60,60,57,79,59,56,54,54,25,79,56,56,56,48,42,36,48,48,48,48,63,37,37,34,72,15,79,68,86,81,70,70,55,70,44,44,59,59,74,74,69,84,0,0],"gold":146,"neow_bonus":"RANDOM_COMMON_RELIC","is_daily":false,"chose_seed":false,"campfire_upgraded":6,"win_rate":0.0,"timestamp":1613928602,"path_taken":["M","?","M","M","M","E","$","R","T","M","R","E","?","M","R","BOSS","M","$","?","?","M","E","R","E","T","?","R","M","?","M","R","BOSS","M","$","M","?","?","E","R","M","T","R","M","R","$","M","R","BOSS"],"items_purchased_type":["Card","Card","Card","Relic","Relic","Relic"],"build_version":"2020-12-22","purchased_purges":0,"victory":false,"max_hp_per_floor":[79,79,79,79,79,79,79,79,79,79,79,79,79,79,79,79,79,79,79,79,79,79,79,79,79,79,79,79,79,79,79,79,79,79,79,86,86,86,86,86,86,86,86,86,86,86,86,86,86,86,86],"card_choices":[{"not_picked":["Sanctity","Protect"],"picked":"Prostrate","floor":1},{"not_picked":["Swivel","Crescendo"],"picked":"FlurryOfBlows","floor":3},{"not_picked":["EmptyBody","Conclude"],"picked":"EmptyFist","floor":4},{"not_picked":["ThirdEye","Halt"],"picked":"SashWhip","floor":5},{"not_picked":["EmptyFist","CrushJoints"],"picked":"Halt","floor":6},{"not_picked":["Worship","Evaluate"],"picked":"Wallop","floor":10},{"not_picked":["Swivel","Study"],"picked":"SandsOfTime","floor":12},{"not_picked":["Crescendo","Scrawl","CrushJoints"],"picked":"SKIP","floor":13},{"not_picked":["Prostrate","ForeignInfluence"],"picked":"TalkToTheHand","floor":14},{"not_picked":["Ragnarok","LessonLearned"],"picked":"DeusExMachina","floor":16},{"not_picked":["EmptyFist","Protect","JustLucky"],"picked":"SKIP","floor":18},{"not_picked":["FlyingSleeves","CutThroughFate"],"picked":"FollowUp","floor":21},{"not_picked":["Meditate","CrushJoints"],"picked":"WheelKick","floor":22},{"not_picked":["Perseverance","Scrawl"],"picked":"FlurryOfBlows+1","floor":23},{"not_picked":["ThirdEye","Perseverance","EmptyFist+1"],"picked":"SKIP","floor":25},{"not_picked":["BowlingBash","FlurryOfBlows"],"picked":"FollowUp","floor":29},{"not_picked":["CrushJoints","EmptyBody","ReachHeaven"],"picked":"SKIP","floor":31},{"not_picked":["DeusExMachina","Alpha"],"picked":"Wish","floor":33},{"not_picked":["EmptyBody+1"],"picked":"SKIP","floor":35},{"not_picked":["ThirdEye"],"picked":"SKIP","floor":37},{"not_picked":["CrushJoints"],"picked":"SKIP","floor":40},{"not_picked":["EmptyFist+1"],"picked":"SKIP","floor":42},{"not_picked":["EmptyFist+1"],"picked":"SKIP","floor":45},{"not_picked":["Consecrate"],"picked":"SKIP","floor":48}],"player_experience":151183,"relics_obtained":[{"floor":6,"key":"Vajra"},{"floor":9,"key":"Ancient Tea Set"},{"floor":12,"key":"Boot"},{"floor":17,"key":"MawBank"},{"floor":17,"key":"Eternal Feather"},{"floor":17,"key":"Peace Pipe"},{"floor":23,"key":"StrikeDummy"},{"floor":25,"key":"Ornamental Fan"},{"floor":40,"key":"Whetstone"},{"floor":43,"key":"Bag of Preparation"}],"event_choices":[{"cards_removed":["Prostrate"],"damage_healed":5,"gold_gain":0,"player_choice":"Offered Common","damage_taken":0,"max_hp_gain":0,"max_hp_loss":0,"event_name":"Bonfire Elementals","floor":2,"gold_loss":0},{"cards_removed":["Prostrate"],"damage_healed":5,"gold_gain":0,"player_choice":"Offered Special","damage_taken":0,"max_hp_gain":0,"max_hp_loss":0,"event_name":"Bonfire Elementals","floor":2,"gold_loss":0},{"cards_removed":["Strike_P"],"damage_healed":0,"gold_gain":0,"player_choice":"Card Removal","damage_taken":0,"max_hp_gain":0,"max_hp_loss":0,"event_name":"Wheel of Change","floor":20,"gold_loss":0},{"damage_healed":0,"gold_gain":0,"player_choice":"Copied","damage_taken":0,"max_hp_gain":0,"max_hp_loss":0,"event_name":"Duplicator","floor":27,"gold_loss":0,"cards_obtained":["TalkToTheHand"]},{"damage_healed":0,"gold_gain":0,"player_choice":"Embrace Madness","damage_taken":11,"max_hp_gain":0,"max_hp_loss":0,"event_name":"Winding Halls","floor":38,"gold_loss":0,"cards_obtained":["Madness","Madness"]},{"damage_healed":0,"gold_gain":0,"player_choice":"Upgraded","damage_taken":0,"max_hp_gain":0,"max_hp_loss":0,"event_name":"Upgrade Shrine","floor":39,"gold_loss":0,"cards_upgraded":["Wish"]}],"is_beta":false,"boss_relics":[{"not_picked":["Empty Cage","VioletLotus"],"picked":"Calling Bell"},{"not_picked":["Snecko Eye","SacredBark"],"picked":"Busted Crown"}],"items_purged_floors":[],"is_endless":false,"potions_floor_spawned":[4,5,13,14,16,23,29,31,33,35,42,48],"killed_by":"Donu and Deca","ascension_level":1}}