{"host":"k5t0mjadqheapa3b","time":1613916258,"event":{"mods":["BaseMod","Colored Map","Downfall","Marisa£®ÏF”Í°°ƒß¿Ì…≥£©","Minty Spire (QoL Compilation)","Prisma Mod","Quick Restart","Remilia£®¿Ÿ√◊¿Ú—«£©","Shop Mod","Spicy Shops","StSLib","The Alterego","The Gatherer","The Marked","The Servant 0.9.4","Youmu£®ªÍ∆«—˝√Œ£©","Yuri Mod"],"gold_per_floor":[113,125,23,33,50,50,81,101,125,141,141,175,189,9,9,106,106,123,123],"floor_reached":18,"language":"ZHS","playtime":875,"items_purged":["yuri:yuriStrike"],"score":176,"play_id":"a7cd637e-943c-4a64-9e6f-dfbc4e6c2eeb","local_time":"20210221220418","is_ascension_mode":false,"campfire_choices":[{"data":"yuri:AdaptiveAI","floor":6,"key":"SMITH"},{"data":"yuri:GrowingInsanity","floor":11,"key":"SMITH"},{"floor":15,"key":"REST"}],"circlet_count":0,"master_deck":["yuri:yuriStrike","yuri:yuriStrike","yuri:yuriStrike","yuri:yuriStrike","yuri:yuriDefend","yuri:yuriDefend","yuri:yuriDefend","yuri:yuriDefend","yuri:yuriDefend","yuri:Oolong","yuri:yuriStab","yuri:RepairCode","yuri:GrowingInsanity+1","yuri:UnstableStrike","yuri:AdaptiveAI+1","yuri:GlitchRemove","yuri:ArmBrace","yuri:ChibiInvasion","yuri:yuriQuickStrike","yuri:HeavierStrike","yuri:BrokenCode","yuri:GlitchedStrike","yuri:BookPurple","yuri:NoEscape","yuri:yuriHeavyStrike+1"],"relics":["yuri:yuriKnife","NeowsBlessing","Lizard Tail","Bag of Preparation","Happy Flower","Black Star"],"acts_visited":["Exordium","TheCity"],"potions_floor_usage":[7,7,12,16,18],"damage_taken":[{"damage":0,"enemies":"Cultist","floor":1,"turns":1},{"damage":0,"enemies":"Jaw Worm","floor":2,"turns":1},{"damage":0,"enemies":"2 Louse","floor":4,"turns":1},{"damage":25,"enemies":"Lots of Slimes","floor":5,"turns":5},{"damage":15,"enemies":"Lagavulin","floor":7,"turns":7},{"damage":9,"enemies":"2 Fungi Beasts","floor":8,"turns":4},{"damage":3,"enemies":"Exordium Wildlife","floor":10,"turns":3},{"damage":19,"enemies":"3 Sentries","floor":12,"turns":7},{"damage":2,"enemies":"3 Louse","floor":13,"turns":3},{"damage":3,"enemies":"Slime Boss","floor":16,"turns":7},{"damage":46,"enemies":"Shell Parasite","floor":18,"turns":6}],"seed_played":"-2480142229667233643","potions_obtained":[{"floor":1,"key":"Block Potion"},{"floor":5,"key":"Fruit Juice"},{"floor":10,"key":"BlessingOfTheForge"},{"floor":12,"key":"Guardian:BlockOnCardUsePotion"},{"floor":16,"key":"Regen Potion"}],"is_trial":false,"path_per_floor":["M","M","$","M","M","R","E","M","T","M","R","E","M","$","R","B",null,"M"],"character_chosen":"YURI","items_purchased":["yuri:UnstableStrike","yuri:AdaptiveAI","yuri:BookPurple"],"campfire_rested":1,"item_purchase_floors":[3,3,14],"current_hp_per_floor":[80,80,80,80,55,55,49,44,44,45,45,30,28,28,53,54,85,51,51],"gold":123,"neow_bonus":"THREE_ENEMY_KILL","is_daily":false,"chose_seed":false,"campfire_upgraded":2,"win_rate":0.0,"timestamp":1613916258,"path_taken":["M","?","?","M","?","R","E","M","T","M","R","E","M","$","R","BOSS","M"],"items_purchased_type":["Card","Card","Card"],"build_version":"2020-12-22","purchased_purges":1,"victory":false,"max_hp_per_floor":[80,80,80,80,80,80,85,85,85,85,85,85,85,85,85,85,85,85,85],"card_choices":[{"not_picked":["yuri:ThrowingKnives","yuri:UnstableStrike"],"picked":"yuri:RepairCode","floor":1},{"not_picked":["yuri:InsanityDefense","yuri:Skip"],"picked":"yuri:GrowingInsanity","floor":2},{"not_picked":["yuri:yuriQuickStrike","yuri:ReactiveMadness"],"picked":"yuri:GlitchRemove","floor":4},{"not_picked":["yuri:TPose","yuri:RepairCode"],"picked":"yuri:ArmBrace","floor":5},{"not_picked":["yuri:Spin","yuri:SeeingDouble"],"picked":"yuri:ChibiInvasion","floor":7},{"not_picked":["yuri:ThrowingKnives","yuri:TPose"],"picked":"yuri:yuriQuickStrike","floor":8},{"not_picked":["yuri:yuriQuickStrike","yuri:Skip"],"picked":"yuri:HeavierStrike","floor":10},{"not_picked":["yuri:GhostForm","yuri:MPose"],"picked":"yuri:BrokenCode","floor":12},{"not_picked":["yuri:TPose","yuri:HeavierStrike"],"picked":"yuri:GlitchedStrike","floor":13},{"not_picked":["yuri:Virus","yuri:ExploitStrike"],"picked":"yuri:NoEscape","floor":16},{"not_picked":["yuri:Stalk","yuri:yuriQuickStrike"],"picked":"yuri:yuriHeavyStrike+1","floor":18}],"player_experience":48038,"relics_obtained":[{"floor":7,"key":"Lizard Tail"},{"floor":9,"key":"Bag of Preparation"},{"floor":12,"key":"Happy Flower"}],"event_choices":[],"is_beta":false,"boss_relics":[{"not_picked":["Velvet Choker","Fusion Hammer"],"picked":"Black Star"}],"items_purged_floors":[14],"is_endless":false,"potions_floor_spawned":[1,5,10,12,16],"killed_by":"Shell Parasite","ascension_level":0}}