{"host":"eaiphzh066bwqdh7","time":1613921553,"event":{"mods":["AchievementEnabler","Aspiration","BaseMod","Bestiary","Better Note","Better Third Choice","Colored Powertips","Curses Come First","GifTheSpireLib","Halation","Highlight Path","Hubris","Infinite Spire","Minty Spire (QoL Compilation)","Quick Restart","Reliquary","Replay The Spire","StSLib","Stuff the Spire"],"gold_per_floor":[135,174,174,174,204,204,243,243,270,310,343,343,400,440,440,568,568,586,273,273,310,310,310,126,126,126,126,202,202,202,202,202,324,324,343,343,343,343,354,354,60,72,148,148,162,162,206,206,206],"floor_reached":48,"language":"ENG","playtime":1481,"items_purged":["Looming Evil"],"score":535,"play_id":"8021cd67-6195-40ad-90e8-3fcb339a1006","local_time":"20210221103233","is_ascension_mode":true,"campfire_choices":[{"floor":6,"key":"REST"},{"data":"Study","floor":8,"key":"SMITH"},{"data":"HandOfGreed","floor":12,"key":"SMITH"},{"floor":15,"key":"REST"},{"floor":23,"key":"REST"},{"floor":25,"key":"REST"},{"data":"DevaForm","floor":27,"key":"SMITH"},{"data":"PathToVictory","floor":32,"key":"SMITH"},{"floor":40,"key":"REST"},{"floor":44,"key":"REST"},{"floor":46,"key":"REST"}],"circlet_count":0,"master_deck":["Strike_P","Strike_P","Strike_P","Strike_P+1","Defend_P","Defend_P","Defend_P","Eruption+1","Vigilance+1","HandOfGreed+1","Study+1","TalkToTheHand+1","PathToVictory","LessonLearned+1","DevaForm+1","Prostrate+1","PathToVictory+1","Devotion+1","Protect+1","MentalFortress+1"],"relics":["PureWater","Whetstone","Odd Mushroom","TungstenRod","SlaversCollar","Chameleon Ring","hubris:Towel","Bag of Preparation","ReplayTheSpireMod:Shallot","Oddly Smooth Stone","MutagenicStrength","StuffTheSpire:Kangaroo","hubris:Icosahedron","halation:PinkSoulGem","Vajra","reliquary:Buckler","hubris:SphereOfDissonance"],"acts_visited":["Exordium","TheCity","TheBeyond"],"potions_floor_usage":[10,13,16,21,28,33,33,39,47],"damage_taken":[{"damage":0,"enemies":"Cultist","floor":1,"turns":3},{"damage":13,"enemies":"Jaw Worm","floor":2,"turns":4},{"damage":7,"enemies":"2 Louse","floor":5,"turns":5},{"damage":1,"enemies":"2 Fungi Beasts","floor":7,"turns":3},{"damage":4,"enemies":"The Mushroom Lair","floor":10,"turns":3},{"damage":1,"enemies":"3 Louse","floor":11,"turns":2},{"damage":8,"enemies":"Lagavulin","floor":13,"turns":6},{"damage":15,"enemies":"Looter","floor":14,"turns":4},{"damage":38,"enemies":"Slime Boss","floor":16,"turns":11},{"damage":30,"enemies":"Chosen","floor":18,"turns":6},{"damage":16,"enemies":"2 Thieves","floor":21,"turns":5},{"damage":7,"enemies":"Slavers","floor":28,"turns":5},{"damage":20,"enemies":"Champ","floor":33,"turns":9},{"damage":8,"enemies":"Orb Walker","floor":35,"turns":2},{"damage":49,"enemies":"3 Darklings","floor":39,"turns":5},{"damage":10,"enemies":"Transient","floor":42,"turns":5},{"damage":29,"enemies":"Spire Growth","floor":45,"turns":6},{"damage":20,"enemies":"Sphere and 2 Shapes","floor":47,"turns":4},{"damage":38,"enemies":"Writhing Mass","floor":48,"turns":2}],"seed_played":"6997627651463945416","potions_obtained":[{"floor":5,"key":"ColorlessPotion"},{"floor":7,"key":"Explosive Potion"},{"floor":11,"key":"Reflective Coating"},{"floor":13,"key":"Adrenaline Potion"},{"floor":18,"key":"Fire Potion"},{"floor":30,"key":"Adrenaline Potion"},{"floor":30,"key":"Toxic Potion"},{"floor":35,"key":"SkillPotion"},{"floor":39,"key":"Block Potion"}],"is_trial":false,"path_per_floor":["M","M","?","?","M","R","M","R","T","?","M","R","E","M","R","B",null,"M","$","?","M","?","R","$","R","T","R","E","?","R","?","R","B",null,"M","?","?","$","M","R","$","M","T","R","M","R","M","M"],"character_chosen":"WATCHER","items_purchased":["Chameleon Ring","Bag of Preparation","PathToVictory","Vajra","reliquary:Buckler"],"campfire_rested":7,"item_purchase_floors":[19,24,24,41,41],"current_hp_per_floor":[72,59,64,64,57,77,76,76,76,72,71,71,63,48,71,33,77,47,47,47,31,31,54,54,77,77,77,70,70,70,70,70,50,77,69,69,69,69,20,43,43,33,33,56,27,50,30,0,0],"gold":206,"neow_bonus":"RANDOM_COLORLESS_2","is_daily":false,"chose_seed":false,"campfire_upgraded":4,"win_rate":0.0,"timestamp":1613921553,"path_taken":["M","?","?","?","M","R","M","R","T","?","M","R","E","M","R","BOSS","M","$","?","M","?","R","$","R","T","R","E","?","R","?","R","BOSS","M","?","?","?","M","R","$","M","T","R","M","R","?","M"],"items_purchased_type":["Relic","Relic","Card","Relic","Relic"],"build_version":"2020-12-22","purchased_purges":1,"victory":false,"max_hp_per_floor":[72,72,77,77,77,77,77,77,77,77,77,77,77,77,77,77,77,77,77,77,77,77,77,77,77,77,77,77,77,77,77,77,77,77,77,77,77,77,77,77,77,77,77,77,77,77,77,77,77],"card_choices":[{"not_picked":["Secret Technique","Master of Strategy"],"picked":"HandOfGreed","floor":0},{"not_picked":["Consecrate","Replay:Hum","Halt"],"picked":"SKIP","floor":1},{"not_picked":["CrushJoints","EmptyBody"],"picked":"Study","floor":2},{"not_picked":["CrushJoints","Replay:DivineShield"],"picked":"PathToVictory","floor":5},{"not_picked":["BattleHymn","Replay:ManipulateFuture","CutThroughFate"],"picked":"SKIP","floor":7},{"not_picked":["Conclude","WindmillStrike"],"picked":"LessonLearned","floor":10},{"not_picked":["FollowUp","Replay:ManipulateFuture","ThirdEye"],"picked":"SKIP","floor":11},{"not_picked":["Blasphemy","ClearTheMind","InnerPeace"],"picked":"SKIP","floor":13},{"not_picked":["Tantrum","Replay:DivineShield","Meditate"],"picked":"SKIP","floor":14},{"not_picked":["Scrawl","Vault"],"picked":"DevaForm","floor":16},{"not_picked":["WindmillStrike","Swivel","Indignation"],"picked":"SKIP","floor":18},{"not_picked":["FlyingSleeves","ThirdEye"],"picked":"Prostrate","floor":21},{"not_picked":["DeceiveReality+1","JustLucky","Evaluate"],"picked":"SKIP","floor":28},{"not_picked":["ConjureBlade","DeusExMachina"],"picked":"Devotion","floor":33},{"not_picked":["ThirdEye+1","Replay:ManipulateFuture+1","Pray"],"picked":"SKIP","floor":35},{"not_picked":["Replay:BluntJabs+1","Vengeance"],"picked":"Protect","floor":39},{"not_picked":["Replay:BluntJabs","FollowUp+1","Conclude"],"picked":"SKIP","floor":42},{"not_picked":["FlurryOfBlows","Meditate"],"picked":"MentalFortress+1","floor":45},{"not_picked":["Replay:BluntJabs","Adaptation","Evaluate"],"picked":"SKIP","floor":47}],"player_experience":341015,"relics_obtained":[{"floor":9,"key":"Whetstone"},{"floor":10,"key":"Odd Mushroom"},{"floor":13,"key":"TungstenRod"},{"floor":26,"key":"ReplayTheSpireMod:Shallot"},{"floor":28,"key":"Oddly Smooth Stone"},{"floor":43,"key":"hubris:SphereOfDissonance"}],"event_choices":[{"damage_healed":0,"gold_gain":0,"player_choice":"Donut","damage_taken":0,"max_hp_gain":5,"max_hp_loss":0,"event_name":"Big Fish","floor":3,"gold_loss":0},{"damage_healed":0,"gold_gain":0,"player_choice":"Fought Mushrooms","damage_taken":0,"max_hp_gain":0,"max_hp_loss":0,"event_name":"Mushrooms","floor":10,"gold_loss":0},{"damage_healed":0,"gold_gain":0,"player_choice":"Inject Mutagens","damage_taken":0,"relics_obtained":["MutagenicStrength"],"max_hp_gain":0,"max_hp_loss":0,"event_name":"Drug Dealer","floor":29,"gold_loss":0}],"is_beta":false,"boss_relics":[{"not_picked":["reliquary:RustamsPendant","aspiration:FutureDiary"],"picked":"SlaversCollar"},{"not_picked":["Astrolabe","reliquary:RedPaperclip"],"picked":"StuffTheSpire:Kangaroo"}],"items_purged_floors":[19],"is_endless":false,"potions_floor_spawned":[5,7,11,13,18,35,39],"killed_by":"Writhing Mass","ascension_level":4}}