{"host":"t0bo9kmlst92gdfh","time":1613867077,"event":{"mods":["BaseMod","Block Reminder","Colored Powertips","DeckTracker","Jorbs\u0027s Wanderer Trilogy","Minty Spire (QoL Compilation)","Relic Stats","StSLib"],"gold_per_floor":[115,28,94,107,107,136,154,154,154,171,190,190,206,233,233,233,233],"floor_reached":16,"language":"ENG","playtime":1930,"items_purged":[],"score":112,"play_id":"a748a538-5a7d-461b-b33f-1a2ff9ee403a","local_time":"20210220162437","is_ascension_mode":false,"campfire_choices":[{"data":"Choke","floor":12,"key":"SMITH"},{"floor":15,"key":"REST"}],"circlet_count":0,"master_deck":["Strike_G","Strike_G","Strike_G","Strike_G","Strike_G","Defend_G","Defend_G","Defend_G","Defend_G","Defend_G","Survivor","Neutralize","Dash","Dark Shackles","Slice","Deflect","Choke+1","Blade Dance","Neutralize","Deflect","Dash","Backflip"],"relics":["Ring of the Snake","Pen Nib","Paper Crane","Tiny Chest","Omamori","Potion Belt"],"acts_visited":["Exordium"],"potions_floor_usage":[6,13,13,16],"damage_taken":[{"damage":0,"enemies":"Small Slimes","floor":1,"turns":3},{"damage":4,"enemies":"Jaw Worm","floor":4,"turns":4},{"damage":3,"enemies":"Lagavulin","floor":6,"turns":8},{"damage":0,"enemies":"2 Louse","floor":7,"turns":3},{"damage":7,"enemies":"Exordium Thugs","floor":10,"turns":3},{"damage":12,"enemies":"Blue Slaver","floor":11,"turns":4},{"damage":0,"enemies":"Exordium Wildlife","floor":13,"turns":2},{"damage":1,"enemies":"3 Sentries","floor":14,"turns":9},{"damage":59,"enemies":"The Guardian","floor":16,"turns":11}],"seed_played":"731162445889987547","potions_obtained":[{"floor":1,"key":"Weak Potion"},{"floor":4,"key":"LiquidBronze"},{"floor":11,"key":"SteroidPotion"},{"floor":14,"key":"SkillPotion"}],"is_trial":false,"path_per_floor":["M","$","?","M","?","E","M","?","T","M","M","R","M","E","R","B"],"character_chosen":"THE_SILENT","items_purchased":["Dark Shackles"],"campfire_rested":1,"item_purchase_floors":[2],"current_hp_per_floor":[70,70,70,66,48,45,45,45,45,38,26,26,26,25,46,0,0],"gold":233,"neow_bonus":"RANDOM_COMMON_RELIC","is_daily":false,"chose_seed":false,"campfire_upgraded":1,"win_rate":0.0,"timestamp":1613867077,"path_taken":["M","$","?","M","?","E","M","?","T","M","M","R","?","E","R","BOSS"],"items_purchased_type":["Card"],"build_version":"2020-12-22","purchased_purges":0,"victory":false,"max_hp_per_floor":[70,70,70,70,70,70,70,70,70,70,70,70,70,70,70,70,70],"relic_stats":{"counters":[9,47],"Tiny Chest":0,"Pen Nib":[11],"obtain_stats":[{"Potion Belt":14,"Tiny Chest":6,"Pen Nib":0,"Omamori":9,"Paper Crane":5,"Ring of the Snake":0},{"Potion Belt":8,"Tiny Chest":3,"Pen Nib":0,"Omamori":4,"Paper Crane":2,"Ring of the Snake":0},{"Potion Belt":36,"Tiny Chest":15,"Pen Nib":0,"Omamori":18,"Paper Crane":7,"Ring of the Snake":0}],"Ring of the Snake":[18]},"card_choices":[{"not_picked":["Skewer","Expertise"],"picked":"Dash","floor":1},{"not_picked":["Dagger Spray","Underhanded Strike"],"picked":"Slice","floor":4},{"not_picked":["Sucker Punch","Caltrops"],"picked":"Deflect","floor":6},{"not_picked":["Bane","All Out Attack"],"picked":"Choke","floor":7},{"not_picked":["Flying Knee","Bane"],"picked":"Deflect","floor":10},{"not_picked":["Dodge and Roll","Acrobatics"],"picked":"Dash","floor":11},{"not_picked":["Calculated Gamble","Bouncing Flask","Escape Plan"],"picked":"SKIP","floor":13},{"not_picked":["Flechettes","Crippling Poison"],"picked":"Backflip","floor":14}],"player_experience":47037,"relics_obtained":[{"floor":6,"key":"Tiny Chest"},{"floor":9,"key":"Omamori"},{"floor":14,"key":"Potion Belt"}],"event_choices":[{"damage_healed":0,"gold_gain":66,"player_choice":"Gained Gold","damage_taken":0,"max_hp_gain":0,"max_hp_loss":0,"event_name":"Golden Wing","floor":3,"gold_loss":0},{"damage_healed":0,"gold_gain":0,"player_choice":"Success","damage_taken":18,"relics_obtained":["Paper Crane"],"max_hp_gain":0,"max_hp_loss":0,"event_name":"Scrap Ooze","floor":5,"gold_loss":0},{"damage_healed":0,"gold_gain":0,"player_choice":"2 cards matched","damage_taken":0,"max_hp_gain":0,"max_hp_loss":0,"event_name":"Match and Keep!","floor":8,"gold_loss":0,"cards_obtained":["Blade Dance","Neutralize"]}],"is_beta":false,"boss_relics":[],"items_purged_floors":[],"is_endless":false,"potions_floor_spawned":[1,4,11,14],"killed_by":"The Guardian","ascension_level":0}}