{"host":"3syfdf73vqzvzpwj","time":1613933985,"event":{"mods":["AchievementEnabler","BaseMod","Colored Map","Minty Spire (QoL Compilation)","everything is the same but u backflip on backflip"],"gold_per_floor":[119,119,131,143,155,155,190,190,270,320,335,349,2,18,18,170,170,187,187,187,187],"floor_reached":20,"language":"KOR","playtime":613,"items_purged":[],"score":220,"play_id":"ba42dc22-7382-4b90-bdbe-2f9050615c32","local_time":"20210222035945","is_ascension_mode":true,"campfire_choices":[{"data":"Bash","floor":6.0,"key":"SMITH"},{"floor":8.0,"key":"REST"},{"data":"HandOfGreed","floor":15.0,"key":"SMITH"}],"circlet_count":0,"master_deck":["Strike_R+1","Strike_R","Strike_R","Strike_R","Strike_R","Defend_R","Defend_R","Defend_R","Defend_R","Bash+1","Reaper+1","Flex","Wild Strike","Bludgeon","HandOfGreed+1","Cleave","Feed"],"relics":["Burning Blood","CaptainsWheel","Whetstone","Pear","Vajra","Fusion Hammer"],"acts_visited":["Exordium","TheCity"],"potions_floor_usage":[16,16,16],"damage_taken":[{"damage":14.0,"enemies":"Jaw Worm","floor":1.0,"turns":4.0},{"damage":9.0,"enemies":"2 Louse","floor":3.0,"turns":2.0},{"damage":6.0,"enemies":"Cultist","floor":4.0,"turns":4.0},{"damage":16.0,"enemies":"Blue Slaver","floor":5.0,"turns":3.0},{"damage":60.0,"enemies":"3 Sentries","floor":7.0,"turns":11.0},{"damage":16.0,"enemies":"3 Louse","floor":11.0,"turns":4.0},{"damage":24.0,"enemies":"Gremlin Gang","floor":12.0,"turns":5.0},{"damage":17.0,"enemies":"Looter","floor":14.0,"turns":4.0},{"damage":18,"enemies":"Slime Boss","floor":16,"turns":9},{"damage":38,"enemies":"Shell Parasite","floor":18,"turns":5},{"damage":0,"enemies":"3 Byrds","floor":20,"turns":1}],"seed_played":"-4343828028452761124","potions_obtained":[{"floor":3.0,"key":"FearPotion"},{"floor":5.0,"key":"ColorlessPotion"},{"floor":7.0,"key":"Block Potion"},{"floor":11.0,"key":"BloodPotion"},{"floor":12.0,"key":"ColorlessPotion"}],"is_trial":false,"path_per_floor":["M","?","M","M","M","R","E","R","T","?","M","M","$","M","R","B",null,"M","?","M"],"character_chosen":"IRONCLAD","items_purchased":["Vajra","HandOfGreed"],"campfire_rested":1,"item_purchase_floors":[13,13],"current_hp_per_floor":[72,60,60,61,51,51,15,39,49,49,53,68,68,57,57,57,82,55,55,55,55],"gold":187,"neow_bonus":"ONE_RANDOM_RARE_CARD","is_daily":false,"chose_seed":false,"campfire_upgraded":2,"win_rate":0.0,"timestamp":1613933985,"path_taken":["M","?","M","M","M","R","E","R","T","?","M","M","$","M","R","BOSS","M","?","M"],"items_purchased_type":["Relic","Card"],"build_version":"2020-12-22","purchased_purges":0,"victory":false,"max_hp_per_floor":[80,80,80,80,80,80,80,80,90,90,90,90,90,90,90,90,90,90,90,90,90],"card_choices":[{"not_picked":["Warcry","Havoc"],"picked":"Flex","floor":1.0},{"not_picked":["Anger","Juggernaut","Ghostly Armor"],"picked":"SKIP","floor":3.0},{"not_picked":["Evolve","Headbutt"],"picked":"Wild Strike","floor":4.0},{"not_picked":["Second Wind","Flex","Anger"],"picked":"SKIP","floor":5.0},{"not_picked":["Shrug It Off","Twin Strike"],"picked":"Bludgeon","floor":7.0},{"not_picked":["Seeing Red","Thunderclap","Spot Weakness"],"picked":"SKIP","floor":11.0},{"not_picked":["Iron Wave","Infernal Blade","Clothesline"],"picked":"SKIP","floor":12.0},{"not_picked":["Whirlwind","Metallicize"],"picked":"Cleave","floor":14.0},{"not_picked":["Berserk","Demon Form"],"picked":"Feed","floor":16},{"not_picked":["Dark Embrace","Reckless Charge","Sword Boomerang"],"picked":"SKIP","floor":18}],"player_experience":213427,"relics_obtained":[{"floor":7.0,"key":"Whetstone"},{"floor":9.0,"key":"Pear"}],"event_choices":[{"damage_healed":0.0,"max_hp_gain":0.0,"max_hp_loss":0.0,"gold_gain":0.0,"event_name":"Scrap Ooze","player_choice":"Success","floor":2.0,"gold_loss":0.0,"damage_taken":12.0,"relics_obtained":["CaptainsWheel"]},{"damage_healed":0.0,"max_hp_gain":0.0,"max_hp_loss":0.0,"gold_gain":50.0,"event_name":"Golden Wing","player_choice":"Gained Gold","floor":10.0,"gold_loss":0.0,"damage_taken":0.0},{"damage_healed":0,"gold_gain":0,"player_choice":"Ignored","damage_taken":0,"max_hp_gain":0,"max_hp_loss":0,"event_name":"Beggar","floor":19,"gold_loss":0}],"is_beta":false,"boss_relics":[{"not_picked":["Runic Dome","SacredBark"],"picked":"Fusion Hammer"}],"items_purged_floors":[],"is_endless":false,"potions_floor_spawned":[3,5,7,11,12],"killed_by":"3 Byrds","ascension_level":5}}