{"host":"x730sfaw5rd1mxd8","time":1613924861,"event":{"mods":["BaseMod","BetterRewards","Colored Powertips","Downfall","Highlight Path","Minty Spire (QoL Compilation)","Relic Sorter","Relic Stats","Replay The Spire","StSLib"],"gold_per_floor":[99,111,129,142,162,190,244,261,273,273,24,24,60,87,101,213,213,213,239,339,351,351,371,397,423,464,464,464,464],"floor_reached":27,"language":"ENG","playtime":2180,"items_purged":["hexamod:Strike"],"score":261,"play_id":"2108389c-8f0c-4f23-abfd-532d02aa99bd","local_time":"20210221112741","is_ascension_mode":true,"campfire_choices":[{"data":"hexamod:Sear","floor":1,"key":"SMITH"},{"data":"hexamod:BurningTouch","floor":10,"key":"SMITH"},{"data":"hexamod:PhantomCloak","floor":12,"key":"SMITH"},{"data":"hexamod:GhostOfSpirePresent","floor":18,"key":"SMITH"}],"circlet_count":0,"master_deck":["hexamod:Strike","hexamod:Strike","hexamod:Strike","hexamod:Defend","hexamod:Defend","hexamod:Defend","hexamod:Defend","hexamod:Sear+1","hexamod:Float","hexamod:BurningTouch+1","hexamod:Firestarter","hexamod:ShieldOfDarkness","hexamod:Hexaguard","hexamod:GhostflameBarrier","hexamod:FlamesFromBeyond","hexamod:SecondSeal","hexamod:Incineration","hexamod:PhantomCloak+1","hexamod:GiftsFromTheDead","hexamod:FourthSeal","hexamod:SpectralAdrenaline","hexamod:GhostOfSpirePresent+1","AbeCurse","hexamod:RecurringNightmare+1"],"relics":["Philosopher\u0027s Stone","Matryoshka","ReplayTheSpireMod:Lightbulb","Strawberry","Abe\u0027s Treasure","Potion Belt","Replay:Bottled Snecko","Anchor","Nunchaku"],"acts_visited":["Exordium","TheCity"],"potions_floor_usage":[15,16,16,25,25,25,25,26],"damage_taken":[{"damage":0,"enemies":"Cultist","floor":2,"turns":3},{"damage":1,"enemies":"2 Louse","floor":3,"turns":2},{"damage":2,"enemies":"Jaw Worm","floor":4,"turns":3},{"damage":6,"enemies":"3 Louse","floor":5,"turns":4},{"damage":8,"enemies":"Lagavulin","floor":6,"turns":7},{"damage":2,"enemies":"Exordium Wildlife","floor":8,"turns":4},{"damage":2,"enemies":"2 Fungi Beasts","floor":9,"turns":3},{"damage":0,"enemies":"downfall:FleeingMerchant","floor":11,"turns":4},{"damage":4,"enemies":"Replay:BlueRogue","floor":13,"turns":3},{"damage":26,"enemies":"Gremlin Gang","floor":14,"turns":5},{"damage":0,"enemies":"Exordium Thugs","floor":15,"turns":4},{"damage":15,"enemies":"IC_STATUS_ARCHETYPE","floor":16,"turns":9},{"damage":13,"enemies":"Shell Parasite","floor":19,"turns":4},{"damage":6,"enemies":"Spheric Guardian","floor":21,"turns":5},{"damage":5,"enemies":"Snecko","floor":23,"turns":6},{"damage":0,"enemies":"Snake Plant","floor":25,"turns":5},{"damage":43,"enemies":"Slavers","floor":26,"turns":8},{"damage":11,"enemies":"3 Cultists","floor":27,"turns":2}],"seed_played":"2116370544897273026","potions_obtained":[{"floor":5,"key":"Block Potion"},{"floor":6,"key":"Elixir"},{"floor":8,"key":"LifebloodPotion"},{"floor":15,"key":"CultistPotion"},{"floor":16,"key":"Fire Potion"},{"floor":19,"key":"Flashbang"},{"floor":21,"key":"hexamod:EctoCoolerPotion"},{"floor":23,"key":"hexamod:DoubleChargePotion"},{"floor":23,"key":"SkillPotion"},{"floor":25,"key":"Adrenaline Potion"},{"floor":26,"key":"Explosive Potion"},{"floor":26,"key":"SpeedPotion"}],"is_trial":false,"path_per_floor":["R","M","M","M","M","E","T","M","M","R","$","R","E","M","M","B",null,"R","M","?","M","T","M","T","M","E","M"],"character_chosen":"THE_SPIRIT","items_purchased":["hexamod:Incineration","hexamod:PhantomCloak"],"campfire_rested":0,"item_purchase_floors":[11,11],"current_hp_per_floor":[70,70,69,67,61,53,53,51,49,49,49,49,52,26,26,11,77,77,64,64,58,58,53,53,53,10,0,0,0],"gold":464,"neow_bonus":"BOSS_RELIC","is_daily":false,"chose_seed":false,"campfire_upgraded":4,"win_rate":0.0,"timestamp":1613924861,"path_taken":["R","M","M","M","M","E","T","?","M","R","?","R","E","M","M","BOSS","R","M","?","?","?","M","T","?","E","M"],"items_purchased_type":["Card","Card"],"build_version":"2020-12-22","purchased_purges":1,"victory":false,"max_hp_per_floor":[70,70,70,70,70,70,70,70,70,70,70,70,77,77,77,77,77,77,77,77,77,77,77,77,77,77,77,77,77],"relic_stats":{"Nunchaku":[0],"counters":[18,81],"obtain_stats":[{"Potion Belt":22,"Anchor":24,"Nunchaku":26,"Matryoshka":6,"Strawberry":13,"Philosopher\u0027s Stone":0,"Replay:Bottled Snecko":22,"ReplayTheSpireMod:Lightbulb":7,"hexamod:SpiritBrand":0,"Abe\u0027s Treasure":17},{"Potion Belt":14,"Anchor":15,"Nunchaku":17,"Matryoshka":5,"Strawberry":9,"Philosopher\u0027s Stone":0,"Replay:Bottled Snecko":14,"ReplayTheSpireMod:Lightbulb":5,"hexamod:SpiritBrand":0,"Abe\u0027s Treasure":12},{"Potion Belt":60,"Anchor":66,"Nunchaku":79,"Matryoshka":19,"Strawberry":33,"Philosopher\u0027s Stone":0,"Replay:Bottled Snecko":60,"ReplayTheSpireMod:Lightbulb":19,"hexamod:SpiritBrand":0,"Abe\u0027s Treasure":51}]},"card_choices":[{"not_picked":["hexamod:ShieldOfDarkness","hexamod:FastForward"],"picked":"hexamod:BurningTouch","floor":2},{"not_picked":["hexamod:PhantomFireball","hexamod:FastForward"],"picked":"hexamod:Firestarter","floor":3},{"not_picked":["hexamod:Again","hexamod:CatchUp"],"picked":"hexamod:ShieldOfDarkness","floor":4},{"not_picked":["hexamod:ThermalTransfer","hexamod:CatchUp","hexamod:ShieldOfDarkness"],"picked":"SKIP","floor":5},{"not_picked":["hexamod:GhostLash","hexamod:Firestarter"],"picked":"hexamod:Hexaguard","floor":6},{"not_picked":["hexamod:StepThrough","hexamod:GhostOfSpirePresent"],"picked":"hexamod:GhostflameBarrier","floor":8},{"not_picked":["hexamod:SoulSteal","hexamod:NightmareGuise"],"picked":"hexamod:FlamesFromBeyond","floor":9},{"not_picked":["hexamod:StepThrough","hexamod:FlamesFromBeyond"],"picked":"hexamod:SecondSeal","floor":11},{"not_picked":["hexamod:SpectersWail","hexamod:BacktrackSmack"],"picked":"hexamod:GiftsFromTheDead","floor":13},{"not_picked":["hexamod:HeatMetal","hexamod:GhostLash"],"picked":"hexamod:FourthSeal","floor":14},{"not_picked":["hexamod:BurningTouch","hexamod:NightmareGuise"],"picked":"hexamod:SpectralAdrenaline","floor":15},{"not_picked":["hexamod:UnlimitedPower","hexamod:GhostflameInferno"],"picked":"hexamod:GhostOfSpirePresent","floor":16},{"not_picked":["hexamod:SoulSteal","hexamod:Hexaguard"],"picked":"hexamod:RecurringNightmare+1","floor":19},{"not_picked":["hexamod:SwordOfDarkness","hexamod:InspiringFlames","hexamod:Again"],"picked":"SKIP","floor":21},{"not_picked":["hexamod:FastForward","hexamod:SpectralAdrenaline","hexamod:GhostLash+1"],"picked":"SKIP","floor":23},{"not_picked":["hexamod:GhostOfSpirePast+1","hexamod:FourthSeal","hexamod:NightmareGuise"],"picked":"SKIP","floor":25},{"not_picked":["hexamod:HeatMetal","hexamod:ChargedBarrage+1","hexamod:InspiringFlames"],"picked":"SKIP","floor":26}],"player_experience":4263310,"relics_obtained":[{"floor":6,"key":"Matryoshka"},{"floor":7,"key":"ReplayTheSpireMod:Lightbulb"},{"floor":13,"key":"Strawberry"},{"floor":22,"key":"Potion Belt"},{"floor":22,"key":"Replay:Bottled Snecko"},{"floor":24,"key":"Anchor"},{"floor":26,"key":"Nunchaku"}],"event_choices":[],"is_beta":false,"boss_relics":[{"not_picked":["bronze:MakeshiftBattery","Black Star"],"picked":"Abe\u0027s Treasure"}],"items_purged_floors":[11],"is_endless":false,"potions_floor_spawned":[5,6,8,13,14,21,23,26],"killed_by":"3 Cultists","ascension_level":1}}