{"host":"snampf0t8p8psf53","time":1613946963,"event":{"mods":["AchievementEnabler","BaseMod","Bestiary","DeckTracker","Minty Spire (QoL Compilation)","Permanent Neow","SuperFastMode"],"gold_per_floor":[119,134,134,154,164,189,205,205,205,76,89,89,89,116,116,219,219,219,219,138,138,138,138,138,138,138,138,138,138,138,138,138,138,138],"floor_reached":33,"language":"ENG","playtime":5322,"items_purged":[],"score":295,"play_id":"69d577c8-3ed3-4152-b366-6d1fe57ca587","local_time":"20210221143603","is_ascension_mode":true,"campfire_choices":[{"floor":8,"key":"RECALL"},{"floor":13,"key":"REST"},{"floor":15,"key":"REST"},{"floor":23,"key":"REST"},{"floor":25,"key":"REST"},{"floor":28,"key":"REST"},{"floor":32,"key":"REST"}],"circlet_count":0,"master_deck":["Strike_R","Strike_R","Strike_R","Strike_R","Strike_R","Defend_R","Defend_R","Defend_R","Defend_R","Bash","Combust+1","Shockwave","Shockwave","Rupture+1","Rupture","Madness+1","Spot Weakness","Inflame","Rupture","Thunderclap","Combust","Thunderclap","Heavy Blade"],"relics":["Burning Blood","Lantern","Potion Belt","Regal Pillow","Ectoplasm","StoneCalendar","Dead Branch"],"acts_visited":["Exordium","TheCity"],"potions_floor_usage":[16,16,27,31,31],"damage_taken":[{"damage":11,"enemies":"Jaw Worm","floor":1,"turns":5},{"damage":2,"enemies":"2 Louse","floor":2,"turns":2},{"damage":7,"enemies":"Small Slimes","floor":4,"turns":2},{"damage":5,"enemies":"2 Fungi Beasts","floor":5,"turns":2},{"damage":17,"enemies":"Gremlin Nob","floor":6,"turns":4},{"damage":12,"enemies":"Blue Slaver","floor":7,"turns":4},{"damage":17,"enemies":"3 Louse","floor":11,"turns":4},{"damage":30,"enemies":"Lagavulin","floor":14,"turns":4},{"damage":35,"enemies":"Hexaghost","floor":16,"turns":7},{"damage":30,"enemies":"Spheric Guardian","floor":18,"turns":5},{"damage":25,"enemies":"Shell Parasite","floor":21,"turns":5},{"damage":29,"enemies":"Shelled Parasite and Fungi","floor":22,"turns":5},{"damage":50,"enemies":"3 Cultists","floor":24,"turns":5},{"damage":28,"enemies":"Centurion and Healer","floor":27,"turns":5},{"damage":24,"enemies":"Snecko","floor":29,"turns":5},{"damage":53,"enemies":"Book of Stabbing","floor":30,"turns":5},{"damage":22,"enemies":"Chosen and Byrds","floor":31,"turns":4},{"damage":66,"enemies":"Collector","floor":33,"turns":5}],"seed_played":"3967019355799838669","potions_obtained":[{"floor":4,"key":"DistilledChaos"},{"floor":7,"key":"ElixirPotion"},{"floor":14,"key":"BlessingOfTheForge"},{"floor":16,"key":"AttackPotion"},{"floor":22,"key":"FearPotion"},{"floor":27,"key":"FearPotion"},{"floor":29,"key":"FairyPotion"},{"floor":31,"key":"SneckoOil"}],"is_trial":false,"path_per_floor":["M","M","?","M","M","E","M","R","T","$","M","?","R","E","R","B",null,"M","?","$","M","M","R","M","R","T","M","R","M","E","M","R","B"],"character_chosen":"IRONCLAD","items_purchased":["Rupture","Madness","Rupture"],"campfire_rested":6,"item_purchase_floors":[10,10,20],"current_hp_per_floor":[75,79,79,78,79,68,62,62,62,62,51,35,59,35,74,45,80,56,56,56,37,14,53,9,48,48,26,65,47,24,8,47,0,0],"gold":138,"neow_bonus":"RANDOM_COMMON_RELIC","is_daily":false,"chose_seed":false,"campfire_upgraded":0,"win_rate":0.0,"timestamp":1613946963,"path_taken":["M","M","?","M","M","E","M","R","T","$","M","?","R","E","R","BOSS","M","?","$","M","M","R","M","R","T","M","R","M","E","M","R","BOSS"],"items_purchased_type":["Card","Card","Card"],"build_version":"2020-12-22","purchased_purges":0,"victory":false,"max_hp_per_floor":[80,80,80,80,80,80,80,80,80,80,80,80,80,80,80,80,80,80,80,80,80,80,80,80,80,80,80,80,80,80,80,80,80,80],"card_choices":[{"not_picked":["True Grit","Clothesline"],"picked":"Combust","floor":1},{"not_picked":["Intimidate","Pummel","Metallicize"],"picked":"SKIP","floor":2},{"not_picked":["Burning Pact","Carnage"],"picked":"Shockwave","floor":4},{"not_picked":["Headbutt","Wild Strike"],"picked":"Shockwave","floor":5},{"not_picked":["Reckless Charge","Dark Embrace","Wild Strike"],"picked":"SKIP","floor":6},{"not_picked":["Sever Soul","Dark Embrace"],"picked":"Rupture","floor":7},{"not_picked":["Body Slam","Havoc"],"picked":"Spot Weakness","floor":11},{"not_picked":["Body Slam","Warcry"],"picked":"Inflame","floor":14},{"not_picked":["Cleave","Evolve","Carnage"],"picked":"SKIP","floor":18},{"not_picked":["True Grit+1","Iron Wave"],"picked":"Thunderclap","floor":21},{"not_picked":["Warcry","Anger"],"picked":"Combust","floor":22},{"not_picked":["Body Slam","Anger"],"picked":"Thunderclap","floor":24},{"not_picked":["Wild Strike+1","Pommel Strike+1","Cleave"],"picked":"SKIP","floor":27},{"not_picked":["Fire Breathing","Dark Embrace","Armaments"],"picked":"SKIP","floor":29},{"not_picked":["Wild Strike","Headbutt+1"],"picked":"Heavy Blade","floor":30},{"not_picked":["Warcry","Corruption","Body Slam"],"picked":"SKIP","floor":31}],"player_experience":153500,"relics_obtained":[{"floor":6,"key":"Potion Belt"},{"floor":14,"key":"Regal Pillow"},{"floor":26,"key":"StoneCalendar"},{"floor":30,"key":"Dead Branch"}],"event_choices":[{"damage_healed":0,"gold_gain":0,"player_choice":"Grow","damage_taken":0,"max_hp_gain":0,"max_hp_loss":0,"event_name":"Living Wall","floor":3,"gold_loss":0,"cards_upgraded":["Combust"]},{"damage_healed":0,"gold_gain":0,"player_choice":"Entered Light","damage_taken":16,"max_hp_gain":0,"max_hp_loss":0,"event_name":"Shining Light","floor":12,"gold_loss":0,"cards_upgraded":["Rupture","Madness"]},{"damage_healed":0,"gold_gain":0,"player_choice":"Ignored","damage_taken":0,"max_hp_gain":0,"max_hp_loss":0,"event_name":"Ghosts","floor":19,"gold_loss":0}],"is_beta":false,"boss_relics":[{"not_picked":["Runic Cube","Astrolabe"],"picked":"Ectoplasm"}],"items_purged_floors":[],"is_endless":false,"potions_floor_spawned":[4,7,14,16,22,27,29,31],"killed_by":"Collector","ascension_level":1}}