{"host":"0v07cr0k93jhgkpm","time":1613911838,"event":{"mods":["BaseMod","Colored Map","DeckTracker","Minty Spire (QoL Compilation)","Quick Restart","SuperFastMode"],"gold_per_floor":[11,11,11,25,25,25,35,63,89,121,271,306,319,394,394,468,468,483,408,421,436,436,436],"floor_reached":22,"language":"KOR","playtime":766,"items_purged":[],"score":458,"play_id":"94eb58f7-0a7a-4290-a8fa-f505848635c4","local_time":"20210221215038","is_ascension_mode":true,"campfire_choices":[{"data":"Eruption","floor":6.0,"key":"SMITH"},{"floor":15.0,"key":"REST"}],"circlet_count":0,"master_deck":["AscendersBane","Strike_P","Strike_P","Strike_P","Strike_P","Defend_P","Defend_P","Defend_P","Defend_P","Eruption+1","Vigilance","Scrawl","Fasting2","FollowUp","FlurryOfBlows","Consecrate","EmptyFist","Halt","Devotion","DeusExMachina","MentalFortress","MentalFortress"],"relics":["PureWater","Ancient Tea Set","Strawberry","Dream Catcher","Oddly Smooth Stone","Black Star"],"acts_visited":["Exordium","TheCity"],"potions_floor_usage":[],"damage_taken":[{"damage":12.0,"enemies":"Small Slimes","floor":1.0,"turns":3.0},{"damage":4.0,"enemies":"Cultist","floor":4.0,"turns":3.0},{"damage":4.0,"enemies":"Jaw Worm","floor":7.0,"turns":2.0},{"damage":4.0,"enemies":"3 Sentries","floor":8.0,"turns":5.0},{"damage":0.0,"enemies":"Gremlin Nob","floor":10.0,"turns":2.0},{"damage":19.0,"enemies":"3 Sentries","floor":12.0,"turns":7.0},{"damage":11.0,"enemies":"Lots of Slimes","floor":13.0,"turns":4.0},{"damage":10.0,"enemies":"Slime Boss","floor":16.0,"turns":7.0},{"damage":3.0,"enemies":"2 Thieves","floor":18.0,"turns":4.0},{"damage":10.0,"enemies":"Shell Parasite","floor":20.0,"turns":3.0},{"damage":9.0,"enemies":"Shelled Parasite and Fungi","floor":21.0,"turns":3.0},{"damage":43,"enemies":"Cultist and Chosen","floor":22,"turns":3}],"seed_played":"-803191085259468292","potions_obtained":[{"floor":1.0,"key":"BottledMiracle"},{"floor":16.0,"key":"GamblersBrew"},{"floor":18.0,"key":"DistilledChaos"},{"floor":21.0,"key":"BlessingOfTheForge"}],"is_trial":false,"path_per_floor":["M","?","$","M","$","R","M","E","T","E","?","E","M","?","R","B",null,"M","?","M","M","M"],"character_chosen":"WATCHER","items_purchased":[],"campfire_rested":1,"item_purchase_floors":[],"current_hp_per_floor":[49,49,49,45,45,45,41,37,44,44,44,25,14,3,25,15,60,57,57,47,38,0,0],"gold":436,"neow_bonus":"THREE_RARE_CARDS","is_daily":false,"chose_seed":false,"campfire_upgraded":1,"win_rate":0.0,"timestamp":1613911838,"path_taken":["M","?","$","M","?","R","M","E","T","E","?","E","M","?","R","BOSS","M","?","M","?","M"],"items_purchased_type":[],"build_version":"2020-12-22","purchased_purges":0,"victory":false,"max_hp_per_floor":[68,68,68,68,68,68,68,68,75,75,75,75,75,75,75,75,75,75,75,75,75,75,75],"card_choices":[{"not_picked":["Brilliance","Blasphemy"],"picked":"Scrawl","floor":0.0},{"not_picked":["Sanctity","ForeignInfluence"],"picked":"Fasting2","floor":1.0},{"not_picked":["BattleHymn","CutThroughFate"],"picked":"FollowUp","floor":4.0},{"not_picked":["Evaluate","PathToVictory"],"picked":"FlurryOfBlows","floor":7.0},{"not_picked":["SpiritShield","Wireheading"],"picked":"Consecrate","floor":8.0},{"not_picked":["Halt","BowlingBash"],"picked":"EmptyFist","floor":10.0},{"not_picked":["Alpha","LikeWater","ThirdEye"],"picked":"SKIP","floor":12.0},{"not_picked":["SashWhip","FollowUp"],"picked":"Halt","floor":13.0},{"not_picked":["BowlingBash","PathToVictory"],"picked":"Devotion","floor":15.0},{"not_picked":["Blasphemy","DevaForm"],"picked":"DeusExMachina","floor":16.0},{"not_picked":["FlyingSleeves","ClearTheMind+1"],"picked":"MentalFortress","floor":18.0},{"not_picked":["ReachHeaven","WindmillStrike","JustLucky"],"picked":"SKIP","floor":20.0},{"not_picked":["Conclude","ThirdEye"],"picked":"MentalFortress","floor":21.0}],"player_experience":2519457,"relics_obtained":[{"floor":8.0,"key":"Ancient Tea Set"},{"floor":9.0,"key":"Strawberry"},{"floor":10.0,"key":"Dream Catcher"},{"floor":12.0,"key":"Oddly Smooth Stone"}],"event_choices":[{"damage_healed":0.0,"max_hp_gain":0.0,"max_hp_loss":0.0,"gold_gain":0.0,"event_name":"Match and Keep!","player_choice":"0 cards matched","floor":2.0,"gold_loss":0.0,"damage_taken":0.0,"cards_obtained":[]},{"damage_healed":0.0,"max_hp_gain":0.0,"max_hp_loss":0.0,"gold_gain":150.0,"event_name":"Liars Game","player_choice":"AGREE","floor":11.0,"gold_loss":0.0,"damage_taken":0.0,"cards_obtained":["Doubt"]},{"damage_healed":0.0,"max_hp_gain":0.0,"max_hp_loss":0.0,"gold_gain":75.0,"event_name":"World of Goop","player_choice":"Gather Gold","floor":14.0,"gold_loss":0.0,"damage_taken":11.0},{"cards_removed":["Doubt"],"damage_healed":0.0,"max_hp_gain":0.0,"max_hp_loss":0.0,"gold_gain":0.0,"event_name":"Designer","player_choice":"Single Remove","floor":19.0,"gold_loss":75.0,"damage_taken":0.0}],"is_beta":false,"boss_relics":[{"not_picked":["Velvet Choker","Snecko Eye"],"picked":"Black Star"}],"items_purged_floors":[],"is_endless":false,"potions_floor_spawned":[1,16,18,21],"killed_by":"Cultist and Chosen","ascension_level":20}}