{"host":"Vegetablebread","time":1613875838,"event":{"mods":["BaseMod","Bestiary","Downfall","Minty Spire (QoL Compilation)","Relic Stats","StSLib"],"gold_per_floor":[99,114,134,134,146,146,146,162,175,201,201,201,301,47,63,167,167,167,179,179,179,179,179,253,253,253,272,303,318,318,53,69,174,174,174,187,287,302,322,322,322,597,446,746,775,788,788,115,115,115],"floor_reached":51,"language":"ENG","playtime":4949,"items_purged":["bronze:Strike","Regret"],"score":693,"play_id":"c8409c6c-1419-416e-8ca5-3ccd504ecded","local_time":"20210220185038","is_ascension_mode":false,"campfire_choices":[{"data":"bronze:Replicate","floor":1,"key":"SMITH"},{"data":"bronze:Goto","floor":6,"key":"SMITH"},{"data":"bronze:AlphaBuild","floor":11,"key":"SMITH"},{"data":"bronze:Virus","floor":18,"key":"SMITH"},{"data":"bronze:HardenedForm","floor":23,"key":"SMITH"},{"data":"bronze:Branch","floor":25,"key":"SMITH"},{"data":"bronze:BurnOut","floor":35,"key":"SMITH"},{"data":"bronze:HardenedForm","floor":40,"key":"SMITH"},{"data":"bronze:Repulsor","floor":44,"key":"SMITH"},{"data":"bronze:ItsAFeature","floor":47,"key":"SMITH"},{"data":"bronze:BronzeArmor","floor":49,"key":"SMITH"}],"circlet_count":0,"master_deck":["bronze:Defend","bronze:Defend+1","bronze:Replicate+1","bronze:Goto+1","bronze:DelayedSlice+1","bronze:DelayedGuard+1","bronze:WhirlingStrike","bronze:Branch+1","bronze:AlphaBuild+1","bronze:BronzeOrb+1","bronze:DigitalCarnage","bronze:Virus+1","bronze:HardenedForm+1","bronze:MaxOutput+1","Slimebound:Tackle+1","Slimebound:Tackle+1","Slimebound:Tackle+1","bronze:BronzeArmor+1","bronze:BitShift","bronze:FineTuning+1","Necronomicurse","bronze:HardenedForm+1","bronze:BurnOut+1","bronze:Boost","bronze:Allocate","bronze:Verify","bronze:ChildClass+1","bronze:Turbo+1","bronze:ItsAFeature+1","bronze:Repulsor+1","bronze:GetLatest+1","Secret Weapon+1"],"relics":["bronze:BronzeCore","Art of War","Nunchaku","Ice Cream","bronze:MakeshiftBattery","sneckomod:BabySnecko","Bottled Flame","bronze:ProtectiveGoggles","Necronomicon","Coffee Dripper","downfall:GremlinWheel","Toxic Egg 2","Gambling Chip","Dead Branch","Ornamental Fan","Bottled Tornado"],"acts_visited":["Exordium","TheCity","TheBeyond"],"potions_floor_usage":[13,28,28],"damage_taken":[{"damage":1,"enemies":"Cultist","floor":2,"turns":3},{"damage":6,"enemies":"2 Louse","floor":3,"turns":2},{"damage":5,"enemies":"Small Slimes","floor":5,"turns":3},{"damage":12,"enemies":"Blue Slaver","floor":8,"turns":2},{"damage":2,"enemies":"2 Fungi Beasts","floor":9,"turns":2},{"damage":1,"enemies":"3 Sentries","floor":10,"turns":5},{"damage":6,"enemies":"downfall:Heads","floor":13,"turns":5},{"damage":4,"enemies":"downfall:FleeingMerchant","floor":14,"turns":4},{"damage":0,"enemies":"downfall:LooterAlt","floor":15,"turns":1},{"damage":21,"enemies":"DF_ARCHETYPE_STREAMLINE","floor":16,"turns":10},{"damage":3,"enemies":"Shell Parasite","floor":19,"turns":2},{"damage":0,"enemies":"3 Byrds","floor":27,"turns":2},{"damage":4,"enemies":"Slavers","floor":28,"turns":4},{"damage":0,"enemies":"Centurion and Healer","floor":29,"turns":3},{"damage":15,"enemies":"downfall:FleeingMerchant","floor":31,"turns":4},{"damage":0,"enemies":"Sentry and Sphere","floor":32,"turns":3},{"damage":36,"enemies":"IC_MUSHROOM_ARCHETYPE","floor":33,"turns":5},{"damage":0,"enemies":"3 Darklings","floor":36,"turns":4},{"damage":0,"enemies":"3 Darklings","floor":37,"turns":2},{"damage":3,"enemies":"3 Shapes","floor":38,"turns":4},{"damage":0,"enemies":"Jaw Worm Horde","floor":39,"turns":3},{"damage":0,"enemies":"downfall:FleeingMerchant","floor":43,"turns":2},{"damage":0,"enemies":"Nemesis","floor":45,"turns":5},{"damage":0,"enemies":"Spire Growth","floor":46,"turns":2},{"damage":17,"enemies":"WA_ARCHETYPE_DIVINITY","floor":50,"turns":8}],"seed_played":"5495073632987371704","potions_obtained":[{"floor":5,"key":"SkillPotion"},{"floor":9,"key":"SmokeBomb"},{"floor":10,"key":"bronze:BuildAFunctionPotion"},{"floor":15,"key":"Block Potion"},{"floor":16,"key":"Dexterity Potion"},{"floor":27,"key":"Weak Potion"},{"floor":29,"key":"SkillPotion"},{"floor":32,"key":"Fire Potion"},{"floor":36,"key":"AttackPotion"}],"is_trial":false,"path_per_floor":["R","M","M","?","M","R","T","M","M","E","R","?","?","$","M","B",null,"R","M","?","?","?","R","T","R","?","M","E","M","?","$","M","B",null,"R","M","?","M","M","R","T","?","$","R","E","M","R","$","R","B",null],"character_chosen":"THE_AUTOMATON","items_purchased":["bronze:Virus","bronze:BurnOut","bronze:Boost","bronze:Allocate","Gambling Chip","bronze:Repulsor","Ornamental Fan","Bottled Tornado","Secret Weapon+1"],"campfire_rested":0,"item_purchase_floors":[14,31,31,31,43,43,48,48,48],"current_hp_per_floor":[77,76,70,70,65,65,65,53,51,50,50,50,44,40,40,19,77,77,74,74,74,74,74,74,74,74,74,70,70,54,39,39,3,77,77,77,77,74,74,74,74,74,74,74,74,74,74,74,74,57],"gold":115,"neow_bonus":"TEN_PERCENT_HP_BONUS","is_daily":false,"chose_seed":false,"campfire_upgraded":11,"win_rate":0.0,"timestamp":1613875838,"path_taken":["R","M","M","?","M","R","T","M","M","E","R","?","?","$","M","BOSS","R","M","?","?","?","R","T","R","?","M","E","M","?","$","M","BOSS","R","M","?","?","M","R","T","?","$","R","E","M","R","$","R","BOSS"],"items_purchased_type":["Card","Card","Card","Card","Relic","Card","Relic","Relic","Card"],"build_version":"2020-12-18","purchased_purges":2,"victory":true,"max_hp_per_floor":[77,77,77,77,77,77,77,77,77,77,77,77,77,77,77,77,77,77,77,77,77,77,77,77,77,77,77,77,77,77,77,77,77,77,77,77,77,77,77,77,77,77,77,77,77,77,77,77,77,77],"relic_stats":{"Nunchaku":[26],"counters":[25,90],"Ornamental Fan":[20],"Gambling Chip":[3],"Dead Branch":[48],"Art of War":[1],"Necronomicon":[17],"obtain_stats":[{"Ice Cream":10,"bronze:BronzeCore":0,"Dead Branch":45,"Bottled Tornado":48,"sneckomod:BabySnecko":22,"Nunchaku":7,"Bottled Flame":24,"downfall:GremlinWheel":37,"bronze:ProtectiveGoggles":28,"Ornamental Fan":48,"Gambling Chip":43,"Art of War":4,"Necronomicon":30,"Coffee Dripper":34,"Toxic Egg 2":41,"bronze:MakeshiftBattery":17},{"Ice Cream":6,"bronze:BronzeCore":0,"Dead Branch":23,"Bottled Tornado":24,"sneckomod:BabySnecko":11,"Nunchaku":3,"Bottled Flame":11,"downfall:GremlinWheel":19,"bronze:ProtectiveGoggles":13,"Ornamental Fan":24,"Gambling Chip":22,"Art of War":2,"Necronomicon":14,"Coffee Dripper":17,"Toxic Egg 2":21,"bronze:MakeshiftBattery":10},{"Ice Cream":17,"bronze:BronzeCore":0,"Dead Branch":80,"Bottled Tornado":82,"sneckomod:BabySnecko":39,"Nunchaku":8,"Bottled Flame":39,"downfall:GremlinWheel":66,"bronze:ProtectiveGoggles":45,"Ornamental Fan":82,"Gambling Chip":75,"Art of War":5,"Necronomicon":48,"Coffee Dripper":60,"Toxic Egg 2":73,"bronze:MakeshiftBattery":37}]},"card_choices":[{"not_picked":["bronze:BuggyMess","bronze:Deprecate"],"picked":"bronze:DelayedSlice","floor":2},{"not_picked":["bronze:CutThrough","bronze:DigitalCarnage"],"picked":"bronze:DelayedGuard","floor":3},{"not_picked":["bronze:Shield","bronze:OilSpill"],"picked":"bronze:WhirlingStrike","floor":5},{"not_picked":["bronze:Frontload","bronze:BuggyMess","bronze:WhirlingStrike"],"picked":"SKIP","floor":8},{"not_picked":["bronze:WildBeam","bronze:OilSpill"],"picked":"bronze:Branch","floor":9},{"not_picked":["bronze:Allocate","bronze:Branch"],"picked":"bronze:AlphaBuild","floor":10},{"not_picked":["bronze:Overheat","bronze:BitShift"],"picked":"bronze:BronzeOrb","floor":13},{"not_picked":["bronze:CutThrough","bronze:Shell","bronze:Invalidate"],"picked":"SKIP","floor":14},{"not_picked":["bronze:OilSpill","bronze:Allocate","bronze:Overload"],"picked":"SKIP","floor":15},{"not_picked":["bronze:AlphaBuild","bronze:ThunderWave"],"picked":"bronze:HardenedForm","floor":16},{"not_picked":["bronze:Deprecate","bronze:Frontload"],"picked":"bronze:MaxOutput+1","floor":19},{"not_picked":["bronze:Overload","bronze:WildBeam"],"picked":"bronze:FineTuning+1","floor":27},{"not_picked":["bronze:Backtrace","bronze:Overheat","bronze:OilSpill"],"picked":"SKIP","floor":28},{"not_picked":["bronze:BitShift","bronze:OilSpill","bronze:DelayedGuard"],"picked":"SKIP","floor":29},{"not_picked":["bronze:BuggyMess","bronze:Shield+1"],"picked":"bronze:HardenedForm","floor":31},{"not_picked":["bronze:BitShift","bronze:BuggyMess","bronze:Philosophize+1"],"picked":"SKIP","floor":32},{"not_picked":["bronze:Mutator","bronze:Break"],"picked":"bronze:Verify","floor":33},{"not_picked":["bronze:FineTuning","bronze:DelayedGuard"],"picked":"bronze:ChildClass+1","floor":36},{"not_picked":["bronze:DelayedGuard","bronze:Turbo","bronze:Optimize+1"],"picked":"SKIP","floor":38},{"not_picked":["bronze:BuggyMess","bronze:BitShift+1"],"picked":"bronze:Turbo+1","floor":39},{"not_picked":["bronze:ThunderWave","bronze:DelayedSlice+1"],"picked":"bronze:ItsAFeature","floor":43},{"not_picked":["bronze:BitShift+1","bronze:CleanCode","bronze:Deprecate+1"],"picked":"SKIP","floor":45},{"not_picked":["bronze:Backtrace+1","bronze:CutThrough+1"],"picked":"bronze:GetLatest+1","floor":46}],"player_experience":10612276,"relics_obtained":[{"floor":7,"key":"Nunchaku"},{"floor":10,"key":"Ice Cream"},{"floor":24,"key":"Bottled Flame"},{"floor":28,"key":"bronze:ProtectiveGoggles"},{"floor":30,"key":"Necronomicon"},{"floor":37,"key":"downfall:GremlinWheel"},{"floor":41,"key":"Toxic Egg 2"},{"floor":45,"key":"Dead Branch"}],"event_choices":[{"damage_healed":0,"gold_gain":0,"cards_transformed":["bronze:Defend","bronze:Defend"],"player_choice":"Became Test Subject","damage_taken":0,"max_hp_gain":0,"max_hp_loss":0,"event_name":"Drug Dealer","floor":21,"gold_loss":0,"cards_obtained":["bronze:BronzeArmor","bronze:BitShift"]},{"damage_healed":0,"gold_gain":300,"player_choice":"Gold","damage_taken":0,"max_hp_gain":0,"max_hp_loss":0,"event_name":"Wheel of Change","floor":44,"gold_loss":0}],"is_beta":true,"boss_relics":[{"not_picked":["Fusion Hammer","Busted Crown"],"picked":"bronze:MakeshiftBattery"},{"not_picked":["SacredBark","bronze:PlatinumCore"],"picked":"Coffee Dripper"}],"items_purged_floors":[14,43],"is_endless":false,"potions_floor_spawned":[5,9,10,15,16,27,29,32,36,46],"ascension_level":0}}