{"host":"7rmsgc3rayi00cdt","time":1613918385,"event":{"mods":["BaseMod","Minty Spire (QoL Compilation)"],"gold_per_floor":[118,137,137,148,148,174,174,185,185,37,54,72,101,4,4,101,101,119,130,149,203,203,203],"floor_reached":22,"language":"ENG","playtime":784,"items_purged":["Strike_R"],"score":306,"play_id":"0c1ebbf0-a1b4-47e4-9e0b-6ff270eb4af1","local_time":"20210221143945","is_ascension_mode":true,"campfire_choices":[{"data":"Bash","floor":7,"key":"SMITH"},{"floor":15,"key":"REST"}],"circlet_count":0,"master_deck":["AscendersBane","Strike_R","Strike_R","Strike_R","Strike_R","Defend_R","Defend_R","Defend_R","Defend_R","Bash+1","Twin Strike","Thunderclap","Iron Wave+1","Limit Break","Heavy Blade+1","Disarm","Thunderclap+1","Wild Strike+1","Pommel Strike+1","Reaper+1","Clothesline+1","Flex+1"],"relics":["Black Blood","Molten Egg 2","Spirit Poop","Eternal Feather","Paper Frog","Tiny Chest","The Courier","Oddly Smooth Stone"],"acts_visited":["Exordium","TheCity"],"potions_floor_usage":[6,13,18,22],"damage_taken":[{"damage":19,"enemies":"Jaw Worm","floor":1,"turns":5},{"damage":13,"enemies":"Small Slimes","floor":2,"turns":5},{"damage":3,"enemies":"Cultist","floor":4,"turns":3},{"damage":8,"enemies":"3 Sentries","floor":6,"turns":6},{"damage":16,"enemies":"Lots of Slimes","floor":8,"turns":4},{"damage":15,"enemies":"3 Louse","floor":11,"turns":4},{"damage":7,"enemies":"Red Slaver","floor":12,"turns":4},{"damage":44,"enemies":"Lagavulin","floor":13,"turns":7},{"damage":29,"enemies":"Slime Boss","floor":16,"turns":9},{"damage":41,"enemies":"Spheric Guardian","floor":18,"turns":7},{"damage":2,"enemies":"Chosen","floor":19,"turns":4},{"damage":47,"enemies":"Centurion and Healer","floor":20,"turns":7},{"damage":34,"enemies":"Shelled Parasite and Fungi","floor":22,"turns":5}],"seed_played":"1738842270326179897","potions_obtained":[{"floor":2,"key":"AttackPotion"},{"floor":11,"key":"BlessingOfTheForge"},{"floor":16,"key":"Block Potion"},{"floor":19,"key":"Fire Potion"}],"is_trial":false,"path_per_floor":["M","M","?","M","?","E","R","M","T","$","M","M","E","$","R","B",null,"M","M","M","T","M"],"character_chosen":"IRONCLAD","items_purchased":["Tiny Chest","Pommel Strike+1"],"campfire_rested":1,"item_purchase_floors":[10,14],"current_hp_per_floor":[67,60,60,63,63,61,70,60,60,60,51,50,12,12,47,24,72,43,53,34,34,0,0],"gold":203,"neow_bonus":"TEN_PERCENT_HP_BONUS","is_daily":false,"chose_seed":false,"campfire_upgraded":1,"win_rate":0.0,"timestamp":1613918385,"path_taken":["M","M","?","M","?","E","R","M","T","$","M","?","E","?","R","BOSS","M","?","M","?","?"],"items_purchased_type":["Relic","Card"],"build_version":"2020-12-22","purchased_purges":1,"victory":false,"max_hp_per_floor":[88,88,88,88,88,88,88,88,88,88,88,88,88,88,88,88,88,88,88,88,88,88,88],"card_choices":[{"not_picked":["Iron Wave","Feel No Pain"],"picked":"Twin Strike","floor":1},{"not_picked":["Warcry","Clash"],"picked":"Thunderclap","floor":2},{"not_picked":["Clothesline+1","Sentinel"],"picked":"Iron Wave+1","floor":4},{"not_picked":["Carnage+1","Iron Wave+1"],"picked":"Limit Break","floor":6},{"not_picked":["Wild Strike+1","Fire Breathing"],"picked":"Heavy Blade+1","floor":8},{"not_picked":["Carnage+1","Iron Wave+1"],"picked":"Disarm","floor":11},{"not_picked":["Combust","Heavy Blade+1"],"picked":"Thunderclap+1","floor":12},{"not_picked":["Entrench","Headbutt+1"],"picked":"Wild Strike+1","floor":13},{"not_picked":["Double Tap","Limit Break"],"picked":"Reaper+1","floor":16},{"not_picked":["Headbutt+1","Twin Strike+1"],"picked":"Clothesline+1","floor":18},{"not_picked":["Pummel+1","Headbutt+1"],"picked":"Flex+1","floor":19},{"not_picked":["Armaments","Perfected Strike+1","Body Slam+1"],"picked":"SKIP","floor":20}],"player_experience":833275,"relics_obtained":[{"floor":6,"key":"Eternal Feather"},{"floor":9,"key":"Paper Frog"},{"floor":13,"key":"The Courier"},{"floor":21,"key":"Oddly Smooth Stone"}],"event_choices":[{"damage_healed":0,"gold_gain":0,"player_choice":"Box","damage_taken":0,"relics_obtained":["Molten Egg 2"],"max_hp_gain":0,"max_hp_loss":0,"event_name":"Big Fish","floor":3,"gold_loss":0,"cards_obtained":["Regret"]},{"cards_removed":["Regret"],"damage_healed":0,"gold_gain":0,"player_choice":"Offered Curse","damage_taken":0,"relics_obtained":["Spirit Poop"],"max_hp_gain":0,"max_hp_loss":0,"event_name":"Bonfire Elementals","floor":5,"gold_loss":0}],"is_beta":false,"boss_relics":[{"not_picked":["Snecko Eye","Velvet Choker"],"picked":"Black Blood"}],"items_purged_floors":[14],"is_endless":false,"potions_floor_spawned":[2,11,16,19],"killed_by":"Shelled Parasite and Fungi","ascension_level":11}}