{"host":"2e5gbsni44p3458r","time":1613910636,"event":{"mods":["BaseMod","Colored Map","Downfall","Hermit","Minty Spire (QoL Compilation)","Replay The Spire","StSLib","The Cursed"],"gold_per_floor":[99,99,99,99,129,129,129,141,151,177,177,190,190,204,219,320,320,320,337,360,381,489,530,530,549,449,449,449,449,477,496,524,524,524,524],"floor_reached":33,"language":"ENG","playtime":7933,"items_purged":[],"score":403,"play_id":"6d24bab7-64d4-4f07-94e3-8b98f3ba13fd","local_time":"20210221213036","is_ascension_mode":true,"campfire_choices":[{"data":"hexamod:Float","floor":1.0,"key":"SMITH"},{"data":"hexamod:WildfireWeapon","floor":18.0,"key":"SMITH"},{"floor":26,"key":"REST"},{"floor":28,"key":"RECALL"}],"circlet_count":0,"master_deck":["hexamod:Strike","hexamod:Strike","hexamod:Strike","hexamod:Defend","hexamod:Defend","hexamod:Defend","hexamod:Sear","hexamod:Float+1","hexamod:RadiantFlame","hexamod:WildfireWeapon+1","hexamod:FastForward","hexamod:RainOfEmbers","hexamod:StepThrough","hexamod:ThirdSeal","hexamod:TimeWarp","hexamod:SecondSeal","hexamod:FourthSeal","hexamod:FastForward","hexamod:HauntingEcho+1","hexamod:Incineration","hexamod:FastForward","hexamod:FastForward","hexamod:FastForward+1","hexamod:AdvancingGuard","hexamod:Hexaguard","hexamod:GhostflameBarrier+1"],"relics":["hexamod:SpiritBrand","downfall:HeartsMalice","Nunchaku","Onion Ring","Mummified Hand","hexamod:IceCube","Mango","Bottled Lightning","sneckomod:BlankCard","Calipers","downfall:HeartBlessingGreen"],"acts_visited":["Exordium","TheCity"],"potions_floor_usage":[31,32,33],"damage_taken":[{"damage":0.0,"enemies":"Jaw Worm","floor":2.0,"turns":1.0},{"damage":0.0,"enemies":"Small Slimes","floor":3.0,"turns":1.0},{"damage":0.0,"enemies":"Cultist","floor":6.0,"turns":1.0},{"damage":0.0,"enemies":"Large Slime","floor":8.0,"turns":3.0},{"damage":0.0,"enemies":"Blue Slaver","floor":9.0,"turns":3.0},{"damage":12.0,"enemies":"Gremlin Nob","floor":10.0,"turns":2.0},{"damage":0.0,"enemies":"Exordium Wildlife","floor":12.0,"turns":4.0},{"damage":4.0,"enemies":"Red Slaver","floor":14.0,"turns":3.0},{"damage":0.0,"enemies":"Gremlin Gang","floor":15.0,"turns":5.0},{"damage":14.0,"enemies":"IC_STATUS_ARCHETYPE","floor":16.0,"turns":6.0},{"damage":3.0,"enemies":"Chosen","floor":19.0,"turns":4.0},{"damage":11.0,"enemies":"Shell Parasite","floor":20.0,"turns":4.0},{"damage":10.0,"enemies":"Snecko","floor":21.0,"turns":4.0},{"damage":6.0,"enemies":"SI_SHIV_ARCHETYPE","floor":22.0,"turns":4.0},{"damage":50.0,"enemies":"Slavers","floor":23.0,"turns":4.0},{"damage":15,"enemies":"3 Cultists","floor":25,"turns":5},{"damage":21,"enemies":"Shelled Parasite and Fungi","floor":30,"turns":4},{"damage":15,"enemies":"Snake Plant","floor":31,"turns":3},{"damage":3,"enemies":"Chosen and Byrds","floor":32,"turns":6},{"damage":21,"enemies":"WA_ARCHETYPE_CALM","floor":33,"turns":5}],"seed_played":"8206915230058454968","potions_obtained":[{"floor":8.0,"key":"Death Potion"},{"floor":9.0,"key":"LiquidBronze"},{"floor":10.0,"key":"Fire Potion"},{"floor":14.0,"key":"Block Potion"},{"floor":19.0,"key":"Ancient Potion"},{"floor":21.0,"key":"Regen Potion"},{"floor":23.0,"key":"Death Potion"},{"floor":25,"key":"FearPotion"},{"floor":29,"key":"CultistPotion"},{"floor":30,"key":"Guardian:BlockOnCardUsePotion"},{"floor":31,"key":"Fruit Juice"},{"floor":32,"key":"Guardian:BlockOnCardUsePotion"},{"floor":32,"key":"Weak Potion"}],"is_trial":false,"path_per_floor":["R","M","M","?","?","M","T","M","M","E","?","M","?","M","M","B",null,"R","M","M","M","?","E","T","M","R","?","R","?","M","M","M","B"],"character_chosen":"THE_SPIRIT","items_purchased":[],"campfire_rested":1,"item_purchase_floors":[],"current_hp_per_floor":[70,70,70,70,70,70,70,70,70,58,58,58,58,54,54,40,70,70,67,56,46,54,16,16,1,26,54,54,54,33,23,20,0,0,0],"gold":524,"neow_bonus":"THREE_ENEMY_KILL","is_daily":false,"chose_seed":false,"campfire_upgraded":2,"win_rate":0.0,"timestamp":1613910636,"path_taken":["R","M","M","?","?","M","T","?","M","E","?","M","?","?","M","BOSS","R","M","M","M","?","E","T","M","R","?","R","?","?","M","M","BOSS"],"items_purchased_type":[],"build_version":"2020-12-22","purchased_purges":0,"victory":false,"max_hp_per_floor":[70,70,70,70,70,70,70,70,70,70,70,70,70,70,70,70,70,70,70,70,70,84,84,84,84,84,84,84,84,84,89,89,89,89,89],"card_choices":[{"not_picked":["hexamod:ShieldOfDarkness","hexamod:NightmareStrike","hexamod:NightmareGuise"],"picked":"SKIP","floor":2.0},{"not_picked":["hexamod:NightmareGuise","hexamod:FlamesFromBeyond"],"picked":"hexamod:RadiantFlame","floor":3.0},{"not_picked":["hexamod:GhostOfSpireFuture","hexamod:NightmareGuise"],"picked":"hexamod:WildfireWeapon","floor":6.0},{"not_picked":["hexamod:AdvancingGuard","hexamod:GhostShield"],"picked":"hexamod:FastForward","floor":8.0},{"not_picked":["hexamod:SpectralSpark","hexamod:Firestarter"],"picked":"hexamod:RainOfEmbers","floor":9.0},{"not_picked":["hexamod:Rewind","hexamod:AdvancingGuard"],"picked":"hexamod:StepThrough","floor":10.0},{"not_picked":["hexamod:ShieldOfDarkness","hexamod:BurningTouch","hexamod:SuperheatedStrike"],"picked":"SKIP","floor":12.0},{"not_picked":["hexamod:ShieldOfDarkness","hexamod:SwordOfDarkness"],"picked":"hexamod:ThirdSeal","floor":14.0},{"not_picked":["hexamod:CatchUp","hexamod:SpectersWail","hexamod:EtherealExpedition"],"picked":"SKIP","floor":15.0},{"not_picked":["hexamod:ThermalTransfer","hexamod:NightmareGuise","hexamod:GhostflameBarrier"],"picked":"SKIP","floor":15.0},{"not_picked":["hexamod:UnleashSpirits","hexamod:GiftsFromTheDead"],"picked":"hexamod:TimeWarp","floor":16.0},{"not_picked":["hexamod:HeatMetal","hexamod:GhostShield+1"],"picked":"hexamod:SecondSeal","floor":19.0},{"not_picked":["hexamod:Hexaguard","hexamod:NightmareStrike","hexamod:InspiringFlames+1"],"picked":"SKIP","floor":19.0},{"not_picked":["hexamod:SuperheatedStrike","hexamod:Firestarter"],"picked":"hexamod:FourthSeal","floor":20.0},{"not_picked":["hexamod:SwordOfDarkness","hexamod:FlamesFromBeyond","hexamod:ChargedBarrage"],"picked":"SKIP","floor":20.0},{"not_picked":["hexamod:Toasty","hexamod:Hexaguard","hexamod:HeatMetal+1"],"picked":"SKIP","floor":21.0},{"not_picked":["hexamod:HeatShield+1","hexamod:BurningTouch","hexamod:Again"],"picked":"SKIP","floor":21.0},{"not_picked":["hexamod:SuperheatedStrike","hexamod:ShieldOfDarkness+1"],"picked":"hexamod:FastForward","floor":22.0},{"not_picked":["hexamod:GhostOfSpirePast","hexamod:SpectersWail"],"picked":"hexamod:HauntingEcho+1","floor":22.0},{"not_picked":["hexamod:SpectralAdrenaline+1","hexamod:Again"],"picked":"hexamod:Incineration","floor":23.0},{"not_picked":["hexamod:PhantomFireball","hexamod:SkipABeat","hexamod:EtherealExpedition"],"picked":"SKIP","floor":23.0},{"not_picked":["hexamod:Firestarter","hexamod:SwordOfDarkness+1"],"picked":"hexamod:FastForward","floor":25},{"not_picked":["hexamod:BacktrackSmack","hexamod:TimeOfNeed"],"picked":"hexamod:FastForward","floor":25},{"not_picked":["hexamod:HeatMetal","hexamod:StepThrough"],"picked":"hexamod:FastForward+1","floor":30},{"not_picked":["hexamod:FourthSeal","hexamod:SpectralAdrenaline+1","hexamod:EtherealExpedition+1"],"picked":"SKIP","floor":30},{"not_picked":["hexamod:NightmareGuise+1","hexamod:ThirdSeal"],"picked":"hexamod:AdvancingGuard","floor":31},{"not_picked":["hexamod:HeatMetal","hexamod:InspiringFlames+1","hexamod:SwordOfDarkness"],"picked":"SKIP","floor":31},{"not_picked":["hexamod:NightmareGuise+1","hexamod:GhostShield"],"picked":"hexamod:Hexaguard","floor":32},{"not_picked":["hexamod:NightmareStrike","hexamod:RecurringNightmare"],"picked":"hexamod:GhostflameBarrier+1","floor":32}],"player_experience":834230,"relics_obtained":[{"floor":7.0,"key":"Onion Ring"},{"floor":10.0,"key":"Mummified Hand"},{"floor":22.0,"key":"Mango"},{"floor":22.0,"key":"Bottled Lightning"},{"floor":23.0,"key":"sneckomod:BlankCard"},{"floor":24.0,"key":"Calipers"}],"event_choices":[{"cards_removed":["hexamod:Strike"],"damage_healed":0.0,"max_hp_gain":0.0,"max_hp_loss":0.0,"gold_gain":0.0,"event_name":"The Cleric","player_choice":"Card Removal","floor":11.0,"gold_loss":0.0,"damage_taken":0.0},{"damage_healed":28,"gold_gain":0,"player_choice":"Heal","damage_taken":0,"max_hp_gain":0,"max_hp_loss":0,"event_name":"The Library","floor":27,"gold_loss":0}],"is_beta":false,"boss_relics":[{"not_picked":["Honey Jar","Busted Crown"],"picked":"hexamod:IceCube"}],"items_purged_floors":[],"is_endless":false,"potions_floor_spawned":[8,9,10,14,19,25,32],"killed_by":"WA_ARCHETYPE_CALM","ascension_level":4}}