{"host":"ydg0vn0pu4pubmdt","time":1613939429,"event":{"mods":["AchievementEnabler","BaseMod","Colored Map","Minty Spire (QoL Compilation)","Quick Restart","SuperFastMode"],"gold_per_floor":[110,122,122,138,63,63,82,117,164,176,196,212,70,81,81,160,160,172,87,87,103,103,103,131,131,131,131,131,149,24,34,34,34,34],"floor_reached":33,"language":"KOR","playtime":645,"items_purged":["Strike_R","Strike_R","Strike_R"],"score":538,"play_id":"e541bf39-8e07-4816-aff6-554bb3bf3e4e","local_time":"20210222053029","is_ascension_mode":true,"campfire_choices":[{"data":"Second Wind","floor":6.0,"key":"SMITH"},{"data":"Disarm","floor":15.0,"key":"SMITH"},{"data":"Feel No Pain","floor":23,"key":"SMITH"},{"floor":27,"key":"REST"},{"floor":32,"key":"REST"}],"circlet_count":0,"master_deck":["AscendersBane","Strike_R+1","Defend_R","Defend_R","Defend_R","Bash","Fire Breathing+1","Pummel","Second Wind+1","Disarm+1","Shockwave","Wild Strike","Fiend Fire","Shrug It Off+1","Sentinel","Feel No Pain+1","Wild Strike+1","Seeing Red","Spot Weakness","Shrug It Off+1"],"relics":["Burning Blood","NeowsBlessing","Bottled Tornado","Red Skull","Mark of Pain","Anchor","Bag of Preparation","Molten Egg 2"],"acts_visited":["Exordium","TheCity"],"potions_floor_usage":[33],"damage_taken":[{"damage":0.0,"enemies":"Cultist","floor":1.0,"turns":1.0},{"damage":1.0,"enemies":"Small Slimes","floor":2.0,"turns":2.0},{"damage":0.0,"enemies":"2 Louse","floor":4.0,"turns":1.0},{"damage":1.0,"enemies":"2 Fungi Beasts","floor":7.0,"turns":3.0},{"damage":40.0,"enemies":"Lagavulin","floor":8.0,"turns":7.0},{"damage":7.0,"enemies":"Exordium Thugs","floor":10.0,"turns":3.0},{"damage":7.0,"enemies":"3 Louse","floor":11.0,"turns":3.0},{"damage":7.0,"enemies":"Red Slaver","floor":12.0,"turns":3.0},{"damage":9.0,"enemies":"2 Fungi Beasts","floor":14.0,"turns":4.0},{"damage":16.0,"enemies":"Hexaghost","floor":16.0,"turns":9.0},{"damage":17,"enemies":"3 Byrds","floor":18,"turns":4},{"damage":22,"enemies":"Spheric Guardian","floor":21,"turns":4},{"damage":12,"enemies":"Book of Stabbing","floor":24,"turns":5},{"damage":21,"enemies":"Shelled Parasite and Fungi","floor":29,"turns":4},{"damage":13,"enemies":"3 Cultists","floor":31,"turns":5},{"damage":73,"enemies":"Champ","floor":33,"turns":13}],"seed_played":"-6487077587807555829","potions_obtained":[{"floor":1.0,"key":"SpeedPotion"},{"floor":2.0,"key":"ColorlessPotion"},{"floor":10.0,"key":"SpeedPotion"},{"floor":12.0,"key":"SteroidPotion"},{"floor":16.0,"key":"DuplicationPotion"},{"floor":24,"key":"BloodPotion"}],"is_trial":false,"path_per_floor":["M","M","?","M","$","R","M","E","T","M","M","M","$","M","R","B",null,"M","?","$","M","?","R","E","?","T","R","?","M","$","M","R","B"],"character_chosen":"IRONCLAD","items_purchased":["Shockwave"],"campfire_rested":2,"item_purchase_floors":[13],"current_hp_per_floor":[74,75,52,58,58,58,63,29,29,28,27,26,26,23,23,13,60,49,49,49,33,33,33,27,27,27,49,49,34,34,27,49,0,0],"gold":34,"neow_bonus":"THREE_ENEMY_KILL","is_daily":false,"chose_seed":false,"campfire_upgraded":3,"win_rate":0.0,"timestamp":1613939429,"path_taken":["M","?","?","M","$","R","M","E","T","M","M","M","$","M","R","BOSS","M","?","$","M","?","R","E","?","T","R","?","M","$","M","R","BOSS"],"items_purchased_type":["Card"],"build_version":"2020-12-22","purchased_purges":3,"victory":false,"max_hp_per_floor":[75,75,75,75,75,75,75,75,75,75,75,75,75,75,75,75,75,75,75,75,75,75,75,75,75,75,75,75,75,75,75,75,75,75],"card_choices":[{"not_picked":["Cleave","Uppercut"],"picked":"Fire Breathing","floor":1.0},{"not_picked":["Whirlwind","Dual Wield"],"picked":"Pummel","floor":2.0},{"not_picked":["Flex","Dropkick"],"picked":"Second Wind","floor":4.0},{"not_picked":["Whirlwind","Perfected Strike","Armaments"],"picked":"SKIP","floor":7.0},{"not_picked":["Flex","Dropkick","Metallicize"],"picked":"SKIP","floor":8.0},{"not_picked":["Hemokinesis","Seeing Red","Perfected Strike"],"picked":"SKIP","floor":10.0},{"not_picked":["Clothesline","True Grit"],"picked":"Disarm","floor":11.0},{"not_picked":["Armaments","Combust","Body Slam"],"picked":"SKIP","floor":12.0},{"not_picked":["Flex","Juggernaut"],"picked":"Wild Strike","floor":14.0},{"not_picked":["Corruption","Double Tap"],"picked":"Fiend Fire","floor":16.0},{"not_picked":["Body Slam+1","Twin Strike"],"picked":"Shrug It Off+1","floor":18},{"not_picked":["Twin Strike","Iron Wave"],"picked":"Sentinel","floor":21},{"not_picked":["Fire Breathing","Rage"],"picked":"Wild Strike+1","floor":24},{"not_picked":["Clash+1","Entrench","Pommel Strike+1"],"picked":"SKIP","floor":29},{"not_picked":["Perfected Strike+1","Entrench"],"picked":"Shrug It Off+1","floor":31}],"player_experience":622523,"relics_obtained":[{"floor":8.0,"key":"Bottled Tornado"},{"floor":9.0,"key":"Red Skull"},{"floor":24,"key":"Bag of Preparation"},{"floor":26,"key":"Molten Egg 2"}],"event_choices":[{"damage_healed":0.0,"max_hp_gain":0.0,"max_hp_loss":0.0,"gold_gain":0.0,"event_name":"Shining Light","player_choice":"Entered Light","floor":3.0,"gold_loss":0.0,"damage_taken":23.0,"cards_upgraded":["Fire Breathing","Strike_R"]},{"damage_healed":0,"gold_gain":0,"player_choice":"Obtained Relic","damage_taken":0,"relics_obtained":["Anchor"],"max_hp_gain":0,"max_hp_loss":0,"event_name":"Addict","floor":19,"gold_loss":85},{"damage_healed":0,"gold_gain":0,"player_choice":"Read","damage_taken":0,"max_hp_gain":0,"max_hp_loss":0,"event_name":"The Library","floor":22,"gold_loss":0,"cards_obtained":["Feel No Pain"]},{"damage_healed":0,"gold_gain":0,"player_choice":"Ignored","damage_taken":0,"max_hp_gain":0,"max_hp_loss":0,"event_name":"Vampires","floor":25,"gold_loss":0},{"damage_healed":0,"gold_gain":0,"cards_transformed":["Strike_R","Defend_R"],"player_choice":"Became Test Subject","damage_taken":0,"max_hp_gain":0,"max_hp_loss":0,"event_name":"Drug Dealer","floor":28,"gold_loss":0,"cards_obtained":["Seeing Red","Spot Weakness"]}],"is_beta":false,"boss_relics":[{"not_picked":["Coffee Dripper","Astrolabe"],"picked":"Mark of Pain"}],"items_purged_floors":[5,13,30],"is_endless":false,"potions_floor_spawned":[1,2,10,12,16,24,31],"killed_by":"Champ","ascension_level":20}}