{"host":"hygln5axy5suw4oc","time":1613898713,"event":{"mods":["BaseMod","Colored Powertips","Custom Start","Infinite Spire","Minty Spire (QoL Compilation)","Replay The Spire","StSLib"],"gold_per_floor":[99,99,99999,100011,99448,99448,99448,99458,99458,99458,99458,99458,99073,99073,99073,99173,99173,99187,99187,99187,98885,98419,98419,98419,98419,98445,98477,98504,98504,98429,98455,98455,98558,98608,98625,98170,98170,98170,98270,98270,98270,98270,98270,98270,97578,97578,97578,97588,97588,97588],"floor_reached":51,"language":"ENG","playtime":1630,"items_purged":["Neutralize","ReplayTheSpireMod:Doomed","Writhe","Pain","Hallucinations","Normality","Replay:Hysterical Blindness"],"score":930,"play_id":"1335b340-10f0-4c68-8ade-9eb2441efefb","local_time":"20210221041153","daily_mods":["Vintage","Flight"],"is_ascension_mode":false,"campfire_choices":[{"data":"Offering","floor":6,"key":"SMITH"},{"data":"ReplayTheSpireMod:Echoes of Time","floor":7,"key":"SMITH"},{"data":"Infinite Blades","floor":10,"key":"SMITH"},{"data":"Adrenaline","floor":11,"key":"SMITH"},{"data":"Burst","floor":12,"key":"SMITH"},{"data":"Cloak And Dagger","floor":23,"key":"SMITH"},{"data":"infinitespire:UltimateForm","floor":25,"key":"SMITH"},{"data":"Backflip","floor":29,"key":"SMITH"},{"data":"Poison Darts","floor":40,"key":"SMITH"},{"floor":42,"key":"REST"},{"floor":44,"key":"REST"},{"floor":46,"key":"REST"},{"data":"Decay","floor":49,"key":"PURGE"}],"circlet_count":0,"master_deck":["infinitespire:Collect+1","Envenom+1","Infinite Blades+1","Accuracy+1","Accuracy+1","Accuracy+1","Noxious Fumes+1","Storm of Steel+1","Adrenaline+1","Burst+1","infinitespire:Neurotoxin+1","Backflip+1","Blade Dance+1","Blade Dance+1","Deadly Poison+1","Die Die Die+1","Backstab+1","Offering+1","Seek+1","Blade Dance+1","ReplayTheSpireMod:Echoes of Time+1","Hidden Blade+1","Cloak And Dagger+1","infinitespire:UltimateForm+1","Clumsy","Poison Darts+1","Doubt","Seek+1","Doppelganger+1","infinitespire:Fortify","infinitespire:NeuralNetwork"],"relics":["Ring of the Snake","Ice Cream","Kunai","Cursed Key","Bag of Preparation","Replay:Baseball","Mummified Hand","Snake Skull","Centennial Puzzle","The Specimen","Pen Nib","Bird Faced Urn","Question Card","Blue Candle","Guide Book","CultistMask","Cursed Key","Boot","Bronze Scales","WarpedTongs","Sling","ReplayTheSpireMod:Lightbulb","Chemical X","Sozu","Ninja Scroll","Juzu Bracelet","Darkstone Periapt","Smiling Mask","Tiny House","Toy Ornithopter","Letter Opener","ClockworkSouvenir","Dream Catcher","DollysMirror","Golden Egg","Replay:Ringing Soul","PrismaticShard","Orichalcum"],"acts_visited":["Exordium","TheCity","TheBeyond"],"potions_floor_usage":[],"damage_taken":[{"damage":12,"enemies":"Cultist","floor":4,"turns":1},{"damage":0,"enemies":"2 Louse","floor":8,"turns":1},{"damage":0,"enemies":"The Guardian","floor":16,"turns":1},{"damage":0,"enemies":"Shell Parasite","floor":18,"turns":1},{"damage":1,"enemies":"Slavers","floor":27,"turns":2},{"damage":0,"enemies":"Replay:Snechameleon","floor":28,"turns":1},{"damage":8,"enemies":"Pondfish","floor":33,"turns":2},{"damage":12,"enemies":"3 Darklings","floor":35,"turns":1},{"damage":0,"enemies":"3 Shapes","floor":48,"turns":1},{"damage":21,"enemies":"infinitespire:MassOfShapes","floor":50,"turns":3}],"seed_played":"-4423216888897645767","potions_obtained":[{"floor":8,"key":"SpeedPotion"}],"is_trial":true,"path_per_floor":["?","?","?","M","$","R","R","M","T","R","R","R","$","?","R","B",null,"M","?","?","$","$","R","AVR","R","T","E","E","R","?","T","R","B",null,"M","$","?","?","?","R","?","R","T","R","$","R","AVR","M","R","B",null],"character_chosen":"THE_SILENT","items_purchased":["The Specimen","Pen Nib","Hidden Blade","Blue Candle","Guide Book","Sling","Cloak And Dagger","ReplayTheSpireMod:Lightbulb","Chemical X","Letter Opener","ClockworkSouvenir","DollysMirror","Golden Egg","Replay:Ringing Soul"],"campfire_rested":3,"item_purchase_floors":[5,5,5,13,13,21,21,22,22,36,36,45,45,45],"current_hp_per_floor":[70,52,52,40,40,40,40,40,40,40,40,40,40,40,61,70,70,70,70,70,70,70,70,70,70,70,70,70,70,70,82,82,82,87,81,81,81,87,87,87,87,93,105,105,105,108,111,111,111,100],"gold":97588,"neow_bonus":"","is_daily":false,"chose_seed":false,"campfire_upgraded":9,"win_rate":0.0,"timestamp":1613898713,"path_taken":["?","?","?","M","$","R","R","?","T","R","R","R","$","?","R","BOSS","M","?","?","$","$","R","AVR","R","T","E","E","R","?","?","R","BOSS","M","$","?","?","?","R","?","R","T","R","$","R","AVR","M","R","BOSS"],"items_purchased_type":["Relic","Relic","Card","Relic","Relic","Relic","Card","Relic","Relic","Relic","Relic","Relic","Relic","Relic"],"build_version":"2020-12-22","purchased_purges":7,"victory":true,"max_hp_per_floor":[70,70,70,70,70,70,70,70,70,70,70,70,70,70,70,70,70,70,70,70,70,70,70,70,70,70,70,70,70,70,82,82,82,87,87,87,87,93,93,93,93,93,105,105,105,108,111,111,111,111],"card_choices":[{"not_picked":["infinitespire:DeathsTouch","ReplayTheSpireMod:??????????????????????"],"picked":"ReplayTheSpireMod:Echoes of Time","floor":2},{"not_picked":["Terror","Bouncing Flask","Toxin Wave","Unload"],"picked":"SKIP","floor":27},{"not_picked":["Distraction","Bane","Cloak And Dagger+1","Dagger Throw"],"picked":"SKIP","floor":28},{"not_picked":["Replay:Bag of Tricks","Wraith Form v2","Bullet Time"],"picked":"Poison Darts","floor":33},{"not_picked":["Predator","Dash+1","Flying Knee"],"picked":"Doppelganger","floor":46}],"player_experience":442166,"relics_obtained":[{"floor":4,"key":"Centennial Puzzle"},{"floor":8,"key":"Bird Faced Urn"},{"floor":9,"key":"Question Card"},{"floor":18,"key":"Boot"},{"floor":26,"key":"Juzu Bracelet"},{"floor":27,"key":"Darkstone Periapt"},{"floor":31,"key":"Smiling Mask"},{"floor":35,"key":"Toy Ornithopter"},{"floor":43,"key":"Dream Catcher"},{"floor":48,"key":"Orichalcum"}],"event_choices":[{"damage_healed":0,"gold_gain":0,"player_choice":"Paid Gold","damage_taken":0,"relics_obtained":["Snake Skull"],"max_hp_gain":0,"max_hp_loss":0,"event_name":"WeMeetAgain","floor":3,"gold_loss":84},{"damage_healed":0,"gold_gain":0,"player_choice":"Trade","damage_taken":0,"relics_obtained":["CultistMask"],"max_hp_gain":0,"max_hp_loss":0,"event_name":"FaceTrader","floor":14,"gold_loss":0},{"damage_healed":0,"gold_gain":0,"player_choice":"Opened","damage_taken":0,"relics_obtained":["Bronze Scales"],"max_hp_gain":0,"max_hp_loss":0,"event_name":"The Mausoleum","floor":19,"gold_loss":0,"cards_obtained":["Writhe"]},{"damage_healed":0,"gold_gain":0,"player_choice":"Rummage","damage_taken":0,"relics_obtained":["WarpedTongs"],"max_hp_gain":0,"max_hp_loss":0,"event_name":"Accursed Blacksmith","floor":20,"gold_loss":0,"cards_obtained":["Pain"]},{"cards_removed":["Replay:Hysterical Blindness"],"damage_healed":0,"gold_gain":0,"player_choice":"Gave Gold","damage_taken":0,"max_hp_gain":0,"max_hp_loss":0,"event_name":"Beggar","floor":30,"gold_loss":75},{"damage_healed":0,"gold_gain":0,"player_choice":"Memory 1","damage_taken":0,"max_hp_gain":0,"max_hp_loss":0,"event_name":"SensoryStone","floor":37,"gold_loss":0},{"damage_healed":0,"gold_gain":100,"player_choice":"Pray","damage_taken":0,"max_hp_gain":0,"max_hp_loss":0,"event_name":"Golden Shrine","floor":39,"gold_loss":0},{"cards_removed":["Bouncing Flask"],"damage_healed":0,"gold_gain":0,"player_choice":"Removed Skill","damage_taken":0,"max_hp_gain":0,"max_hp_loss":0,"event_name":"Falling","floor":41,"gold_loss":0}],"is_beta":false,"boss_relics":[{"not_picked":["Replay:Ancient Bell","Snecko Heart"],"picked":"Cursed Key"},{"not_picked":["ReplayTheSpireMod:DimensionalGlitch","Replay:Wanted Poster"],"picked":"Tiny House"}],"items_purged_floors":[5,21,22,24,36,45,47],"is_endless":false,"potions_floor_spawned":[8,28,33,48],"ascension_level":0}}