{"host":"e4udrxcgdvpx3wcj","time":1613870580,"event":{"mods":["Act Like it!","Aspiration","Astrologer","BaseMod","Gensokyo","Highlight Path","Infinite Spire","Koishi","Marisa????????","Minty Spire (QoL Compilation)","Replay The Spire","StSLib","SuperFastMode","The Bug Knight","The Construct","The Jungle","The Runesmith","The Servant 0.9.4","TheBandit"],"gold_per_floor":[110,123,123,37,37,63,63,97,145,145,170,187,187,199,199,275,275,287,287,302,315,55,90,90,122,148,148,158,188,188,222,222,299,299,309,327,381,381,406,441,441,472,472,472,506,506,526,541,541,616,692,692,692,692,692,708,731,731,745,745,745,721,721,292,311,313,313,356,356,338,335,400,400,400,419,423,436,488,488,488,515,550,557,557,623,623,622,632,602,604,598,602,602,606,606,594,594,598,617,617,617,603,603],"floor_reached":102,"language":"ENG","playtime":6669,"items_purged":["Strike_S"],"score":4025,"play_id":"d144eeb8-b115-4594-ae4d-0f1db6a0e73b","local_time":"20210220202300","is_ascension_mode":true,"campfire_choices":[{"data":"Defy","floor":10.0,"key":"SMITH"},{"data":"LightFlow","floor":13.0,"key":"SMITH"},{"data":"DoubleEdge","floor":15.0,"key":"SMITH"},{"data":"FlawlessForm","floor":24.0,"key":"SMITH"},{"data":"Starlight","floor":27.0,"key":"SMITH"},{"data":"Spin","floor":32.0,"key":"SMITH"},{"data":"infinitespire:DeathsTouch","floor":41.0,"key":"SMITH"},{"data":"SilverBlades","floor":44.0,"key":"SMITH"},{"data":"FloweringNight","floor":46.0,"key":"SMITH"},{"data":"DoubleEdge","floor":49.0,"key":"SMITH"},{"data":"Hightail","floor":58.0,"key":"SMITH"},{"data":"Pot Of Greed","floor":63.0,"key":"SMITH"},{"data":"Gensokyo:TurboGranny","floor":67.0,"key":"SMITH"},{"floor":80.0,"key":"RECALL"},{"data":"Pot Of Greed","floor":84,"key":"SMITH"},{"floor":93,"key":"DIG"},{"data":"infinitespire:SevenWalls","floor":101,"key":"SMITH"}],"circlet_count":1,"master_deck":["AscendersBane","Strike_S","Strike_S","Defend_S","Defend_S","Defend_S","Defend_S","KidneyShot","Exchange","Read+1","Defy+1","DoubleEdge+1","Starlight+1","FlawlessForm+1","Rearm","LightFlow+1","ShiftingGears","MurderousAura","Spin+1","FloweringNight+1","DoubleEdge","BestPractice","Bandage Up","TheWorld","Spin+1","SpecialFormula","DancingSilver","Dilation","Defy+1","DoubleEdge+1","infinitespire:DeathsTouch+1","SilverBlades+1","Pot Of Greed","Pot Of Greed","Pot Of Greed","Gouge+1","Spin","SoulSculpture","Pot Of Greed+1","Hightail+1","Shuttle","StarChef+1","InstantArmor","Gensokyo:TurboGranny+1","Luminosity","Sunlight","infinitespire:Fortify","Pot Of Greed+1","ForgedInTime","Collapse","Duplication","Sunlight","Gouge","Initiator","Panache","infinitespire:SevenWalls+1","PendulumOfEternity","Voices","FlawlessForm"],"relics":["Uniform","NeowsBlessing","Oddly Smooth Stone","Akabeko","Lantern","Sozu","Mummified Hand","Runesmith:AutoHammer","aspiration:TrustyKnives","Bronze Scales","Replay:Baseball","StoneMask","Shovel","Lizard Tail","Grinning Jar","infinitespire:Beetle Shell","Singing Bowl","Kunai","SlaversCollar","Peace Pipe","Darkstone Periapt","infinitespire:Broken Mirror","Replay:Wax Seal","Circlet","Happy Flower","Philosopher\u0027s Stone","aspiration:DSix","construct:BoolHorns","infinitespire:Lychee Nut","infinitespire:Midas Blood","White Beast Statue","infinitespire:Lucky Rock","MealTicket","Pantograph","construct:ClawGrip","Bag of Marbles","Dream Catcher","ReplayTheSpireMod:Lightbulb","infinitespire:FocusingShard","Centennial Puzzle","Ring of Fury","ReplayTheSpireMod:Ring of Collecting","Replay:Bottled Flurry"],"acts_visited":["Exordium","theJungle:Jungle","TheBeyond","Gensokyo:Gensokyo","Gensokyo:Gensokyoer","TheBeyond"],"potions_floor_usage":[],"damage_taken":[{"damage":0.0,"enemies":"Jaw Worm","floor":1.0,"turns":1.0},{"damage":0.0,"enemies":"Small Slimes","floor":2.0,"turns":1.0},{"damage":0.0,"enemies":"3 Sentries","floor":6.0,"turns":1.0},{"damage":13.0,"enemies":"HollowMod:MossKnight","floor":8.0,"turns":15.0},{"damage":5.0,"enemies":"3 Sentries","floor":11.0,"turns":13.0},{"damage":0.0,"enemies":"Cultist","floor":12.0,"turns":1.0},{"damage":0.0,"enemies":"Exordium Wildlife","floor":14.0,"turns":3.0},{"damage":37.0,"enemies":"Hexaghost","floor":16.0,"turns":12.0},{"damage":0.0,"enemies":"theJungle:MUSHROOMGANG","floor":18.0,"turns":5.0},{"damage":14.0,"enemies":"theJungle:5_Spyders","floor":20.0,"turns":6.0},{"damage":5.0,"enemies":"theJungle:SlimyTreeVines","floor":21.0,"turns":7.0},{"damage":18.0,"enemies":"theJungle:Cassacara","floor":23.0,"turns":5.0},{"damage":7.0,"enemies":"theJungle:MamaSnecko","floor":25.0,"turns":6.0},{"damage":0.0,"enemies":"theJungle:2_Snecko_Cultists","floor":28.0,"turns":2.0},{"damage":11.0,"enemies":"theJungle:Cassacara","floor":29.0,"turns":4.0},{"damage":0.0,"enemies":"Nightmare","floor":31.0,"turns":6.0},{"damage":2.0,"enemies":"theJungle:FunGuy","floor":33.0,"turns":8.0},{"damage":0.0,"enemies":"Orb Walker","floor":35.0,"turns":4.0},{"damage":0.0,"enemies":"3 Shapes","floor":36.0,"turns":4.0},{"damage":46.0,"enemies":"2 Orb Walkers","floor":37.0,"turns":6.0},{"damage":0.0,"enemies":"Mind Bloom Boss Battle","floor":39.0,"turns":6.0},{"damage":0.0,"enemies":"Giant Head","floor":40.0,"turns":5.0},{"damage":4.0,"enemies":"Reptomancer","floor":42.0,"turns":4.0},{"damage":7.0,"enemies":"Giant Head","floor":45.0,"turns":6.0},{"damage":0.0,"enemies":"Maw","floor":47.0,"turns":5.0},{"damage":27.0,"enemies":"3 Darklings","floor":48.0,"turns":4.0},{"damage":19.0,"enemies":"infinitespire:MassOfShapes","floor":50.0,"turns":9.0},{"damage":27.0,"enemies":"Replay:Hell Engine","floor":51.0,"turns":9.0},{"damage":18.0,"enemies":"Gensokyo:Gryphon","floor":53.0,"turns":3.0},{"damage":0.0,"enemies":"Gensokyo:Python","floor":56.0,"turns":2.0},{"damage":0.0,"enemies":"Gensokyo:Aya","floor":59.0,"turns":2.0},{"damage":31.0,"enemies":"Nightmare","floor":62.0,"turns":8.0},{"damage":0.0,"enemies":"Gensokyo:Aya","floor":65.0,"turns":1.0},{"damage":3.0,"enemies":"Gensokyo:3_Fairies","floor":66.0,"turns":3.0},{"damage":0.0,"enemies":"Gensokyo:Yukari","floor":68.0,"turns":6.0},{"damage":0.0,"enemies":"Gensokyo:Chomper","floor":70.0,"turns":3.0},{"damage":0.0,"enemies":"Gensokyo:CosmicMonolith","floor":71.0,"turns":2.0},{"damage":0.0,"enemies":"Gensokyo:CosmicMonolith","floor":72.0,"turns":5.0},{"damage":53.0,"enemies":"Gensokyo:Mirror_and_Dog","floor":74.0,"turns":4.0},{"damage":26.0,"enemies":"Gensokyo:Tenshi","floor":75.0,"turns":3.0},{"damage":0.0,"enemies":"Gensokyo:3_Gloops","floor":76.0,"turns":4.0},{"damage":11.0,"enemies":"Gensokyo:Koishi","floor":77.0,"turns":4.0},{"damage":81,"enemies":"Gensokyo:Tenshi","floor":82,"turns":2},{"damage":17,"enemies":"Gensokyo:Swordslinger","floor":83,"turns":2},{"damage":29,"enemies":"Gensokyo:Eiki","floor":85,"turns":4},{"damage":1,"enemies":"3 Shapes","floor":87,"turns":4},{"damage":4,"enemies":"3 Darklings","floor":88,"turns":2},{"damage":0,"enemies":"Transient","floor":89,"turns":6},{"damage":26,"enemies":"Writhing Mass","floor":91,"turns":4},{"damage":91,"enemies":"Reptomancer","floor":92,"turns":5},{"damage":15,"enemies":"Nemesis","floor":94,"turns":5},{"damage":0,"enemies":"Nightmare","floor":96,"turns":7},{"damage":0,"enemies":"4 Shapes","floor":98,"turns":1},{"damage":20,"enemies":"Reptomancer","floor":99,"turns":3},{"damage":95,"enemies":"Donu and Deca","floor":102,"turns":3}],"seed_played":"-4985389740652234885","potions_obtained":[{"floor":1.0,"key":"LiquidBronze"},{"floor":8.0,"key":"Dexterity Potion"}],"is_trial":false,"path_per_floor":["M","M","?","$","?","E","?","E","T","R","E","M","R","M","R","B",null,"M","?","M","M","$","E","R","E","T","R","M","E","?","NM","R","B",null,"M","M","?","?","?","E","R","E","T","R","E","R","M","M","R","B","B",null,"M","?","?","M","?","R","E","?","T","NM","R","COS","E","M","R","B",null,"M","M","?","?","M","E","M","E","T","?","R","T","E","M","R","B",null,"M","M","M","?","M","E","R","E","T","NM","?","M","E","?","R","B"],"character_chosen":"THE_SERVANT","items_purchased":["DoubleEdge","Starlight","BestPractice","Bandage Up"],"campfire_rested":0,"item_purchase_floors":[4,4,22,22],"current_hp_per_floor":[54,54,59,59,59,59,59,46,46,46,41,41,41,41,41,4,50,50,50,36,37,37,23,23,20,20,20,24,17,26,35,35,45,60,66,69,38,22,34,46,46,54,54,54,59,59,68,50,50,43,33,73,64,72,77,80,41,41,49,49,49,30,30,30,33,30,30,60,92,105,106,82,82,40,24,39,48,48,48,48,48,50,46,46,51,88,105,108,111,105,90,15,15,20,20,38,44,58,51,51,51,0,0],"gold":603,"neow_bonus":"THREE_ENEMY_KILL","is_daily":false,"chose_seed":false,"campfire_upgraded":15,"win_rate":0.0,"timestamp":1613870580,"path_taken":["M","M","?","$","?","E","?","E","T","R","E","?","R","M","R","BOSS","M","?","M","?","$","E","R","E","T","R","M","E","?","NM","R","BOSS","M","M","?","?","?","E","R","E","T","R","E","R","M","M","R","BOSS","BOSS","M","?","?","?","?","R","E","?","T","NM","R","COS","E","M","R","BOSS","M","M","?","?","?","E","M","E","T","?","R","?","E","M","R","BOSS","M","M","M","?","M","E","R","E","T","NM","?","M","E","?","R","BOSS"],"items_purchased_type":["Card","Card","Card","Card"],"build_version":"2020-12-22","purchased_purges":1,"victory":false,"max_hp_per_floor":[60,60,65,65,65,65,65,65,65,65,65,65,65,65,65,65,65,65,65,65,65,65,65,65,65,65,65,65,65,65,65,65,65,65,66,69,71,71,72,73,73,74,74,74,75,75,78,81,81,82,86,86,89,97,97,98,98,98,99,99,99,100,100,100,101,101,101,102,102,105,106,82,82,86,89,92,95,95,95,95,95,96,99,99,100,100,105,108,111,115,118,121,121,124,124,125,131,137,138,138,138,138,138],"card_choices":[{"not_picked":["Replace","Barrier"],"picked":"Read","floor":1.0},{"not_picked":["Starlight","Alleviate"],"picked":"Defy","floor":2.0},{"not_picked":["FloweringNight","Rearm"],"picked":"FlawlessForm","floor":6.0},{"not_picked":["Alleviate","Defy"],"picked":"Rearm","floor":8.0},{"not_picked":["Defy","Starlight"],"picked":"LightFlow","floor":11.0},{"not_picked":["Unruled","RealityMarble"],"picked":"ShiftingGears","floor":12.0},{"not_picked":["MoonPhase","Rearm","Potential"],"picked":"SKIP","floor":14.0},{"not_picked":["TheWorld","Dilation"],"picked":"MurderousAura","floor":16.0},{"not_picked":["Revamp","Rearm"],"picked":"Spin","floor":18.0},{"not_picked":["TimeTheft","BottledTime"],"picked":"FloweringNight","floor":20.0},{"not_picked":["Unruled+1","Potential+1"],"picked":"DoubleEdge","floor":21.0},{"not_picked":["Duplication","ShatteredReality+1"],"picked":"TheWorld","floor":23.0},{"not_picked":["Starlight","SurpressingFire"],"picked":"Spin+1","floor":25.0},{"not_picked":["ShatteredReality","Rearm","Revamp"],"picked":"SKIP","floor":28.0},{"not_picked":["Desolation","FastForward"],"picked":"SpecialFormula","floor":29.0},{"not_picked":["Starlight","TrueSight"],"picked":"DancingSilver","floor":31.0},{"not_picked":["TrueSight","Deny"],"picked":"Dilation","floor":33.0},{"not_picked":["Rewind","Orbit+1"],"picked":"Defy+1","floor":35.0},{"not_picked":["ShatteredReality","ShiftingGears"],"picked":"DoubleEdge","floor":36.0},{"not_picked":["infinitespire:Oblivion","infinitespire:Starlight"],"picked":"infinitespire:DeathsTouch","floor":38.0},{"not_picked":["Snipe","Spin"],"picked":"SilverBlades","floor":39.0},{"not_picked":["Read+1","Desolation+1"],"picked":"Gouge+1","floor":40.0},{"not_picked":["Ricochet","GearUp","Desolation+1"],"picked":"SKIP","floor":42.0},{"not_picked":["DoubleEdge","FastForward"],"picked":"Spin","floor":45.0},{"not_picked":["MoonPhase","Reset","Rewind"],"picked":"Singing Bowl","floor":47.0},{"not_picked":["Rewind+1","ReturningBlade","Comet+1"],"picked":"Singing Bowl","floor":48.0},{"not_picked":["Duplication","SilverMatrix"],"picked":"SoulSculpture","floor":50.0},{"not_picked":["KillingDoll","Dilation","Deny"],"picked":"Singing Bowl","floor":51.0},{"not_picked":["Alleviate","ShatteredReality","FanOfKnives"],"picked":"Singing Bowl","floor":53.0},{"not_picked":["Read","Collapse"],"picked":"Hightail","floor":56.0},{"not_picked":["Spin","Defy"],"picked":"Shuttle","floor":57.0},{"not_picked":["Contraction","TrueSight"],"picked":"StarChef","floor":59.0},{"not_picked":["Read","ShiftingGears"],"picked":"InstantArmor","floor":62.0},{"not_picked":["Rearm","MoonPhase"],"picked":"Luminosity","floor":65.0},{"not_picked":["Alleviate","Desolation"],"picked":"Sunlight","floor":66.0},{"not_picked":["infinitespire:FinalStrike","ReplayTheSpireMod:Chaos Vortex"],"picked":"infinitespire:Fortify","floor":68.0},{"not_picked":["PendulumOfEternity","TrueSight"],"picked":"ForgedInTime","floor":68.0},{"not_picked":["InstantArmor","TimeWarp","Manipulate"],"picked":"Singing Bowl","floor":70.0},{"not_picked":["Manipulate","TimeWarp"],"picked":"Collapse","floor":71.0},{"not_picked":["PendulumOfEternity","FloweringNight"],"picked":"Duplication","floor":72.0},{"not_picked":["TimeWarp","Rewind","Gouge"],"picked":"Singing Bowl","floor":72.0},{"not_picked":["ShatteredReality","Replace","Potential"],"picked":"Singing Bowl","floor":74.0},{"not_picked":["Revamp","TimeTheft","Unruled"],"picked":"Singing Bowl","floor":75.0},{"not_picked":["Replace","Ricochet"],"picked":"Sunlight","floor":76.0},{"not_picked":["FastForward","TimeWarp","Rearm"],"picked":"Singing Bowl","floor":77.0},{"not_picked":["Rearm","DualDimension"],"picked":"Gouge","floor":82},{"not_picked":["Revamp","Rewind","Alleviate"],"picked":"Singing Bowl","floor":83},{"not_picked":["KillingDoll","Dilation"],"picked":"Initiator","floor":85},{"not_picked":["Ricochet","Alleviate","Rearm+1"],"picked":"Singing Bowl","floor":87},{"not_picked":["TimeTheft","DoubleEdge+1","GearUp+1"],"picked":"Singing Bowl","floor":88},{"not_picked":["TimeTheft","Spin","Rearm"],"picked":"Singing Bowl","floor":89},{"not_picked":["Dramatic Entrance","Replay:Sssssssssstrike"],"picked":"Panache","floor":90},{"not_picked":["Jack Of All Trades","ReplayTheSpireMod:Necrogeddon","Replay:Sssssssssstrike"],"picked":"Singing Bowl","floor":90},{"not_picked":["Master of Strategy","Deep Breath","Secret Weapon"],"picked":"Singing Bowl","floor":90},{"not_picked":["Rewind","Defy","Gouge"],"picked":"Singing Bowl","floor":91},{"not_picked":["FastForward","Replace","Unruled+1"],"picked":"Singing Bowl","floor":92},{"not_picked":["GearUp","Alleviate+1","SilverBlades"],"picked":"Singing Bowl","floor":94},{"not_picked":["ReplayTheSpireMod:Chaos Vortex","ReplayTheSpireMod:Echoes of Time"],"picked":"infinitespire:SevenWalls","floor":96},{"not_picked":["Replace","Read"],"picked":"PendulumOfEternity","floor":96},{"not_picked":["ReturningBlade","Rewind+1","Defy"],"picked":"Singing Bowl","floor":98},{"not_picked":["Spin","TheWorld"],"picked":"FlawlessForm","floor":99}],"player_experience":2418436,"relics_obtained":[{"floor":6.0,"key":"Oddly Smooth Stone"},{"floor":8.0,"key":"Akabeko"},{"floor":9.0,"key":"Lantern"},{"floor":23.0,"key":"Mummified Hand"},{"floor":25.0,"key":"Runesmith:AutoHammer"},{"floor":26.0,"key":"aspiration:TrustyKnives"},{"floor":29.0,"key":"Bronze Scales"},{"floor":31.0,"key":"Replay:Baseball"},{"floor":37.0,"key":"Shovel"},{"floor":39.0,"key":"Lizard Tail"},{"floor":40.0,"key":"Grinning Jar"},{"floor":42.0,"key":"infinitespire:Beetle Shell"},{"floor":43.0,"key":"Singing Bowl"},{"floor":45.0,"key":"Kunai"},{"floor":57.0,"key":"Peace Pipe"},{"floor":59.0,"key":"Darkstone Periapt"},{"floor":61.0,"key":"infinitespire:Broken Mirror"},{"floor":62.0,"key":"Replay:Wax Seal"},{"floor":65.0,"key":"Dead Branch"},{"floor":72.0,"key":"construct:BoolHorns"},{"floor":72.0,"key":"infinitespire:Lychee Nut"},{"floor":75.0,"key":"infinitespire:Midas Blood"},{"floor":77.0,"key":"infinitespire:Lucky Rock"},{"floor":81.0,"key":"MealTicket"},{"floor":82,"key":"Pantograph"},{"floor":92,"key":"Bag of Marbles"},{"floor":93,"key":"Dream Catcher"},{"floor":94,"key":"ReplayTheSpireMod:Lightbulb"},{"floor":95,"key":"infinitespire:FocusingShard"},{"floor":96,"key":"Centennial Puzzle"},{"floor":97,"key":"Ring of Fury"},{"floor":97,"key":"ReplayTheSpireMod:Ring of Collecting"},{"floor":99,"key":"Replay:Bottled Flurry"}],"event_choices":[{"damage_healed":0.0,"max_hp_gain":5.0,"max_hp_loss":0.0,"gold_gain":0.0,"event_name":"Big Fish","player_choice":"Donut","floor":3.0,"gold_loss":0.0,"damage_taken":0.0},{"damage_healed":0.0,"max_hp_gain":0.0,"max_hp_loss":0.0,"gold_gain":0.0,"event_name":"Wheel of Change","player_choice":"Gold","floor":19.0,"gold_loss":0.0,"damage_taken":0.0},{"damage_healed":0.0,"max_hp_gain":0.0,"max_hp_loss":0.0,"gold_gain":0.0,"event_name":"Mysterious Sphere","player_choice":"Fight","floor":37.0,"gold_loss":0.0,"damage_taken":0.0},{"damage_healed":0.0,"max_hp_gain":0.0,"max_hp_loss":0.0,"gold_gain":0.0,"event_name":"MindBloom","player_choice":"Fight","floor":39.0,"gold_loss":0.0,"damage_taken":0.0},{"damage_healed":0,"gold_gain":0,"player_choice":"Memory 3","damage_taken":10,"max_hp_gain":0,"max_hp_loss":0,"event_name":"SensoryStone","floor":90,"gold_loss":0},{"damage_healed":0,"gold_gain":0,"player_choice":"Ignored","damage_taken":0,"max_hp_gain":0,"max_hp_loss":0,"event_name":"Transmorgrifier","floor":100,"gold_loss":0}],"is_beta":false,"boss_relics":[{"not_picked":["SacredBark","Pandora\u0027s Box"],"picked":"Sozu"},{"not_picked":["Snecko Heart","aspiration:DefectSkillbook"],"picked":"StoneMask"},{"not_picked":["Empty Cage","aspiration:RitualDagger"],"picked":"SlaversCollar"},{"not_picked":["Black Star","Astrolabe"],"picked":"Philosopher\u0027s Stone"},{"not_picked":["aspiration:SecretTechniqueScroll","Cursed Key"],"picked":"construct:ClawGrip"}],"items_purged_floors":[22],"is_endless":true,"potions_floor_spawned":[1,8,12,18,23,25,29,31,35,40,45,47,53,59,62,68,70,74,76,77,82,83,85,87,88,89,91,92,94,96,98,99],"killed_by":"Donu and Deca","ascension_level":20}}