{"host":"mulvwr6fzlda1d2f","time":1613886554,"event":{"mods":["BaseMod","BetterRewards","Hermit","Marisa????????","Minty Spire (QoL Compilation)","Quick Restart","Remove Card Discount Mod","Replay The Spire","StSLib","The Bladedancer","The Runesmith","egg"],"gold_per_floor":[119,145,43,61,77,91,102,132,132,132,132],"floor_reached":10,"language":"ENG","playtime":354,"items_purged":["Strike_B","Defend_B","Defend_B"],"score":70,"play_id":"70e396ee-6674-4cd0-b15c-0dda8590931a","local_time":"20210220214914","is_ascension_mode":false,"campfire_choices":[],"circlet_count":0,"master_deck":["Strike_B","Strike_B","Strike_B","Defend_B","Defend_B","Zap","Dualcast","Defragment","Scrape","Leap","Melter","Gash","Darkness+1","Leap","Gash","White Noise","FTL"],"relics":["Cracked Core","Ginger","Replay:Bottled Flurry"],"acts_visited":["Exordium"],"potions_floor_usage":[],"damage_taken":[{"damage":0.0,"enemies":"Cultist","floor":1.0,"turns":4.0},{"damage":0.0,"enemies":"Small Slimes","floor":4.0,"turns":3.0},{"damage":1.0,"enemies":"2 Louse","floor":5.0,"turns":3.0},{"damage":11.0,"enemies":"Large Slime","floor":6.0,"turns":4.0},{"damage":10.0,"enemies":"Exordium Thugs","floor":7.0,"turns":4.0},{"damage":26,"enemies":"Lagavulin","floor":8,"turns":5},{"damage":21,"enemies":"Gremlin Nob","floor":10,"turns":3}],"seed_played":"-6721951315751234796","potions_obtained":[{"floor":4.0,"key":"Swift Potion"},{"floor":6.0,"key":"Adrenaline Potion"},{"floor":7.0,"key":"SpeedPotion"},{"floor":8,"key":"LiquidMemories"}],"is_trial":false,"path_per_floor":["M","T","$","M","M","M","M","E","T","E"],"character_chosen":"DEFECT","items_purchased":["Defragment","Scrape","Leap","Melter","Darkness+1","Leap"],"campfire_rested":0,"item_purchase_floors":[0,0,0,0,3,3],"current_hp_per_floor":[67,67,67,67,66,55,45,19,19,0,0],"gold":132,"neow_bonus":"","is_daily":false,"chose_seed":false,"campfire_upgraded":0,"win_rate":0.0,"timestamp":1613886554,"path_taken":["M","?","$","M","?","M","M","E","T","E"],"items_purchased_type":["Card","Card","Card","Card","Card","Card"],"build_version":"2020-12-22","purchased_purges":3,"victory":false,"max_hp_per_floor":[75,75,75,75,75,75,75,75,75,75,75],"card_choices":[{"not_picked":["Sweeping Beam","Go for the Eyes"],"picked":"Gash","floor":1.0},{"not_picked":["Streamline","Ball Lightning"],"picked":"Gash","floor":4.0},{"not_picked":["Ball Lightning","Streamline","ReplayRNGCard"],"picked":"SKIP","floor":5.0},{"not_picked":["Chill","Coolheaded"],"picked":"White Noise","floor":6.0},{"not_picked":["Steam","Force Field"],"picked":"FTL","floor":7.0},{"not_picked":["Electrodynamics","Coolheaded","Rainbow"],"picked":"SKIP","floor":8}],"player_experience":288447,"relics_obtained":[{"floor":8,"key":"Ginger"},{"floor":9,"key":"Replay:Bottled Flurry"}],"event_choices":[],"is_beta":false,"boss_relics":[],"items_purged_floors":[0,0,3],"is_endless":false,"potions_floor_spawned":[4,6,7,8],"killed_by":"Gremlin Nob","ascension_level":0}}