{"host":"uceopoba4zvqsgiy","time":1613921733,"event":{"mods":["2.2 Compatiblity","Act Like it!","BaseMod","Better Skull","Better Third Choice","Elementarium","Evolution","GifTheSpireLib","Hermit","Humility","Infinite Spire","Jorbs\u0027s Wanderer Trilogy","Marked Mod","Minty Spire (QoL Compilation)","Potionbrewer","Reliquary","Replay The Spire","Robot Space Explorer","Shade Mod","Spicy Shops","StS++","StSLib","Stuff the Spire","The Blue Laboratory","The Caster","The Cursed","The Dragon Tamer","The Dragonkin","The Hierophant","The Judge","The Jungle","TheSurvivalist","Wandering Minibosses"],"gold_per_floor":[116,391,405,121,121,121,146,146,146,146,1,16,16,28,28,28,28],"floor_reached":16,"language":"ENG","playtime":498,"items_purged":[],"score":123,"play_id":"c02ab0dd-d411-41ec-8fa6-b4be44746419","local_time":"20210222020533","is_ascension_mode":false,"campfire_choices":[{"data":"hierophant:Martyrdom","floor":6,"key":"SMITH"},{"data":"hierophant:Glossolalia","floor":8,"key":"SMITH"},{"data":"hierophant:HolyVerse","floor":10,"key":"SMITH"},{"data":"hierophant:Flagellation","floor":15,"key":"SMITH"}],"circlet_count":0,"master_deck":["hierophant:Strike_Hierophant","hierophant:Strike_Hierophant","hierophant:Strike_Hierophant","hierophant:Strike_Hierophant","hierophant:Punish","hierophant:Defend_Hierophant+1","hierophant:Defend_Hierophant","hierophant:Defend_Hierophant","hierophant:Defend_Hierophant","hierophant:ChurchCoffers","hierophant:PristineSoul","Regret","hierophant:HolyVerse+1","hierophant:Martyrdom+1","hierophant:Glossolalia+1","hierophant:Flagellation+1"],"relics":["hierophant:PropheticMaskRelic","EVO:Axolotl","NeowsBlessing","reliquary:SharkskinSheath","potionbrewer:WarMedal","InkBottle","ClockworkSouvenir","potionbrewer:DrinkingBird"],"acts_visited":["Exordium"],"potions_floor_usage":[16],"damage_taken":[{"damage":0,"enemies":"2 Louse","floor":1,"turns":1},{"damage":0,"enemies":"Cultist","floor":3,"turns":1},{"damage":0,"enemies":"3 Sentries","floor":7,"turns":1},{"damage":0,"enemies":"Jaw Worm","floor":12,"turns":2},{"damage":3,"enemies":"3 Louse","floor":14,"turns":2},{"damage":76,"enemies":"The Guardian","floor":16,"turns":4}],"seed_played":"-1926644743249005407","potions_obtained":[{"floor":1,"key":"Swift Potion"},{"floor":7,"key":"blueLaboratory:BubblePotion"},{"floor":14,"key":"SteroidPotion"}],"is_trial":false,"path_per_floor":["M","?","M","$","?","R","E","R","T","R","$","M","T","M","R","B"],"character_chosen":"HIEROPHANT","items_purchased":["hierophant:HolyVerse","hierophant:Martyrdom","reliquary:SharkskinSheath","ClockworkSouvenir"],"campfire_rested":0,"item_purchase_floors":[4,4,4,11],"current_hp_per_floor":[75,75,75,75,75,75,75,75,75,75,75,75,75,72,72,0,0],"gold":28,"neow_bonus":"THREE_ENEMY_KILL","is_daily":false,"chose_seed":false,"campfire_upgraded":4,"win_rate":0.0,"timestamp":1613921733,"path_taken":["M","?","?","$","?","R","E","R","T","R","$","M","?","M","R","BOSS"],"items_purchased_type":["Card","Card","Relic","Relic"],"build_version":"2020-12-22","purchased_purges":0,"victory":false,"max_hp_per_floor":[75,75,75,75,75,75,75,75,75,75,75,75,75,75,75,75,75],"card_choices":[{"not_picked":["hierophant:Doubloon","hierophant:RepressedViolence"],"picked":"hierophant:PristineSoul","floor":1},{"not_picked":["hierophant:FieryStrike","hierophant:AuricBeam","hierophant:Purify"],"picked":"SKIP","floor":3},{"not_picked":["hierophant:Mercenaries","hierophant:OrnateBuckler"],"picked":"hierophant:Glossolalia","floor":7},{"not_picked":["hierophant:PassingBell","hierophant:RepressedViolence"],"picked":"hierophant:Flagellation","floor":12},{"not_picked":["hierophant:ThreeLashes","hierophant:Encroach","hierophant:Smite"],"picked":"SKIP","floor":14}],"player_experience":1854869,"relics_obtained":[{"floor":7,"key":"potionbrewer:WarMedal"},{"floor":9,"key":"InkBottle"},{"floor":13,"key":"potionbrewer:DrinkingBird"}],"event_choices":[{"damage_healed":0,"gold_gain":275,"player_choice":"Desecrate","damage_taken":0,"max_hp_gain":0,"max_hp_loss":0,"event_name":"Golden Shrine","floor":2,"gold_loss":0,"cards_obtained":["Regret"]}],"is_beta":false,"boss_relics":[],"items_purged_floors":[],"is_endless":false,"potions_floor_spawned":[1,7,14],"killed_by":"The Guardian","ascension_level":0,"is_humility":true}}