{"host":"1e3ivg30op4goso1","time":1613944169,"event":{"mods":["AchievementEnabler","Ascension Unlocker","BaseMod","Colored Map","Minty Spire (QoL Compilation)","Permanent Neow","Quick Restart","Relic Filter","StSLib","SuperFastMode"],"gold_per_floor":[118,134,134,146,116,116,128,148,148,148,148,148,178,190,190,293,293,306,323,422,422,422,422],"floor_reached":22,"language":"ENG","playtime":764,"items_purged":[],"score":261,"play_id":"457a91a5-b023-4ed1-813e-26f86e61fdc3","local_time":"20210221164929","is_ascension_mode":true,"campfire_choices":[{"data":"Fusion","floor":6.0,"key":"SMITH"},{"data":"Fission","floor":11.0,"key":"SMITH"},{"floor":15,"key":"REST"}],"circlet_count":0,"master_deck":["AscendersBane","Strike_B","Strike_B","Strike_B","Strike_B","Defend_B","Defend_B","Defend_B","Defend_B","Zap","Dualcast","Self Repair","Ball Lightning","Fusion+1","Fission+1","Redo","Recycle","Electrodynamics+1","Redo"],"relics":["Inserter","Odd Mushroom","Gremlin Horn","Frozen Egg 2","Nuclear Battery"],"acts_visited":["Exordium","TheCity"],"potions_floor_usage":[16,16,19],"damage_taken":[{"damage":9.0,"enemies":"Jaw Worm","floor":1.0,"turns":3.0},{"damage":4.0,"enemies":"Small Slimes","floor":2.0,"turns":4.0},{"damage":1.0,"enemies":"Cultist","floor":4.0,"turns":4.0},{"damage":12.0,"enemies":"Looter","floor":5.0,"turns":4.0},{"damage":14.0,"enemies":"Blue Slaver","floor":7.0,"turns":4.0},{"damage":33.0,"enemies":"The Mushroom Lair","floor":8.0,"turns":5.0},{"damage":12,"enemies":"2 Fungi Beasts","floor":14,"turns":3},{"damage":42,"enemies":"Hexaghost","floor":16,"turns":9},{"damage":7,"enemies":"Chosen","floor":18,"turns":4},{"damage":23,"enemies":"2 Thieves","floor":19,"turns":3},{"damage":22,"enemies":"Snake Plant","floor":22,"turns":2}],"seed_played":"8657353372430688161","potions_obtained":[{"floor":1.0,"key":"EssenceOfDarkness"},{"floor":7.0,"key":"PowerPotion"},{"floor":8.0,"key":"DuplicationPotion"},{"floor":16,"key":"EssenceOfDarkness"}],"is_trial":false,"path_per_floor":["M","M","?","M","M","R","M","?","T","$","R","T","?","M","R","B",null,"M","M","?","?","M"],"character_chosen":"DEFECT","items_purchased":[],"campfire_rested":1,"item_purchase_floors":[],"current_hp_per_floor":[59,62,62,68,63,63,56,30,30,30,30,30,30,25,47,12,59,59,36,36,22,0,0],"gold":422,"neow_bonus":"BOSS_RELIC","is_daily":false,"chose_seed":false,"campfire_upgraded":2,"win_rate":0.0,"timestamp":1613944169,"path_taken":["M","M","?","M","M","R","M","?","T","$","R","?","?","M","R","BOSS","M","M","?","?","M"],"items_purchased_type":[],"build_version":"2020-12-22","purchased_purges":0,"victory":false,"max_hp_per_floor":[75,75,75,75,75,75,75,75,75,75,75,75,75,75,75,75,75,75,75,75,80,80,80],"card_choices":[{"not_picked":["Undo","Sweeping Beam"],"picked":"Self Repair","floor":1.0},{"not_picked":["Go for the Eyes","Cold Snap"],"picked":"Ball Lightning","floor":2.0},{"not_picked":["Hello World","Steam Power"],"picked":"Fusion","floor":4.0},{"not_picked":["Cold Snap","Scrape"],"picked":"Fission","floor":5.0},{"not_picked":["Sweeping Beam","Double Energy"],"picked":"Redo","floor":7.0},{"not_picked":["Static Discharge+1","Conserve Battery"],"picked":"Recycle","floor":14},{"not_picked":["Meteor Strike","Seek"],"picked":"Electrodynamics+1","floor":16},{"not_picked":["Ball Lightning","Sweeping Beam+1","Reprogram"],"picked":"SKIP","floor":18},{"not_picked":["Go for the Eyes","Hologram"],"picked":"Redo","floor":19}],"player_experience":12642,"relics_obtained":[{"floor":8.0,"key":"Odd Mushroom"},{"floor":9.0,"key":"Gremlin Horn"},{"floor":12.0,"key":"Frozen Egg 2"}],"event_choices":[{"damage_healed":0.0,"max_hp_gain":0.0,"max_hp_loss":0.0,"gold_gain":0.0,"event_name":"Shining Light","player_choice":"Ignored","floor":3.0,"gold_loss":0.0,"damage_taken":0.0},{"damage_healed":0.0,"max_hp_gain":0.0,"max_hp_loss":0.0,"gold_gain":0.0,"event_name":"Mushrooms","player_choice":"Fought Mushrooms","floor":8.0,"gold_loss":0.0,"damage_taken":0.0},{"damage_healed":0.0,"max_hp_gain":0.0,"max_hp_loss":0.0,"gold_gain":30.0,"event_name":"Dead Adventurer","player_choice":"Searched \u00272\u0027 times","floor":13.0,"gold_loss":0.0,"damage_taken":0.0},{"damage_healed":0,"gold_gain":99,"player_choice":"Stole From Cult","damage_taken":0,"max_hp_gain":0,"max_hp_loss":0,"event_name":"Nest","floor":20,"gold_loss":0},{"damage_healed":0,"gold_gain":0,"player_choice":"Shed Blood","damage_taken":19,"max_hp_gain":5,"max_hp_loss":0,"event_name":"Forgotten Altar","floor":21,"gold_loss":0}],"is_beta":false,"boss_relics":[{"not_picked":["Empty Cage","SacredBark"],"picked":"Nuclear Battery"}],"items_purged_floors":[],"is_endless":false,"potions_floor_spawned":[1,7,8,14,16],"killed_by":"Snake Plant","ascension_level":10}}