{"host":"f76wcztdlwlduum6","time":1613867466,"event":{"mods":["BaseMod","BetterRewards","Colored Powertips","Minty Spire (QoL Compilation)","Quick Restart","Rare Cards Sparkle","Relic Stats","StSLib","SuperFastMode","everything is the same but u backflip on backflip"],"gold_per_floor":[114,114,126,51,61,86,86,86,139,139,46,62,81,107,107,107,107],"floor_reached":16,"language":"ENG","playtime":338,"items_purged":["Defend_B","Strike_B"],"score":200,"play_id":"02d1c51a-6c8f-42d1-a614-74521f8e3bca","local_time":"20210220183106","is_ascension_mode":true,"campfire_choices":[{"data":"Hyperbeam","floor":8,"key":"SMITH"},{"data":"Zap","floor":10,"key":"SMITH"},{"floor":15,"key":"REST"}],"circlet_count":0,"master_deck":["AscendersBane","Strike_B","Strike_B","Strike_B","Defend_B","Defend_B","Defend_B","Zap+1","Dualcast","Genetic Algorithm+1","Sunder","Self Repair","Hyperbeam+1","Self Repair","Coolheaded","Glacier"],"relics":["Cracked Core","NeowsBlessing","Smiling Mask","Anchor","Odd Mushroom"],"acts_visited":["Exordium"],"potions_floor_usage":[6,6,16,16],"damage_taken":[{"damage":0,"enemies":"Jaw Worm","floor":1,"turns":1},{"damage":0,"enemies":"Cultist","floor":3,"turns":1},{"damage":0,"enemies":"Small Slimes","floor":5,"turns":1},{"damage":52,"enemies":"3 Sentries","floor":6,"turns":11},{"damage":1,"enemies":"3 Louse","floor":12,"turns":2},{"damage":24,"enemies":"Exordium Thugs","floor":13,"turns":4},{"damage":0,"enemies":"The Mushroom Lair","floor":14,"turns":1},{"damage":43,"enemies":"Hexaghost","floor":16,"turns":8}],"seed_played":"4756739020349704438","potions_obtained":[{"floor":3,"key":"BlessingOfTheForge"},{"floor":5,"key":"GamblersBrew"},{"floor":6,"key":"Weak Potion"},{"floor":14,"key":"Strength Potion"}],"is_trial":false,"path_per_floor":["M","?","M","$","M","E","?","R","T","R","$","M","M","?","R","B"],"character_chosen":"DEFECT","items_purchased":["Self Repair"],"campfire_rested":1,"item_purchase_floors":[11],"current_hp_per_floor":[64,64,64,64,64,19,19,19,19,19,19,32,22,22,43,0,0],"gold":107,"neow_bonus":"THREE_ENEMY_KILL","is_daily":false,"chose_seed":false,"campfire_upgraded":2,"win_rate":0.0,"timestamp":1613867466,"path_taken":["M","?","M","$","?","E","?","R","T","R","$","M","M","?","R","BOSS"],"items_purchased_type":["Card"],"build_version":"2020-12-22","purchased_purges":2,"victory":false,"max_hp_per_floor":[71,71,71,71,71,71,71,71,71,71,71,71,71,71,71,71,71],"relic_stats":{"counters":[8,29],"Smiling Mask":50,"obtain_stats":[{"Anchor":9,"NeowsBlessing":0,"Odd Mushroom":14,"Cracked Core":0,"Smiling Mask":6},{"Anchor":4,"NeowsBlessing":0,"Odd Mushroom":7,"Cracked Core":0,"Smiling Mask":4},{"Anchor":14,"NeowsBlessing":0,"Odd Mushroom":21,"Cracked Core":0,"Smiling Mask":14}]},"card_choices":[{"not_picked":["Steam","Conserve Battery"],"picked":"Genetic Algorithm","floor":1},{"not_picked":["Rebound","Streamline"],"picked":"Sunder","floor":3},{"not_picked":["Turbo","FTL"],"picked":"Self Repair","floor":5},{"not_picked":["Coolheaded","Reinforced Body"],"picked":"Hyperbeam","floor":6},{"not_picked":["Barrage","Leap"],"picked":"Coolheaded","floor":12},{"not_picked":["Rebound","Go for the Eyes"],"picked":"Glacier","floor":13}],"player_experience":369845,"relics_obtained":[{"floor":6,"key":"Smiling Mask"},{"floor":9,"key":"Anchor"},{"floor":14,"key":"Odd Mushroom"}],"event_choices":[{"damage_healed":0,"gold_gain":0,"player_choice":"Upgraded","damage_taken":0,"max_hp_gain":0,"max_hp_loss":0,"event_name":"Upgrade Shrine","floor":2,"gold_loss":0,"cards_upgraded":["Genetic Algorithm"]},{"damage_healed":0,"gold_gain":0,"player_choice":"Fled","damage_taken":0,"max_hp_gain":0,"max_hp_loss":0,"event_name":"Scrap Ooze","floor":7,"gold_loss":0},{"damage_healed":0,"gold_gain":0,"player_choice":"Fought Mushrooms","damage_taken":0,"max_hp_gain":0,"max_hp_loss":0,"event_name":"Mushrooms","floor":14,"gold_loss":0}],"is_beta":false,"boss_relics":[],"items_purged_floors":[4,11],"is_endless":false,"potions_floor_spawned":[3,5,6,14],"killed_by":"Hexaghost","ascension_level":20}}