{"host":"v4pe0ixo3k7iwzp0","time":1613943142,"event":{"mods":["100% Spire Juice","BaseMod","Bestiary","Highlight Path","Minty Spire (QoL Compilation)","Railgun Mod","StSLib","The Senshi"],"gold_per_floor":[113,113,129,52,68,68,107,107,157,157,171,171,184,10,10,136,136,158,182,204,213,44,44,66,66,134,166,188,113,113,62,62,191,254,283,133,156,156,489,515,515,515,540,540,573,573,600,609,609,609],"floor_reached":51,"language":"ENG","playtime":2169,"items_purged":["Injury","Writhe"],"score":838,"play_id":"4d1e81ed-144e-4613-b8b2-f10564cf5f48","local_time":"20210221133222","is_ascension_mode":true,"campfire_choices":[{"data":"TheRailgun:Zip","floor":6,"key":"SMITH"},{"floor":8,"key":"REST"},{"data":"TheRailgun:Thunder","floor":10,"key":"SMITH"},{"floor":15,"key":"REST"},{"floor":23,"key":"REST"},{"data":"TheRailgun:Level_6","floor":25,"key":"SMITH"},{"data":"TheRailgun:Heroinism","floor":30,"key":"SMITH"},{"data":"TheRailgun:Biribiri","floor":32,"key":"SMITH"},{"floor":41,"key":"REST"},{"floor":44,"key":"REST"},{"floor":46,"key":"REST"},{"floor":49,"key":"REST"}],"circlet_count":0,"master_deck":["TheRailgun:Strike","TheRailgun:Strike","TheRailgun:Defend","TheRailgun:Defend","TheRailgun:Defend","TheRailgun:Defend","TheRailgun:Discharge","TheRailgun:Static","TheRailgun:Zip+1","TheRailgun:Charge+1","TheRailgun:Zap","TheRailgun:Stun_Shock","TheRailgun:Level_6+1","TheRailgun:Thunder+1","TheRailgun:Battery_Pack","TheRailgun:Crackle","TheRailgun:Thunderbolt","CurseOfTheBell","TheRailgun:Heroinism+1","TheRailgun:Zap+1","TheRailgun:Biribiri+1","TheRailgun:Iron_Dust_Shield","TheRailgun:Thunderjolt","TheRailgun:Scatter_Railgun","TheRailgun:Sister_Noise+1","TheRailgun:Electrical_Fire+1","TheRailgun:Spark+1","TheRailgun:Sister_Noise"],"relics":["TheRailgun:CoinRelic","Juzu Bracelet","Blood Vial","GremlinMask","Calling Bell","CeramicFish","Pear","Calipers","Incense Burner","Meat on the Bone","Tiny House","Medical Kit","Sundial","Oddly Smooth Stone","Pocketwatch"],"acts_visited":["Exordium","TheCity","TheBeyond"],"potions_floor_usage":[7,16,16,33,35,37,40,40],"damage_taken":[{"damage":5,"enemies":"Jaw Worm","floor":1,"turns":2},{"damage":1,"enemies":"2 Louse","floor":3,"turns":2},{"damage":0,"enemies":"Cultist","floor":5,"turns":2},{"damage":24,"enemies":"Lagavulin","floor":7,"turns":4},{"damage":10,"enemies":"Looter","floor":11,"turns":2},{"damage":3,"enemies":"Exordium Wildlife","floor":13,"turns":3},{"damage":0,"enemies":"Slime Boss","floor":16,"turns":4},{"damage":19,"enemies":"2 Thieves","floor":18,"turns":4},{"damage":0,"enemies":"Chosen","floor":19,"turns":3},{"damage":9,"enemies":"Sentry and Sphere","floor":20,"turns":3},{"damage":18,"enemies":"Snake Plant","floor":24,"turns":4},{"damage":1,"enemies":"Snecko","floor":27,"turns":3},{"damage":16,"enemies":"Cultist and Chosen","floor":28,"turns":4},{"damage":39,"enemies":"Collector","floor":33,"turns":8},{"damage":20,"enemies":"Orb Walker","floor":35,"turns":3},{"damage":13,"enemies":"3 Darklings","floor":37,"turns":4},{"damage":54,"enemies":"Giant Head","floor":40,"turns":8},{"damage":92,"enemies":"Nemesis","floor":45,"turns":7},{"damage":9,"enemies":"Writhing Mass","floor":47,"turns":4},{"damage":108,"enemies":"Donu and Deca","floor":50,"turns":8}],"seed_played":"1352961263010554386","potions_obtained":[{"floor":5,"key":"GamblersBrew"},{"floor":7,"key":"Explosive Potion"},{"floor":13,"key":"Fire Potion"},{"floor":18,"key":"Ancient Potion"},{"floor":27,"key":"LiquidBronze"},{"floor":33,"key":"Block Potion"},{"floor":34,"key":"FearPotion"},{"floor":35,"key":"SkillPotion"}],"is_trial":false,"path_per_floor":["M","?","M","$","M","R","E","R","T","R","M","?","M","$","R","B",null,"M","M","M","?","$","R","M","R","T","M","M","?","R","$","R","B",null,"M","$","M","$","?","E","R","?","T","R","E","R","M","?","R","B",null],"character_chosen":"THE_DEFAULT","items_purchased":["TheRailgun:Stun_Shock","TheRailgun:Crackle","TheRailgun:Thunderbolt","TheRailgun:Iron_Dust_Shield","Block Potion","Medical Kit"],"campfire_rested":7,"item_purchase_floors":[4,14,14,22,31,36],"current_hp_per_floor":[72,72,71,71,71,71,47,70,70,70,62,62,61,61,77,77,87,68,70,63,63,63,87,69,69,69,86,87,87,87,87,87,48,92,72,72,61,61,61,39,66,66,66,92,30,57,68,68,92,14],"gold":609,"neow_bonus":"TEN_PERCENT_HP_BONUS","is_daily":false,"chose_seed":false,"campfire_upgraded":5,"win_rate":0.0,"timestamp":1613943142,"path_taken":["M","?","M","$","M","R","E","R","T","R","M","?","M","$","R","BOSS","M","M","M","?","$","R","M","R","T","M","M","?","R","$","R","BOSS","M","$","M","$","?","E","R","?","T","R","E","R","M","?","R","BOSS"],"items_purchased_type":["Card","Card","Card","Card","Potion","Relic"],"build_version":"2020-12-22","purchased_purges":2,"victory":true,"max_hp_per_floor":[77,77,77,77,77,77,77,77,77,77,77,77,77,77,77,77,87,87,87,87,87,87,87,87,87,87,87,87,87,87,87,87,87,92,92,92,92,92,92,92,92,92,92,92,92,92,92,92,92,92],"card_choices":[{"not_picked":["TheRailgun:Push","TheRailgun:Static"],"picked":"TheRailgun:Charge","floor":1},{"not_picked":["TheRailgun:Recharge","TheRailgun:Discharge"],"picked":"TheRailgun:Zap","floor":3},{"not_picked":["TheRailgun:Hypercharge","TheRailgun:Iron_Dust_Shield"],"picked":"TheRailgun:Level_6","floor":5},{"not_picked":["TheRailgun:Oneesama","TheRailgun:Teleporter"],"picked":"TheRailgun:Thunder","floor":7},{"not_picked":["TheRailgun:Electrical_Fire","TheRailgun:Oneesama"],"picked":"TheRailgun:Battery_Pack","floor":11},{"not_picked":["TheRailgun:Positive_Field","TheRailgun:Coin_Flip","TheRailgun:Battery_Pack"],"picked":"SKIP","floor":13},{"not_picked":["TheRailgun:Iron_Dust_Shield","TheRailgun:Positive_Field+1"],"picked":"TheRailgun:Heroinism","floor":18},{"not_picked":["TheRailgun:Push+1","TheRailgun:Sister_Noise+1"],"picked":"TheRailgun:Zap+1","floor":19},{"not_picked":["TheRailgun:Gekotamania","TheRailgun:Zip+1"],"picked":"TheRailgun:Biribiri","floor":20},{"not_picked":["TheRailgun:Positive_Field","TheRailgun:Gekota_Phone"],"picked":"TheRailgun:Thunderjolt","floor":24},{"not_picked":["TheRailgun:Gekota_Phone","TheRailgun:Static"],"picked":"TheRailgun:Scatter_Railgun","floor":27},{"not_picked":["TheRailgun:Taser","TheRailgun:Gekotamania"],"picked":"TheRailgun:Sister_Noise+1","floor":28},{"not_picked":["TheRailgun:Aerial_Shot+1","TheRailgun:Thunderjolt"],"picked":"TheRailgun:Electrical_Fire+1","floor":35},{"not_picked":["TheRailgun:Lightningbolt+1","TheRailgun:Electrical_Storm+1","TheRailgun:Recharge"],"picked":"SKIP","floor":37},{"not_picked":["TheRailgun:Biribiri+1","TheRailgun:Overload","TheRailgun:Sister_Network+1"],"picked":"SKIP","floor":40},{"not_picked":["TheRailgun:Coin_Flip+1","TheRailgun:Lightningbolt+1","TheRailgun:Circuitous"],"picked":"SKIP","floor":45},{"not_picked":["TheRailgun:Thunderjolt","TheRailgun:Token_Collection"],"picked":"TheRailgun:Spark+1","floor":47}],"player_experience":187259,"relics_obtained":[{"floor":7,"key":"Juzu Bracelet"},{"floor":9,"key":"Blood Vial"},{"floor":17,"key":"CeramicFish"},{"floor":17,"key":"Pear"},{"floor":17,"key":"Calipers"},{"floor":26,"key":"Meat on the Bone"},{"floor":40,"key":"Sundial"},{"floor":43,"key":"Oddly Smooth Stone"},{"floor":45,"key":"Pocketwatch"}],"event_choices":[{"damage_healed":0,"gold_gain":0,"player_choice":"Take Wound","damage_taken":0,"relics_obtained":["Golden Idol"],"max_hp_gain":0,"max_hp_loss":0,"event_name":"Golden Idol","floor":2,"gold_loss":0,"cards_obtained":["Injury"]},{"damage_healed":0,"gold_gain":0,"player_choice":"Trade","damage_taken":0,"relics_obtained":["GremlinMask"],"max_hp_gain":0,"max_hp_loss":0,"event_name":"FaceTrader","floor":12,"gold_loss":0},{"damage_healed":0,"gold_gain":0,"player_choice":"Opened","damage_taken":0,"relics_obtained":["Incense Burner"],"max_hp_gain":0,"max_hp_loss":0,"event_name":"The Mausoleum","floor":21,"gold_loss":0,"cards_obtained":["Writhe"]},{"cards_removed":["TheRailgun:Strike"],"damage_healed":0,"gold_gain":0,"player_choice":"Gave Gold","damage_taken":0,"max_hp_gain":0,"max_hp_loss":0,"event_name":"Beggar","floor":29,"gold_loss":75},{"damage_healed":0,"gold_gain":333,"player_choice":"Gave Idol","damage_taken":0,"max_hp_gain":0,"max_hp_loss":0,"event_name":"The Moai Head","floor":39,"relics_lost":["Golden Idol"],"gold_loss":0},{"damage_healed":0,"gold_gain":0,"player_choice":"Ignored","damage_taken":0,"max_hp_gain":0,"max_hp_loss":0,"event_name":"Tomb of Lord Red Mask","floor":42,"gold_loss":0},{"damage_healed":0,"gold_gain":0,"cards_transformed":["TheRailgun:Strike"],"player_choice":"Transformed","damage_taken":0,"max_hp_gain":0,"max_hp_loss":0,"event_name":"Transmorgrifier","floor":48,"gold_loss":0,"cards_obtained":["TheRailgun:Sister_Noise"]}],"is_beta":false,"boss_relics":[{"not_picked":["Pandora\u0027s Box","Busted Crown"],"picked":"Calling Bell"},{"not_picked":["Runic Pyramid","Fusion Hammer"],"picked":"Tiny House"}],"items_purged_floors":[14,22],"is_endless":false,"potions_floor_spawned":[5,7,13,16,18,27,33,35,40],"ascension_level":1}}