{"host":"jfbo3eu2ui08ej1u","time":1613884632,"event":{"mods":["2.2 Compatiblity","AchievementEnabler","Act Like it!","Aspiration","BaseMod","Better Altar","Better Match","Better Note","Better Sensory Stone","Better Skull","Better Third Choice","Block Reminder","Colored Map","Colored Powertips","Conspire","DeckTracker","Displayed Cursed Tome","Energized Spire","Fox Events","GifTheSpireLib","Hermit","Hubris","Infinite Spire","Marked Mod","Minty Spire (QoL Compilation)","Monster B Gone","Pale of the Ancients","Poor People Problems","Quick Restart","Relic Filter","Reliquary","Reorder Act Four","Replay The Spire","Shop Mod","Spicy Shops","Spire Arcade","StSLib","Stuff the Spire","The Blue Laboratory","The Disciple","The Forsaken","The Hierophant","The Marked","Uncapped","Unceasing Turn Reminder","Wandering Minibosses"],"gold_per_floor":[118,118,151,2,2,2,2,2],"floor_reached":7,"language":"ENG","playtime":217,"items_purged":[],"score":74,"play_id":"0a653af1-2bf5-47af-b408-d64b0dd41272","local_time":"20210221001712","is_ascension_mode":true,"campfire_choices":[{"data":"Redo","floor":6,"key":"SMITH"}],"circlet_count":0,"master_deck":["AscendersBane","Strike_B","Strike_B","Strike_B","Strike_B","Defend_B","Defend_B","Defend_B","Defend_B","Zap","Dualcast","Seek","Rebound","StuffTheSpire:ForEach","ReplayTheSpireMod:Private Reserves","Redo+1"],"relics":["Cracked Core","foxEvents:LuckyCharm"],"acts_visited":["Exordium"],"potions_floor_usage":[],"damage_taken":[{"damage":1,"enemies":"Cultist","floor":1,"turns":3},{"damage":38,"enemies":"Colosseum Slavers","floor":3,"turns":5},{"damage":45,"enemies":"3 Sentries","floor":7,"turns":7}],"seed_played":"-93306947478730025","potions_obtained":[{"floor":1,"key":"Venom Potion"}],"is_trial":false,"path_per_floor":["M","?","?","$","?","R","E"],"character_chosen":"DEFECT","items_purchased":["ReplayTheSpireMod:Private Reserves","Redo"],"campfire_rested":0,"item_purchase_floors":[4,4],"current_hp_per_floor":[63,63,25,25,46,46,1,1],"gold":2,"neow_bonus":"ONE_RANDOM_RARE_CARD","is_daily":false,"chose_seed":false,"campfire_upgraded":1,"win_rate":0.0,"timestamp":1613884632,"path_taken":["M","?","?","$","?","R","E"],"items_purchased_type":["Card","Card"],"build_version":"2020-12-22","purchased_purges":0,"victory":false,"max_hp_per_floor":[71,71,71,71,71,71,71,71],"card_choices":[{"not_picked":["Chaos","Go for the Eyes"],"picked":"Rebound","floor":1}],"player_experience":1359903,"relics_obtained":[{"floor":3,"key":"foxEvents:LuckyCharm"}],"event_choices":[],"is_beta":false,"boss_relics":[],"items_purged_floors":[],"is_endless":false,"potions_floor_spawned":[1],"killed_by":"3 Sentries","ascension_level":20}}