{"host":"sxaoifcprvg3ww0o","time":1613730485,"event":{"mods":["Act Like it!","Arknights","BaseMod","Downfall","GifTheSpireLib","Hermit","KinomotoSakuraMod(ƒæ÷Æ±æ”£)","Lobotomy","LobotomyExtend","Marisa£®ÏF”Í°°ƒß¿Ì…≥£©","Minty Spire (QoL Compilation)","Prisma Mod","Quick Restart","Reimu£®≤©¿ˆ¡È√Œ£©","Reliquary","Remilia£®¿Ÿ√◊¿Ú—«£©","Replay The Spire","StSLib","The Bug Knight","The Senshi","Waifu the Spire","WarShipGirlsR/’ΩΩ¢…Ÿ≈ÆR mod","Yakumo Yukari mod","Youmu£®ªÍ∆«—˝√Œ£©","Yuyuko","°æ“≈ŒÔø®≈∆°øREMEMod"],"gold_per_floor":[138,138,151,151,162,192,203,203,228,303,332,332,332,342,342,372,372],"floor_reached":16,"language":"ZHS","playtime":912,"items_purged":[],"score":235,"play_id":"215644c6-809b-4c7d-a0d1-9c4861c8b0c0","local_time":"20210219182805","is_ascension_mode":false,"campfire_choices":[{"data":"Mirror_FourBoundary_purple","floor":8,"key":"SMITH"},{"data":"Yakumo_Ran_purple","floor":12,"key":"SMITH"},{"data":"Yakumo_Ran_purple","floor":15,"key":"SMITH"}],"circlet_count":0,"master_deck":["Observe_purple_1","Observe_purple_2","PositiveMatter_Antimatter_Universe_purple","ExistenceContinue_purple","MeetDecomposer_purple","Boundary_of_Extermination_purpleEX","Yakumo_Ran_purple+1","LoveAcrossDimensions_purple+1","StretchesForeverDream_purple","WingOfChimera_purple","Secret Technique","Mirror_FourBoundary_purple+1","OmniscientAndOmnipotent_Monster_purple","RuleDissolution_purple","RealityDreamConfluencek_purple","Charmbait_purple","Yakumo_Ran_purple+1","MonsterNeedle_purple"],"relics":["Memoryfragments_purpleEX","REME_ComplimentaryCards","Pandora\u0027s Box","LetterFromLob","Pet Ghost","reliquary:SilkGlove","HollowMod:PaleOreRelic"],"acts_visited":["Exordium"],"potions_floor_usage":[16,16],"damage_taken":[{"damage":0,"enemies":"Small Slimes","floor":1,"turns":7},{"damage":0,"enemies":"2 Louse","floor":3,"turns":4},{"damage":0,"enemies":"Cultist","floor":5,"turns":4},{"damage":22,"enemies":"Lagavulin","floor":6,"turns":6},{"damage":17,"enemies":"Lots of Slimes","floor":7,"turns":6},{"damage":17,"enemies":"Gremlin Nob","floor":11,"turns":3},{"damage":0,"enemies":"Looter","floor":14,"turns":3}],"seed_played":"883652287611168409","potions_obtained":[{"floor":6,"key":"REME_GoldPotion"},{"floor":7,"key":"CultistPotion"},{"floor":11,"key":"Elixir"}],"is_trial":false,"path_per_floor":["M","?","M","?","M","E","M","R","T","?","E","R","?","M","R","B"],"character_chosen":"Youkari","items_purchased":[],"campfire_rested":0,"item_purchase_floors":[],"current_hp_per_floor":[70,70,70,70,70,49,32,32,32,21,4,4,4,4,4,0,0],"gold":372,"neow_bonus":"BOSS_RELIC","is_daily":false,"chose_seed":false,"campfire_upgraded":3,"win_rate":0.0,"timestamp":1613730485,"path_taken":["M","?","M","?","M","E","M","R","T","?","E","R","?","M","R","BOSS"],"items_purchased_type":[],"build_version":"2020-12-22","purchased_purges":0,"victory":false,"max_hp_per_floor":[70,70,70,70,70,70,70,70,70,70,70,70,70,70,70,70,70],"card_choices":[{"not_picked":["Bait_HighSpeedFlying_purple","Fantasy_PerpetualMotionMachine_purple"],"picked":"Mirror_FourBoundary_purple","floor":1},{"not_picked":["DimensionStaggered_purple","StateErode_purple"],"picked":"OmniscientAndOmnipotent_Monster_purple","floor":3},{"not_picked":["PositiveMatter_Antimatter_Universe_purple","DimensionStaggered_purple"],"picked":"RuleDissolution_purple","floor":5},{"not_picked":["StateErode_purple","WatchEChange_purple"],"picked":"RealityDreamConfluencek_purple","floor":6},{"not_picked":["RuleDissolution_purple","OmniscientAndOmnipotent_Monster_purple"],"picked":"Charmbait_purple","floor":7},{"not_picked":["BarrageBoundary_PipeDream_purple","ExistenceContinue_purple"],"picked":"Yakumo_Ran_purple","floor":11},{"not_picked":["MeetDecomposer_purple","RuleDissolution_purple"],"picked":"MonsterNeedle_purple","floor":14}],"player_experience":580860,"relics_obtained":[{"floor":1,"key":"LetterFromLob"},{"floor":6,"key":"Pet Ghost"},{"floor":9,"key":"reliquary:SilkGlove"},{"floor":11,"key":"HollowMod:PaleOreRelic"}],"event_choices":[{"damage_healed":0,"gold_gain":0,"player_choice":"Grow","damage_taken":0,"max_hp_gain":0,"max_hp_loss":0,"event_name":"Living Wall","floor":4,"gold_loss":0,"cards_upgraded":["LoveAcrossDimensions_purple"]},{"damage_healed":0,"gold_gain":75,"player_choice":"Gather Gold","damage_taken":11,"max_hp_gain":0,"max_hp_loss":0,"event_name":"World of Goop","floor":10,"gold_loss":0},{"damage_healed":0,"gold_gain":0,"player_choice":"Ignored","damage_taken":0,"max_hp_gain":0,"max_hp_loss":0,"event_name":"NoteForYourself","floor":13,"gold_loss":0}],"is_beta":false,"boss_relics":[],"items_purged_floors":[],"is_endless":false,"potions_floor_spawned":[6,7,11],"killed_by":"Slime Boss","ascension_level":0}}