{"host":"21daswlctsv3qaxk","time":1613771209,"event":{"mods":["BaseMod","Downfall","Minty Spire (QoL Compilation)","Replay The Spire","StSLib","The Cursed","The Servant 0.9.4"],"gold_per_floor":[116,134,149,165,181,211,211,243,243,256,271,284,298,149,149,245,245,264,264,296,310,310,345,345,270,293,318,318,333,343,358,358,463,463,483,28,28,28,58,93,12,12,12,22,72,99,109,109,109],"floor_reached":48,"language":"ENG","playtime":3393,"items_purged":["Normality"],"score":736,"play_id":"81ccf65c-83d7-4326-b657-269f70399b81","local_time":"20210219224649","is_ascension_mode":true,"campfire_choices":[{"floor":7,"key":"RECALL"},{"data":"Pummel","floor":24,"key":"SMITH"},{"data":"Limit Break","floor":28,"key":"SMITH"},{"data":"Whirlwind","floor":32,"key":"SMITH"},{"floor":42,"key":"REST"}],"circlet_count":0,"master_deck":["Defend_R","Defend_R","Bash","Fire Breathing","Battle Trance","Sword Boomerang","Flex","Shockwave","ReplayTheSpireMod:Muscle Training","Sword Boomerang","Reaper+1","ReplayTheSpireMod:Muscle Training","Feed+1","Pummel+1","Shrug It Off","Limit Break+1","Voices","Perfected Strike+1","Spot Weakness","Spot Weakness","Replay:Undeath\u0027s Touch","Havoc+1","Spot Weakness+1","Whirlwind+1","Demon Form","Heavy Blade","Rupture","Flex+1","Heavy Blade+1"],"relics":["Burning Blood","Replay:Mystery Machine","Replay:Baseball","Guide Book","Kintsugi","Red Mask","Gambling Chip","Bronze Scales","BranchBurnRelic","Fusion Hammer","Another Sword","Brimstone","Ring of Misfortune","Ring of Panic","Torii","Art of War","Ornamental Fan","Charon\u0027s Ashes"],"acts_visited":["Exordium","TheCity","TheBeyond"],"potions_floor_usage":[5,5,6,13,16,16,33,33,33,45,45,46,48],"damage_taken":[{"damage":1,"enemies":"Cultist","floor":1,"turns":4},{"damage":0,"enemies":"Small Slimes","floor":2,"turns":3},{"damage":2,"enemies":"Jaw Worm","floor":3,"turns":3},{"damage":8,"enemies":"Large Slime","floor":4,"turns":6},{"damage":9,"enemies":"Exordium Thugs","floor":5,"turns":3},{"damage":26,"enemies":"3 Sentries","floor":6,"turns":6},{"damage":26,"enemies":"Lagavulin","floor":8,"turns":5},{"damage":16,"enemies":"Red Slaver","floor":10,"turns":4},{"damage":1,"enemies":"Looter","floor":11,"turns":1},{"damage":12,"enemies":"2 Fungi Beasts","floor":12,"turns":3},{"damage":2,"enemies":"Blue Slaver","floor":13,"turns":3},{"damage":44,"enemies":"Fading Forest","floor":16,"turns":11},{"damage":35,"enemies":"Spheric Guardian","floor":18,"turns":4},{"damage":54,"enemies":"Masked Bandits","floor":20,"turns":4},{"damage":8,"enemies":"Chosen","floor":21,"turns":3},{"damage":57,"enemies":"Slavers","floor":23,"turns":4},{"damage":44,"enemies":"Gremlin Leader","floor":27,"turns":5},{"damage":15,"enemies":"Snecko","floor":29,"turns":4},{"damage":27,"enemies":"3 Cultists","floor":30,"turns":4},{"damage":32,"enemies":"Centurion and Healer","floor":31,"turns":3},{"damage":41,"enemies":"Automaton","floor":33,"turns":6},{"damage":6,"enemies":"3 Darklings","floor":35,"turns":2},{"damage":20,"enemies":"Giant Head","floor":40,"turns":5},{"damage":28,"enemies":"3 Shapes","floor":44,"turns":1},{"damage":26,"enemies":"Mind Bloom Boss Battle","floor":45,"turns":3},{"damage":34,"enemies":"Reptomancer","floor":46,"turns":3},{"damage":42,"enemies":"Transient","floor":47,"turns":5},{"damage":53,"enemies":"4 Shapes","floor":48,"turns":2}],"seed_played":"-9135552757856017858","potions_obtained":[{"floor":1,"key":"DuplicationPotion"},{"floor":4,"key":"DuplicationPotion"},{"floor":5,"key":"Guardian:BlockOnCardUsePotion"},{"floor":8,"key":"Energy Potion"},{"floor":10,"key":"SkillPotion"},{"floor":11,"key":"Swift Potion"},{"floor":16,"key":"Dexterity Potion"},{"floor":27,"key":"FearPotion"},{"floor":29,"key":"Milkshake"},{"floor":31,"key":"PowerPotion"},{"floor":33,"key":"Adrenaline Potion"},{"floor":44,"key":"Adrenaline Potion"},{"floor":45,"key":"GamblersBrew"},{"floor":46,"key":"SpeedPotion"},{"floor":47,"key":"ElixirPotion"}],"is_trial":false,"path_per_floor":["M","M","M","M","M","E","R","E","T","M","M","M","M","$","R","B",null,"M","?","?","M","?","E","R","$","T","E","R","M","M","M","R","B",null,"M","$","?","?","?","E","$","R","T","M","?","E","M","M"],"character_chosen":"IRONCLAD","items_purchased":["Guide Book","Another Sword","Brimstone","Rupture"],"campfire_rested":1,"item_purchase_floors":[14,36,36,41],"current_hp_per_floor":[80,80,80,78,75,55,55,35,35,30,35,39,46,46,46,25,69,40,67,50,66,66,83,83,83,83,65,65,87,75,70,70,95,95,95,95,95,95,95,95,95,95,95,73,53,71,45,0,0],"gold":109,"neow_bonus":"TRANSFORM_CARD","is_daily":false,"chose_seed":false,"campfire_upgraded":3,"win_rate":0.0,"timestamp":1613771209,"path_taken":["M","M","M","M","M","E","R","E","T","M","M","M","?","$","R","BOSS","M","?","?","?","?","E","R","?","T","E","R","M","M","M","R","BOSS","M","$","?","?","?","E","?","R","T","?","?","E","M","M"],"items_purchased_type":["Relic","Relic","Relic","Card"],"build_version":"2020-12-22","purchased_purges":1,"victory":false,"max_hp_per_floor":[80,80,80,80,80,80,80,80,80,80,80,80,83,83,83,83,83,83,83,87,87,87,91,91,91,91,91,91,95,95,95,95,95,95,95,95,95,95,95,95,95,95,95,95,95,95,95,99,99],"card_choices":[{"not_picked":["True Grit","Bloodletting"],"picked":"Battle Trance","floor":1},{"not_picked":["Carnage","Twin Strike"],"picked":"Sword Boomerang","floor":2},{"not_picked":["Shrug It Off","Disarm"],"picked":"Flex","floor":3},{"not_picked":["Blood for Blood","Rupture"],"picked":"Shockwave","floor":4},{"not_picked":["Warcry","Clothesline"],"picked":"ReplayTheSpireMod:Muscle Training","floor":5},{"not_picked":["Clothesline","Body Slam"],"picked":"Sword Boomerang","floor":6},{"not_picked":["Anger","Double Tap"],"picked":"Reaper","floor":8},{"not_picked":["Pommel Strike","Wild Strike","Shrug It Off"],"picked":"SKIP","floor":10},{"not_picked":["Wild Strike","Twin Strike"],"picked":"ReplayTheSpireMod:Muscle Training","floor":11},{"not_picked":["Shockwave","Bloodletting"],"picked":"Feed","floor":12},{"not_picked":["Life Link","Disarm"],"picked":"Pummel","floor":13},{"not_picked":["Brutality","Exhume"],"picked":"Limit Break","floor":16},{"not_picked":["Run Through","ReplayReversal+1"],"picked":"Perfected Strike+1","floor":18},{"not_picked":["Seeing Red+1","Flex+1"],"picked":"Spot Weakness","floor":20},{"not_picked":["Flame Barrier+1","Berserk","Ghostly Armor"],"picked":"SKIP","floor":21},{"not_picked":["ReplayTheSpireMod:Strike From Hell","Havoc+1"],"picked":"Replay:Undeath\u0027s Touch","floor":23},{"not_picked":["Armaments+1","ReplayReversal"],"picked":"Havoc+1","floor":27},{"not_picked":["Thunderclap","Body Slam+1"],"picked":"Sword Boomerang","floor":29},{"not_picked":["Cleave","Armaments+1"],"picked":"Spot Weakness+1","floor":30},{"not_picked":["Ghostly Armor","Juggernaut"],"picked":"Whirlwind","floor":31},{"not_picked":["Limit Break","Exhume"],"picked":"Demon Form","floor":33},{"not_picked":["Body Slam+1","Hemokinesis"],"picked":"Heavy Blade","floor":35},{"not_picked":["ReplayTheSpireMod:Strike From Hell+1","ReplayTheSpireMod:Corrosion Curse+1","Sword Boomerang"],"picked":"SKIP","floor":40},{"not_picked":["Fire Breathing","Rage+1"],"picked":"Flex+1","floor":44},{"not_picked":["Wild Strike+1","Body Slam","Perfected Strike"],"picked":"SKIP","floor":46},{"not_picked":["ReplayTheSpireMod:Stacked+1","Power Through"],"picked":"Heavy Blade+1","floor":47}],"player_experience":218459,"relics_obtained":[{"floor":6,"key":"Replay:Mystery Machine"},{"floor":8,"key":"Replay:Baseball"},{"floor":20,"key":"Red Mask"},{"floor":23,"key":"Gambling Chip"},{"floor":26,"key":"Bronze Scales"},{"floor":27,"key":"Dead Branch"},{"floor":38,"key":"Ring of Misfortune"},{"floor":38,"key":"Ring of Panic"},{"floor":39,"key":"Torii"},{"floor":40,"key":"Art of War"},{"floor":43,"key":"Ornamental Fan"},{"floor":45,"key":"Charon\u0027s Ashes"}],"event_choices":[{"damage_healed":27,"gold_gain":0,"player_choice":"Heal","damage_taken":0,"max_hp_gain":0,"max_hp_loss":0,"event_name":"The Library","floor":19,"gold_loss":0},{"damage_healed":0,"gold_gain":0,"player_choice":"Fought Bandits","damage_taken":0,"max_hp_gain":0,"max_hp_loss":0,"event_name":"Masked Bandits","floor":20,"gold_loss":0},{"damage_healed":0,"gold_gain":0,"player_choice":"Copied","damage_taken":0,"max_hp_gain":0,"max_hp_loss":0,"event_name":"Duplicator","floor":22,"gold_loss":0,"cards_obtained":["Spot Weakness"]},{"cards_removed":["Sword Boomerang"],"damage_healed":0,"gold_gain":0,"player_choice":"Removed Attack","damage_taken":0,"max_hp_gain":0,"max_hp_loss":0,"event_name":"Falling","floor":37,"gold_loss":0},{"damage_healed":0,"gold_gain":0,"player_choice":"Fight","damage_taken":0,"max_hp_gain":0,"max_hp_loss":0,"event_name":"MindBloom","floor":45,"gold_loss":0}],"is_beta":false,"boss_relics":[{"not_picked":["Electric Blood","Replay:Bronze Core"],"picked":"Kintsugi"},{"not_picked":["Pandora\u0027s Box","Painkiller Herb"],"picked":"Fusion Hammer"}],"items_purged_floors":[25],"is_endless":false,"potions_floor_spawned":[1,4,5,8,10,11,16,27,29,31,33,44,45,46,47],"killed_by":"4 Shapes","ascension_level":5}}