{"host":"4qkvkh7pd9qr2mca","time":1613767403,"event":{"mods":["AchievementEnabler","Act Like it!","BaseMod","Colored Map","Colored Powertips","Highlight Path","Minty Spire (QoL Compilation)","Pale of the Ancients","Permanent Neow","Quick Restart","Relic Stats","StSLib","SuperFastMode"],"gold_per_floor":[14,14,14,28,28,72,72,110,135,151,172,195,230,69,69,164,164,128,141,166,189,203,203,203,203],"floor_reached":24,"language":"ENG","playtime":1515,"items_purged":["Strike_G"],"score":490,"play_id":"4a8a9c93-5d82-41bc-afa0-4df0f3604b90","local_time":"20210219214323","is_ascension_mode":true,"campfire_choices":[{"floor":7.0,"key":"REST"},{"floor":15.0,"key":"REST"},{"floor":23,"key":"REST"}],"circlet_count":0,"master_deck":["AscendersBane","Strike_G","Strike_G","Strike_G","Strike_G","Defend_G","Defend_G","Defend_G","Defend_G","Defend_G","Survivor","Neutralize","Apotheosis+1","Masterful Stab","Dodge and Roll","Wraith Form v2","Eviscerate","Well Laid Plans","Acrobatics","Setup","Tools of the Trade","Adrenaline","Prepared","Tactician","Dash","Acrobatics"],"relics":["Ring of the Snake","Golden Idol","Tiny Chest","Omamori","Oddly Smooth Stone","Snake Skull","Runic Pyramid"],"acts_visited":["Exordium","TheCity"],"potions_floor_usage":[22],"damage_taken":[{"damage":3.0,"enemies":"Small Slimes","floor":1.0,"turns":4.0},{"damage":4.0,"enemies":"Jaw Worm","floor":4.0,"turns":3.0},{"damage":18.0,"enemies":"Gremlin Nob","floor":6.0,"turns":4.0},{"damage":23.0,"enemies":"Lagavulin","floor":8.0,"turns":9.0},{"damage":0.0,"enemies":"2 Louse","floor":10.0,"turns":3.0},{"damage":4.0,"enemies":"Lots of Slimes","floor":11.0,"turns":7.0},{"damage":0.0,"enemies":"Blue Slaver","floor":12.0,"turns":4.0},{"damage":0.0,"enemies":"Gremlin Nob","floor":13.0,"turns":2.0},{"damage":26.0,"enemies":"Slime Boss","floor":16.0,"turns":9.0},{"damage":6.0,"enemies":"2 Thieves","floor":18.0,"turns":5.0},{"damage":0,"enemies":"Shell Parasite","floor":19,"turns":6},{"damage":11,"enemies":"Chosen and Byrds","floor":20,"turns":11},{"damage":5,"enemies":"Snake Plant","floor":21,"turns":6},{"damage":16,"enemies":"Snecko","floor":22,"turns":8},{"damage":34,"enemies":"Slavers","floor":24,"turns":5}],"seed_played":"-9079037769682519068","potions_obtained":[{"floor":4.0,"key":"Fire Potion"},{"floor":6.0,"key":"BlessingOfTheForge"},{"floor":10.0,"key":"FearPotion"},{"floor":11.0,"key":"AttackPotion"},{"floor":18.0,"key":"BlessingOfTheForge"},{"floor":20,"key":"EssenceOfSteel"},{"floor":21,"key":"ColorlessPotion"}],"is_trial":false,"path_per_floor":["M","?","?","M","?","E","R","E","T","M","M","M","E","$","R","B",null,"M","M","M","M","M","R","E"],"character_chosen":"THE_SILENT","items_purchased":["Tools of the Trade"],"campfire_rested":3,"item_purchase_floors":[14],"current_hp_per_floor":[56,56,56,52,52,34,52,29,29,29,25,25,25,25,43,17,49,43,43,32,27,11,29,0,0],"gold":203,"neow_bonus":"RANDOM_COLORLESS_2","is_daily":false,"chose_seed":false,"campfire_upgraded":0,"win_rate":0.0,"timestamp":1613767403,"path_taken":["M","?","?","M","?","E","R","E","T","M","M","M","E","$","R","BOSS","M","M","M","M","M","R","E"],"items_purchased_type":["Card"],"build_version":"2020-12-22","purchased_purges":1,"victory":false,"max_hp_per_floor":[66,66,60,60,60,60,60,60,60,60,60,60,60,60,60,60,60,60,60,60,60,60,60,60,60],"relic_stats":{"counters":[15,86],"Golden Idol":79,"Tiny Chest":0,"Snake Skull":[0],"obtain_stats":[{"Golden Idol":3,"Oddly Smooth Stone":9,"Tiny Chest":6,"Snake Skull":13,"Omamori":8,"Ring of the Snake":0,"Runic Pyramid":17},{"Golden Idol":1,"Oddly Smooth Stone":4,"Tiny Chest":3,"Snake Skull":8,"Omamori":4,"Ring of the Snake":0,"Runic Pyramid":9},{"Golden Idol":4,"Oddly Smooth Stone":20,"Tiny Chest":11,"Snake Skull":36,"Omamori":20,"Ring of the Snake":0,"Runic Pyramid":45}],"Ring of the Snake":[30]},"card_choices":[{"not_picked":["Master of Strategy","The Bomb"],"picked":"Apotheosis","floor":0.0},{"not_picked":["Outmaneuver","Prepared"],"picked":"Masterful Stab","floor":1.0},{"not_picked":["Prepared","Caltrops"],"picked":"Dodge and Roll","floor":4.0},{"not_picked":["Deflect","Sucker Punch"],"picked":"Wraith Form v2","floor":6.0},{"not_picked":["Outmaneuver","Quick Slash"],"picked":"Eviscerate","floor":8.0},{"not_picked":["Blade Dance","Caltrops"],"picked":"Well Laid Plans","floor":10.0},{"not_picked":["Dodge and Roll","Finisher"],"picked":"Acrobatics","floor":11.0},{"not_picked":["Sucker Punch","Dash"],"picked":"Setup","floor":12.0},{"not_picked":["Quick Slash","Dodge and Roll","Heel Hook"],"picked":"SKIP","floor":13.0},{"not_picked":["Burst","Doppelganger"],"picked":"Adrenaline","floor":16.0},{"not_picked":["Dagger Throw","Well Laid Plans"],"picked":"Prepared","floor":18.0},{"not_picked":["Dodge and Roll","Slice"],"picked":"Tactician","floor":19},{"not_picked":["Slice","Deadly Poison"],"picked":"Dash","floor":20},{"not_picked":["Deadly Poison+1","Backflip"],"picked":"Acrobatics","floor":21},{"not_picked":["Deadly Poison","Skewer","Underhanded Strike"],"picked":"SKIP","floor":22}],"player_experience":648750,"relics_obtained":[{"floor":6.0,"key":"Tiny Chest"},{"floor":8.0,"key":"Omamori"},{"floor":9.0,"key":"Oddly Smooth Stone"},{"floor":13.0,"key":"Snake Skull"}],"event_choices":[{"damage_healed":0.0,"max_hp_gain":0.0,"max_hp_loss":0.0,"gold_gain":0.0,"event_name":"Living Wall","player_choice":"Grow","floor":2.0,"gold_loss":0.0,"damage_taken":0.0,"cards_upgraded":["Apotheosis"]},{"damage_healed":0.0,"max_hp_gain":0.0,"max_hp_loss":6.0,"gold_gain":0.0,"event_name":"Golden Idol","player_choice":"Lose Max HP","floor":3.0,"gold_loss":0.0,"damage_taken":0.0,"relics_obtained":["Golden Idol"]},{"damage_healed":0.0,"max_hp_gain":0.0,"max_hp_loss":0.0,"gold_gain":0.0,"event_name":"Liars Game","player_choice":"Ignored","floor":5.0,"gold_loss":0.0,"damage_taken":0.0}],"is_beta":false,"boss_relics":[{"not_picked":["Tiny House","Empty Cage"],"picked":"Runic Pyramid"}],"items_purged_floors":[14],"is_endless":false,"potions_floor_spawned":[4,6,10,11,12,18,20,21],"killed_by":"Slavers","ascension_level":20}}