{"host":"tf5skwcwe0vlu2md","time":1613741864,"event":{"mods":["BaseMod","Downfall","Highlight Path","Minty Spire (QoL Compilation)","Quick Restart","StSLib","The Hierophant"],"gold_per_floor":[114,128,52,52,17,50,50,50,76,76,87,107,107,134,134,231,231,246,258,258,268,14,14,39,39,91,91,24,24,55,74,74,172,172,192,0,0,11,31,31,60,60,60,60,74,74,87,117,117,117,117],"floor_reached":50,"playtime":2044,"items_purged":[],"score":687,"play_id":"4f20ecba-e774-4423-9f91-029a656777ad","local_time":"20210220003744","is_ascension_mode":true,"campfire_choices":[{"data":"Zap","floor":7,"key":"SMITH"},{"data":"1","floor":10,"key":"LIFT"},{"data":"Beam Cell","floor":13,"key":"SMITH"},{"data":"2","floor":15,"key":"LIFT"},{"data":"Reprogram","floor":23,"key":"SMITH"},{"data":"Hyperbeam","floor":29,"key":"SMITH"},{"floor":32,"key":"REST"},{"data":"Sunder","floor":40,"key":"SMITH"},{"floor":42,"key":"REST"},{"floor":49,"key":"RECALL"}],"circlet_count":0,"master_deck":["Defend_B+1","Defend_B+1","Defend_B+1","Zap+1","Dualcast+1","All For One","Double Energy","Turbo","Steam","Sweeping Beam","Go for the Eyes","Beam Cell+1","Conserve Battery","Gash","Hyperbeam+1","CurseOfTheBell","Rebound+1","Reprogram+1","Slimebound:Tackle+1","Slimebound:Tackle+1","Slimebound:Tackle+1","Gash","Sunder","Sunder+1","Sunder+1","Reboot","Panache","Sweeping Beam+1","Sweeping Beam+1","Leap+1","Gash"],"relics":["FrozenCore","Girya","Potion Belt","Boot","Ice Cream","Calling Bell","Toy Ornithopter","Cables","Incense Burner","Singing Bowl","MealTicket","Strawberry","MutagenicStrength","Mummified Hand","Red Mask","Sundial","Bottled Lightning"],"acts_visited":["Exordium","TheCity","TheBeyond"],"potions_floor_usage":[6,6,19,21,33,38,44,47,48,49,50],"damage_taken":[{"damage":7,"enemies":"Small Slimes","floor":1,"turns":3},{"damage":4,"enemies":"Jaw Worm","floor":2,"turns":4},{"damage":14,"enemies":"Lagavulin","floor":6,"turns":5},{"damage":0,"enemies":"2 Louse","floor":11,"turns":2},{"damage":6,"enemies":"Blue Slaver","floor":12,"turns":2},{"damage":5,"enemies":"3 Sentries","floor":14,"turns":5},{"damage":11,"enemies":"Hexaghost","floor":16,"turns":8},{"damage":16,"enemies":"3 Byrds","floor":18,"turns":4},{"damage":4,"enemies":"Shell Parasite","floor":19,"turns":3},{"damage":11,"enemies":"Snake Plant","floor":21,"turns":3},{"damage":18,"enemies":"Gremlin Leader","floor":24,"turns":4},{"damage":25,"enemies":"Slavers","floor":30,"turns":3},{"damage":29,"enemies":"Shelled Parasite and Fungi","floor":31,"turns":4},{"damage":15,"enemies":"Automaton","floor":33,"turns":6},{"damage":8,"enemies":"3 Shapes","floor":35,"turns":4},{"damage":1,"enemies":"Orb Walker","floor":38,"turns":3},{"damage":18,"enemies":"Jaw Worm Horde","floor":39,"turns":2},{"damage":52,"enemies":"Giant Head","floor":41,"turns":8},{"damage":5,"enemies":"Nemesis","floor":44,"turns":2},{"damage":0,"enemies":"Sphere and 2 Shapes","floor":45,"turns":1},{"damage":37,"enemies":"Writhing Mass","floor":47,"turns":4},{"damage":3,"enemies":"Reptomancer","floor":48,"turns":2},{"damage":30,"enemies":"Time Eater","floor":50,"turns":6}],"seed_played":"-2963908962598179786","potions_obtained":[{"floor":1,"key":"Fire Potion"},{"floor":2,"key":"Strength Potion"},{"floor":16,"key":"GamblersBrew"},{"floor":18,"key":"Explosive Potion"},{"floor":31,"key":"CultistPotion"},{"floor":33,"key":"SmokeBomb"},{"floor":35,"key":"Swift Potion"},{"floor":38,"key":"Ancient Potion"},{"floor":41,"key":"DuplicationPotion"},{"floor":47,"key":"AttackPotion"},{"floor":48,"key":"Fruit Juice"}],"is_trial":false,"path_per_floor":["M","M","$","?","?","E","R","?","T","R","M","M","R","E","R","B",null,"M","M","?","M","$","R","E","?","T","?","$","R","E","M","R","B",null,"M","?","?","M","M","R","E","R","T","E","M","?","M","E","R","B"],"character_chosen":"DEFECT","items_purchased":["Steam","Sweeping Beam","Singing Bowl","Sunder"],"campfire_rested":2,"item_purchase_floors":[3,3,22,28],"current_hp_per_floor":[47,43,43,43,61,47,47,40,40,40,40,34,34,29,29,18,75,59,60,60,54,54,54,36,36,43,43,58,58,33,6,31,21,84,78,78,78,82,64,64,14,40,40,40,42,42,10,12,22,0,0],"gold":117,"neow_bonus":"THREE_RARE_CARDS","is_daily":false,"chose_seed":false,"campfire_upgraded":5,"win_rate":0.0,"timestamp":1613741864,"path_taken":["M","M","$","?","?","E","R","?","T","R","M","M","R","E","R","BOSS","M","M","?","M","$","R","E","?","T","?","$","R","E","M","R","BOSS","M","?","?","M","M","R","E","R","T","E","M","?","M","E","R","BOSS"],"items_purchased_type":["Card","Card","Relic","Card"],"build_version":"2020-12-13","purchased_purges":0,"victory":false,"max_hp_per_floor":[75,75,75,75,75,75,75,75,75,75,75,75,75,75,75,75,75,75,75,75,75,75,75,75,75,82,82,82,82,82,84,84,84,84,86,86,86,86,86,86,88,88,88,88,90,90,90,90,95,95,95],"card_choices":[{"not_picked":["Core Surge","Multi-Cast"],"picked":"All For One","floor":0},{"not_picked":["Steam","Steam Power"],"picked":"Double Energy","floor":1},{"not_picked":["Leap","Compile Driver"],"picked":"Turbo","floor":2},{"not_picked":["Reprogram","Darkness"],"picked":"Go for the Eyes","floor":6},{"not_picked":["Blizzard","Hello World"],"picked":"Beam Cell","floor":11},{"not_picked":["Streamline","Chill"],"picked":"Conserve Battery","floor":12},{"not_picked":["Ball Lightning","Beam Cell"],"picked":"Gash","floor":14},{"not_picked":["Buffer","All For One"],"picked":"Hyperbeam","floor":16},{"not_picked":["Compile Driver","Defragment+1"],"picked":"Rebound+1","floor":18},{"not_picked":["FTL","Barrage"],"picked":"Reprogram","floor":19},{"not_picked":["Barrage","Hologram"],"picked":"Gash","floor":21},{"not_picked":["Cold Snap","Coolheaded+1"],"picked":"Sunder","floor":24},{"not_picked":["Creative AI","Streamline"],"picked":"Sunder+1","floor":30},{"not_picked":["Chaos","Ball Lightning","Static Discharge+1"],"picked":"Singing Bowl","floor":31},{"not_picked":["Creative AI","Machine Learning"],"picked":"Reboot","floor":33},{"not_picked":["Steam Power","Storm","Doom and Gloom+1"],"picked":"Singing Bowl","floor":35},{"not_picked":["Panacea","Flash of Steel"],"picked":"Panache","floor":37},{"not_picked":["Glacier","Rebound+1"],"picked":"Sweeping Beam+1","floor":38},{"not_picked":["Steam Power","Leap"],"picked":"Sweeping Beam+1","floor":39},{"not_picked":["Compile Driver","Chill","Steam"],"picked":"Singing Bowl","floor":41},{"not_picked":["Darkness","Conserve Battery","Steam"],"picked":"Singing Bowl","floor":45},{"not_picked":["Ball Lightning+1","Conserve Battery"],"picked":"Leap+1","floor":47},{"not_picked":["Gash","Consume+1","Ball Lightning+1"],"picked":"SKIP","floor":48},{"not_picked":["Consume+1","Ball Lightning+1"],"picked":"Gash","floor":48}],"player_experience":290143,"relics_obtained":[{"floor":6,"key":"Girya"},{"floor":9,"key":"Boot"},{"floor":14,"key":"Ice Cream"},{"floor":17,"key":"Toy Ornithopter"},{"floor":17,"key":"Cables"},{"floor":17,"key":"Incense Burner"},{"floor":24,"key":"MealTicket"},{"floor":26,"key":"Strawberry"},{"floor":30,"key":"Mummified Hand"},{"floor":41,"key":"Sundial"},{"floor":48,"key":"Bottled Lightning"}],"event_choices":[{"damage_healed":0,"gold_gain":0,"player_choice":"Grow","damage_taken":0,"max_hp_gain":0,"max_hp_loss":0,"event_name":"Living Wall","floor":4,"gold_loss":0,"cards_upgraded":["Dualcast"]},{"damage_healed":18,"gold_gain":0,"player_choice":"Healed","damage_taken":0,"max_hp_gain":0,"max_hp_loss":0,"event_name":"The Cleric","floor":5,"gold_loss":35},{"damage_healed":0,"gold_gain":0,"player_choice":"Success","damage_taken":7,"relics_obtained":["Potion Belt"],"max_hp_gain":0,"max_hp_loss":0,"event_name":"Scrap Ooze","floor":8,"gold_loss":0},{"damage_healed":0,"gold_gain":0,"player_choice":"Simplicity","damage_taken":0,"max_hp_gain":0,"max_hp_loss":0,"event_name":"Back to Basics","floor":25,"gold_loss":0,"cards_upgraded":["Defend_B","Defend_B","Defend_B","Defend_B"]},{"damage_healed":0,"gold_gain":0,"player_choice":"Inject Mutagens","damage_taken":0,"relics_obtained":["MutagenicStrength"],"max_hp_gain":0,"max_hp_loss":0,"event_name":"Drug Dealer","floor":27,"gold_loss":0},{"damage_healed":0,"gold_gain":0,"player_choice":"Paid","damage_taken":0,"relics_obtained":["Red Mask"],"max_hp_gain":0,"max_hp_loss":0,"event_name":"Tomb of Lord Red Mask","floor":36,"gold_loss":192},{"damage_healed":0,"gold_gain":0,"player_choice":"Memory 1","damage_taken":0,"max_hp_gain":0,"max_hp_loss":0,"event_name":"SensoryStone","floor":37,"gold_loss":0},{"cards_removed":["Defend_B"],"damage_healed":0,"gold_gain":0,"player_choice":"Removed Skill","damage_taken":0,"max_hp_gain":0,"max_hp_loss":0,"event_name":"Falling","floor":46,"gold_loss":0}],"is_beta":false,"boss_relics":[{"not_picked":["Velvet Choker","Empty Cage"],"picked":"Calling Bell"},{"not_picked":["Busted Crown","Coffee Dripper"],"picked":"FrozenCore"}],"items_purged_floors":[],"is_endless":false,"potions_floor_spawned":[1,2,16,18,31,33,35,38,41,47,48],"killed_by":"Time Eater","ascension_level":3}}