{"host":"dr01x95rw3kaiuk5","time":1613730137,"event":{"mods":["ATMod(阿瑾Mod)","Act Like it!","Arknights","BaseMod","Colored Powertips","Conspire","Energized Spire","Friendly Minions","Gensokyo","GifTheSpireLib","Minty Spire (QoL Compilation)","MostiFishMod","Reliquary","Remilia（蕾米莉亚）","Replay The Spire","Shop Mod","Spicy Shops","StSLib","TestMod","UnlockEverythingMod","[IsaacMod]以撒尖塔","【遗物卡牌】REMEMod"],"gold_per_floor":[119,519,519,532,551,589,610,642,642,133,159,159,178,199,199,278,278,303,317,370,25,38,76,76,109,164,182,200,212,240,264,264,346,346,369,390,418,443,443,443,482,509,509,573,368,368,368,44,44,54,65,65,65,65,98,102,102],"floor_reached":56,"language":"ZHS","playtime":2938,"items_purged":[],"score":2076,"play_id":"0e5c1a43-edf3-46ea-ad1c-48c756c967f6","local_time":"20210219182217","is_ascension_mode":true,"campfire_choices":[{"data":"Blade Dance","floor":12,"key":"SMITH"},{"floor":15,"key":"DIG"},{"data":"MostiFishMod:ShivMaster","floor":24,"key":"SMITH"},{"data":"AT_Desolate","floor":32,"key":"SMITH"},{"floor":40,"key":"RECALL"},{"data":"AT_Desolate","floor":49,"key":"SMITH"},{"floor":53,"key":"REST"}],"circlet_count":0,"master_deck":["AscendersBane","conspire:GhostlyStrike","conspire:GhostlyStrike","conspire:GhostlyStrike","conspire:GhostlyStrike","conspire:GhostlyDefend","conspire:GhostlyDefend","conspire:GhostlyDefend","conspire:GhostlyDefend","conspire:GhostlyDefend","Survivor","Neutralize","AT_KingSlayer","Riddle With Holes","Prepared","Hidden Blade","Blade Dance+1","Choke","MostiFishMod:ShivMaster+1","Unload","Blade Dance","Cloak And Dagger","MostiFishMod:InvigoratingSolution","AT_Desolate+1","Hidden Blade","Backflip","AT_Desolate+1","conspire:DoublingDagger","MostiFishMod:LethalBlade","MostiFishMod:PerfectParry+1","AT_ThistleTea","AT_FocusSwordFire+1","AT_Desolate","Escape Plan"],"relics":["Ring of the Snake","testmod-TestBox","AT_ATBox","REME_ComplimentaryCards","RhineSuit","DeathBook","testmod-TheFather","SynthV:TestCard","YumHeart","conspire:DeflatedDodgeball","Darkstone Periapt","TungstenRod","testmod-AssaultLearning","reliquary:QuartzCube","energizedSpire:NeverEndingSparkler","ImprovedEquipment","testmod-Déjàvu","Art of War","AT_BladeRuinedKing","Question Card","ChiXiaoBlade","DaveBox","Civilization","reliquary:PartyBalloon","TheBean","MerchantsRug","reliquary:IridiumChain","testmod-Brilliant"],"acts_visited":["Exordium","TheCity","TheBeyond","TheEnding"],"potions_floor_usage":[13,16,20,29,33,37,37,50],"damage_taken":[{"damage":1.0,"enemies":"Jaw Worm","floor":1.0,"turns":3.0},{"damage":0.0,"enemies":"2 Louse","floor":4.0,"turns":1.0},{"damage":0.0,"enemies":"Cultist","floor":5.0,"turns":1.0},{"damage":10.0,"enemies":"3 Sentries","floor":6.0,"turns":3.0},{"damage":0.0,"enemies":"Gremlin Gang","floor":7.0,"turns":3.0},{"damage":0.0,"enemies":"Lagavulin","floor":8.0,"turns":2.0},{"damage":0.0,"enemies":"Gremlin Nob","floor":11.0,"turns":2.0},{"damage":0,"enemies":"Looter","floor":13,"turns":2},{"damage":0,"enemies":"Large Slime","floor":14,"turns":1},{"damage":0,"enemies":"Slime Boss","floor":16,"turns":2},{"damage":21,"enemies":"3 Byrds","floor":18,"turns":4},{"damage":0,"enemies":"Chosen","floor":19,"turns":2},{"damage":0,"enemies":"Centurion and Healer","floor":20,"turns":2},{"damage":0,"enemies":"Snake Plant","floor":22,"turns":1},{"damage":0,"enemies":"Slavers","floor":23,"turns":3},{"damage":5,"enemies":"Gremlin Leader","floor":25,"turns":3},{"damage":0,"enemies":"Cultist and Chosen","floor":27,"turns":2},{"damage":5,"enemies":"Centurion and Healer","floor":28,"turns":2},{"damage":0,"enemies":"Snake Plant","floor":29,"turns":1},{"damage":0,"enemies":"Book of Stabbing","floor":30,"turns":2},{"damage":0,"enemies":"3 Cultists","floor":31,"turns":3},{"damage":1,"enemies":"conspire:MysteriousRune","floor":33,"turns":2},{"damage":8,"enemies":"3 Shapes","floor":35,"turns":3},{"damage":0,"enemies":"Orb Walker","floor":36,"turns":2},{"damage":0,"enemies":"Maw","floor":37,"turns":2},{"damage":7,"enemies":"4 Shapes","floor":38,"turns":4},{"damage":0,"enemies":"Nemesis","floor":41,"turns":3},{"damage":0,"enemies":"3 Darklings","floor":42,"turns":3},{"damage":23,"enemies":"Time Eater","floor":50,"turns":3},{"damage":20,"enemies":"Replay:Hell Engine","floor":51,"turns":3},{"damage":0,"enemies":"Shield and Spear","floor":55,"turns":1},{"damage":89,"enemies":"The Heart","floor":56,"turns":2}],"seed_played":"7262761042448682009","potions_obtained":[{"floor":1.0,"key":"AttackPotion"},{"floor":7.0,"key":"SkillPotion"},{"floor":11,"key":"LifebloodPotion"},{"floor":14,"key":"Swift Potion"},{"floor":19,"key":"REME_GoldPotion"},{"floor":20,"key":"PowerPotion"},{"floor":29,"key":"testmod-SpacePotion"},{"floor":30,"key":"Adrenaline Potion"},{"floor":33,"key":"Elixir"},{"floor":37,"key":"REME_GoldPotion"},{"floor":41,"key":"Toxic Potion"},{"floor":42,"key":"Explosive Potion"}],"is_trial":false,"path_per_floor":["M","?","?","M","M","E","M","E","T","$","E","R","M","M","R","B",null,"M","M","M","$","M","E","R","E","T","M","M","M","E","M","R","B",null,"M","M","M","M","?","R","E","M","T","?","$","?","?","$","R","B","B",null,"R","$","E","B"],"character_chosen":"THE_SILENT","items_purchased":["TungstenRod","testmod-AssaultLearning","ImprovedEquipment","AT_Desolate","AT_Desolate","MerchantsRug","reliquary:IridiumChain","Escape Plan"],"campfire_rested":1,"item_purchase_floors":[10,10,21,21,45,45,48,48],"current_hp_per_floor":[64,64,64,64,64,54,72,72,72,72,72,72,72,72,72,72,72,51,72,72,72,72,72,72,67,67,67,62,62,62,62,62,61,69,61,61,61,54,54,54,55,57,57,59,59,59,59,59,59,39,24,68,83,83,88,0,0],"gold":102,"neow_bonus":"TEN_PERCENT_HP_BONUS","is_daily":false,"chose_seed":false,"campfire_upgraded":4,"win_rate":0.0,"timestamp":1613730137,"path_taken":["M","?","?","M","?","E","M","E","T","$","E","R","M","M","R","BOSS","M","?","M","$","?","E","R","E","T","M","M","?","E","M","R","BOSS","M","M","M","M","?","R","E","M","T","?","$","?","?","$","R","BOSS","BOSS","R","$","E","BOSS"],"items_purchased_type":["Relic","Relic","Relic","Card","Card","Relic","Relic","Card"],"build_version":"2020-12-22","purchased_purges":0,"victory":false,"max_hp_per_floor":[72,72,72,72,72,72,72,72,72,72,72,72,72,72,72,72,72,72,72,72,72,72,72,72,72,72,72,72,72,72,72,72,72,72,72,72,72,72,72,72,73,75,75,75,75,75,75,75,75,78,83,83,83,83,88,88,88],"card_choices":[{"not_picked":["Masterful Stab","Flying Knee"],"picked":"Riddle With Holes","floor":1.0},{"not_picked":["Quick Slash","Dagger Throw","Deflect","MostiFishMod:HiddenBlade","REME_GreenPollution"],"picked":"SKIP","floor":4.0},{"not_picked":["AT_KneejerkReflex","Footwork","Dodge and Roll","MostiFishMod:PerfectParry"],"picked":"Prepared","floor":5.0},{"not_picked":["Flechettes","MostiFishMod:PerfectParry","PiercingWail","Deadly Poison","Tools of the Trade"],"picked":"SKIP","floor":6.0},{"not_picked":["Setup","Skewer","Dodge and Roll","Outmaneuver"],"picked":"Hidden Blade","floor":7.0},{"not_picked":["Bouncing Flask","ReplayTheSpireMod:Scrap Shanks","Bomb","Dagger Throw"],"picked":"Blade Dance","floor":8.0},{"not_picked":["Bullet Time","Prepared","AT_WindFlip","MostiFishMod:PerfectParry"],"picked":"Choke","floor":11},{"not_picked":["Flying Knee","PiercingWail","Caltrops","Prepared"],"picked":"MostiFishMod:ShivMaster","floor":13},{"not_picked":["Flechettes","Crippling Poison","MostiFishMod:PoisonShield","Dodge and Roll","Sucker Punch"],"picked":"SKIP","floor":14},{"not_picked":["AT_MyraUnstableElement","REME_ShadowForm","A Thousand Cuts","REME_LeechingPoison"],"picked":"Unload","floor":16},{"not_picked":["Dagger Throw","Deadly Poison","Replay:Poison Smokescreen","Endless Agony"],"picked":"Blade Dance","floor":18},{"not_picked":["Dagger Spray","Backflip","Deflect","conspire:PoisonWeapons"],"picked":"Cloak And Dagger","floor":19},{"not_picked":["ReplayTheSpireMod:Speed Training","Predator","Bane","Backflip"],"picked":"MostiFishMod:InvigoratingSolution","floor":20},{"not_picked":["Leg Sweep","Blade Dance","MostiFishMod:PerfectParry","Deadly Poison"],"picked":"Hidden Blade","floor":22},{"not_picked":["Deflect","REME_ShadowStrike","PiercingWail","MostiFishMod:Dislodge"],"picked":"Backflip","floor":23},{"not_picked":["Replay:Poison Smokescreen","Slice","AT_WindFlip","Bane"],"picked":"MostiFishMod:FullyArmed","floor":25},{"not_picked":["Flying Knee","Masterful Stab","Replay:Poison Smokescreen","Deadly Poison","AT_WindRun"],"picked":"SKIP","floor":27},{"not_picked":["Dodge and Roll","PiercingWail","Underhanded Strike","Fluid Movement","MostiFishMod:Opportunism"],"picked":"SKIP","floor":28},{"not_picked":["conspire:PoisonWeapons","REME_GreenPollution","PiercingWail","Noxious Fumes","Bouncing Flask"],"picked":"SKIP","floor":29},{"not_picked":["MostiFishMod:PerfectParry","Prepared","Cloak And Dagger","ReplayTheSpireMod:Scrap Shanks"],"picked":"AT_Desolate","floor":30},{"not_picked":["Slice","Crippling Poison","AT_Desolate","Masterful Stab","Outmaneuver"],"picked":"conspire:DoublingDagger","floor":31},{"not_picked":["REME_GrazeFinale","Unload","AT_KingSlayer","ReplayTheSpireMod:From All Sides","Wraith Form v2"],"picked":"MostiFishMod:LethalBlade","floor":33},{"not_picked":["Hidden Blade","Backflip+1","MostiFishMod:PreservedThorns+1","Dagger Spray","Quick Slash","Cloak And Dagger+1"],"picked":"SKIP","floor":35},{"not_picked":["AT_WindFlip","Blade Dance","Sucker Punch","Poisoned Stab+1","PiercingWail"],"picked":"MostiFishMod:PerfectParry+1","floor":36},{"not_picked":["Deflect","Dodge and Roll","Blur","Acrobatics","Slice+1"],"picked":"AT_ThistleTea","floor":37},{"not_picked":["Acrobatics","Dagger Throw+1","Slice+1","Outmaneuver+1","MostiFishMod:SpreadingSpore"],"picked":"AT_FocusSwordFire+1","floor":38},{"not_picked":["Draining Mist","ReplayTheSpireMod:Necrosis","Bouncing Flask","MostiFishMod:InvigoratingSolution","Acrobatics","Hidden Blade"],"picked":"SKIP","floor":41},{"not_picked":["Slice","AT_WindFlip","Flying Knee","Dodge and Roll","AT_KneejerkReflex","Outmaneuver"],"picked":"SKIP","floor":42},{"not_picked":["PiercingWail","Bane+1","AT_FocusSwordFire","AT_WindFlip+1","Quick Slash","Acrobatics"],"picked":"SKIP","floor":55}],"player_experience":211758,"relics_obtained":[{"floor":1.0,"key":"SynthV:TestCard"},{"floor":6.0,"key":"YumHeart"},{"floor":8.0,"key":"conspire:DeflatedDodgeball"},{"floor":9.0,"key":"Darkstone Periapt"},{"floor":15,"key":"reliquary:QuartzCube"},{"floor":23,"key":"testmod-Déjàvu"},{"floor":25,"key":"Art of War"},{"floor":26,"key":"AT_BladeRuinedKing"},{"floor":30,"key":"Question Card"},{"floor":41,"key":"reliquary:PartyBalloon"},{"floor":44,"key":"TheBean"},{"floor":55,"key":"testmod-Brilliant"}],"event_choices":[{"damage_healed":0.0,"max_hp_gain":0.0,"max_hp_loss":0.0,"gold_gain":400.0,"event_name":"恩洛斯的盘子","player_choice":"Sell","floor":2.0,"relics_lost":["HushsDoor"],"gold_loss":0.0,"damage_taken":0.0},{"damage_healed":0.0,"max_hp_gain":0.0,"max_hp_loss":0.0,"gold_gain":0.0,"event_name":"conspire:LoneGhost","player_choice":"Agree","floor":3.0,"gold_loss":0.0,"damage_taken":0.0},{"damage_healed":0,"gold_gain":0,"player_choice":"Swap Relic","damage_taken":0,"relics_obtained":["DaveBox"],"max_hp_gain":0,"max_hp_loss":0,"event_name":"给自己的盒子","floor":39,"relics_lost":["DaveBox"],"gold_loss":0},{"damage_healed":0,"gold_gain":0,"player_choice":"Ignored","damage_taken":0,"max_hp_gain":0,"max_hp_loss":0,"event_name":"Tomb of Lord Red Mask","floor":46,"gold_loss":0},{"cards_removed":["conspire:GhostlyStrike"],"damage_healed":0,"gold_gain":0,"player_choice":"Removed Attack","damage_taken":0,"max_hp_gain":0,"max_hp_loss":0,"event_name":"Falling","floor":47,"gold_loss":0}],"is_beta":false,"boss_relics":[{"not_picked":["reliquary:RedPaperclip","HereWithMe"],"picked":"energizedSpire:NeverEndingSparkler"},{"not_picked":["reliquary:ThirdArm","Runic Dome"],"picked":"ChiXiaoBlade"}],"items_purged_floors":[],"is_endless":false,"potions_floor_spawned":[1,7,11,14,19,20,22,29,30,33,37,41,42],"killed_by":"The Heart","ascension_level":20}}