{"host":"8t5dkgm85abdp22d","time":1613710609,"event":{"mods":["ATMod(阿瑾Mod)","Act Like it!","BaseMod","Colored Powertips","Conspire","Gensokyo","GungeonMod","Hallownest","Minty Spire (QoL Compilation)","MostiFishMod","Remilia（蕾米莉亚）","RumiaBox-露米娅的神秘盒子","Ryuuou龙王","StSLib","The Bug Knight","UnlockEverythingMod","Waifu the Spire","WarShipGirlsR/战舰少女R mod","Yakumo Yukari mod"],"gold_per_floor":[118,118,130,41,54,90,110,150,177,17,58,67,86,96,96,180,180,195,209,229,229,270,296,296,333,356,356,396,505,505,538,538,619,619,633,658,658,683,697,727,736,746,746,1759,2791,2791,3818,3708,3708,4708,5708,5708,5708,5708,6742,7742],"floor_reached":57,"language":"ZHS","playtime":1305,"items_purged":[],"score":3841,"play_id":"04b9d434-4c18-4d10-9c6a-dab882272722","local_time":"20210219125649","is_ascension_mode":true,"campfire_choices":[{"data":"Eruption","floor":15.0,"key":"SMITH"},{"data":"LessonLearned","floor":24.0,"key":"SMITH"},{"data":"Scrawl","floor":27.0,"key":"SMITH"},{"data":"MostiFishMod:Speedup","floor":32.0,"key":"SMITH"},{"floor":46,"key":"RECALL"},{"floor":49,"key":"REST"},{"floor":53,"key":"REST"}],"circlet_count":0,"master_deck":["AscendersBane","Strike_P+1","Strike_P+1","Strike_P+1","Defend_P+1","Defend_P+1","Defend_P+1","Eruption+1","Vigilance+1","AT_ChampionStep+1","Wallop+1","BowlingBash+1","TalkToTheHand+1","FollowUp+1","Regret","LessonLearned+1","MostiFishMod:Speedup+1","InnerPeace+1","Scrawl+1","EmptyMind+1","MostiFishMod:PathToVictory+1","AT_ChampionKick+1","TalkToTheHand+1","Ryuuou:NotRegret+1"],"relics":["AT_ATBox","DaveBox","conspire:RunicOctahedron","ExusiaiGun","SynthV:TestCard","AT_DeathDance","CeramicFish","Sundial","DemoMod:WhiteGuonStone","AT_ChloranthyRing","ZombieArmy","Ice Cream","JellyFishMachine","Pear","Strawberry","Vajra","AT_BellDemon","Red Mask","DemoMod:DecoyRelic","DemoMod:RingOfEthereal","DemoMod:GlassGuonStoneRelic","Lantern","SlaversCollar","GodSword4","DemoMod:Antibody","Bag of Preparation","MagicDraw2","AT_SunfireAegis","DemoMod:OrangeGuonStone"],"acts_visited":["Exordium","TheCity","TheBeyond","TheEnding"],"potions_floor_usage":[],"damage_taken":[{"damage":0.0,"enemies":"2 Louse","floor":1.0,"turns":1.0},{"damage":0.0,"enemies":"Cultist","floor":3.0,"turns":1.0},{"damage":0.0,"enemies":"Jaw Worm","floor":5.0,"turns":1.0},{"damage":0.0,"enemies":"Gremlin Nob","floor":6.0,"turns":2.0},{"damage":0.0,"enemies":"2 Fungi Beasts","floor":7.0,"turns":2.0},{"damage":0.0,"enemies":"Lagavulin","floor":8.0,"turns":3.0},{"damage":0.0,"enemies":"conspire:MimicChest","floor":11.0,"turns":3.0},{"damage":5.0,"enemies":"Large Slime","floor":13.0,"turns":2.0},{"damage":0.0,"enemies":"Exordium Thugs","floor":14.0,"turns":1.0},{"damage":11.0,"enemies":"The Guardian","floor":16.0,"turns":4.0},{"damage":0.0,"enemies":"Spheric Guardian","floor":18.0,"turns":2.0},{"damage":0.0,"enemies":"Chosen","floor":19.0,"turns":1.0},{"damage":0.0,"enemies":"Snecko","floor":20.0,"turns":1.0},{"damage":0.0,"enemies":"3 Cultists","floor":22.0,"turns":2.0},{"damage":0.0,"enemies":"Slavers","floor":23.0,"turns":1.0},{"damage":0.0,"enemies":"Book of Stabbing","floor":25.0,"turns":1.0},{"damage":5.0,"enemies":"Masked Bandits","floor":28.0,"turns":2.0},{"damage":0.0,"enemies":"Colosseum Slavers","floor":29.0,"turns":2.0},{"damage":0.0,"enemies":"Colosseum Nobs","floor":29.0,"turns":1.0},{"damage":0.0,"enemies":"Gremlin Leader","floor":31.0,"turns":2.0},{"damage":0.0,"enemies":"Collector","floor":33.0,"turns":1.0},{"damage":0.0,"enemies":"Orb Walker","floor":35.0,"turns":1.0},{"damage":15.0,"enemies":"3 Shapes","floor":36.0,"turns":3.0},{"damage":0.0,"enemies":"Mind Bloom Boss Battle","floor":38.0,"turns":1.0},{"damage":0.0,"enemies":"Transient","floor":39.0,"turns":1.0},{"damage":0.0,"enemies":"Reptomancer","floor":40.0,"turns":1.0},{"damage":0,"enemies":"Maw","floor":42,"turns":1},{"damage":0,"enemies":"4 Shapes","floor":44,"turns":1},{"damage":0,"enemies":"Giant Head","floor":45,"turns":1},{"damage":0,"enemies":"Nemesis","floor":47,"turns":1},{"damage":0,"enemies":"Time Eater","floor":50,"turns":1},{"damage":0,"enemies":"Awakened One","floor":51,"turns":2},{"damage":0,"enemies":"Shield and Spear","floor":55,"turns":1},{"damage":7,"enemies":"The Heart","floor":56,"turns":4}],"seed_played":"8172426220110221907","potions_obtained":[{"floor":5.0,"key":"SpeedPotion"},{"floor":7.0,"key":"LiquidMemories"},{"floor":13.0,"key":"SkillPotion"},{"floor":16.0,"key":"Explosive Potion"},{"floor":20.0,"key":"Energy Potion"},{"floor":36.0,"key":"FairyPotion"}],"is_trial":false,"path_per_floor":["M","?","M","$","M","E","M","E","T","$","?","?","M","M","R","B",null,"M","M","M","?","?","E","R","E","T","R","?","?","?","E","R","B",null,"M","M","T","?","M","E","?","M","T","M","E","R","E","?","R","B","B",null,"R","$","E","B",null],"character_chosen":"WATCHER","items_purchased":["AT_ChampionStep","AT_ChloranthyRing"],"campfire_rested":2,"item_purchase_floors":[4,10],"current_hp_per_floor":[61,61,61,61,61,61,61,61,61,61,61,61,56,56,56,45,62,62,62,62,58,68,75,75,75,75,75,70,70,70,70,70,70,81,81,66,66,66,66,66,85,85,85,85,85,85,85,85,85,85,85,85,85,85,85,78],"gold":7742,"neow_bonus":"BOSS_RELIC","is_daily":false,"chose_seed":false,"campfire_upgraded":4,"win_rate":0.0,"timestamp":1613710609,"path_taken":["M","?","?","?","M","E","M","E","T","$","?","?","M","M","R","BOSS","M","M","M","?","?","E","R","E","T","R","?","?","?","E","R","BOSS","M","M","?","?","M","E","?","M","T","M","E","R","E","?","R","BOSS","BOSS","R","$","E","BOSS"],"items_purchased_type":["Card","Relic"],"build_version":"2020-12-22","purchased_purges":0,"victory":true,"max_hp_per_floor":[68,68,68,68,68,68,68,68,68,68,68,68,68,68,68,68,68,68,68,68,68,78,85,85,85,85,85,85,85,85,85,85,85,85,85,85,85,85,85,85,85,85,85,85,85,85,85,85,85,85,85,85,85,85,85,85],"card_choices":[{"not_picked":["Halt","FearNoEvil","PathToVictory"],"picked":"SKIP","floor":1.0},{"not_picked":["Consecrate","DeceiveReality","SandsOfTime","SashWhip","MostiFishMod:Clarity"],"picked":"SKIP","floor":3.0},{"not_picked":["Prostrate","AT_DivineConfetti","PathToVictory","Fasting2"],"picked":"Wallop","floor":5.0},{"not_picked":["InnerPeace","AT_DivineConfetti","SignatureMove","WindmillStrike"],"picked":"BowlingBash","floor":6.0},{"not_picked":["CutThroughFate","Pray","ThirdEye","FollowUp","SashWhip"],"picked":"SKIP","floor":7.0},{"not_picked":["EmptyBody","AT_RealFormLess","Protect","Prostrate"],"picked":"TalkToTheHand","floor":8.0},{"not_picked":["MostiFishMod:PathToVictory","JustLucky","Consecrate","CutThroughFate"],"picked":"FollowUp","floor":11.0},{"not_picked":["Sanctity","Halt","EmptyFist","ClearTheMind","AT_MachinaRedman"],"picked":"SKIP","floor":13.0},{"not_picked":["PathToVictory","EmptyFist","Indignation","Crescendo","ClearTheMind"],"picked":"SKIP","floor":14.0},{"not_picked":["Omniscience","Blasphemy","Wish","Alpha"],"picked":"LessonLearned","floor":16.0},{"not_picked":["WheelKick","Tantrum","EmptyFist","BowlingBash","Protect"],"picked":"SKIP","floor":18.0},{"not_picked":["Conclude+1","FearNoEvil+1","Crescendo","Weave","CrushJoints"],"picked":"SKIP","floor":19.0},{"not_picked":["AT_OneInchPunch","MostiFishMod:ScryFuture","Pray","SashWhip"],"picked":"MostiFishMod:Speedup","floor":20.0},{"not_picked":["Protect","AT_SoftenMuscles","FlyingSleeves","BowlingBash+1"],"picked":"InnerPeace","floor":22.0},{"not_picked":["PathToVictory","JustLucky","FollowUp","EmptyBody","BowlingBash"],"picked":"SKIP","floor":23.0},{"not_picked":["ThirdEye","Crescendo","FearNoEvil","EmptyBody"],"picked":"Scrawl","floor":25.0},{"not_picked":["Perseverance","EmptyFist","SashWhip","ForeignInfluence"],"picked":"EmptyMind+1","floor":28.0},{"not_picked":["InnerPeace","Evaluate+1","Weave","CrushJoints"],"picked":"MostiFishMod:PathToVictory+1","floor":29.0},{"not_picked":["Blasphemy","MasterReality","FollowUp","CarveReality","Consecrate"],"picked":"SKIP","floor":31.0},{"not_picked":["MasterReality","SpiritShield","Judgement","MostiFishMod:Pointsdynamics"],"picked":"AT_ChampionKick","floor":33.0},{"not_picked":["EmptyBody","SandsOfTime","WaveOfTheHand","ReachHeaven+1","MentalFortress"],"picked":"SKIP","floor":35.0},{"not_picked":["LikeWater","AT_RealFormLess","Halt","Nirvana"],"picked":"TalkToTheHand+1","floor":36.0},{"not_picked":["Collect","FlurryOfBlows+1","Halt","LikeWater","Prostrate+1"],"picked":"SKIP","floor":39.0},{"not_picked":["Swivel","LikeWater","ReachHeaven+1","Meditate+1","CrushJoints+1"],"picked":"SKIP","floor":40.0},{"not_picked":["Halt","Wireheading","FollowUp+1","FlyingSleeves","PathToVictory"],"picked":"SKIP","floor":42},{"not_picked":["CutThroughFate","CrushJoints+1","EmptyBody","SandsOfTime","AT_RealFormLess"],"picked":"SKIP","floor":44},{"not_picked":["Evaluate","ThirdEye","ForeignInfluence+1","MostiFishMod:Speedup+1","Tantrum"],"picked":"SKIP","floor":45},{"not_picked":["JustLucky","EmptyBody","AT_RealFormLess","Nirvana","Crescendo"],"picked":"SKIP","floor":47},{"not_picked":["Vengeance","WreathOfFlame","Swivel","CrushJoints","MostiFishMod:Speedup+1"],"picked":"SKIP","floor":55}],"player_experience":108569,"relics_obtained":[{"floor":1.0,"key":"SynthV:TestCard"},{"floor":6.0,"key":"CeramicFish"},{"floor":8.0,"key":"Sundial"},{"floor":9.0,"key":"DemoMod:WhiteGuonStone"},{"floor":11.0,"key":"ZombieArmy"},{"floor":22.0,"key":"Pear"},{"floor":23.0,"key":"Strawberry"},{"floor":25.0,"key":"Vajra"},{"floor":26.0,"key":"AT_BellDemon"},{"floor":28.0,"key":"Red Mask"},{"floor":29.0,"key":"DemoMod:DecoyRelic"},{"floor":29.0,"key":"DemoMod:RingOfEthereal"},{"floor":31.0,"key":"Lantern"},{"floor":37.0,"key":"GodSword4"},{"floor":38.0,"key":"DemoMod:Antibody"},{"floor":40.0,"key":"Bag of Preparation"},{"floor":45,"key":"MagicDraw2"},{"floor":47,"key":"AT_SunfireAegis"},{"floor":55,"key":"DemoMod:OrangeGuonStone"}],"event_choices":[{"cards_removed":["AT_FamilyPortrait"],"damage_healed":0.0,"max_hp_gain":0.0,"max_hp_loss":0.0,"gold_gain":0.0,"event_name":"WeMeetAgain","player_choice":"Gave Card","floor":2.0,"gold_loss":0.0,"damage_taken":0.0,"relics_obtained":["AT_DeathDance"]},{"damage_healed":0.0,"max_hp_gain":0.0,"max_hp_loss":0.0,"gold_gain":0.0,"event_name":"Big Fish","player_choice":"Box","floor":12.0,"gold_loss":0.0,"damage_taken":0.0,"relics_obtained":["Ice Cream"],"cards_obtained":["Regret"]},{"damage_healed":0.0,"max_hp_gain":0.0,"max_hp_loss":0.0,"gold_gain":0.0,"event_name":"conspire:Investor","player_choice":"Leave","floor":21.0,"gold_loss":0.0,"damage_taken":0.0},{"damage_healed":0.0,"max_hp_gain":0.0,"max_hp_loss":0.0,"gold_gain":0.0,"event_name":"Masked Bandits","player_choice":"Fought Bandits","floor":28.0,"gold_loss":0.0,"damage_taken":0.0},{"damage_healed":0.0,"max_hp_gain":0.0,"max_hp_loss":0.0,"gold_gain":0.0,"event_name":"Colosseum","player_choice":"Fight","floor":29.0,"gold_loss":0.0,"damage_taken":0.0},{"damage_healed":0.0,"max_hp_gain":0.0,"max_hp_loss":0.0,"gold_gain":0.0,"event_name":"Colosseum","player_choice":"Fought Nobs","floor":29.0,"gold_loss":0.0,"damage_taken":0.0},{"cards_removed":["Strike_P"],"damage_healed":0.0,"max_hp_gain":0.0,"max_hp_loss":0.0,"gold_gain":0.0,"event_name":"Purifier","player_choice":"Purged","floor":30.0,"gold_loss":0.0,"damage_taken":0.0},{"damage_healed":0.0,"max_hp_gain":0.0,"max_hp_loss":0.0,"gold_gain":0.0,"event_name":"MindBloom","player_choice":"Fight","floor":38.0,"gold_loss":0.0,"damage_taken":0.0},{"cards_removed":["Defend_P"],"damage_healed":0,"gold_gain":0,"player_choice":"Removal","damage_taken":0,"max_hp_gain":0,"max_hp_loss":0,"event_name":"Designer","floor":48,"gold_loss":110}],"is_beta":false,"boss_relics":[{"not_picked":["Fusion Hammer","xbg"],"picked":"JellyFishMachine"},{"not_picked":["conspire:SlowCooker","Runic Dome"],"picked":"SlaversCollar"}],"items_purged_floors":[],"is_endless":false,"potions_floor_spawned":[5,7,13,14,16,18,20,25,29,31,36,39,40,44,45],"ascension_level":20}}