{"host":"vxgtqwpb0ulpisda","time":1613777979,"event":{"mods":["BaseMod","Bestiary","Minty Spire (QoL Compilation)","Relic Stats","ojb\u0027s Info Mod"],"gold_per_floor":[116,130,130,150,170,204,223,251,277,277,306,320,5,15,15,115,115,125,125,142,159,177,204,204,229,252,278,278,188,205,217,217,320,320,340,33,51,64,112,146,12,12,92,118,68,98,98,125,125,125,125,125,17,48,48,48],"floor_reached":55,"language":"ENG","playtime":4772,"items_purged":["Strike_B","Strike_B"],"score":1103,"play_id":"7c1c0b5d-a5be-4888-82cb-e0ec41322501","local_time":"20210219183939","is_ascension_mode":true,"campfire_choices":[{"floor":10,"key":"REST"},{"floor":15,"key":"REST"},{"data":"Dualcast","floor":24,"key":"SMITH"},{"data":"RitualDagger","floor":32,"key":"SMITH"},{"floor":47,"key":"RECALL"},{"data":"Echo Form","floor":49,"key":"SMITH"},{"data":"Buffer","floor":52,"key":"SMITH"}],"circlet_count":0,"master_deck":["Strike_B","Strike_B","Defend_B","Defend_B+1","Defend_B","Defend_B","Zap","Dualcast+1","Steam Power+1","Cold Snap","Lockon","Beam Cell","White Noise+1","Capacitor","Tempest+1","Electrodynamics","Consume+1","Glacier+1","Static Discharge","Go for the Eyes","Echo Form+1","Chaos+1","RitualDagger+1","Genetic Algorithm+1","Turbo+1","Cold Snap+1","Compile Driver+1","Barrage+1","Compile Driver","Heatsinks","Machine Learning","Thunder Strike","Self Repair+1","Consume+1","Turbo+1","Steam Power+1","Aggregate+1","Defragment","Compile Driver","Secret Technique+1","Force Field+1","Buffer+1","Chaos+1","Beam Cell+1"],"relics":["FrozenCore","Toxic Egg 2","Symbiotic Virus","Happy Flower","War Paint","Runic Capacitor","Art of War","Smiling Mask","Nunchaku","Cables","White Beast Statue","Runic Pyramid","Sling","Blood Vial","Calipers","Question Card","Pantograph","Meat on the Bone","Mercury Hourglass","Letter Opener"],"acts_visited":["Exordium","TheCity","TheBeyond","TheEnding"],"potions_floor_usage":[6,6,16,20,23,23,27,33,33,39,46,48,54,55,55],"damage_taken":[{"damage":8,"enemies":"2 Louse","floor":1,"turns":3},{"damage":0,"enemies":"Small Slimes","floor":2,"turns":2},{"damage":0,"enemies":"Cultist","floor":4,"turns":3},{"damage":4,"enemies":"Looter","floor":5,"turns":3},{"damage":17,"enemies":"Lagavulin","floor":6,"turns":6},{"damage":8,"enemies":"Blue Slaver","floor":7,"turns":4},{"damage":13,"enemies":"3 Sentries","floor":8,"turns":4},{"damage":21,"enemies":"Lagavulin","floor":11,"turns":5},{"damage":0,"enemies":"Large Slime","floor":12,"turns":3},{"damage":0,"enemies":"3 Louse","floor":14,"turns":1},{"damage":20,"enemies":"Hexaghost","floor":16,"turns":5},{"damage":5,"enemies":"Chosen","floor":18,"turns":3},{"damage":11,"enemies":"2 Thieves","floor":20,"turns":3},{"damage":6,"enemies":"Centurion and Healer","floor":21,"turns":5},{"damage":0,"enemies":"Snecko","floor":22,"turns":6},{"damage":5,"enemies":"Slavers","floor":23,"turns":5},{"damage":10,"enemies":"Book of Stabbing","floor":25,"turns":5},{"damage":18,"enemies":"Gremlin Leader","floor":27,"turns":7},{"damage":21,"enemies":"Shelled Parasite and Fungi","floor":30,"turns":3},{"damage":0,"enemies":"Sentry and Sphere","floor":31,"turns":3},{"damage":46,"enemies":"Automaton","floor":33,"turns":7},{"damage":5,"enemies":"3 Shapes","floor":35,"turns":4},{"damage":19,"enemies":"3 Darklings","floor":37,"turns":3},{"damage":5,"enemies":"Jaw Worm Horde","floor":38,"turns":5},{"damage":20,"enemies":"2 Orb Walkers","floor":39,"turns":5},{"damage":11,"enemies":"Giant Head","floor":40,"turns":7},{"damage":4,"enemies":"Reptomancer","floor":44,"turns":7},{"damage":39,"enemies":"Nemesis","floor":46,"turns":5},{"damage":0,"enemies":"Giant Head","floor":48,"turns":7},{"damage":3,"enemies":"Donu and Deca","floor":50,"turns":8},{"damage":14,"enemies":"Shield and Spear","floor":54,"turns":5},{"damage":101,"enemies":"The Heart","floor":55,"turns":3}],"seed_played":"6727153735371548286","potions_obtained":[{"floor":1,"key":"Swift Potion"},{"floor":5,"key":"Dexterity Potion"},{"floor":8,"key":"Regen Potion"},{"floor":12,"key":"FocusPotion"},{"floor":16,"key":"FocusPotion"},{"floor":20,"key":"Block Potion"},{"floor":23,"key":"FairyPotion"},{"floor":25,"key":"PotionOfCapacity"},{"floor":30,"key":"Block Potion"},{"floor":31,"key":"PowerPotion"},{"floor":33,"key":"FearPotion"},{"floor":35,"key":"FearPotion"},{"floor":37,"key":"PotionOfCapacity"},{"floor":38,"key":"Fire Potion"},{"floor":39,"key":"FearPotion"},{"floor":40,"key":"GamblersBrew"},{"floor":46,"key":"Block Potion"},{"floor":48,"key":"PotionOfCapacity"},{"floor":54,"key":"EssenceOfDarkness"}],"is_trial":false,"path_per_floor":["M","M","?","M","M","E","M","E","T","R","E","M","$","M","R","B",null,"M","?","M","M","M","E","R","E","T","E","?","?","M","M","R","B",null,"M","$","M","M","?","E","$","?","T","E","$","E","R","E","R","B",null,"R","$","E","B"],"character_chosen":"DEFECT","items_purchased":["Runic Capacitor","Glacier+1","Static Discharge","PowerPotion","Sling","Blood Vial","Defragment","Compile Driver","Regen Potion","Chaos+1"],"campfire_rested":2,"item_purchase_floors":[13,13,13,13,36,36,41,41,53,53],"current_hp_per_floor":[74,74,79,79,75,58,50,37,37,63,42,42,42,42,68,48,77,72,66,55,49,49,58,58,48,48,30,59,59,38,38,38,26,72,67,67,60,67,49,50,50,50,50,68,68,41,41,65,65,87,87,87,87,87,0,0],"gold":48,"neow_bonus":"TEN_PERCENT_HP_BONUS","is_daily":false,"chose_seed":false,"campfire_upgraded":4,"win_rate":0.0,"timestamp":1613777979,"path_taken":["M","M","?","M","M","E","M","E","T","R","E","M","$","M","R","BOSS","M","?","M","M","M","E","R","E","T","E","?","?","M","M","R","BOSS","M","$","?","M","?","E","$","?","T","E","?","E","R","E","R","BOSS","R","$","E","BOSS"],"items_purchased_type":["Relic","Card","Card","Potion","Relic","Relic","Card","Card","Potion","Card"],"build_version":"2020-12-22","purchased_purges":2,"victory":false,"max_hp_per_floor":[82,82,87,87,87,87,87,87,87,87,87,87,87,87,87,87,87,87,87,87,87,87,87,87,87,87,87,87,87,87,87,87,87,87,87,87,87,87,87,87,87,87,87,87,87,87,87,87,87,87,87,87,87,87,87,87],"relic_stats":{"Happy Flower":[40],"counters":[32,145],"Letter Opener":[5],"War Paint":["Steam Power","Defend_B"],"Smiling Mask":75,"Question Card":5,"FrozenCore":[46],"Cables":[76,22,18,36,0],"Mercury Hourglass":[54],"Blood Vial":14,"Nunchaku":[12],"Pantograph":22,"Art of War":[20],"obtain_stats":[{"Calipers":39,"Happy Flower":9,"Runic Capacitor":13,"Letter Opener":54,"War Paint":11,"Smiling Mask":25,"Sling":36,"Question Card":40,"White Beast Statue":29,"FrozenCore":17,"Cables":27,"Mercury Hourglass":48,"Blood Vial":36,"Nunchaku":26,"Pantograph":44,"Art of War":23,"Toxic Egg 2":6,"Cracked Core":0,"Symbiotic Virus":8,"Runic Pyramid":34,"Meat on the Bone":46},{"Calipers":25,"Happy Flower":7,"Runic Capacitor":9,"Letter Opener":31,"War Paint":8,"Smiling Mask":17,"Sling":22,"Question Card":26,"White Beast Statue":18,"FrozenCore":11,"Cables":18,"Mercury Hourglass":29,"Blood Vial":22,"Nunchaku":17,"Pantograph":27,"Art of War":16,"Toxic Egg 2":5,"Cracked Core":0,"Symbiotic Virus":7,"Runic Pyramid":21,"Meat on the Bone":28},{"Calipers":103,"Happy Flower":25,"Runic Capacitor":33,"Letter Opener":142,"War Paint":30,"Smiling Mask":66,"Sling":90,"Question Card":110,"White Beast Statue":73,"FrozenCore":39,"Cables":73,"Mercury Hourglass":129,"Blood Vial":90,"Nunchaku":66,"Pantograph":117,"Art of War":61,"Toxic Egg 2":17,"Cracked Core":0,"Symbiotic Virus":25,"Runic Pyramid":86,"Meat on the Bone":122}],"Meat on the Bone":12},"card_choices":[{"not_picked":["Gash","Hologram"],"picked":"Steam Power","floor":1},{"not_picked":["Rebound","Ball Lightning"],"picked":"Cold Snap","floor":2},{"not_picked":["Storm","Scrape"],"picked":"Lockon","floor":4},{"not_picked":["Hologram","Consume"],"picked":"Beam Cell","floor":5},{"not_picked":["Turbo+1","Beam Cell"],"picked":"White Noise+1","floor":6},{"not_picked":["Sweeping Beam","Lockon"],"picked":"Capacitor","floor":7},{"not_picked":["Go for the Eyes","Recycle+1"],"picked":"Tempest+1","floor":8},{"not_picked":["Reprogram+1","Hello World"],"picked":"Electrodynamics","floor":11},{"not_picked":["Hologram+1","Force Field+1"],"picked":"Consume+1","floor":12},{"not_picked":["Ball Lightning","Rebound"],"picked":"Go for the Eyes","floor":14},{"not_picked":["Fission+1","Machine Learning"],"picked":"Echo Form","floor":16},{"not_picked":["Force Field+1","Go for the Eyes"],"picked":"Chaos+1","floor":18},{"not_picked":["Gash+1","Hologram+1"],"picked":"Genetic Algorithm+1","floor":20},{"not_picked":["Steam+1","Hologram+1"],"picked":"Turbo+1","floor":21},{"not_picked":["Ball Lightning","Force Field+1"],"picked":"Cold Snap+1","floor":22},{"not_picked":["Cold Snap+1","Redo+1"],"picked":"Compile Driver+1","floor":23},{"not_picked":["Static Discharge","Rip and Tear+1"],"picked":"Barrage+1","floor":25},{"not_picked":["Sweeping Beam","Steam+1"],"picked":"Compile Driver","floor":27},{"not_picked":["Reprogram+1","Leap+1"],"picked":"Heatsinks","floor":30},{"not_picked":["BootSequence+1","Stack+1"],"picked":"Machine Learning","floor":31},{"not_picked":["Creative AI","Amplify+1"],"picked":"Thunder Strike","floor":33},{"not_picked":["Steam+1","Sweeping Beam"],"picked":"Self Repair+1","floor":35},{"not_picked":["Turbo+1","Scrape"],"picked":"Consume+1","floor":37},{"not_picked":["Gash","Redo+1"],"picked":"Turbo+1","floor":38},{"not_picked":["Gash+1","Rip and Tear+1"],"picked":"Steam Power+1","floor":39},{"not_picked":["Undo+1","Rainbow+1"],"picked":"Aggregate+1","floor":40},{"not_picked":["Trip+1","Flash of Steel","Bandage Up+1"],"picked":"Secret Technique+1","floor":42},{"not_picked":["Reprogram+1","Fusion+1","Hologram+1"],"picked":"Force Field+1","floor":44},{"not_picked":["Recycle+1","Barrage","Streamline+1","Rebound"],"picked":"SKIP","floor":46},{"not_picked":["Consume+1","Leap+1","Genetic Algorithm+1"],"picked":"Buffer","floor":48},{"not_picked":["Steam+1","Conserve Battery+1","Rebound+1"],"picked":"Beam Cell+1","floor":54}],"player_experience":414507,"relics_obtained":[{"floor":6,"key":"Toxic Egg 2"},{"floor":8,"key":"Symbiotic Virus"},{"floor":9,"key":"Happy Flower"},{"floor":11,"key":"War Paint"},{"floor":23,"key":"Art of War"},{"floor":25,"key":"Smiling Mask"},{"floor":26,"key":"Nunchaku"},{"floor":27,"key":"Cables"},{"floor":39,"key":"Calipers"},{"floor":40,"key":"Question Card"},{"floor":44,"key":"Pantograph"},{"floor":46,"key":"Meat on the Bone"},{"floor":48,"key":"Mercury Hourglass"},{"floor":54,"key":"Letter Opener"}],"event_choices":[{"damage_healed":0,"gold_gain":0,"player_choice":"Donut","damage_taken":0,"max_hp_gain":5,"max_hp_loss":0,"event_name":"Big Fish","floor":3,"gold_loss":0},{"damage_healed":0,"gold_gain":0,"player_choice":"Joined the Cult","damage_taken":6,"max_hp_gain":0,"max_hp_loss":0,"event_name":"Nest","floor":19,"gold_loss":0,"cards_obtained":["RitualDagger"]},{"damage_healed":29,"gold_gain":0,"player_choice":"Heal","damage_taken":0,"max_hp_gain":0,"max_hp_loss":0,"event_name":"The Library","floor":28,"gold_loss":0},{"damage_healed":0,"gold_gain":0,"player_choice":"Paid Gold","damage_taken":0,"relics_obtained":["White Beast Statue"],"max_hp_gain":0,"max_hp_loss":0,"event_name":"WeMeetAgain","floor":29,"gold_loss":90},{"damage_healed":0,"gold_gain":0,"player_choice":"Fight","damage_taken":0,"max_hp_gain":0,"max_hp_loss":0,"event_name":"Mysterious Sphere","floor":39,"gold_loss":0},{"damage_healed":0,"gold_gain":0,"player_choice":"Memory 1","damage_taken":0,"max_hp_gain":0,"max_hp_loss":0,"event_name":"SensoryStone","floor":42,"gold_loss":0}],"is_beta":false,"boss_relics":[{"not_picked":["Empty Cage","Philosopher\u0027s Stone"],"picked":"FrozenCore"},{"not_picked":["Sozu","Fusion Hammer"],"picked":"Runic Pyramid"}],"items_purged_floors":[41,45],"is_endless":false,"potions_floor_spawned":[1,5,8,12,14,16,18,20,23,25,30,31,33,35,37,38,39,40,44,46,48,54],"killed_by":"The Heart","ascension_level":5}}