{"host":"tlbbab9afexrkdtf","time":1613766007,"event":{"mods":["2.2 Compatiblity","AchievementEnabler","BaseMod","Colored Map","Colored Powertips","Minty Spire (QoL Compilation)","Rare Cards Sparkle","StSLib"],"gold_per_floor":[112,112,112,187,203,203,242,266,293,293,293,318,356,67,67,67,67],"floor_reached":16,"language":"ENG","playtime":353,"items_purged":[],"score":151,"play_id":"22c9bcc8-f595-429a-bfb6-d5ecfb07f30a","local_time":"20210219152007","is_ascension_mode":true,"campfire_choices":[{"floor":6,"key":"REST"},{"floor":11,"key":"REST"},{"floor":15,"key":"REST"}],"circlet_count":0,"master_deck":["Strike_B","Strike_B","Strike_B","Strike_B","Defend_B","Defend_B","Defend_B","Defend_B","Zap","Dualcast","Defragment+1","Injury","White Noise","Auto Shields","Turbo","Chaos","Conserve Battery"],"relics":["Cracked Core","Golden Idol","Ancient Tea Set","Blue Candle","Du-Vu Doll"],"acts_visited":["Exordium"],"potions_floor_usage":[7,13],"damage_taken":[{"damage":9,"enemies":"Jaw Worm","floor":1,"turns":3},{"damage":4,"enemies":"2 Louse","floor":5,"turns":2},{"damage":35,"enemies":"3 Sentries","floor":7,"turns":6},{"damage":1,"enemies":"Cultist","floor":8,"turns":3},{"damage":9,"enemies":"2 Fungi Beasts","floor":12,"turns":3},{"damage":40,"enemies":"Lagavulin","floor":13,"turns":6},{"damage":59,"enemies":"Hexaghost","floor":16,"turns":9}],"seed_played":"8542767024894476280","potions_obtained":[{"floor":1,"key":"Explosive Potion"},{"floor":7,"key":"Weak Potion"}],"is_trial":false,"path_per_floor":["M","?","?","?","M","R","E","M","T","?","R","M","E","$","R","B"],"character_chosen":"DEFECT","items_purchased":["Du-Vu Doll"],"campfire_rested":3,"item_purchase_floors":[14],"current_hp_per_floor":[66,66,66,55,51,75,40,39,39,66,82,73,33,33,57,0,0],"gold":67,"neow_bonus":"TEN_PERCENT_HP_BONUS","is_daily":false,"chose_seed":false,"campfire_upgraded":0,"win_rate":0.0,"timestamp":1613766007,"path_taken":["M","?","?","?","?","R","E","?","T","?","R","M","E","$","R","BOSS"],"items_purchased_type":["Relic"],"build_version":"2020-12-22","purchased_purges":0,"victory":false,"max_hp_per_floor":[82,82,82,82,82,82,82,82,82,82,82,82,82,82,82,82,82],"card_choices":[{"not_picked":["Reprogram","Steam Power"],"picked":"Defragment","floor":1},{"not_picked":["Turbo","Conserve Battery"],"picked":"White Noise","floor":5},{"not_picked":["Redo","Leap"],"picked":"Auto Shields","floor":7},{"not_picked":["Beam Cell","Barrage"],"picked":"Turbo","floor":8},{"not_picked":["Rip and Tear","Go for the Eyes"],"picked":"Chaos","floor":12},{"not_picked":["Rebound","BootSequence"],"picked":"Conserve Battery","floor":13}],"player_experience":332228,"relics_obtained":[{"floor":7,"key":"Ancient Tea Set"},{"floor":13,"key":"Blue Candle"}],"event_choices":[{"damage_healed":0,"gold_gain":0,"player_choice":"Grow","damage_taken":0,"max_hp_gain":0,"max_hp_loss":0,"event_name":"Living Wall","floor":2,"gold_loss":0,"cards_upgraded":["Defragment"]},{"damage_healed":0,"gold_gain":0,"player_choice":"Take Wound","damage_taken":0,"relics_obtained":["Golden Idol"],"max_hp_gain":0,"max_hp_loss":0,"event_name":"Golden Idol","floor":3,"gold_loss":0,"cards_obtained":["Injury"]},{"damage_healed":0,"gold_gain":75,"player_choice":"Gather Gold","damage_taken":11,"max_hp_gain":0,"max_hp_loss":0,"event_name":"World of Goop","floor":4,"gold_loss":0},{"damage_healed":27,"gold_gain":0,"player_choice":"Banana","damage_taken":0,"max_hp_gain":0,"max_hp_loss":0,"event_name":"Big Fish","floor":10,"gold_loss":0}],"is_beta":false,"boss_relics":[],"items_purged_floors":[],"is_endless":false,"potions_floor_spawned":[1,7],"killed_by":"Hexaghost","ascension_level":8}}