{"host":"40vzoph344nwp0en","time":1613709805,"event":{"mods":["2.2 Compatiblity","Act Like it!","BaseMod","Bestiary","Challenge The Spire","Colored Map","DeckTracker","Downfall","Friendly Minions","GifTheSpireLib","Hermit","Highlight Path","Infinite Spire","Marisa????????","Minty Spire (QoL Compilation)","Permanent Neow","Relic Sorter","Replay The Spire","Ruina","Shapeshifter Mod","Spicy Shops","StSLib","SuperFastMode","The Bug Knight","The Cursed","The Disciple","The Elementalist","The Marked","The Servant 0.9.4","??????REMEMod"],"gold_per_floor":[100109,100129,98861,98861,98767,98767,97620,97620,97670,97670,97690,97740,97238,97253,97253,97356,97356,97375,97375,97392,97392,97404,97729,97729,97729,97729,97729,97729,97805,96554,96568,96568,96665,96665,96665],"floor_reached":34,"language":"ENG","playtime":1902,"items_purged":["Parasite","Strike_B","Languid","Doubt"],"score":426,"play_id":"fd7d1de3-e36c-4595-8ecc-3aab867c8be0","local_time":"20210218214325","is_ascension_mode":false,"campfire_choices":[{"data":"Hologram","floor":6,"key":"SMITH"},{"data":"Redo","floor":8,"key":"SMITH"},{"data":"Go for the Eyes","floor":10,"key":"SMITH"},{"data":"infinitespire:Execution","floor":15,"key":"SMITH"},{"data":"FIFO Queue","floor":24,"key":"SMITH"},{"data":"Fusion","floor":32,"key":"SMITH"}],"circlet_count":0,"master_deck":["Strike_B","Strike_B+1","Strike_B+1","Defend_B","Defend_B","Defend_B","Defend_B","Zap","Redo+1","BootSequence","Go for the Eyes+1","Stack","Rebound","ReplayRNGCard","Hologram+1","Bash","Finesse","Streamline","infinitespire:Execution+1","Coolheaded","Creative AI","Redo+1","FIFO Queue+1","Ball Lightning+1","Mirror Shield","Fusion+1","Injury","ruina:FadedMemories"],"relics":["REME_ComplimentaryCards","infinitespire:Broken Mirror","Peace Pipe","Pocketwatch","Cauldron","Torii","Orrery","Iron Core","Regal Pillow","Geode","Simple Rune","infinitespire:Freezer","Vajra","Frozen Eye","Orichalcum","infinitespire:Cupcake","ReplayTheSpireMod:Ring of Collecting","ReplayTheSpireMod:Ring of Addiction","Potion Belt","Chameleon Ring","Pet Ghost","Old Coin","Replay:Bottled Flurry","MealTicket","infinitespire:Satchel","Guardian:PocketSentry","PreservedInsect","Replay:Multitool","Magic Flower","ClockworkSouvenir","Coffee Dripper"],"acts_visited":["Exordium","Exordium","TheBeyond"],"potions_floor_usage":[20,22,23,23,29,29,29,33,33],"damage_taken":[{"damage":2,"enemies":"2 Louse","floor":1,"turns":2},{"damage":1,"enemies":"Cultist","floor":2,"turns":3},{"damage":0,"enemies":"Small Slimes","floor":11,"turns":3},{"damage":1,"enemies":"Blue Slaver","floor":14,"turns":3},{"damage":1,"enemies":"The Guardian","floor":16,"turns":8},{"damage":7,"enemies":"ruina:Nosferatu","floor":18,"turns":4},{"damage":10,"enemies":"ruina:2_Scarecrows","floor":20,"turns":3},{"damage":2,"enemies":"ruina:Nos_and_Bat","floor":22,"turns":5},{"damage":0,"enemies":"ruina:ServantOfWrath","floor":23,"turns":4},{"damage":2,"enemies":"Nightmare","floor":29,"turns":8},{"damage":1,"enemies":"ruina:Woodsman","floor":31,"turns":4},{"damage":25,"enemies":"ruina:Ozma","floor":33,"turns":6}],"seed_played":"8833929806012612674","potions_obtained":[{"floor":0,"key":"EssenceOfDarkness"},{"floor":0,"key":"LiquidBronze"},{"floor":0,"key":"EssenceOfSteel"},{"floor":3,"key":"Regen Potion"},{"floor":3,"key":"EntropicBrew"},{"floor":3,"key":"Regen Potion"},{"floor":3,"key":"Ancient Potion"},{"floor":3,"key":"Ancient Potion"},{"floor":3,"key":"Energy Potion"},{"floor":3,"key":"EntropicBrew"},{"floor":19,"key":"Explosive Potion"},{"floor":19,"key":"Weak Potion"},{"floor":20,"key":"Block Potion"},{"floor":29,"key":"FairyPotion"},{"floor":33,"key":"REME_GoldPotion"}],"is_trial":false,"path_per_floor":["M","M","$","?","?","R","$","R","T","R","M","?","?","M","R","B",null,"M","?","M","?","M","E","R","?","T","AVR","?","NM","$","M","R","B",null],"character_chosen":"DEFECT","items_purchased":["infinitespire:Broken Mirror","Peace Pipe","Pocketwatch","Cauldron","Torii","Orrery","Geode","Simple Rune","infinitespire:Freezer","Vajra","Frozen Eye","Finesse","infinitespire:BlackPotion","DistilledChaos","Guardian:PocketSentry","PreservedInsect","Replay:Multitool","Magic Flower","ClockworkSouvenir","ruina:FadedMemories"],"campfire_rested":0,"item_purchase_floors":[3,3,3,3,3,3,7,7,7,7,7,7,7,7,30,30,30,30,30,30],"current_hp_per_floor":[73,72,72,72,72,72,72,72,72,72,72,72,72,71,71,70,72,65,65,55,55,53,53,53,53,53,53,53,51,66,65,65,40,68,68],"gold":96665,"neow_bonus":"THREE_SMALL_POTIONS","is_daily":false,"chose_seed":false,"campfire_upgraded":6,"win_rate":0.0,"timestamp":1613709805,"path_taken":["M","M","$","?","?","R","$","R","T","R","?","?","?","M","R","BOSS","M","?","M","?","M","E","R","?","T","AVR","?","NM","$","M","R","BOSS"],"items_purchased_type":["Relic","Relic","Relic","Relic","Relic","Relic","Relic","Relic","Relic","Relic","Relic","Card","Potion","Potion","Relic","Relic","Relic","Relic","Relic","Card"],"build_version":"2020-12-22","purchased_purges":4,"victory":false,"max_hp_per_floor":[75,75,72,72,72,72,72,72,72,72,72,72,72,72,72,72,72,72,72,72,72,72,72,72,72,72,70,70,70,70,70,70,68,68,68],"card_choices":[{"not_picked":["Turbo","Leap"],"picked":"Redo","floor":1},{"not_picked":["Ball Lightning","Turbo"],"picked":"BootSequence","floor":2},{"not_picked":["BasicCrystalCard","Capacitor"],"picked":"Go for the Eyes","floor":3},{"not_picked":["Ball Lightning","ReplayTheSpireMod:Reroute Power"],"picked":"Stack","floor":3},{"not_picked":["BasicCrystalCard","Redo"],"picked":"Rebound","floor":3},{"not_picked":["Hologram","ReplayGash"],"picked":"ReplayRNGCard","floor":3},{"not_picked":["Cold Snap","Heatsinks"],"picked":"Hologram","floor":3},{"not_picked":["WeaponsOverheat","Melter"],"picked":"Streamline","floor":11},{"not_picked":["infinitespire:Punishment","ReplayTheSpireMod:??????????????????????"],"picked":"infinitespire:Execution","floor":13},{"not_picked":["Recycle","Leap"],"picked":"Coolheaded","floor":14},{"not_picked":["Meteor Strike","Multi-Cast"],"picked":"Creative AI","floor":16},{"not_picked":["Panic Button","Rebound+1"],"picked":"Redo+1","floor":18},{"not_picked":["Barrage","Compile Driver"],"picked":"FIFO Queue","floor":20},{"not_picked":["Hello World+1","Steam"],"picked":"Ball Lightning+1","floor":22},{"not_picked":["Hologram","Reboot"],"picked":"Mirror Shield","floor":23},{"not_picked":["Gash","Beam Cell"],"picked":"Fusion","floor":29},{"not_picked":["Rebound","ReplayTheSpireMod:Calculation Training","Redo"],"picked":"SKIP","floor":31}],"player_experience":650311,"relics_obtained":[{"floor":9,"key":"Orichalcum"},{"floor":19,"key":"ReplayTheSpireMod:Ring of Collecting"},{"floor":19,"key":"ReplayTheSpireMod:Ring of Addiction"},{"floor":19,"key":"Potion Belt"},{"floor":19,"key":"Chameleon Ring"},{"floor":23,"key":"Old Coin"},{"floor":26,"key":"Replay:Bottled Flurry"},{"floor":29,"key":"infinitespire:Satchel"}],"event_choices":[{"damage_healed":0,"gold_gain":0,"player_choice":"Paid Gold","damage_taken":0,"relics_obtained":["Regal Pillow"],"max_hp_gain":0,"max_hp_loss":0,"event_name":"WeMeetAgain","floor":5,"gold_loss":94}],"is_beta":false,"boss_relics":[{"not_picked":["Runic Pyramid","Painkiller Herb"],"picked":"infinitespire:Cupcake"},{"not_picked":["ReplayTheSpireMod:DimensionalGlitch","Astrolabe"],"picked":"Coffee Dripper"}],"items_purged_floors":[3,7,27,30],"is_endless":true,"potions_floor_spawned":[1,2,16,20,29,31,33],"ascension_level":0}}