{"host":"c5j8t0wyh2hvx9ju","time":1613736215,"event":{"mods":["Act Like it!","Astrologer","BaseMod","BetterRewards","Gensokyo","Minty Spire (QoL Compilation)","Prisma Mod","StSLib"],"gold_per_floor":[111,286,286,286,311,339,356,376,376,376,394,394,62,62,62,62,62],"floor_reached":16,"language":"JPN","playtime":642,"items_purged":["Strike_R"],"score":200,"play_id":"17a6ec63-88a4-4c8d-8f61-ea3e5b319f35","local_time":"20210219210335","is_ascension_mode":true,"campfire_choices":[{"floor":10.0,"key":"REST"},{"floor":12.0,"key":"REST"},{"data":"Body Slam","floor":15.0,"key":"SMITH"}],"circlet_count":0,"master_deck":["Strike_R","Strike_R","Strike_R","Strike_R","Defend_R","Defend_R","Defend_R","Defend_R+1","Bash","True Grit","Burning Pact","Clothesline","Flame Barrier","Body Slam","Shockwave+1","Headbutt","Corruption","Metallicize","Body Slam+1","Sentinel+1"],"relics":["Burning Blood","Orrery","Omamori","Vajra","Toxic Egg 2","Ornamental Fan"],"acts_visited":["Exordium"],"potions_floor_usage":[],"damage_taken":[{"damage":5.0,"enemies":"Cultist","floor":1.0,"turns":5.0},{"damage":63.0,"enemies":"Lagavulin","floor":6.0,"turns":10.0},{"damage":4.0,"enemies":"Jaw Worm","floor":7.0,"turns":3.0},{"damage":11.0,"enemies":"Small Slimes","floor":8.0,"turns":4.0},{"damage":9.0,"enemies":"Looter","floor":11.0,"turns":4.0},{"damage":41,"enemies":"The Guardian","floor":16,"turns":13}],"seed_played":"-4726199700948227991","potions_obtained":[{"floor":6.0,"key":"LiquidMemories"}],"is_trial":false,"path_per_floor":["M","?","?","?","T","E","M","M","T","R","M","R","$","?","R","B"],"character_chosen":"IRONCLAD","items_purchased":["Orrery","Shockwave","Ornamental Fan"],"campfire_rested":2,"item_purchase_floors":[0,0,13],"current_hp_per_floor":[66,66,71,71,71,14,16,11,11,36,33,58,58,41,41,0,0],"gold":62,"neow_bonus":"","is_daily":false,"chose_seed":false,"campfire_upgraded":1,"win_rate":0.0,"timestamp":1613736215,"path_taken":["M","?","?","?","?","E","?","?","T","R","M","R","?","?","R","BOSS"],"items_purchased_type":["Relic","Card","Relic"],"build_version":"2020-12-22","purchased_purges":1,"victory":false,"max_hp_per_floor":[80,80,85,85,85,85,85,85,85,85,85,85,85,85,85,85,85],"card_choices":[{"not_picked":["Iron Wave","Uppercut"],"picked":"True Grit","floor":0.0},{"not_picked":["Warcry","Corruption"],"picked":"Burning Pact","floor":0.0},{"not_picked":["Sword Boomerang","Warcry"],"picked":"Clothesline","floor":0.0},{"not_picked":["Warcry","Pummel"],"picked":"Flame Barrier","floor":0.0},{"not_picked":["Blood for Blood","Clothesline"],"picked":"Body Slam","floor":0.0},{"not_picked":["Heavy Blade","Anger"],"picked":"Headbutt","floor":1.0},{"not_picked":["Evolve","Dual Wield"],"picked":"Corruption","floor":6.0},{"not_picked":["Bloodletting","Reckless Charge"],"picked":"Metallicize","floor":7.0},{"not_picked":["Entrench","Sever Soul"],"picked":"Body Slam","floor":8.0},{"not_picked":["Warcry+1","True Grit+1"],"picked":"Sentinel+1","floor":11.0}],"player_experience":899592,"relics_obtained":[{"floor":5.0,"key":"Omamori"},{"floor":6.0,"key":"Vajra"},{"floor":9.0,"key":"Toxic Egg 2"}],"event_choices":[{"damage_healed":0.0,"max_hp_gain":0.0,"max_hp_loss":0.0,"gold_gain":175.0,"event_name":"Liars Game","player_choice":"AGREE","floor":2.0,"gold_loss":0.0,"damage_taken":0.0,"cards_obtained":["Doubt"]},{"damage_healed":0.0,"max_hp_gain":5.0,"max_hp_loss":0.0,"gold_gain":0.0,"event_name":"Big Fish","player_choice":"Donut","floor":3.0,"gold_loss":0.0,"damage_taken":0.0},{"cards_removed":["Doubt"],"damage_healed":0.0,"max_hp_gain":0.0,"max_hp_loss":0.0,"gold_gain":0.0,"event_name":"Living Wall","player_choice":"Forget","floor":4.0,"gold_loss":0.0,"damage_taken":0.0},{"damage_healed":0.0,"max_hp_gain":0.0,"max_hp_loss":0.0,"gold_gain":0.0,"event_name":"Shining Light","player_choice":"Entered Light","floor":14.0,"gold_loss":0.0,"damage_taken":17.0,"cards_upgraded":["Defend_R","Shockwave"]}],"is_beta":false,"boss_relics":[],"items_purged_floors":[13],"is_endless":false,"potions_floor_spawned":[6],"killed_by":"The Guardian","ascension_level":7}}