{"host":"snn1c4qsf0fj7fzf","time":1613731273,"event":{"mods":["AchievementEnabler","Act Like it!","Aspiration","Astrologer","BaseMod","Colored Powertips","Downfall","Gensokyo","Hermit","Hubris","Infinite Spire","Lobotomy","Minty Spire (QoL Compilation)","Random Character Button","Rare Cards Sparkle","Reimu??????","Reliquary","Replay The Spire","Shop Mod","Spire Arcade","StSLib","The Administrix","The Cursed","The Gatherer","The Hierophant","The Poker Player","The Runesmith"],"gold_per_floor":[349,367,384,384,143,143,225,30,30,30,48,75,75,93,110,209,209,209,223,238,257,269,269,269,269],"floor_reached":23,"language":"ENG","playtime":1324,"items_purged":["Slimebound:Strike_Slimebound","downfall:Malfunctioning"],"score":268,"play_id":"db3f3bb6-d3f3-4bff-8c36-1368005f8266","local_time":"20210219184113","is_ascension_mode":false,"campfire_choices":[{"data":"Slimebound:Strike_Slimebound","floor":1,"key":"PURGE"},{"data":"Slimebound:FlameTackle","floor":10,"key":"SMITH"},{"data":"Slimebound:CorrosiveSpit","floor":13,"key":"SMITH"},{"floor":18,"key":"RECALL"}],"circlet_count":0,"master_deck":["Slimebound:Strike_Slimebound","Slimebound:Tackle","Slimebound:Defend_Slimebound+1","Slimebound:Defend_Slimebound+1","Slimebound:Defend_Slimebound","Slimebound:Split+1","Slimebound:CorrosiveSpit+1","Slimebound:Recollect","Slimebound:LeechEnergy","Slimebound:SamplingLick","Slimebound:FlameTackle+1","Slimebound:HungryTackle","Slimebound:SamplingLick","Slimebound:FinishingTackle","Slimebound:FlameTackle+1","Slimebound:MegaLick","Slimebound:GrowthPunch+1"],"relics":["Slimebound:AbsorbEndCombat","Slimebound:SelfDamagePreventRelic","infinitespire:FocusingShard","Oddly Smooth Stone","reliquary:RoseTintedGlasses"],"acts_visited":["Exordium","TheCity"],"potions_floor_usage":[12,15,21,23],"damage_taken":[{"damage":3,"enemies":"2 Louse","floor":2,"turns":3},{"damage":0,"enemies":"Jaw Worm","floor":3,"turns":5},{"damage":2,"enemies":"downfall:FleeingMerchant","floor":5,"turns":4},{"damage":2,"enemies":"downfall:FleeingMerchant","floor":8,"turns":4},{"damage":0,"enemies":"Small Slimes","floor":11,"turns":2},{"damage":0,"enemies":"Lagavulin","floor":12,"turns":5},{"damage":0,"enemies":"2 Fungi Beasts","floor":14,"turns":3},{"damage":0,"enemies":"Large Slime","floor":15,"turns":3},{"damage":0,"enemies":"SI_SHIV_ARCHETYPE","floor":16,"turns":5},{"damage":12,"enemies":"Shell Parasite","floor":19,"turns":3},{"damage":0,"enemies":"Spheric Guardian","floor":20,"turns":3},{"damage":19,"enemies":"Centurion and Healer","floor":21,"turns":5},{"damage":0,"enemies":"3 Cultists","floor":22,"turns":4},{"damage":68,"enemies":"Gremlin Leader","floor":23,"turns":6}],"seed_played":"7737272489579769157","potions_obtained":[{"floor":3,"key":"GamblersBrew"},{"floor":11,"key":"Block Potion"},{"floor":12,"key":"CultistPotion"},{"floor":14,"key":"Fire Potion"},{"floor":15,"key":"Milkshake"},{"floor":21,"key":"EssenceOfSteel"}],"is_trial":false,"path_per_floor":["R","M","M","?","$","?","T","$","?","R","M","E","R","M","M","B",null,"R","M","M","M","M","E"],"character_chosen":"SLIMEBOUND","items_purchased":["Slimebound:SelfDamagePreventRelic","Slimebound:HungryTackle"],"campfire_rested":0,"item_purchase_floors":[5,8],"current_hp_per_floor":[59,58,59,59,59,59,59,59,59,59,59,59,59,59,59,59,59,59,55,57,46,54,0,0,0],"gold":269,"neow_bonus":"TWO_FIFTY_GOLD","is_daily":false,"chose_seed":false,"campfire_upgraded":2,"win_rate":0.0,"timestamp":1613731273,"path_taken":["R","M","M","?","$","?","T","$","?","R","M","E","R","?","M","BOSS","R","M","M","M","M","E"],"items_purchased_type":["Relic","Card"],"build_version":"2020-12-22","purchased_purges":2,"victory":false,"max_hp_per_floor":[59,59,59,59,59,59,59,59,59,59,59,59,59,59,59,59,59,59,59,59,59,59,59,59,59],"card_choices":[{"not_picked":["Slimebound:LeechingTouch","Slimebound:ItLooksTasty"],"picked":"Slimebound:Recollect","floor":2},{"not_picked":["Slimebound:FlameTackle","Slimebound:LivingWall"],"picked":"Slimebound:LeechEnergy","floor":3},{"not_picked":["Slimebound:PressTheAttack","Slimebound:LivingWall"],"picked":"Slimebound:SamplingLick","floor":5},{"not_picked":["Slimebound:LeechEnergy","Slimebound:ProtectTheBoss"],"picked":"Slimebound:FlameTackle","floor":8},{"not_picked":["Slimebound:PrepareCrush","Slimebound:TongueLash","Slimebound:Schlurp"],"picked":"SKIP","floor":11},{"not_picked":["Slimebound:FinishingTackle","Slimebound:Schlurp"],"picked":"Slimebound:SamplingLick","floor":12},{"not_picked":["Slimebound:Schlurp","Slimebound:Equalize"],"picked":"Slimebound:FinishingTackle","floor":14},{"not_picked":["Slimebound:LeechingTouch","Slimebound:SplitBruiser","Slimebound:LivingWall"],"picked":"SKIP","floor":15},{"not_picked":["Slimebound:ServeAndProtect","Slimebound:FinishingTackle","Slimebound:ForwardTackle"],"picked":"SKIP","floor":19},{"not_picked":["Slimebound:LeadByExample","Slimebound:Grow"],"picked":"Slimebound:FlameTackle+1","floor":20},{"not_picked":["Slimebound:SamplingLick","Slimebound:ItLooksTasty"],"picked":"Slimebound:MegaLick","floor":21},{"not_picked":["Slimebound:Schlurp","Slimebound:LevelUp"],"picked":"Slimebound:GrowthPunch+1","floor":22}],"player_experience":436188,"relics_obtained":[{"floor":7,"key":"infinitespire:FocusingShard"},{"floor":12,"key":"reliquary:RoseTintedGlasses"}],"event_choices":[],"is_beta":false,"boss_relics":[{"not_picked":["reliquary:Craggleroot","Replay:Drink Me","Replay:Wanted Poster"]}],"items_purged_floors":[5,8],"is_endless":false,"potions_floor_spawned":[3,11,12,14,15,21],"killed_by":"Gremlin Leader","ascension_level":0}}