{"host":"8is2j71l4wmybkoi","time":1613713270,"event":{"mods":["AchievementEnabler","BaseMod","Colored Map","DeckTracker","Minty Spire (QoL Compilation)","Rare Cards Sparkle","Relic Stats","StSLib","SuperFastMode"],"gold_per_floor":[112,126,126,126,126,151,162,162,241,166,201,51,67,81,81,159,159,174,222,222,222,236,236,262,262,330,330,109,128,156,180,180,257,257,272,222,240,15,15,15,46,58,58,84,84,95,95,124,124,124,124,124,74,109,109],"floor_reached":56,"language":"KOR","playtime":2394,"items_purged":["Defend_G","Strike_G","Strike_G","Defend_G","Strike_G"],"score":2213,"play_id":"a471a4f9-778f-4285-9fcb-ca775936f37e","local_time":"20210219144110","is_ascension_mode":true,"campfire_choices":[{"data":"Neutralize","floor":8.0,"key":"SMITH"},{"data":"Noxious Fumes","floor":15.0,"key":"SMITH"},{"data":"Tactician","floor":23.0,"key":"SMITH"},{"data":"Venomology","floor":25.0,"key":"SMITH"},{"data":"Acrobatics","floor":27.0,"key":"SMITH"},{"data":"Reflex","floor":32.0,"key":"SMITH"},{"data":"Prepared","floor":40.0,"key":"SMITH"},{"data":"Adrenaline","floor":45.0,"key":"SMITH"},{"floor":47.0,"key":"RECALL"},{"data":"Backflip","floor":49.0,"key":"SMITH"},{"data":"Survivor","floor":52.0,"key":"SMITH"}],"circlet_count":0,"master_deck":["AscendersBane","Defend_G","Defend_G","Survivor+1","Neutralize+1","Backstab","Masterful Stab","Choke","Well Laid Plans","Noxious Fumes+1","Grand Finale","Crippling Poison","Acrobatics+1","Blur","Endless Agony","Tactician+1","Venomology+1","Reflex+1","Acrobatics","Adrenaline+1","Prepared+1","Backflip+1","Escape Plan"],"relics":["Ring of the Snake","NeowsBlessing","Art of War","Strawberry","Eternal Feather","Centennial Puzzle","Runic Pyramid","Snake Skull","Ice Cream","Smiling Mask","Toy Ornithopter","HoveringKite","Medical Kit","Mango","Bird Faced Urn","Juzu Bracelet"],"acts_visited":["Exordium","TheCity","TheBeyond","TheEnding"],"potions_floor_usage":[54,55,55,55],"damage_taken":[{"damage":0.0,"enemies":"Small Slimes","floor":1.0,"turns":1.0},{"damage":0.0,"enemies":"2 Louse","floor":2.0,"turns":1.0},{"damage":0.0,"enemies":"Lagavulin","floor":6.0,"turns":1.0},{"damage":0.0,"enemies":"Jaw Worm","floor":7.0,"turns":2.0},{"damage":18.0,"enemies":"Gremlin Nob","floor":11.0,"turns":4.0},{"damage":9.0,"enemies":"3 Louse","floor":13.0,"turns":5.0},{"damage":3.0,"enemies":"Looter","floor":14.0,"turns":2.0},{"damage":16.0,"enemies":"Hexaghost","floor":16.0,"turns":9.0},{"damage":13.0,"enemies":"Spheric Guardian","floor":18.0,"turns":5.0},{"damage":8.0,"enemies":"Shell Parasite","floor":22.0,"turns":4.0},{"damage":11.0,"enemies":"Gremlin Leader","floor":24.0,"turns":7.0},{"damage":3.0,"enemies":"3 Cultists","floor":29.0,"turns":4.0},{"damage":16.0,"enemies":"Slavers","floor":30.0,"turns":2.0},{"damage":16.0,"enemies":"Automaton","floor":33.0,"turns":6.0},{"damage":0.0,"enemies":"Orb Walker","floor":35.0,"turns":2.0},{"damage":0.0,"enemies":"3 Shapes","floor":37.0,"turns":4.0},{"damage":0.0,"enemies":"Reptomancer","floor":41.0,"turns":2.0},{"damage":0.0,"enemies":"Jaw Worm Horde","floor":42.0,"turns":1.0},{"damage":4.0,"enemies":"Giant Head","floor":44.0,"turns":2.0},{"damage":7.0,"enemies":"Maw","floor":46.0,"turns":3.0},{"damage":0.0,"enemies":"Reptomancer","floor":48.0,"turns":2.0},{"damage":12.0,"enemies":"Donu and Deca","floor":50.0,"turns":3.0},{"damage":18,"enemies":"Shield and Spear","floor":54,"turns":2},{"damage":35,"enemies":"The Heart","floor":55,"turns":6}],"seed_played":"3496230319210170369","potions_obtained":[{"floor":1.0,"key":"BlessingOfTheForge"},{"floor":2.0,"key":"CultistPotion"},{"floor":14.0,"key":"BlessingOfTheForge"},{"floor":24.0,"key":"Energy Potion"},{"floor":33.0,"key":"AttackPotion"},{"floor":37.0,"key":"DuplicationPotion"},{"floor":42.0,"key":"Ancient Potion"}],"is_trial":false,"path_per_floor":["M","M","?","?","?","E","M","R","T","?","E","$","M","M","R","B",null,"M","T","?","?","M","R","E","R","T","R","$","M","E","T","R","B",null,"M","$","M","$","?","R","E","M","T","E","R","M","R","E","R","B",null,"R","$","E","B",null],"character_chosen":"THE_SILENT","items_purchased":["Grand Finale","Reflex","Acrobatics","Medical Kit","Prepared"],"campfire_rested":0,"item_purchase_floors":[12,28,28,38,38],"current_hp_per_floor":[59,59,33,55,55,62,62,62,62,62,44,44,35,32,41,25,61,48,48,48,48,40,52,41,53,53,65,65,62,46,46,58,47,67,72,72,73,73,73,73,87,87,87,83,87,80,87,87,87,78,85,87,87,78,63],"gold":109,"neow_bonus":"THREE_ENEMY_KILL","is_daily":false,"chose_seed":false,"campfire_upgraded":10,"win_rate":0.0,"timestamp":1613713270,"path_taken":["M","M","?","?","?","E","M","R","T","?","E","?","M","M","R","BOSS","M","?","?","?","M","R","E","R","T","R","$","M","E","?","R","BOSS","M","$","M","$","?","R","E","?","T","E","R","M","R","E","R","BOSS","R","$","E","BOSS"],"items_purchased_type":["Card","Card","Card","Relic","Card"],"build_version":"2020-12-22","purchased_purges":5,"victory":true,"max_hp_per_floor":[66,66,66,66,66,73,73,73,73,73,73,73,73,73,73,73,73,73,73,73,73,73,73,73,73,73,73,73,73,73,73,73,73,73,73,73,73,73,73,73,87,87,87,87,87,87,87,87,87,87,87,87,87,87,87],"relic_stats":{"counters":[24,80],"HoveringKite":[22],"Eternal Feather":70,"Snake Skull":[61],"Juzu Bracelet":0,"Smiling Mask":300,"Medical Kit":[9],"Centennial Puzzle":[41],"Bird Faced Urn":[11],"Art of War":[4],"obtain_stats":[{"Ice Cream":24,"NeowsBlessing":0,"HoveringKite":34,"Eternal Feather":9,"Mango":41,"Snake Skull":19,"Juzu Bracelet":48,"Smiling Mask":30,"Medical Kit":38,"Centennial Puzzle":11,"Strawberry":6,"Bird Faced Urn":43,"Art of War":3,"Toy Ornithopter":31,"Ring of the Snake":0,"Runic Pyramid":17},{"Ice Cream":11,"NeowsBlessing":0,"HoveringKite":14,"Eternal Feather":4,"Mango":17,"Snake Skull":9,"Juzu Bracelet":21,"Smiling Mask":13,"Medical Kit":16,"Centennial Puzzle":5,"Strawberry":3,"Bird Faced Urn":18,"Art of War":2,"Toy Ornithopter":13,"Ring of the Snake":0,"Runic Pyramid":8},{"Ice Cream":41,"NeowsBlessing":0,"HoveringKite":53,"Eternal Feather":5,"Mango":61,"Snake Skull":30,"Juzu Bracelet":69,"Smiling Mask":47,"Medical Kit":59,"Centennial Puzzle":9,"Strawberry":3,"Bird Faced Urn":62,"Art of War":2,"Toy Ornithopter":47,"Ring of the Snake":0,"Runic Pyramid":25}],"Toy Ornithopter":32,"Ring of the Snake":[50]},"card_choices":[{"not_picked":["Flechettes","Cloak And Dagger"],"picked":"Backstab","floor":1.0},{"not_picked":["Backflip","Dodge and Roll"],"picked":"Masterful Stab","floor":2.0},{"not_picked":["Dodge and Roll","Flechettes"],"picked":"Choke","floor":6.0},{"not_picked":["Cloak And Dagger","Quick Slash"],"picked":"Well Laid Plans","floor":7.0},{"not_picked":["Underhanded Strike","PiercingWail"],"picked":"Noxious Fumes","floor":11.0},{"not_picked":["Outmaneuver","Deadly Poison"],"picked":"Crippling Poison","floor":13.0},{"not_picked":["Distraction","Quick Slash"],"picked":"Acrobatics","floor":14.0},{"not_picked":["Footwork","Dodge and Roll"],"picked":"Blur","floor":18.0},{"not_picked":["Dodge and Roll","Underhanded Strike","Predator"],"picked":"SKIP","floor":22.0},{"not_picked":["Leg Sweep","Cloak And Dagger"],"picked":"Venomology","floor":24.0},{"not_picked":["Crippling Poison","Bane","Poisoned Stab"],"picked":"SKIP","floor":29.0},{"not_picked":["Acrobatics","Dagger Throw","Outmaneuver"],"picked":"SKIP","floor":30.0},{"not_picked":["Glass Knife","Night Terror"],"picked":"Adrenaline","floor":33.0},{"not_picked":["Bane","Acrobatics","Dagger Spray"],"picked":"SKIP","floor":35.0},{"not_picked":["Leg Sweep","Outmaneuver+1","Bouncing Flask"],"picked":"SKIP","floor":37.0},{"not_picked":["Caltrops","Deflect","Poisoned Stab+1"],"picked":"SKIP","floor":41.0},{"not_picked":["Acrobatics","Underhanded Strike"],"picked":"Backflip","floor":42.0},{"not_picked":["Dagger Spray","Eviscerate","Cloak And Dagger"],"picked":"SKIP","floor":44.0},{"not_picked":["Dagger Spray","Eviscerate","Cloak And Dagger"],"picked":"SKIP","floor":44.0},{"not_picked":["Sucker Punch","Heel Hook+1","Acrobatics"],"picked":"SKIP","floor":46.0},{"not_picked":["Dagger Spray","Quick Slash","Night Terror"],"picked":"SKIP","floor":48.0},{"not_picked":["Dodge and Roll","Deflect"],"picked":"Escape Plan","floor":54}],"player_experience":1235491,"relics_obtained":[{"floor":6.0,"key":"Strawberry"},{"floor":9.0,"key":"Eternal Feather"},{"floor":11.0,"key":"Centennial Puzzle"},{"floor":19.0,"key":"Snake Skull"},{"floor":24.0,"key":"Ice Cream"},{"floor":30.0,"key":"Smiling Mask"},{"floor":31.0,"key":"Toy Ornithopter"},{"floor":41.0,"key":"Mango"},{"floor":43.0,"key":"Bird Faced Urn"},{"floor":48.0,"key":"Juzu Bracelet"}],"event_choices":[{"damage_healed":0.0,"max_hp_gain":0.0,"max_hp_loss":0.0,"gold_gain":0.0,"event_name":"Scrap Ooze","player_choice":"Success","floor":3.0,"gold_loss":0.0,"damage_taken":26.0,"relics_obtained":["Art of War"]},{"damage_healed":22.0,"max_hp_gain":0.0,"max_hp_loss":0.0,"gold_gain":0.0,"event_name":"Big Fish","player_choice":"Banana","floor":4.0,"gold_loss":0.0,"damage_taken":0.0},{"damage_healed":0.0,"max_hp_gain":0.0,"max_hp_loss":0.0,"gold_gain":0.0,"event_name":"Liars Game","player_choice":"Ignored","floor":5.0,"gold_loss":0.0,"damage_taken":0.0},{"cards_removed":["Strike_G"],"damage_healed":0.0,"max_hp_gain":0.0,"max_hp_loss":0.0,"gold_gain":0.0,"event_name":"The Cleric","player_choice":"Card Removal","floor":10.0,"gold_loss":75.0,"damage_taken":0.0},{"damage_healed":0.0,"max_hp_gain":0.0,"max_hp_loss":0.0,"gold_gain":0.0,"event_name":"The Mausoleum","player_choice":"Ignored","floor":20.0,"gold_loss":0.0,"damage_taken":0.0},{"damage_healed":0.0,"max_hp_gain":0.0,"max_hp_loss":0.0,"gold_gain":0.0,"cards_transformed":["Strike_G","Defend_G"],"event_name":"Drug Dealer","player_choice":"Became Test Subject","floor":21.0,"gold_loss":0.0,"damage_taken":0.0,"cards_obtained":["Endless Agony","Tactician"]},{"damage_healed":0.0,"max_hp_gain":0.0,"max_hp_loss":0.0,"gold_gain":0.0,"event_name":"SecretPortal","player_choice":"Ignored","floor":39.0,"gold_loss":0.0,"damage_taken":0.0}],"is_beta":false,"boss_relics":[{"not_picked":["Sozu","Calling Bell"],"picked":"Runic Pyramid"},{"not_picked":["Tiny House","Ring of the Serpent"],"picked":"HoveringKite"}],"items_purged_floors":[12,28,36,38,53],"is_endless":false,"potions_floor_spawned":[1,2,14,24,33,37,41,42],"ascension_level":15}}