{"host":"uhnh33uh34qot0et","time":1613763317,"event":{"mods":["Act Like it!","BaseMod","Colored Map","Downfall","GungeonMod","Hallownest","Hermit","Marisa????????","Minty Spire (QoL Compilation)","Relic Stats","Replay The Spire","Ruina","StSLib","The Bug Knight","The Construct","The Cursed","The Hierophant","The Marked","The Servant 0.9.4"],"gold_per_floor":[99,99,99,109,119,119,569,161,161,161,190,190,208,208,220,220,236,216,216],"floor_reached":18,"language":"ENG","playtime":848,"items_purged":["Languid"],"score":110,"play_id":"3655041e-07a2-4a40-b2ab-71fb57aa48c2","local_time":"20210219203517","is_ascension_mode":false,"campfire_choices":[{"data":"hierophant:Punish","floor":3,"key":"SMITH"},{"data":"hierophant:Glossolalia","floor":10,"key":"SMITH"},{"data":"hierophant:DivineIntervention","floor":12,"key":"SMITH"}],"circlet_count":0,"master_deck":["hierophant:Strike_Hierophant","hierophant:Strike_Hierophant","hierophant:Strike_Hierophant","hierophant:Strike_Hierophant","hierophant:Punish+1","hierophant:Defend_Hierophant","hierophant:Defend_Hierophant","hierophant:Defend_Hierophant","hierophant:Defend_Hierophant","hierophant:ChurchCoffers","hierophant:Chorus","hierophant:Sermon","downfall:Icky","downfall:Icky","downfall:Icky","hierophant:DisplayOfPower","hierophant:Glossolalia+1","hierophant:DivineIntervention+1","hierophant:FieryStrike","hierophant:FlamingChariot","Sickly","hierophant:Mercenaries"],"relics":["ReplayTheSpireMod:DimensionalGlitch","Ring of Peace","Ring of Hypnosis","Garlic","Nunchaku","Blue Candle"],"acts_visited":["Exordium"],"potions_floor_usage":[17,18,18],"damage_taken":[{"damage":0,"enemies":"Cultist","floor":4,"turns":2},{"damage":0,"enemies":"Small Slimes","floor":5,"turns":1},{"damage":0,"enemies":"downfall:FleeingMerchant","floor":8,"turns":4},{"damage":13,"enemies":"3 Sentries","floor":11,"turns":8},{"damage":4,"enemies":"Jaw Worm","floor":13,"turns":5},{"damage":0,"enemies":"Large Slime","floor":15,"turns":6},{"damage":0,"enemies":"Exordium Wildlife","floor":17,"turns":3},{"damage":50,"enemies":"IC_STATUS_ARCHETYPE","floor":18,"turns":10}],"seed_played":"1346402441465915473","potions_obtained":[{"floor":4,"key":"AttackPotion"},{"floor":11,"key":"SkillPotion"},{"floor":17,"key":"EssenceOfSteel"}],"is_trial":false,"path_per_floor":["R_BF","PTL","R","M","M","?","?","$","T","R","E","R","M","?","M","?","M","B"],"character_chosen":"HIEROPHANT","items_purchased":["hierophant:Glossolalia","Garlic"],"campfire_rested":0,"item_purchase_floors":[8,8],"current_hp_per_floor":[75,75,75,75,75,75,75,75,75,75,62,62,58,50,50,50,50,0,0],"gold":216,"neow_bonus":"BOSS_RELIC","is_daily":false,"chose_seed":false,"campfire_upgraded":3,"win_rate":0.0,"timestamp":1613763317,"path_taken":["R_BF","PTL","R","M","M","?","?","?","T","R","E","R","M","?","M","?","M","BOSS"],"items_purchased_type":["Card","Relic"],"build_version":"2020-12-22","purchased_purges":1,"victory":false,"max_hp_per_floor":[75,75,75,75,75,75,75,75,75,75,75,75,75,75,75,75,75,75,75],"relic_stats":{"Nunchaku":[3],"counters":[8,39],"Blue Candle":[4],"obtain_stats":[{"Nunchaku":11,"Ring of Hypnosis":6,"hierophant:PropheticMaskRelic":0,"Ring of Peace":6,"Blue Candle":14,"DemoMod:GlassGuonStoneRelic":4,"Garlic":8,"ReplayTheSpireMod:DimensionalGlitch":0},{"Nunchaku":4,"Ring of Hypnosis":2,"hierophant:PropheticMaskRelic":0,"Ring of Peace":2,"Blue Candle":5,"DemoMod:GlassGuonStoneRelic":1,"Garlic":3,"ReplayTheSpireMod:DimensionalGlitch":0},{"Nunchaku":15,"Ring of Hypnosis":3,"hierophant:PropheticMaskRelic":0,"Ring of Peace":3,"Blue Candle":20,"DemoMod:GlassGuonStoneRelic":2,"Garlic":7,"ReplayTheSpireMod:DimensionalGlitch":0}]},"card_choices":[{"not_picked":["hierophant:RepressedViolence","hierophant:Zeal"],"picked":"hierophant:Chorus","floor":4},{"not_picked":["hierophant:Exaltation","hierophant:HammerAndAnvil"],"picked":"hierophant:Sermon","floor":5},{"not_picked":["hierophant:Shelter","hierophant:Embezzle"],"picked":"hierophant:DisplayOfPower","floor":8},{"not_picked":["hierophant:Sermon","hierophant:Repentance"],"picked":"hierophant:DivineIntervention","floor":11},{"not_picked":["hierophant:Smite","hierophant:Shelter"],"picked":"hierophant:FieryStrike","floor":13},{"not_picked":["hierophant:Smite","hierophant:OrnateBuckler"],"picked":"hierophant:FlamingChariot","floor":15},{"not_picked":["hierophant:ConvertCurrency","hierophant:Embezzle"],"picked":"hierophant:Mercenaries","floor":17}],"player_experience":47588,"relics_obtained":[{"floor":6,"key":"Ring of Peace"},{"floor":6,"key":"Ring of Hypnosis"},{"floor":11,"key":"Nunchaku"}],"event_choices":[],"is_beta":false,"boss_relics":[],"items_purged_floors":[8],"is_endless":false,"potions_floor_spawned":[4,11,17],"killed_by":"IC_STATUS_ARCHETYPE","ascension_level":0}}