{"host":"pj7egx7jkoz18hom","time":1613695332,"event":{"mods":["AchievementEnabler","BaseMod","Keyboard Shortcuts","Minty Spire (QoL Compilation)","SuperFastMode"],"gold_per_floor":[112,129,146,161,181,181,210,67,67,79,97,97,111,131,131,232,232,251,251,32,52,67,67,86,86,86,86,0,10,10,24,24,24,24],"floor_reached":33,"language":"KOR","playtime":1260,"items_purged":["Strike_B"],"score":283,"play_id":"629c0166-abc5-4cf7-b01f-5f814e528767","local_time":"20210219094212","is_ascension_mode":true,"campfire_choices":[{"data":"Dualcast","floor":6,"key":"SMITH"},{"floor":12,"key":"REST"},{"data":"Hologram","floor":15,"key":"SMITH"},{"floor":23,"key":"REST"},{"floor":25,"key":"REST"},{"floor":32,"key":"REST"}],"circlet_count":0,"master_deck":["Strike_B","Strike_B","Defend_B","Defend_B","Defend_B","Defend_B","Zap","Dualcast+1","Gash","Go for the Eyes","Sweeping Beam","Beam Cell","Stack","Scrape","Gash","Rebound","Hologram+1","All For One","CurseOfTheBell","Conserve Battery+1","Beam Cell","Enlightenment","Go for the Eyes"],"relics":["Cracked Core","Art of War","DollysMirror","Kunai","Calling Bell","PreservedInsect","InkBottle","CaptainsWheel","TheAbacus","Bottled Lightning","MutagenicStrength"],"acts_visited":["Exordium","TheCity"],"potions_floor_usage":[7,7,16,21,22,27,33],"damage_taken":[{"damage":1.0,"enemies":"Cultist","floor":1.0,"turns":3.0},{"damage":4.0,"enemies":"Jaw Worm","floor":2.0,"turns":3.0},{"damage":0.0,"enemies":"Small Slimes","floor":3.0,"turns":3.0},{"damage":9,"enemies":"Looter","floor":4,"turns":3},{"damage":13,"enemies":"Exordium Thugs","floor":5,"turns":4},{"damage":13,"enemies":"Lagavulin","floor":7,"turns":6},{"damage":3,"enemies":"Blue Slaver","floor":10,"turns":2},{"damage":0,"enemies":"Exordium Wildlife","floor":11,"turns":2},{"damage":2,"enemies":"Looter","floor":13,"turns":2},{"damage":5,"enemies":"Red Slaver","floor":14,"turns":2},{"damage":21,"enemies":"The Guardian","floor":16,"turns":9},{"damage":18,"enemies":"3 Byrds","floor":18,"turns":5},{"damage":14,"enemies":"2 Thieves","floor":21,"turns":4},{"damage":7,"enemies":"3 Cultists","floor":22,"turns":4},{"damage":22,"enemies":"Centurion and Healer","floor":24,"turns":6},{"damage":0,"enemies":"Snake Plant","floor":27,"turns":1},{"damage":38,"enemies":"Shelled Parasite and Fungi","floor":29,"turns":6},{"damage":4,"enemies":"3 Cultists","floor":31,"turns":4},{"damage":57,"enemies":"Automaton","floor":33,"turns":6}],"seed_played":"2788469668272954279","potions_obtained":[{"floor":2.0,"key":"Dexterity Potion"},{"floor":4,"key":"Weak Potion"},{"floor":5,"key":"SteroidPotion"},{"floor":11,"key":"SmokeBomb"},{"floor":14,"key":"ColorlessPotion"},{"floor":21,"key":"EssenceOfSteel"},{"floor":29,"key":"Fire Potion"}],"is_trial":false,"path_per_floor":["M","M","M","M","M","R","E","$","T","M","M","R","M","M","R","B",null,"M","?","$","M","M","R","M","R","T","M","$","M","?","M","R","B"],"character_chosen":"DEFECT","items_purchased":["DollysMirror","TheAbacus","Enlightenment"],"campfire_rested":4,"item_purchase_floors":[8,20,28],"current_hp_per_floor":[74,70,70,61,48,48,35,35,35,32,32,54,52,47,47,26,75,57,57,57,43,36,58,36,58,58,58,58,20,20,16,38,0,0],"gold":24,"neow_bonus":"THREE_CARDS","is_daily":false,"chose_seed":false,"campfire_upgraded":2,"win_rate":0.0,"timestamp":1613695332,"path_taken":["M","M","M","M","M","R","E","$","T","?","M","R","M","M","R","BOSS","M","?","$","?","M","R","M","R","T","M","?","M","?","M","R","BOSS"],"items_purchased_type":["Relic","Relic","Card"],"build_version":"2020-12-22","purchased_purges":1,"victory":false,"max_hp_per_floor":[75,75,75,75,75,75,75,75,75,75,75,75,75,75,75,75,75,75,75,75,75,75,75,75,75,75,75,75,75,75,75,75,75,75],"card_choices":[{"not_picked":["Cold Snap","Redo"],"picked":"Gash","floor":0.0},{"not_picked":["Conserve Battery","Auto Shields"],"picked":"Go for the Eyes","floor":1.0},{"not_picked":["Aggregate","Darkness"],"picked":"Sweeping Beam","floor":2.0},{"not_picked":["Ball Lightning","Redo","Tempest"],"picked":"SKIP","floor":3},{"not_picked":["Thunder Strike","Melter"],"picked":"Beam Cell","floor":4},{"not_picked":["Compile Driver","Barrage"],"picked":"Stack","floor":5},{"not_picked":["Defragment","Hello World"],"picked":"Scrape","floor":7},{"not_picked":["Barrage","Stack"],"picked":"Rebound","floor":10},{"not_picked":["Compile Driver","Blizzard"],"picked":"Hologram","floor":11},{"not_picked":["Recycle","Redo","Turbo"],"picked":"SKIP","floor":13},{"not_picked":["Ball Lightning","Chill","Compile Driver"],"picked":"SKIP","floor":14},{"not_picked":["Creative AI","Amplify"],"picked":"All For One","floor":16},{"not_picked":["Reinforced Body+1","Streamline","Capacitor"],"picked":"SKIP","floor":18},{"not_picked":["Skim","Compile Driver"],"picked":"Conserve Battery+1","floor":21},{"not_picked":["Cold Snap+1","Recycle"],"picked":"Beam Cell","floor":22},{"not_picked":["Steam","Rip and Tear","Stack+1"],"picked":"SKIP","floor":24},{"not_picked":["Hologram","Skim","Sweeping Beam"],"picked":"SKIP","floor":29},{"not_picked":["Sunder+1","Genetic Algorithm"],"picked":"Go for the Eyes","floor":31}],"player_experience":155315,"relics_obtained":[{"floor":7,"key":"Art of War"},{"floor":9,"key":"Kunai"},{"floor":17,"key":"PreservedInsect"},{"floor":17,"key":"InkBottle"},{"floor":17,"key":"CaptainsWheel"},{"floor":26,"key":"Bottled Lightning"}],"event_choices":[{"cards_removed":["Strike_B"],"damage_healed":0,"gold_gain":0,"player_choice":"Purged","damage_taken":0,"max_hp_gain":0,"max_hp_loss":0,"event_name":"Purifier","floor":19,"gold_loss":0},{"damage_healed":0,"gold_gain":0,"player_choice":"Inject Mutagens","damage_taken":0,"relics_obtained":["MutagenicStrength"],"max_hp_gain":0,"max_hp_loss":0,"event_name":"Drug Dealer","floor":30,"gold_loss":0}],"is_beta":false,"boss_relics":[{"not_picked":["SlaversCollar","Nuclear Battery"],"picked":"Calling Bell"}],"items_purged_floors":[20],"is_endless":false,"potions_floor_spawned":[2,4,5,11,14,21,27,29],"killed_by":"Automaton","ascension_level":2}}