{"host":"Sean","time":1613748692,"event":{"mods":["BaseMod","Block Reminder","Colored Map","Colored Powertips","Highlight Path","Minty Spire (QoL Compilation)","Permanent Neow","Relic Stats"],"gold_per_floor":[119,136,311,586,606,606,619,83,83,108,125,157,157,176,176,279,279,299,2,2,12,12,41,59,59,59,73,103,122,132,163,163,260,260,278,288,62,82,95,111,111,111,135,161,175,195,229,68,68,68,68,68,68,100,100],"floor_reached":56,"language":"ENG","playtime":3198,"items_purged":["Regret","Defend_B","Strike_B"],"score":1990,"play_id":"dd7afc3b-64a6-420d-aae2-a506f2812c3f","local_time":"20210219153132","is_ascension_mode":true,"campfire_choices":[{"data":"Genetic Algorithm","floor":6.0,"key":"SMITH"},{"floor":13.0,"key":"REST"},{"data":"Static Discharge","floor":15.0,"key":"SMITH"},{"data":"Doom and Gloom","floor":25.0,"key":"SMITH"},{"data":"Ghostly","floor":32.0,"key":"SMITH"},{"data":"Ghostly","floor":41,"key":"SMITH"},{"floor":49,"key":"RECALL"},{"data":"Ghostly","floor":52,"key":"SMITH"}],"circlet_count":0,"master_deck":["AscendersBane","Strike_B","Strike_B","Defend_B","Defend_B","Zap","Dualcast","Genetic Algorithm+1","Undo","Tempest","Static Discharge+1","Doubt","Cold Snap","Chill","Heatsinks+1","White Noise","Doom and Gloom+1","Gash","Storm+1","Electrodynamics+1","Mayhem+1","Ghostly+1","Ghostly+1","Ghostly+1","Ghostly+1","Ghostly","Undo+1","Coolheaded+1","Coolheaded+1","Gash+1","Reboot","Capacitor+1","Hologram+1","Creative AI+1","FTL+1","Steam Power+1","Defragment+1"],"relics":["Cracked Core","Frozen Egg 2","Anchor","PreservedInsect","Question Card","Lantern","Busted Crown","Eternal Feather","Kunai","DataDisk","Darkstone Periapt","Coffee Dripper","OrangePellets","Bottled Lightning","Gremlin Horn","Orichalcum"],"acts_visited":["Exordium","TheCity","TheBeyond","TheEnding"],"potions_floor_usage":[33,50,55],"damage_taken":[{"damage":5.0,"enemies":"Cultist","floor":1.0,"turns":3.0},{"damage":0.0,"enemies":"Jaw Worm","floor":2.0,"turns":4.0},{"damage":2.0,"enemies":"2 Louse","floor":5.0,"turns":3.0},{"damage":15.0,"enemies":"Lots of Slimes","floor":7.0,"turns":5.0},{"damage":15.0,"enemies":"3 Sentries","floor":10.0,"turns":7.0},{"damage":11.0,"enemies":"Exordium Wildlife","floor":11.0,"turns":7.0},{"damage":10.0,"enemies":"Lagavulin","floor":12.0,"turns":5.0},{"damage":0.0,"enemies":"Looter","floor":14.0,"turns":4.0},{"damage":18.0,"enemies":"The Guardian","floor":16.0,"turns":12.0},{"damage":1.0,"enemies":"Spheric Guardian","floor":18.0,"turns":3.0},{"damage":0.0,"enemies":"3 Byrds","floor":21.0,"turns":2.0},{"damage":0.0,"enemies":"Book of Stabbing","floor":23.0,"turns":5.0},{"damage":13.0,"enemies":"Shelled Parasite and Fungi","floor":24.0,"turns":7.0},{"damage":5.0,"enemies":"Centurion and Healer","floor":27.0,"turns":6.0},{"damage":0.0,"enemies":"Gremlin Leader","floor":28.0,"turns":5.0},{"damage":0.0,"enemies":"Snecko","floor":29.0,"turns":4.0},{"damage":0.0,"enemies":"Cultist and Chosen","floor":30.0,"turns":5.0},{"damage":3.0,"enemies":"Book of Stabbing","floor":31.0,"turns":5.0},{"damage":0,"enemies":"Champ","floor":33,"turns":11},{"damage":0,"enemies":"3 Darklings","floor":35,"turns":2},{"damage":6,"enemies":"3 Shapes","floor":36,"turns":3},{"damage":0,"enemies":"3 Darklings","floor":38,"turns":4},{"damage":12,"enemies":"Sphere and 2 Shapes","floor":39,"turns":5},{"damage":4,"enemies":"Spire Growth","floor":40,"turns":6},{"damage":3,"enemies":"Reptomancer","floor":44,"turns":4},{"damage":0,"enemies":"Jaw Worm Horde","floor":45,"turns":2},{"damage":0,"enemies":"Maw","floor":46,"turns":7},{"damage":5,"enemies":"Nemesis","floor":47,"turns":11},{"damage":2,"enemies":"Donu and Deca","floor":50,"turns":6},{"damage":5,"enemies":"Shield and Spear","floor":54,"turns":4},{"damage":23,"enemies":"The Heart","floor":55,"turns":10}],"seed_played":"-8943385563449130616","potions_obtained":[{"floor":1.0,"key":"PowerPotion"},{"floor":2.0,"key":"Ancient Potion"},{"floor":11.0,"key":"DistilledChaos"},{"floor":12.0,"key":"AttackPotion"},{"floor":35,"key":"SteroidPotion"},{"floor":45,"key":"Ancient Potion"},{"floor":46,"key":"DuplicationPotion"}],"is_trial":false,"path_per_floor":["M","M","?","?","M","R","M","$","T","E","M","E","R","M","R","B",null,"M","$","?","M","?","E","M","R","T","M","E","M","M","E","R","B",null,"M","M","$","M","M","M","R","?","T","E","M","M","E","$","R","B",null,"R","$","E","B",null],"character_chosen":"DEFECT","items_purchased":["Frozen Egg 2","Heatsinks+1","Anchor","Mayhem+1","OrangePellets","Capacitor+1","Defragment+1"],"campfire_rested":1,"item_purchase_floors":[8,8,8,19,37,37,48],"current_hp_per_floor":[63,63,63,63,61,61,46,46,46,31,20,10,30,30,30,12,54,53,53,34,34,34,34,21,34,34,29,29,29,29,26,34,34,34,34,28,28,28,16,12,33,33,33,30,30,30,25,25,34,32,34,34,34,29,6],"gold":100,"neow_bonus":"TRANSFORM_TWO_CARDS","is_daily":false,"chose_seed":false,"campfire_upgraded":6,"win_rate":0.0,"timestamp":1613748692,"path_taken":["M","M","?","?","M","R","?","$","T","E","M","E","R","M","R","BOSS","M","$","?","M","?","E","M","R","T","M","E","M","M","E","R","BOSS","M","M","$","M","M","M","R","?","T","E","M","M","E","$","R","BOSS","R","$","E","BOSS"],"items_purchased_type":["Relic","Card","Relic","Card","Relic","Card","Card"],"build_version":"2020-12-18","purchased_purges":3,"victory":true,"max_hp_per_floor":[68,68,68,68,68,68,68,68,68,68,68,68,68,68,68,68,68,68,68,34,34,34,34,34,34,34,34,34,34,34,34,34,34,34,34,34,34,34,34,34,34,34,34,34,34,34,34,34,34,34,34,34,34,34,34],"relic_stats":{"Darkstone Periapt":0,"OrangePellets":[16],"Busted Crown":40,"Gremlin Horn":[2,2],"counters":[31,167],"Eternal Feather":51,"PreservedInsect":385,"Kunai":[10],"Orichalcum":[18],"Question Card":24,"obtain_stats":[{"Darkstone Periapt":31,"Lantern":12,"Gremlin Horn":47,"Eternal Feather":23,"PreservedInsect":9,"Frozen Egg 2":8,"Orichalcum":54,"Question Card":10,"OrangePellets":37,"Anchor":8,"DataDisk":28,"Busted Crown":17,"Coffee Dripper":34,"Kunai":26,"Bottled Lightning":44,"Cracked Core":0},{"Darkstone Periapt":18,"Lantern":7,"Gremlin Horn":28,"Eternal Feather":12,"PreservedInsect":4,"Frozen Egg 2":4,"Orichalcum":30,"Question Card":5,"OrangePellets":21,"Anchor":4,"DataDisk":15,"Busted Crown":9,"Coffee Dripper":19,"Kunai":13,"Bottled Lightning":25,"Cracked Core":0},{"Darkstone Periapt":92,"Lantern":34,"Gremlin Horn":147,"Eternal Feather":60,"PreservedInsect":15,"Frozen Egg 2":15,"Orichalcum":157,"Question Card":22,"OrangePellets":108,"Anchor":15,"DataDisk":78,"Busted Crown":50,"Coffee Dripper":103,"Kunai":67,"Bottled Lightning":127,"Cracked Core":0}]},"card_choices":[{"not_picked":["Steam","Undo"],"picked":"Tempest","floor":1.0},{"not_picked":["Go for the Eyes","Cold Snap"],"picked":"Static Discharge","floor":2.0},{"not_picked":["Tempest","Go for the Eyes"],"picked":"Cold Snap","floor":5.0},{"not_picked":["Chaos","Genetic Algorithm"],"picked":"Chill","floor":7.0},{"not_picked":["Doom and Gloom","Reprogram"],"picked":"White Noise","floor":10.0},{"not_picked":["Conserve Battery","Heatsinks+1","Aggregate"],"picked":"Doom and Gloom","floor":11.0},{"not_picked":["Beam Cell","Go for the Eyes","Chaos"],"picked":"Gash","floor":12.0},{"not_picked":["Conserve Battery","Gash","Steam"],"picked":"Storm+1","floor":14.0},{"not_picked":["Thunder Strike","Creative AI+1","Hyperbeam"],"picked":"Electrodynamics+1","floor":16.0},{"not_picked":["Barrage","Conserve Battery"],"picked":"SKIP","floor":18.0},{"not_picked":["Sweeping Beam","Storm+1"],"picked":"SKIP","floor":21.0},{"not_picked":["Reprogram"],"picked":"Undo+1","floor":23.0},{"not_picked":["Leap"],"picked":"Coolheaded+1","floor":24.0},{"not_picked":["Turbo","Gash"],"picked":"SKIP","floor":27.0},{"not_picked":["Beam Cell+1"],"picked":"Coolheaded+1","floor":28.0},{"not_picked":["Beam Cell"],"picked":"Gash+1","floor":29.0},{"not_picked":["Hello World+1","Machine Learning+1"],"picked":"SKIP","floor":30.0},{"not_picked":["Chaos","Cold Snap"],"picked":"SKIP","floor":31.0},{"not_picked":["Meteor Strike"],"picked":"Reboot","floor":33},{"not_picked":["Go for the Eyes","Static Discharge+1"],"picked":"SKIP","floor":35},{"not_picked":["Recycle","Aggregate+1"],"picked":"SKIP","floor":36},{"not_picked":["Gash+1"],"picked":"Hologram+1","floor":38},{"not_picked":["Rebound+1"],"picked":"Creative AI+1","floor":39},{"not_picked":["Fusion","Doom and Gloom"],"picked":"SKIP","floor":40},{"not_picked":["Hello World+1","Beam Cell"],"picked":"SKIP","floor":44},{"not_picked":["Genetic Algorithm+1","Darkness"],"picked":"SKIP","floor":45},{"not_picked":["Sweeping Beam"],"picked":"FTL+1","floor":46},{"not_picked":["Streamline+1"],"picked":"Steam Power+1","floor":47},{"not_picked":["Redo","Ball Lightning+1"],"picked":"SKIP","floor":54}],"player_experience":564881,"relics_obtained":[{"floor":9.0,"key":"PreservedInsect"},{"floor":10.0,"key":"Question Card"},{"floor":12.0,"key":"Lantern"},{"floor":23.0,"key":"Eternal Feather"},{"floor":26.0,"key":"Kunai"},{"floor":28.0,"key":"DataDisk"},{"floor":31.0,"key":"Darkstone Periapt"},{"floor":44,"key":"Bottled Lightning"},{"floor":47,"key":"Gremlin Horn"},{"floor":54,"key":"Orichalcum"}],"event_choices":[{"damage_healed":0.0,"max_hp_gain":0.0,"max_hp_loss":0.0,"gold_gain":175.0,"event_name":"Liars Game","player_choice":"AGREE","floor":3.0,"gold_loss":0.0,"damage_taken":0.0,"cards_obtained":["Doubt"]},{"damage_healed":0.0,"max_hp_gain":0.0,"max_hp_loss":0.0,"gold_gain":275.0,"event_name":"Golden Shrine","player_choice":"Desecrate","floor":4.0,"gold_loss":0.0,"damage_taken":0.0,"cards_obtained":["Regret"]},{"damage_healed":0.0,"max_hp_gain":0.0,"max_hp_loss":34.0,"gold_gain":0.0,"event_name":"Ghosts","player_choice":"Became a Ghost","floor":20.0,"gold_loss":0.0,"damage_taken":0.0,"cards_obtained":["Ghostly","Ghostly","Ghostly","Ghostly","Ghostly"]},{"damage_healed":0.0,"max_hp_gain":0.0,"max_hp_loss":0.0,"gold_gain":0.0,"event_name":"Cursed Tome","player_choice":"Ignored","floor":22.0,"gold_loss":0.0,"damage_taken":0.0},{"damage_healed":0,"gold_gain":0,"player_choice":"Forge","damage_taken":0,"max_hp_gain":0,"max_hp_loss":0,"event_name":"Accursed Blacksmith","floor":42,"gold_loss":0,"cards_upgraded":["Ghostly"]}],"is_beta":true,"boss_relics":[{"not_picked":["Tiny House","SlaversCollar"],"picked":"Busted Crown"},{"not_picked":["Black Star","Pandora\u0027s Box"],"picked":"Coffee Dripper"}],"items_purged_floors":[8,19,48],"is_endless":false,"potions_floor_spawned":[1,2,11,12,16,21,24,27,30,31,35,39,40,45,46],"ascension_level":11}}