{"host":"cd8sh5n6ebstnq0m","time":1613779185,"event":{"mods":["BaseMod","BetterRewards","Colored Map","Dota2Spire","Downfall","Friendly Minions","GungeonMod","Hubris","Infinite Spire","Jedi Mod","Minty Spire (QoL Compilation)","Replay The Spire","Spicy Shops","StSLib","The Animator","The Blackbeard","The Forsaken","The Runesmith"],"gold_per_floor":[99,99,99,99,49,49,49,49,49,49,49,49,49,49,49,49,79,147,246,246,274,274,274,324,314,366,447,447,472,472,547,547,698,698,783,883,883,1018,1071,1232,1232,1398,1424,1578,1752,1752,1842,2017,2017,2072,2072,2072,1997,1997,1997],"floor_reached":53,"language":"ENG","playtime":3081,"items_purged":["Pain","Voices"],"score":2016,"play_id":"4f31330c-960e-4d30-927d-aca6a39b0674","local_time":"20210220005945","is_ascension_mode":true,"campfire_choices":[{"floor":7,"key":"RECALL"},{"data":"infinitespire:Pacifist","floor":12,"key":"PURGE"},{"data":"blackbeard:CatONineTails","floor":15,"key":"SMITH"},{"data":"hubris:Fate","floor":23,"key":"SMITH"},{"data":"blackbeard:Rum","floor":28,"key":"SMITH"},{"data":"blackbeard:PowerHungry","floor":41,"key":"SMITH"},{"data":"infinitespire:Execution","floor":46,"key":"SMITH"},{"data":"blackbeard:BlackbeardDefend","floor":49,"key":"PURGE"},{"data":"blackbeard:Halberd","floor":52,"key":"SMITH"}],"circlet_count":0,"master_deck":["blackbeard:BlackbeardStrike","blackbeard:BlackbeardStrike","blackbeard:BlackbeardStrike","blackbeard:BlackbeardStrike","blackbeard:IntimidatingStrike","blackbeard:BlackbeardDefend","blackbeard:BlackbeardDefend","blackbeard:Cutlass","blackbeard:Lifeboat","blackbeard:BlindAttacks","blackbeard:GoldenStrike","blackbeard:CatONineTails+1","blackbeard:DoubleCannonball+1","blackbeard:CloakAndCannonball","blackbeard:GoldenDefense","blackbeard:BeatUp","blackbeard:Shrapnel","blackbeard:Bandana","blackbeard:InfiniteBarrage","blackbeard:Anchor","blackbeard:GoldenGuillotine","blackbeard:HumongousCannonball+1","blackbeard:RearmingStrike","hubris:Fate+1","blackbeard:GoldenStrike+1","blackbeard:BrownPants","blackbeard:CaptainsCabin","blackbeard:Rum+1","blackbeard:PowerHungry+1","blackbeard:Sword+1","blackbeard:BlindAttacks","blackbeard:Halberd+1","Pot Of Greed","Pot Of Greed","Pot Of Greed","CommonCold","Writhe","Pot Of Greed","blackbeard:Toast","blackbeard:Shrapnel+1","infinitespire:Execution+1","blackbeard:ChaoticDefense+1","blackbeard:TheDrunkenSailor","blackbeard:GoldenCannonball","blackbeard:FinalBarrage","blackbeard:Dagger+1","blackbeard:CloakAndCannonball","blackbeard:BeatUp+1"],"relics":["Runesmith:BrokenRuby","theForsaken:Kindling","Guardian:StasisEgg","ReplayTheSpireMod:Shallot","animator:PurgingStone","infinitespire:BottledMercury","TwistedFunnel","Lee\u0027s Waffle","DemoMod:LamentConfigurum","DemoMod:PortableTableDevice","OrangePellets","PureWater","Ice Cream","champ:BerserkersGuideToSlaughter","DemoMod:SerJunkan","m_DevilBlood","Slimebound:SlimedTailRelic","Guardian:BottledStasis","hubris:RGBLights","Dota2Spire:MonkeyKingBar","Dota2Spire:BlackKingBar","Dota2Spire:EtherealBlade","hubris:Teleporter","Dota2Spire:LinkenSphere","Slimebound:PotencyRelic","bronze:BottledCode","infinitespire:EmptyRelic","infinitespire:EmptyRelic","infinitespire:EmptyRelic","infinitespire:EmptyRelic","infinitespire:EmptyRelic","infinitespire:EmptyRelic","infinitespire:EmptyRelic","infinitespire:EmptyRelic","infinitespire:EmptyRelic","infinitespire:EmptyRelic","infinitespire:EmptyRelic","infinitespire:EmptyRelic","infinitespire:EmptyRelic","infinitespire:EmptyRelic","infinitespire:EmptyRelic","infinitespire:EmptyRelic","infinitespire:EmptyRelic","infinitespire:EmptyRelic","infinitespire:Chaos"],"acts_visited":["Exordium","TheCity","TheBeyond","TheEnding"],"potions_floor_usage":[6,16,18,18,24,31,33,33,35,40,48],"damage_taken":[{"damage":0,"enemies":"Jaw Worm","floor":1,"turns":2},{"damage":0,"enemies":"2 Louse","floor":2,"turns":2},{"damage":0,"enemies":"Gremlin Nob","floor":6,"turns":2},{"damage":0,"enemies":"Cultist","floor":8,"turns":1},{"damage":2,"enemies":"Replay:BlueRogue","floor":10,"turns":3},{"damage":0,"enemies":"Large Slime","floor":11,"turns":2},{"damage":0,"enemies":"Lagavulin","floor":13,"turns":3},{"damage":0,"enemies":"2 Fungi Beasts","floor":14,"turns":2},{"damage":0,"enemies":"Slime Boss","floor":16,"turns":3},{"damage":3,"enemies":"Shell Parasite","floor":18,"turns":4},{"damage":0,"enemies":"Masked Bandits","floor":21,"turns":1},{"damage":0,"enemies":"Book of Stabbing","floor":24,"turns":3},{"damage":0,"enemies":"2 Thieves","floor":25,"turns":2},{"damage":2,"enemies":"Slavers","floor":27,"turns":5},{"damage":0,"enemies":"Replay:Snechameleon","floor":29,"turns":2},{"damage":0,"enemies":"Centurion and Healer","floor":31,"turns":2},{"damage":0,"enemies":"Pondfish","floor":33,"turns":6},{"damage":0,"enemies":"3 Darklings","floor":35,"turns":3},{"damage":0,"enemies":"3 Shapes","floor":36,"turns":2},{"damage":0,"enemies":"Writhing Mass","floor":38,"turns":5},{"damage":0,"enemies":"2 Orb Walkers","floor":39,"turns":4},{"damage":0,"enemies":"Reptomancer","floor":40,"turns":4},{"damage":0,"enemies":"R_Hoarder","floor":42,"turns":6},{"damage":0,"enemies":"Giant Head","floor":44,"turns":4},{"damage":0,"enemies":"Spire Growth","floor":45,"turns":3},{"damage":0,"enemies":"Reptomancer","floor":48,"turns":4},{"damage":0,"enemies":"Awakened One","floor":50,"turns":7}],"seed_played":"-664684912005410382","potions_obtained":[{"floor":2,"key":"Dota2Spire:HealingSalve"},{"floor":6,"key":"Block Potion"},{"floor":8,"key":"SteroidPotion"},{"floor":21,"key":"hexamod:SoulburnPotion"},{"floor":24,"key":"SteroidPotion"},{"floor":25,"key":"champ:CounterPotion"},{"floor":31,"key":"Block Potion"},{"floor":36,"key":"GamblersBrew"},{"floor":39,"key":"DemoMod:LeadSkinPotion"},{"floor":44,"key":"Toxic Potion"}],"is_trial":false,"path_per_floor":["M","M","?","?","?","E","R","M","T","E","M","R","E","M","R","B",null,"M","?","AVR","?","?","R","E","M","T","E","R","E","?","M","R_BF","B",null,"M","M","AVR","M","?","E","R","E","T","E","M","R","?","E","R","B",null,"R","$"],"character_chosen":"BLACKBEARD_CLASS","items_purchased":["jedi:ominousloannote","infinitespire:Beetle Shell","blackbeard:Lifeboat","blackbeard:InfiniteBarrage","DemoMod:GnawedKey","Pear","blackbeard:BlindAttacks","blackbeard:GoldenStrike","Dream Catcher","Sling","Mummified Hand","infinitespire:ShieldingShard","blackbeard:CatONineTails","blackbeard:RearmingStrike","blackbeard:DoubleCannonball","Dota2Spire:HandOfMidas","Juzu Bracelet","DemoMod:WhiteGuonStone","Letter Opener","infinitespire:Chaos"],"campfire_rested":0,"item_purchase_floors":[0,0,0,0,0,0,0,0,0,0,0,0,0,0,0,0,0,0,0,53],"current_hp_per_floor":[53,53,46,49,49,52,52,52,52,58,58,58,58,58,58,58,83,80,80,80,80,80,80,80,80,80,78,78,78,74,74,74,74,83,83,83,83,83,83,83,83,83,83,83,83,83,83,88,88,88,88,88,95,95,95],"gold":1997,"neow_bonus":"","is_daily":false,"chose_seed":false,"campfire_upgraded":6,"win_rate":0.0,"timestamp":1613779185,"path_taken":["M","M","?","?","?","E","R","M","T","E","M","R","E","M","R","BOSS","M","?","AVR","?","?","R","E","M","T","E","R","E","?","M","R_BF","BOSS","M","M","AVR","M","?","E","R","E","T","E","M","R","?","E","R","BOSS","R","$"],"items_purchased_type":["Relic","Relic","Card","Card","Relic","Relic","Card","Card","Relic","Relic","Relic","Relic","Card","Card","Card","Relic","Relic","Relic","Relic","Relic"],"build_version":"2020-12-22","purchased_purges":2,"victory":false,"max_hp_per_floor":[80,80,80,83,83,83,83,83,83,83,83,83,83,83,83,83,83,83,83,83,83,83,83,83,83,83,83,83,83,83,83,83,83,83,83,83,83,83,83,83,83,83,83,83,83,83,83,88,88,88,88,88,95,95,95],"card_choices":[{"not_picked":["blackbeard:BuriedTreasure","blackbeard:GoldenStrike"],"picked":"blackbeard:CloakAndCannonball","floor":1},{"not_picked":["blackbeard:TacticalRetreat","blackbeard:ArmorUp","blackbeard:SwordDance"],"picked":"SKIP","floor":2},{"not_picked":["blackbeard:Eyepatch","blackbeard:Boarding"],"picked":"blackbeard:BeatUp","floor":6},{"not_picked":["blackbeard:GoldenDefense","blackbeard:BeatUp"],"picked":"blackbeard:Shrapnel","floor":8},{"not_picked":["blackbeard:DangerousBlow","blackbeard:GoldenDefense"],"picked":"blackbeard:Bandana","floor":10},{"not_picked":["blackbeard:FishingNets","blackbeard:WeaponProficiency"],"picked":"blackbeard:InfiniteBarrage","floor":11},{"not_picked":["blackbeard:Toast","blackbeard:CloakAndCannonball"],"picked":"blackbeard:Anchor","floor":13},{"not_picked":["blackbeard:FishingNets","blackbeard:CannonballSupply"],"picked":"blackbeard:GoldenGuillotine","floor":14},{"not_picked":["blackbeard:Intoxication","blackbeard:UndeadForm"],"picked":"blackbeard:HumongousCannonball","floor":16},{"not_picked":["blackbeard:SmithingHammer","blackbeard:TacticalRetreat"],"picked":"blackbeard:RearmingStrike","floor":18},{"not_picked":["blackbeard:FieryDefense","blackbeard:BlindAttacks"],"picked":"blackbeard:GoldenStrike+1","floor":21},{"not_picked":["blackbeard:Recklessness","blackbeard:FieryDefense+1"],"picked":"blackbeard:BrownPants","floor":24},{"not_picked":["blackbeard:DangerousBlow+1","blackbeard:Sword"],"picked":"blackbeard:CaptainsCabin","floor":25},{"not_picked":["blackbeard:RemoveScurvy","blackbeard:PirateEarring+1"],"picked":"blackbeard:Rum","floor":27},{"not_picked":["blackbeard:Sharpening","blackbeard:GoldenCannonball"],"picked":"blackbeard:PowerHungry","floor":29},{"not_picked":["blackbeard:Rum","blackbeard:RearmingStrike"],"picked":"blackbeard:Sword+1","floor":31},{"not_picked":["blackbeard:MegaUpgrade","blackbeard:Parrot"],"picked":"blackbeard:Halberd","floor":33},{"not_picked":["hubris:Compulsion","hubris:Gluttony"],"picked":"CommonCold","floor":34},{"not_picked":["downfall:Malfunctioning","ReplayTheSpireMod:Doomed"],"picked":"Writhe","floor":34},{"not_picked":["Looming Evil","downfall:Bewildered"],"picked":"Voices","floor":34},{"not_picked":["blackbeard:Sharpening+1","blackbeard:Scrap+1"],"picked":"blackbeard:Toast","floor":35},{"not_picked":["blackbeard:Dagger","blackbeard:Sword"],"picked":"blackbeard:Shrapnel+1","floor":36},{"not_picked":["blackbeard:PirateEarring+1","blackbeard:Spear+1"],"picked":"blackbeard:ChaoticDefense+1","floor":38},{"not_picked":["blackbeard:Dagger+1","blackbeard:Bandana"],"picked":"blackbeard:TheDrunkenSailor","floor":39},{"not_picked":["blackbeard:GoldenStrike","blackbeard:Sharpening"],"picked":"blackbeard:GoldenCannonball","floor":40},{"not_picked":["blackbeard:Sharpening","blackbeard:TacticalRetreat"],"picked":"blackbeard:FinalBarrage","floor":42},{"not_picked":["blackbeard:SwordDance","blackbeard:GhostInTheRum","blackbeard:Recklessness"],"picked":"SKIP","floor":44},{"not_picked":["blackbeard:CaptainsCabin","blackbeard:TacticalRetreat"],"picked":"blackbeard:Dagger+1","floor":45},{"not_picked":["blackbeard:FieryDefense","blackbeard:Sharpening+1"],"picked":"blackbeard:CloakAndCannonball","floor":47},{"not_picked":["blackbeard:UndeadForm","blackbeard:CatONineTails+1"],"picked":"blackbeard:BeatUp+1","floor":47},{"not_picked":["blackbeard:PirateEarring","blackbeard:FishingNets+1","blackbeard:TacticalRetreat+1"],"picked":"SKIP","floor":48}],"player_experience":401784,"relics_obtained":[{"floor":6,"key":"Dota2Spire:MaskOfMadness"},{"floor":10,"key":"infinitespire:PuzzleCube"},{"floor":13,"key":"hubris:TenFootPole"},{"floor":21,"key":"Red Mask"},{"floor":24,"key":"Whetstone"},{"floor":26,"key":"Replay:Wax Seal"},{"floor":27,"key":"ReplayFunnel"},{"floor":29,"key":"Oddly Smooth Stone"},{"floor":39,"key":"Lizard Tail"},{"floor":40,"key":"jedi:arcanewood"},{"floor":42,"key":"ReplayTheSpireMod:Shallot"},{"floor":43,"key":"Lantern"},{"floor":44,"key":"jedi:Pinwheel"},{"floor":47,"key":"Centennial Puzzle"},{"floor":48,"key":"Durian"}],"event_choices":[{"damage_healed":0,"gold_gain":0,"player_choice":"Success","damage_taken":7,"relics_obtained":["Peace Pipe"],"max_hp_gain":0,"max_hp_loss":0,"event_name":"Scrap Ooze","floor":3,"gold_loss":0},{"damage_healed":0,"gold_gain":0,"player_choice":"blackbeard:GoldenDefense","damage_taken":0,"max_hp_gain":0,"max_hp_loss":0,"event_name":"blackbeard:GoldsmithEvent","floor":5,"gold_loss":0,"cards_obtained":["blackbeard:GoldenDefense"]},{"damage_healed":0,"gold_gain":99,"player_choice":"Stole From Cult","damage_taken":0,"max_hp_gain":0,"max_hp_loss":0,"event_name":"Nest","floor":19,"gold_loss":0},{"damage_healed":0,"gold_gain":0,"player_choice":"Fought Bandits","damage_taken":0,"max_hp_gain":0,"max_hp_loss":0,"event_name":"Masked Bandits","floor":21,"gold_loss":0},{"damage_healed":0,"gold_gain":0,"player_choice":"Ignored","damage_taken":0,"max_hp_gain":0,"max_hp_loss":0,"event_name":"Ghosts","floor":22,"gold_loss":0},{"damage_healed":0,"gold_gain":0,"player_choice":"Damaged","damage_taken":8,"max_hp_gain":0,"max_hp_loss":0,"event_name":"Wheel of Change","floor":30,"gold_loss":0},{"damage_healed":0,"gold_gain":0,"player_choice":"Fight","damage_taken":0,"max_hp_gain":0,"max_hp_loss":0,"event_name":"Mysterious Sphere","floor":39,"gold_loss":0}],"is_beta":false,"boss_relics":[{"not_picked":["Kintsugi","hubris:CrackedHourglass"],"picked":"Replay:Wanted Poster"},{"not_picked":["expansioncontent:StudyCardRelic","ReplayTheSpireMod:SealedPack"],"picked":"Replay:Ancient Bell"},{"not_picked":["Orichalcum","jedi:cryingmask"],"picked":"Grinning Jar"},{"not_picked":["DemoMod:DecoyRelic","Ornamental Fan"],"picked":"Snack Pack"},{"not_picked":["theForsaken:Kindling","FossilizedHelix"],"picked":"Dota2Spire:ShivaGuard"}],"items_purged_floors":[0,37],"is_endless":false,"potions_floor_spawned":[2,6,8,11,21,24,25,31,36,39,44],"ascension_level":2}}