{"host":"krw8kyiy0um8ye49","time":1613755983,"event":{"mods":["BaseMod","Minty Spire (QoL Compilation)","StSLib"],"gold_per_floor":[114,130,305,305,380,380,394,394,394,413,413,290,304,274,274,371,371,385,157,157,172,185,185,185],"floor_reached":23,"language":"ENG","playtime":1184,"items_purged":["Strike_G"],"score":199,"play_id":"cd839126-090d-4c66-ad48-c837615742ca","local_time":"20210219183303","is_ascension_mode":true,"campfire_choices":[{"data":"Dash","floor":6,"key":"SMITH"},{"data":"Neutralize","floor":8,"key":"SMITH"},{"data":"Tools of the Trade","floor":11,"key":"SMITH"},{"data":"Sucker Punch","floor":15,"key":"SMITH"}],"circlet_count":0,"master_deck":["Strike_G","Strike_G","Strike_G","Strike_G","Defend_G","Defend_G","Defend_G","Defend_G","Defend_G","Survivor","Neutralize+1","Tools of the Trade+1","Tactician","Dash+1","Doubt","Heel Hook","Backflip","Sucker Punch+1","Grand Finale","Quick Slash+1","Accuracy","Cloak And Dagger"],"relics":["Ring of the Snake","Blue Candle","Singing Bowl","WristBlade","Tiny Chest"],"acts_visited":["Exordium","TheCity"],"potions_floor_usage":[16,16,21,23],"damage_taken":[{"damage":2,"enemies":"2 Louse","floor":1,"turns":3},{"damage":7,"enemies":"Small Slimes","floor":2,"turns":4},{"damage":4,"enemies":"Jaw Worm","floor":7,"turns":4},{"damage":9,"enemies":"Blue Slaver","floor":10,"turns":4},{"damage":5,"enemies":"Red Slaver","floor":13,"turns":5},{"damage":8,"enemies":"The Guardian","floor":16,"turns":17},{"damage":52,"enemies":"3 Byrds","floor":18,"turns":10},{"damage":0,"enemies":"Chosen","floor":21,"turns":3},{"damage":31,"enemies":"Shelled Parasite and Fungi","floor":22,"turns":8},{"damage":25,"enemies":"Snecko","floor":23,"turns":5}],"seed_played":"1414501435303967511","potions_obtained":[{"floor":2,"key":"Block Potion"},{"floor":14,"key":"SteroidPotion"},{"floor":14,"key":"Ancient Potion"},{"floor":16,"key":"LiquidMemories"},{"floor":20,"key":"FairyPotion"},{"floor":22,"key":"Weak Potion"}],"is_trial":false,"path_per_floor":["M","M","?","?","?","R","M","R","T","M","R","$","M","?","R","B",null,"M","$","?","M","M","M"],"character_chosen":"THE_SILENT","items_purchased":["Backflip","Accuracy","Tiny Chest"],"campfire_rested":0,"item_purchase_floors":[12,19,19],"current_hp_per_floor":[68,61,61,58,47,47,43,43,43,36,36,36,31,31,31,23,72,20,20,20,22,21,0,0],"gold":185,"neow_bonus":"ONE_RANDOM_RARE_CARD","is_daily":false,"chose_seed":false,"campfire_upgraded":4,"win_rate":0.0,"timestamp":1613755983,"path_taken":["M","M","?","?","?","R","?","R","T","M","R","$","M","?","R","BOSS","M","$","?","M","?","M"],"items_purchased_type":["Card","Card","Relic"],"build_version":"2020-12-22","purchased_purges":1,"victory":false,"max_hp_per_floor":[70,70,70,70,70,70,70,70,70,72,72,72,72,72,72,72,72,72,72,72,74,74,74,74],"card_choices":[{"not_picked":["Flying Knee","Poisoned Stab"],"picked":"Tactician","floor":1},{"not_picked":["Calculated Gamble","Poisoned Stab"],"picked":"Dash","floor":2},{"not_picked":["Dodge and Roll","Catalyst"],"picked":"Heel Hook","floor":7},{"not_picked":["Dodge and Roll","Blade Dance","Tactician"],"picked":"Singing Bowl","floor":10},{"not_picked":["Accuracy","Finisher"],"picked":"Sucker Punch","floor":13},{"not_picked":["Bullet Time","Phantasmal Killer"],"picked":"Grand Finale","floor":16},{"not_picked":["Dagger Throw","Backstab+1"],"picked":"Quick Slash+1","floor":18},{"not_picked":["Flying Knee","Endless Agony","Sucker Punch"],"picked":"Singing Bowl","floor":21},{"not_picked":["Terror+1","Dash"],"picked":"Cloak And Dagger","floor":22}],"player_experience":171993,"relics_obtained":[{"floor":9,"key":"Singing Bowl"}],"event_choices":[{"damage_healed":0,"gold_gain":175,"player_choice":"AGREE","damage_taken":0,"max_hp_gain":0,"max_hp_loss":0,"event_name":"Liars Game","floor":3,"gold_loss":0,"cards_obtained":["Doubt"]},{"damage_healed":0,"gold_gain":0,"player_choice":"Success","damage_taken":3,"relics_obtained":["Blue Candle"],"max_hp_gain":0,"max_hp_loss":0,"event_name":"Scrap Ooze","floor":4,"gold_loss":0},{"damage_healed":0,"gold_gain":75,"player_choice":"Gather Gold","damage_taken":11,"max_hp_gain":0,"max_hp_loss":0,"event_name":"World of Goop","floor":5,"gold_loss":0},{"damage_healed":0,"gold_gain":0,"player_choice":"Bought 2 Potions","damage_taken":0,"max_hp_gain":0,"max_hp_loss":0,"event_name":"The Woman in Blue","floor":14,"gold_loss":0},{"damage_healed":0,"gold_gain":0,"player_choice":"Got Potions","damage_taken":0,"max_hp_gain":0,"max_hp_loss":0,"event_name":"Lab","floor":20,"gold_loss":0}],"is_beta":false,"boss_relics":[{"not_picked":["SacredBark","Philosopher\u0027s Stone"],"picked":"WristBlade"}],"items_purged_floors":[12],"is_endless":false,"potions_floor_spawned":[2,16,22],"killed_by":"Snecko","ascension_level":2}}