{"host":"ywif2ugnepgiw45s","time":1613778672,"event":{"mods":["Act Like it!","BaseMod","Better Skull","Bossed Relics","Downfall","Elementarium","GifTheSpireLib","Hermit","Lobotomy","Minty Spire (QoL Compilation)","READ ME - Guardian Mod","Shade Mod","Shapeshifter Mod","Shop Mod","StSLib","The Cursed","The Exalted","The Jungle","The Servant 0.9.4"],"gold_per_floor":[112,112,43,53,67,99,99,24,24,24,38,54,54,54,54,159,159,179,179,38,58,69,69,69,69],"floor_reached":24,"language":"ENG","playtime":1006,"items_purged":["StSShapeShifter:ShapeShifter_Strike"],"score":196,"play_id":"45e634c7-7297-48b9-a013-7d0743bc109b","local_time":"20210219185112","is_ascension_mode":false,"campfire_choices":[{"floor":10,"key":"REST"},{"data":"StSShapeShifter:Sap_Burst","floor":13,"key":"SMITH"},{"data":"StSShapeShifter:Summon_Mountains","floor":15,"key":"SMITH"}],"circlet_count":0,"master_deck":["StSShapeShifter:ShapeShifter_Strike","StSShapeShifter:ShapeShifter_Strike","StSShapeShifter:ShapeShifter_Strike","StSShapeShifter:ShapeShifter_Strike","StSShapeShifter:ShapeShifter_Defend","StSShapeShifter:ShapeShifter_Defend","StSShapeShifter:ShapeShifter_Defend","StSShapeShifter:ShapeShifter_Defend","StSShapeShifter:ShapeShifter_Defend","StSShapeShifter:Tortoise_Form","StSShapeShifter:Lynx_Form","StSShapeShifter:Sap_Burst+1","StSShapeShifter:DiverseSpirit","StSShapeShifter:RaptorForm","StSShapeShifter:Summon_Mountains+1","StSShapeShifter:WolfForm","StSShapeShifter:RitualOfTheElders","StSShapeShifter:ShiftingStrike+1","StSShapeShifter:PowerShifter"],"relics":["StSShapeShifter:AnimalHeart","StSShapeShifter:TheShapeShiftersMagnolia","InkBottle","Bromod:ArcaneDeflection","Singing Bowl","Runic Pyramid","Ancient Tea Set","Dream Catcher"],"acts_visited":["Exordium","Exordium"],"potions_floor_usage":[6,16,16,24],"damage_taken":[{"damage":6,"enemies":"Small Slimes","floor":1,"turns":5},{"damage":10,"enemies":"Cultist","floor":4,"turns":6},{"damage":10,"enemies":"Jaw Worm","floor":5,"turns":3},{"damage":13,"enemies":"Lagavulin","floor":6,"turns":12},{"damage":2,"enemies":"Red Slaver","floor":11,"turns":9},{"damage":0,"enemies":"Large Slime","floor":12,"turns":12},{"damage":34,"enemies":"Slime Boss","floor":16,"turns":8},{"damage":3,"enemies":"Elementarium:2_ELEMENTALS","floor":18,"turns":9},{"damage":4,"enemies":"Elementarium:VoidCorruption","floor":21,"turns":9},{"damage":53,"enemies":"Elementarium:CYCLONE_AND_LIVING_STORMCLOUD","floor":22,"turns":9},{"damage":39,"enemies":"Elementarium:CYCLONE_AND_ORB_OF_FIRE","floor":24,"turns":7}],"seed_played":"4750813241112127238","potions_obtained":[{"floor":1,"key":"DuplicationPotion"},{"floor":4,"key":"SteroidPotion"},{"floor":5,"key":"SteroidPotion"},{"floor":22,"key":"Weak Potion"}],"is_trial":false,"path_per_floor":["M","?","$","M","M","E","T","$","T","R","M","M","R","$","R","B",null,"M","?","$","M","M","$","M"],"character_chosen":"SHAPESHIFTER","items_purchased":["StSShapeShifter:DiverseSpirit","StSShapeShifter:PowerShifter"],"campfire_rested":1,"item_purchase_floors":[3,20],"current_hp_per_floor":[72,72,72,62,52,39,39,39,39,62,66,70,70,70,70,40,82,82,47,47,61,20,20,0,0],"gold":69,"neow_bonus":"THREE_RARE_CARDS","is_daily":false,"chose_seed":false,"campfire_upgraded":2,"win_rate":0.0,"timestamp":1613778672,"path_taken":["M","?","$","?","M","E","?","$","T","R","M","M","R","$","R","BOSS","M","?","$","?","M","$","M"],"items_purchased_type":["Card","Card"],"build_version":"2020-12-22","purchased_purges":1,"victory":false,"max_hp_per_floor":[78,78,78,78,78,78,78,78,78,78,80,82,82,82,82,82,82,82,82,82,84,86,86,86,86],"card_choices":[{"not_picked":["StSShapeShifter:Blossom2","StSShapeShifter:MammothForm"],"picked":"StSShapeShifter:Sap_Burst","floor":0},{"not_picked":["StSShapeShifter:Guard","StSShapeShifter:MultiSpiritedStrike","StSShapeShifter:SunflowerShuriken"],"picked":"SKIP","floor":1},{"not_picked":["StSShapeShifter:ShiftingStrike","StSShapeShifter:Rest"],"picked":"StSShapeShifter:RaptorForm","floor":4},{"not_picked":["StSShapeShifter:BladeOfGrass","StSShapeShifter:Guard"],"picked":"StSShapeShifter:Summon_Mountains","floor":5},{"not_picked":["StSShapeShifter:HippoForm","StSShapeShifter:BloomingSlash"],"picked":"StSShapeShifter:WolfForm","floor":6},{"not_picked":["StSShapeShifter:BarkSkin","StSShapeShifter:Guard","StSShapeShifter:Garden"],"picked":"Singing Bowl","floor":11},{"not_picked":["StSShapeShifter:MonkeyForm","StSShapeShifter:PoisonIvy","StSShapeShifter:Sapling"],"picked":"Singing Bowl","floor":12},{"not_picked":["StSShapeShifter:RitualOfTheExtinct","StSShapeShifter:FullMoon"],"picked":"StSShapeShifter:RitualOfTheElders","floor":16},{"not_picked":["StSShapeShifter:Sapling","StSShapeShifter:Roar"],"picked":"StSShapeShifter:ShiftingStrike+1","floor":18},{"not_picked":["StSShapeShifter:VineHandcuffs","StSShapeShifter:SunflowerShuriken","StSShapeShifter:BurstingSpore"],"picked":"Singing Bowl","floor":21},{"not_picked":["StSShapeShifter:EmbraceTheCycle","StSShapeShifter:FallingLeaves","StSShapeShifter:BloomingSlash"],"picked":"Singing Bowl","floor":22}],"player_experience":1814456,"relics_obtained":[{"floor":6,"key":"InkBottle"},{"floor":7,"key":"Bromod:ArcaneDeflection"},{"floor":9,"key":"Singing Bowl"}],"event_choices":[{"cards_removed":["TheCursedMod:Dregs"],"damage_healed":0,"gold_gain":0,"player_choice":"Removed Curses","damage_taken":0,"max_hp_gain":0,"max_hp_loss":0,"event_name":"Fountain of Cleansing","floor":2,"gold_loss":0},{"damage_healed":0,"gold_gain":0,"player_choice":"RE RE ","damage_taken":39,"relics_obtained":["Ancient Tea Set","Dream Catcher"],"max_hp_gain":0,"max_hp_loss":0,"event_name":"betterSkull:BetterSkull","floor":19,"gold_loss":0,"cards_upgraded":[]}],"is_beta":false,"boss_relics":[{"not_picked":["Sozu","Busted Crown"],"picked":"Runic Pyramid"}],"items_purged_floors":[8],"is_endless":false,"potions_floor_spawned":[1,4,5,22],"killed_by":"Elementarium:CYCLONE_AND_ORB_OF_FIRE","ascension_level":0}}