{"host":"is2s59edl8twrhoj","time":1613767754,"event":{"mods":["BaseMod","Colored Map","Colored Powertips","DeckTracker","Downfall","Minty Spire (QoL Compilation)","StSLib"],"gold_per_floor":[116,132,147,147,161,161,189,200,275,288,288,302,317,317,317,393,393,404,404,419,419,419],"floor_reached":21,"language":"ENG","playtime":1040,"items_purged":[],"score":333,"play_id":"f5542c95-e3cf-494e-955a-ca6e3f2d443a","local_time":"20210219204914","is_ascension_mode":true,"campfire_choices":[{"data":"Barricade","floor":6,"key":"SMITH"},{"data":"Entrench","floor":11,"key":"SMITH"},{"data":"Disarm","floor":15,"key":"SMITH"}],"circlet_count":0,"master_deck":["AscendersBane","Strike_R","Strike_R","Strike_R","Strike_R","Defend_R","Defend_R","Defend_R","Defend_R","Dramatic Entrance","Barricade+1","Power Through","Disarm+1","Metallicize","Ghostly Armor","Entrench+1","Shrug It Off","Metallicize+1","Corruption+1","Sword Boomerang+1","Body Slam","Headbutt"],"relics":["Burning Blood","Ancient Tea Set","Peace Pipe","StrikeDummy","Astrolabe"],"acts_visited":["Exordium","TheCity"],"potions_floor_usage":[7,16,18,20,21],"damage_taken":[{"damage":13,"enemies":"Jaw Worm","floor":1,"turns":4},{"damage":0,"enemies":"2 Louse","floor":2,"turns":2},{"damage":0,"enemies":"Small Slimes","floor":3,"turns":3},{"damage":8,"enemies":"Gremlin Gang","floor":5,"turns":5},{"damage":25,"enemies":"3 Sentries","floor":7,"turns":8},{"damage":3,"enemies":"Blue Slaver","floor":8,"turns":6},{"damage":4,"enemies":"Lots of Slimes","floor":10,"turns":3},{"damage":1,"enemies":"Looter","floor":12,"turns":4},{"damage":21,"enemies":"Red Slaver","floor":13,"turns":6},{"damage":10,"enemies":"Hexaghost","floor":16,"turns":10},{"damage":12,"enemies":"3 Byrds","floor":18,"turns":15},{"damage":20,"enemies":"Chosen","floor":20,"turns":10},{"damage":48,"enemies":"3 Cultists","floor":21,"turns":5}],"seed_played":"-5570452390379936330","potions_obtained":[{"floor":1,"key":"SteroidPotion"},{"floor":3,"key":"PowerPotion"},{"floor":8,"key":"Energy Potion"},{"floor":12,"key":"ColorlessPotion"},{"floor":16,"key":"Energy Potion"},{"floor":18,"key":"Weak Potion"}],"is_trial":false,"path_per_floor":["M","M","M","?","M","R","E","M","T","M","R","M","M","?","R","B",null,"M","?","M","M"],"character_chosen":"IRONCLAD","items_purchased":[],"campfire_rested":0,"item_purchase_floors":[],"current_hp_per_floor":[61,67,73,68,66,66,47,50,50,52,52,57,42,42,42,38,66,60,60,46,0,0],"gold":419,"neow_bonus":"RANDOM_COLORLESS","is_daily":false,"chose_seed":false,"campfire_upgraded":3,"win_rate":0.0,"timestamp":1613767754,"path_taken":["M","M","M","?","M","R","E","M","T","M","R","M","M","?","R","BOSS","M","?","M","M"],"items_purchased_type":[],"build_version":"2020-12-22","purchased_purges":0,"victory":false,"max_hp_per_floor":[75,75,75,75,75,75,75,75,75,75,75,75,75,75,75,75,75,75,75,75,75,75],"card_choices":[{"not_picked":["Forethought","Impatience"],"picked":"Dramatic Entrance","floor":0},{"not_picked":["Rage","Perfected Strike"],"picked":"Wild Strike","floor":1},{"not_picked":["Armaments","Sword Boomerang"],"picked":"Barricade","floor":2},{"not_picked":["Sever Soul","Body Slam"],"picked":"Power Through","floor":3},{"not_picked":["Warcry","Burning Pact"],"picked":"Disarm","floor":5},{"not_picked":["Clash","Thunderclap"],"picked":"Metallicize","floor":7},{"not_picked":["Dropkick","Intimidate"],"picked":"Ghostly Armor","floor":8},{"not_picked":["Iron Wave","Armaments"],"picked":"Entrench","floor":10},{"not_picked":["Rampage","Dropkick"],"picked":"Shrug It Off","floor":12},{"not_picked":["Sentinel","Flex","Shockwave"],"picked":"SKIP","floor":13},{"not_picked":["Warcry","Rupture"],"picked":"Body Slam","floor":18},{"not_picked":["Flex","Thunderclap"],"picked":"Headbutt","floor":20}],"player_experience":698390,"relics_obtained":[{"floor":7,"key":"Peace Pipe"},{"floor":9,"key":"StrikeDummy"}],"event_choices":[{"damage_healed":0,"gold_gain":0,"player_choice":"Success","damage_taken":5,"relics_obtained":["Ancient Tea Set"],"max_hp_gain":0,"max_hp_loss":0,"event_name":"Scrap Ooze","floor":4,"gold_loss":0},{"damage_healed":0,"gold_gain":0,"player_choice":"Ignored","damage_taken":0,"max_hp_gain":0,"max_hp_loss":0,"event_name":"Liars Game","floor":14,"gold_loss":0},{"damage_healed":0,"gold_gain":0,"player_choice":"Ignored","damage_taken":0,"max_hp_gain":0,"max_hp_loss":0,"event_name":"Ghosts","floor":19,"gold_loss":0}],"is_beta":false,"boss_relics":[{"not_picked":["Fusion Hammer","Calling Bell"],"picked":"Astrolabe"}],"items_purged_floors":[],"is_endless":false,"potions_floor_spawned":[1,3,8,12,16,18],"killed_by":"3 Cultists","ascension_level":16}}