{"host":"8is2j71l4wmybkoi","time":1613732458,"event":{"mods":["AchievementEnabler","BaseMod","Colored Map","DeckTracker","Minty Spire (QoL Compilation)","Rare Cards Sparkle","Relic Stats","StSLib","SuperFastMode"],"gold_per_floor":[15,15,25,125,138,138,166,186,186,186,186],"floor_reached":10,"language":"KOR","playtime":384,"items_purged":[],"score":102,"play_id":"3e4cf90b-22ba-4196-93a2-267c14ce74ad","local_time":"20210219200058","is_ascension_mode":true,"campfire_choices":[{"data":"Zap","floor":6,"key":"SMITH"}],"circlet_count":0,"master_deck":["AscendersBane","Strike_B","Strike_B","Strike_B","Defend_B","Defend_B","Zap+1","Dualcast","Undo","Consume","Rip and Tear","Loop","Cold Snap"],"relics":["Cracked Core","Smiling Mask"],"acts_visited":["Exordium"],"potions_floor_usage":[7],"damage_taken":[{"damage":0,"enemies":"Small Slimes","floor":1,"turns":3},{"damage":2,"enemies":"Jaw Worm","floor":3,"turns":3},{"damage":1,"enemies":"Cultist","floor":5,"turns":3},{"damage":17,"enemies":"3 Sentries","floor":7,"turns":5},{"damage":36,"enemies":"Exordium Thugs","floor":8,"turns":4},{"damage":13,"enemies":"Gremlin Nob","floor":10,"turns":2}],"seed_played":"-6121303679033480092","potions_obtained":[{"floor":1,"key":"PowerPotion"},{"floor":5,"key":"Dexterity Potion"}],"is_trial":false,"path_per_floor":["M","?","M","?","M","R","E","M","T","E"],"character_chosen":"DEFECT","items_purchased":[],"campfire_rested":0,"item_purchase_floors":[],"current_hp_per_floor":[68,68,66,66,65,65,48,12,12,0,0],"gold":186,"neow_bonus":"REMOVE_TWO","is_daily":false,"chose_seed":false,"campfire_upgraded":1,"win_rate":0.0,"timestamp":1613732458,"path_taken":["M","?","M","?","?","R","E","M","T","E"],"items_purchased_type":[],"build_version":"2020-12-22","purchased_purges":0,"victory":false,"max_hp_per_floor":[75,75,75,75,75,75,75,75,75,75,75],"relic_stats":{"counters":[6,20],"Smiling Mask":0,"obtain_stats":[{"Cracked Core":0,"Smiling Mask":7},{"Cracked Core":0,"Smiling Mask":4},{"Cracked Core":0,"Smiling Mask":14}]},"card_choices":[{"not_picked":["Hologram","Steam"],"picked":"Undo","floor":1},{"not_picked":["Reinforced Body","Coolheaded"],"picked":"Rip and Tear","floor":3},{"not_picked":["Darkness","Redo"],"picked":"Loop","floor":5},{"not_picked":["Rip and Tear","Streamline","Leap"],"picked":"SKIP","floor":7},{"not_picked":["Skim","Gash"],"picked":"Cold Snap","floor":8}],"player_experience":1248192,"relics_obtained":[{"floor":7,"key":"Smiling Mask"}],"event_choices":[{"damage_healed":0,"gold_gain":0,"cards_transformed":["Defend_B"],"player_choice":"Change","damage_taken":0,"max_hp_gain":0,"max_hp_loss":0,"event_name":"Living Wall","floor":2,"gold_loss":0,"cards_obtained":["Consume"]},{"damage_healed":0,"gold_gain":100,"player_choice":"Pray","damage_taken":0,"max_hp_gain":0,"max_hp_loss":0,"event_name":"Golden Shrine","floor":4,"gold_loss":0}],"is_beta":false,"boss_relics":[],"items_purged_floors":[],"is_endless":false,"potions_floor_spawned":[1,5],"killed_by":"Gremlin Nob","ascension_level":10}}