{"host":"bpdbi03e31cbjklx","time":1613700128,"event":{"mods":["BaseMod","Colored Map","Colored Powertips","Downfall","Highlight Path","Minty Spire (QoL Compilation)","Replay The Spire","StSLib","The Senshi"],"gold_per_floor":[110,110,110,110,123,136,153,153,188,241,241,1,18,37,52,69,69,164,164,178,178,178,111,149,181,181,181,181,181,165,165,185,185,185],"floor_reached":33,"language":"ENG","playtime":3422,"items_purged":[],"score":305,"play_id":"fa7fbde9-a9a2-4930-8090-7e2a6607248c","local_time":"20210218200208","is_ascension_mode":true,"campfire_choices":[{"data":"Armaments","floor":8,"key":"SMITH"},{"floor":17,"key":"RECALL"},{"floor":27,"key":"REST"},{"data":"Entrench","floor":29,"key":"SMITH"},{"data":"Iron Wave","floor":31,"key":"SMITH"}],"circlet_count":0,"master_deck":["Strike_R","Strike_R","Strike_R","Strike_R","Strike_R","Defend_R","Defend_R","Defend_R","Defend_R","Flex","Rampage","ReplayTheSpireMod:Strike From Hell","Armaments+1","Entrench+1","Fire Breathing","Flex","Iron Wave+1","Shrug It Off","Heavy Blade","Cleave","Double Tap","Pommel Strike+1","Rupture","Pot Of Greed","Pot Of Greed","Shrug It Off","Pot Of Greed","Replay:Undeath\u0027s Touch","Ghostly Armor+1","Iron Wave+1","Pummel+1"],"relics":["Burning Blood","Quantum Egg","Mirror","Lee\u0027s Waffle","SlaversCollar","NlothsMask","Grinning Jar","Smiling Mask"],"acts_visited":["Exordium","TheCity"],"potions_floor_usage":[7,18,18,18,24,32,32],"damage_taken":[{"damage":7,"enemies":"Small Slimes","floor":1,"turns":4},{"damage":1,"enemies":"Cultist","floor":5,"turns":3},{"damage":6,"enemies":"Jaw Worm","floor":6,"turns":3},{"damage":12,"enemies":"Exordium Wildlife","floor":7,"turns":4},{"damage":35,"enemies":"Lagavulin","floor":9,"turns":8},{"damage":21,"enemies":"Exordium Thugs","floor":13,"turns":5},{"damage":9,"enemies":"3 Louse","floor":14,"turns":3},{"damage":2,"enemies":"2 Fungi Beasts","floor":15,"turns":4},{"damage":0,"enemies":"Looter","floor":16,"turns":4},{"damage":30,"enemies":"Fading Forest","floor":18,"turns":11},{"damage":27,"enemies":"Spheric Guardian","floor":20,"turns":4},{"damage":5,"enemies":"Replay:Snechameleon","floor":25,"turns":8},{"damage":16,"enemies":"2 Thieves","floor":30,"turns":5},{"damage":22,"enemies":"3 Cultists","floor":32,"turns":8},{"damage":50,"enemies":"Gremlin Leader","floor":33,"turns":4}],"seed_played":"-6982182997797427435","potions_obtained":[{"floor":6,"key":"bronze:BurnAndBuffPotion"},{"floor":13,"key":"BlessingOfTheForge"},{"floor":14,"key":"Strength Potion"},{"floor":16,"key":"Milkshake"},{"floor":18,"key":"SpeedPotion"},{"floor":24,"key":"Fruit Juice"},{"floor":30,"key":"Energy Potion"}],"is_trial":false,"path_per_floor":["M","?","PTL","PTL","M","M","M","R","E","T","T","$","M","M","M","M","R","B",null,"M","$","?","$","?","E","?","R","T","R","M","R","M","E"],"character_chosen":"IRONCLAD","items_purchased":["Fire Breathing","Flex","Lee\u0027s Waffle","Rupture"],"campfire_rested":1,"item_purchase_floors":[12,12,12,23],"current_hp_per_floor":[87,87,87,87,88,88,82,82,53,53,53,95,80,77,81,87,87,63,95,74,74,74,74,41,42,42,72,72,72,62,62,46,0,0],"gold":185,"neow_bonus":"TEN_PERCENT_HP_BONUS","is_daily":false,"chose_seed":false,"campfire_upgraded":3,"win_rate":0.0,"timestamp":1613700128,"path_taken":["M","?","PTL","PTL","M","M","?","R","E","?","T","?","M","M","M","M","R","BOSS","M","$","?","?","?","E","?","R","T","R","M","R","M","E"],"items_purchased_type":["Card","Card","Relic","Card"],"build_version":"2020-12-22","purchased_purges":0,"victory":false,"max_hp_per_floor":[88,88,88,88,88,88,88,88,88,88,88,95,95,95,95,95,95,95,95,95,95,95,95,100,100,100,100,100,100,100,100,100,100,100],"card_choices":[{"not_picked":["Uppercut","Disarm"],"picked":"Flex","floor":1},{"not_picked":["Cleave","Battle Trance"],"picked":"Rampage","floor":5},{"not_picked":["Dropkick","Run Through"],"picked":"ReplayTheSpireMod:Strike From Hell","floor":6},{"not_picked":["Warcry","Anger"],"picked":"Armaments","floor":7},{"not_picked":["Cleave","Whirlwind"],"picked":"Entrench","floor":9},{"not_picked":["Seeing Red","True Grit"],"picked":"Iron Wave","floor":13},{"not_picked":["Wild Strike","Clothesline"],"picked":"Shrug It Off","floor":14},{"not_picked":["Sword Boomerang","Reaper"],"picked":"Heavy Blade","floor":15},{"not_picked":["Wild Strike","ReplayTheSpireMod:Limb From Limb"],"picked":"Cleave","floor":16},{"not_picked":["Corruption","Immolate"],"picked":"Double Tap","floor":18},{"not_picked":["Infernal Blade","ReplayTheSpireMod:Strike From Hell"],"picked":"Pommel Strike+1","floor":20},{"not_picked":["Battle Trance","Run Through"],"picked":"Shrug It Off","floor":24},{"not_picked":["Immolate","Battle Trance"],"picked":"Replay:Undeath\u0027s Touch","floor":24},{"not_picked":["ReplayTheSpireMod:Limb From Limb","ReplayTheSpireMod:Corrosion Curse"],"picked":"Ghostly Armor+1","floor":25},{"not_picked":["Reckless Charge+1","Sword Boomerang"],"picked":"Iron Wave+1","floor":30},{"not_picked":["ReplayTheSpireMod:Strike From Hell","ReplayReversal"],"picked":"Pummel+1","floor":32}],"player_experience":429077,"relics_obtained":[{"floor":9,"key":"Quantum Egg"},{"floor":11,"key":"Mirror"},{"floor":24,"key":"Grinning Jar"},{"floor":25,"key":"Smiling Mask"}],"event_choices":[{"cards_removed":["Bash"],"damage_healed":0,"gold_gain":0,"player_choice":"Purged","damage_taken":0,"max_hp_gain":0,"max_hp_loss":0,"event_name":"Purifier","floor":2,"gold_loss":0},{"damage_healed":0,"gold_gain":0,"player_choice":"Trade","damage_taken":0,"relics_obtained":["NlothsMask"],"max_hp_gain":0,"max_hp_loss":0,"event_name":"FaceTrader","floor":22,"gold_loss":0},{"damage_healed":0,"gold_gain":0,"player_choice":"Ignored","damage_taken":0,"max_hp_gain":0,"max_hp_loss":0,"event_name":"Ghosts","floor":26,"gold_loss":0}],"is_beta":false,"boss_relics":[{"not_picked":["Ring of Chaos","Velvet Choker"],"picked":"SlaversCollar"}],"items_purged_floors":[],"is_endless":false,"potions_floor_spawned":[6,13,14,16,18,30],"killed_by":"Gremlin Leader","ascension_level":1}}