{"host":"ydg0vn0pu4pubmdt","time":1613769700,"event":{"mods":["AchievementEnabler","BaseMod","Colored Map","Minty Spire (QoL Compilation)","Quick Restart","SuperFastMode"],"gold_per_floor":[111,186,111,111,122,122,150,162,186,219,233,248,266,276,276,276,276],"floor_reached":16,"language":"KOR","playtime":344,"items_purged":["Strike_R"],"score":278,"play_id":"ab29df52-c0e6-4843-ba4f-d4a54ad7b5b7","local_time":"20210220062140","is_ascension_mode":true,"campfire_choices":[{"data":"Feel No Pain","floor":6,"key":"SMITH"},{"data":"Body Slam","floor":15,"key":"SMITH"}],"circlet_count":0,"master_deck":["AscendersBane","Strike_R","Strike_R","Strike_R","Strike_R","Defend_R","Defend_R","Defend_R","Bash","Feel No Pain+1","Burning Pact","Carnage","Body Slam+1","Barricade","Anger"],"relics":["Burning Blood","NeowsBlessing","Bag of Preparation","Vajra","Nunchaku"],"acts_visited":["Exordium"],"potions_floor_usage":[10,11,13,16],"damage_taken":[{"damage":0,"enemies":"Small Slimes","floor":1,"turns":1},{"damage":0,"enemies":"Jaw Worm","floor":5,"turns":1},{"damage":0,"enemies":"3 Sentries","floor":7,"turns":1},{"damage":2,"enemies":"2 Louse","floor":8,"turns":4},{"damage":32,"enemies":"Gremlin Nob","floor":10,"turns":4},{"damage":2,"enemies":"Exordium Wildlife","floor":11,"turns":4},{"damage":11,"enemies":"Looter","floor":12,"turns":2},{"damage":16,"enemies":"Exordium Thugs","floor":13,"turns":9},{"damage":15,"enemies":"Exordium Wildlife","floor":14,"turns":3},{"damage":25,"enemies":"Hexaghost","floor":16,"turns":7}],"seed_played":"5401911031468031421","potions_obtained":[{"floor":5,"key":"LiquidMemories"},{"floor":8,"key":"SpeedPotion"},{"floor":10,"key":"PowerPotion"},{"floor":11,"key":"BloodPotion"},{"floor":12,"key":"PowerPotion"},{"floor":14,"key":"Ancient Potion"}],"is_trial":false,"path_per_floor":["M","?","$","?","M","R","E","M","T","E","M","M","M","M","R","B"],"character_chosen":"IRONCLAD","items_purchased":[],"campfire_rested":0,"item_purchase_floors":[],"current_hp_per_floor":[74,63,63,56,62,62,68,72,72,46,65,60,50,41,41,16,16],"gold":276,"neow_bonus":"THREE_ENEMY_KILL","is_daily":false,"chose_seed":false,"campfire_upgraded":2,"win_rate":0.0,"timestamp":1613769700,"path_taken":["M","?","$","?","M","R","E","M","T","E","M","M","M","M","R","BOSS"],"items_purchased_type":[],"build_version":"2020-12-22","purchased_purges":1,"victory":false,"max_hp_per_floor":[75,75,75,75,75,75,75,75,75,75,75,75,75,75,75,75,75],"card_choices":[{"not_picked":["Clash","Dual Wield"],"picked":"Feel No Pain","floor":1},{"not_picked":["Flex","Twin Strike"],"picked":"Burning Pact","floor":5},{"not_picked":["Intimidate","Iron Wave"],"picked":"Carnage","floor":7},{"not_picked":["Whirlwind","Spot Weakness","Heavy Blade"],"picked":"SKIP","floor":8},{"not_picked":["Combust","Feel No Pain"],"picked":"Body Slam","floor":10},{"not_picked":["Body Slam","Sword Boomerang"],"picked":"Barricade","floor":11},{"not_picked":["Rage","Thunderclap","Hemokinesis"],"picked":"SKIP","floor":12},{"not_picked":["Clash","Twin Strike"],"picked":"Anger","floor":13},{"not_picked":["Body Slam","Anger","Heavy Blade"],"picked":"SKIP","floor":14}],"player_experience":615345,"relics_obtained":[{"floor":7,"key":"Bag of Preparation"},{"floor":9,"key":"Vajra"},{"floor":10,"key":"Nunchaku"}],"event_choices":[{"damage_healed":0,"gold_gain":75,"player_choice":"Gather Gold","damage_taken":11,"max_hp_gain":0,"max_hp_loss":0,"event_name":"World of Goop","floor":2,"gold_loss":0},{"cards_removed":["Defend_R"],"damage_healed":0,"gold_gain":0,"player_choice":"Card Removal","damage_taken":7,"max_hp_gain":0,"max_hp_loss":0,"event_name":"Golden Wing","floor":4,"gold_loss":0}],"is_beta":false,"boss_relics":[],"items_purged_floors":[3],"is_endless":false,"potions_floor_spawned":[5,8,10,11,12,14],"killed_by":"Hexaghost","ascension_level":20}}