{"host":"dr01x95rw3kaiuk5","time":1613752071,"event":{"mods":["ATMod(°¢èªMod)","Act Like it!","Arknights","BaseMod","Colored Powertips","Conspire","Energized Spire","Friendly Minions","Gensokyo","GifTheSpireLib","Minty Spire (QoL Compilation)","MostiFishMod","Reliquary","Remilia£¨ÀÙÃ×ÀòÑÇ£©","Replay The Spire","Shop Mod","Spicy Shops","StSLib","TestMod","UnlockEverythingMod","[IsaacMod]ÒÔÈö¼âËþ","¡¾ÒÅÎï¿¨ÅÆ¡¿REMEMod"],"gold_per_floor":[116,116,126,176,234,246,308,320,386,434,470,525,555,592,604,704,716,751,683,720,557,591,632,632,28,28,428,504,526,561,579,579,673,673,702,723,25,49,71,127,181,244,244,285,325,160,160,199,199,239,295,295,295,135,191,311],"floor_reached":57,"language":"ZHS","playtime":3526,"items_purged":["Strike_R","Strike_R","Strike_R","Strike_R","Pot Of Greed","Armaments+1"],"score":3077,"play_id":"825fd977-f64c-4740-8fe0-3a3d78abe9cb","local_time":"20210220002751","is_ascension_mode":true,"campfire_choices":[{"data":"Pot Of Greed","floor":6.0,"key":"SMITH"},{"data":"AT_BodySlamDance","floor":8.0,"key":"SMITH"},{"data":"Armaments","floor":15.0,"key":"SMITH"},{"data":"MostiFishMod:FlyOverUtopia","floor":24.0,"key":"SMITH"},{"data":"AT_DarkMatter","floor":32,"key":"SMITH"},{"floor":47,"key":"RECALL"},{"data":"MostiFishMod:UltimateDefense","floor":49,"key":"SMITH"},{"data":"MostiFishMod:UltimateDefense+1","floor":53,"key":"SMITH"}],"circlet_count":0,"master_deck":["AscendersBane","AT_DarkMatter+1","Pot Of Greed+1","AT_BodySlamDance+1","Shrug It Off","Brutality","Shrug It Off","MostiFishMod:FlyOverUtopia+1","Metallicize","AT_BodySlamDance+1","conspire:Purge","MostiFishMod:DarkDeal","MostiFishMod:UltimateDefense+2","AT_ShrugMaster","Berserk","Fire Breathing","Seeing Red"],"relics":["Burning Blood","testmod-TestBox","HushsDoor","AT_ATBox","DaveBox","JellyFishMachine","YumHeart","testmod-LifeArmor","Grinning Jar","SynthV:TestCard","Blue Candle","testmod-Acrobat","MawBank","Potion Belt","MealTicket","Paper Frog","Centennial Puzzle","ChewingGum","Mango","Turnip","SynthV","PillsDrop","reliquary:MedicineBall","testmod-DeterminationOfClimber","SatanicBible","reliquary:BoilingFlask","SalivaCoin","testmod-AssaultLearning","testmod-Antiphasic","TheAbacus","Habit","MoneyPower"],"acts_visited":["Exordium","TheCity","TheBeyond","TheEnding"],"potions_floor_usage":[56,56,56,56,56],"damage_taken":[{"damage":7.0,"enemies":"2 Louse","floor":1.0,"turns":3.0},{"damage":6.0,"enemies":"conspire:RoseBush","floor":3.0,"turns":3.0},{"damage":22.0,"enemies":"Hiden Room Battle","floor":4.0,"turns":3.0},{"damage":6.0,"enemies":"Lagavulin","floor":7.0,"turns":7.0},{"damage":15.0,"enemies":"3 Sentries","floor":10.0,"turns":7.0},{"damage":2.0,"enemies":"Jaw Worm","floor":11.0,"turns":2.0},{"damage":2.0,"enemies":"Lagavulin","floor":12.0,"turns":5.0},{"damage":14.0,"enemies":"Large Slime","floor":13.0,"turns":2.0},{"damage":3.0,"enemies":"3 Louse","floor":14.0,"turns":4.0},{"damage":8.0,"enemies":"Hexaghost","floor":16.0,"turns":3.0},{"damage":6.0,"enemies":"Spheric Guardian","floor":18.0,"turns":4.0},{"damage":4.0,"enemies":"Chosen","floor":20.0,"turns":2.0},{"damage":12.0,"enemies":"Shelled Parasite and Fungi","floor":22.0,"turns":3.0},{"damage":4.0,"enemies":"Replay:Snechameleon","floor":23.0,"turns":1.0},{"damage":4,"enemies":"Snecko","floor":29,"turns":1},{"damage":6,"enemies":"conspire:SneckoGhost","floor":30,"turns":2},{"damage":4,"enemies":"Snake Plant","floor":31,"turns":1},{"damage":11,"enemies":"Automaton","floor":33,"turns":3},{"damage":9,"enemies":"3 Darklings","floor":35,"turns":1},{"damage":9,"enemies":"3 Shapes","floor":36,"turns":1},{"damage":10,"enemies":"Jaw Worm Horde","floor":38,"turns":1},{"damage":9,"enemies":"Spire Growth","floor":39,"turns":1},{"damage":14,"enemies":"Giant Head","floor":40,"turns":1},{"damage":10,"enemies":"Maw","floor":41,"turns":1},{"damage":10,"enemies":"R_Hoarder","floor":42,"turns":2},{"damage":5,"enemies":"4 Shapes","floor":44,"turns":1},{"damage":4,"enemies":"Sphere and 2 Shapes","floor":45,"turns":1},{"damage":4,"enemies":"3 Darklings","floor":48,"turns":1},{"damage":9,"enemies":"conspire:OrnateMirror","floor":50,"turns":1},{"damage":13,"enemies":"Replay:Hell Engine","floor":51,"turns":1},{"damage":5,"enemies":"Shield and Spear","floor":55,"turns":1},{"damage":19,"enemies":"The Heart","floor":56,"turns":4}],"seed_played":"-6770420789888425710","potions_obtained":[{"floor":1.0,"key":"DuplicationPotion"},{"floor":3.0,"key":"Weak Potion"},{"floor":11.0,"key":"testmod-SpacePotion"},{"floor":12.0,"key":"Regen Potion"},{"floor":14.0,"key":"Energy Potion"},{"floor":22.0,"key":"Ancient Potion"},{"floor":29,"key":"Dexterity Potion"},{"floor":31,"key":"PowerPotion"},{"floor":33,"key":"Explosive Potion"},{"floor":35,"key":"Elixir"},{"floor":39,"key":"Block Potion"}],"is_trial":false,"path_per_floor":["M","?","M","?","?","R","E","R","T","E","M","E","M","M","R","B",null,"M","?","M","$","M","E","R","$","T","?","T","M","E","M","R","B",null,"M","M","$","M","M","E","M","E","T","M","M","$","R","M","R","B","B",null,"R","$","E","B",null],"character_chosen":"IRONCLAD","items_purchased":["Turnip","SynthV","MostiFishMod:UltimateDefense","AT_ShrugMaster","SatanicBible","reliquary:BoilingFlask","TheAbacus","Habit"],"campfire_rested":0,"item_purchase_floors":[25,25,34,34,37,37,46,54],"current_hp_per_floor":[74,74,74,58,34,34,34,34,59,50,54,58,50,75,75,73,70,70,70,70,70,64,80,80,84,84,84,84,87,87,87,87,82,73,73,72,73,71,70,69,70,72,72,68,71,71,71,71,71,71,71,71,71,71,71,66],"gold":311,"neow_bonus":"RANDOM_COMMON_RELIC","is_daily":false,"chose_seed":false,"campfire_upgraded":7,"win_rate":0.0,"timestamp":1613752071,"path_taken":["M","?","M","?","?","R","E","R","T","E","M","E","?","?","R","BOSS","M","?","?","?","M","E","R","$","T","?","?","?","E","M","R","BOSS","M","M","$","M","M","E","M","E","T","M","M","$","R","M","R","BOSS","BOSS","R","$","E","BOSS"],"items_purchased_type":["Relic","Relic","Card","Card","Relic","Relic","Relic","Relic"],"build_version":"2020-12-22","purchased_purges":6,"victory":true,"max_hp_per_floor":[75,75,75,75,75,75,75,75,75,75,75,75,75,75,75,75,70,70,70,70,70,70,84,84,84,84,84,84,87,87,87,87,87,73,73,73,73,73,73,73,73,73,73,68,71,71,71,71,71,71,71,71,71,71,71,71],"card_choices":[{"not_picked":["AT_ManFootWork","Perfected Strike"],"picked":"Bomb","floor":1.0},{"not_picked":["Shockwave","Armaments","ReplayTheSpireMod:Corrosion Curse","AT_DrawKnifeCut"],"picked":"Bomb","floor":3.0},{"not_picked":["AT_ShrugMaster","ReplayTheSpireMod:Strike From Hell","Bomb","Replay:Undeath\u0027s Touch"],"picked":"AT_BodySlamDance","floor":4.0},{"not_picked":["True Grit","Corruption","Iron Wave","AT_DiedThrough"],"picked":"Armaments","floor":5.0},{"not_picked":["Headbutt","Warcry","MostiFishMod:BrandingRite","Whirlwind"],"picked":"Shrug It Off","floor":5.0},{"not_picked":["Warcry","Anger","Shockwave","Evolve","Bloodletting"],"picked":"SKIP","floor":7.0},{"not_picked":["ReplayReversal","Warcry","AT_IchimonjiDouble","Havoc"],"picked":"Brutality","floor":10.0},{"not_picked":["Twin Strike","REME_Scribble","REME_FearOfPain","Anger","Sever Soul"],"picked":"SKIP","floor":11.0},{"not_picked":["Iron Wave","Seeing Red","Clothesline","AT_IchimonjiDouble"],"picked":"True Grit","floor":12.0},{"not_picked":["Inflame","ReplayTheSpireMod:Strike From Hell","MostiFishMod:Mania","Headbutt"],"picked":"Shrug It Off","floor":13.0},{"not_picked":["Wild Strike","ReplayTheSpireMod:LeadingStrike","Seeing Red","REME_FearOfPain","Flex"],"picked":"SKIP","floor":14.0},{"not_picked":["Impervious","Double Tap","Fiend Fire","REME_TheLastStrike"],"picked":"MostiFishMod:FlyOverUtopia","floor":16.0},{"not_picked":["Cleave","Clothesline","Thunderclap","AT_DiedThrough"],"picked":"Metallicize","floor":18.0},{"not_picked":["Iron Wave","Thunderclap","Uppercut","Reckless Charge+1"],"picked":"AT_BodySlamDance+1","floor":20.0},{"not_picked":["Warcry","Shrug It Off","ReplayTheSpireMod:Corrosion Curse","Burning Pact","Shockwave"],"picked":"SKIP","floor":22.0},{"not_picked":["Warcry","Shrug It Off","ReplayTheSpireMod:Corrosion Curse","Shockwave"],"picked":"Burning Pact","floor":22.0},{"not_picked":["Iron Wave","Rampage","MostiFishMod:KnuckleDown","Rage","Twin Strike"],"picked":"SKIP","floor":23.0},{"not_picked":["Clothesline","Perfected Strike","AT_BodySlamDance+1","Brutality","Sword Boomerang"],"picked":"SKIP","floor":29},{"not_picked":["Clash","ReplayTheSpireMod:Strike From Hell","AT_BodySlamDance","MostiFishMod:HellRitual"],"picked":"conspire:Purge","floor":30},{"not_picked":["Headbutt","Shrug It Off","conspire:ExplosiveBarrier","Perfected Strike","Havoc"],"picked":"SKIP","floor":31},{"not_picked":["Limit Break","MostiFishMod:404NotFound","MostiFishMod:DoubleSword","Replay:Many Hands"],"picked":"MostiFishMod:DarkDeal","floor":33},{"not_picked":["Thunderclap","Abandon","ReplayTheSpireMod:Muscle Training","Clash","Heavy Blade"],"picked":"SKIP","floor":35},{"not_picked":["Clothesline","Feel No Pain","ReplayTheSpireMod:Limb From Limb","conspire:ExplosiveBarrier"],"picked":"Berserk","floor":36},{"not_picked":["Anger","Run Through","AT_ManFootWork+1","conspire:Charge+1","Thunderclap"],"picked":"SKIP","floor":38},{"not_picked":["Iron Wave","Perfected Strike","Shockwave","Sword Boomerang","MostiFishMod:RacingGame"],"picked":"SKIP","floor":39},{"not_picked":["Wild Strike","Reckless Charge","REME_Cut","MostiFishMod:Mania","Body Slam+1"],"picked":"SKIP","floor":40},{"not_picked":["Headbutt","REME_FearOfPain","Battle Trance","Run Through"],"picked":"Fire Breathing","floor":41},{"not_picked":["True Grit","Clothesline","Warcry+1","Disarm+1"],"picked":"Seeing Red","floor":42},{"not_picked":["Iron Wave","Clash","Twin Strike","Rage","AT_DrawKnifeCut"],"picked":"SKIP","floor":44},{"not_picked":["True Grit","Evolve","Pommel Strike","Iron Wave","AT_IchimonjiDouble"],"picked":"SKIP","floor":45},{"not_picked":["Clothesline","Uppercut+1","Abandon+1","Dual Wield","Warcry"],"picked":"SKIP","floor":48},{"not_picked":["ReplayTheSpireMod:Corrosion Curse+1","Warcry","AT_DrawKnifeCut","Run Through+1","conspire:ExplosiveBarrier"],"picked":"SKIP","floor":55}],"player_experience":222545,"relics_obtained":[{"floor":1.0,"key":"SynthV:TestCard"},{"floor":4.0,"key":"Blue Candle"},{"floor":4.0,"key":"testmod-Acrobat"},{"floor":5.0,"key":"MawBank"},{"floor":7.0,"key":"Potion Belt"},{"floor":9.0,"key":"MealTicket"},{"floor":10.0,"key":"Paper Frog"},{"floor":12.0,"key":"Centennial Puzzle"},{"floor":23.0,"key":"Mango"},{"floor":28,"key":"PillsDrop"},{"floor":30,"key":"reliquary:MedicineBall"},{"floor":40,"key":"SalivaCoin"},{"floor":42,"key":"testmod-AssaultLearning"},{"floor":43,"key":"testmod-Antiphasic"},{"floor":55,"key":"MoneyPower"}],"event_choices":[{"damage_healed":0.0,"max_hp_gain":0.0,"max_hp_loss":0.0,"gold_gain":0.0,"event_name":"HidenRoomEvent","player_choice":"Fight","floor":4.0,"gold_loss":0.0,"damage_taken":0.0},{"damage_healed":0,"gold_gain":400,"player_choice":"Sell","damage_taken":0,"max_hp_gain":0,"max_hp_loss":0,"event_name":"¶÷ÂåË¹µÄÅÌ×Ó","floor":27,"relics_lost":["REME_ComplimentaryCards"],"gold_loss":0}],"is_beta":false,"boss_relics":[{"not_picked":["Ooze Armor","testmod-BloodSacrificeSpiritualization"],"picked":"ChewingGum"},{"not_picked":[]},{"not_picked":["reliquary:Craggleroot","Tiny House"],"picked":"testmod-DeterminationOfClimber"},{"not_picked":[]}],"items_purged_floors":[17,21,21,25,34,37],"is_endless":false,"potions_floor_spawned":[1,3,11,12,14,22,29,31,33,35,36,39,41,45,48],"ascension_level":20}}