{"host":"nz3b9aqbmxhcwgr9","time":1613711317,"event":{"mods":["BaseMod","Marisa????????","Minty Spire (QoL Compilation)","Quick Restart","Relic Stats","StSLib","Waifu the Spire"],"gold_per_floor":[115,40,40,40,50,76,151,151,175,186,220,114,94,19,19,19,19],"floor_reached":16,"language":"ENG","playtime":286,"items_purged":["Strike_G"],"score":219,"play_id":"a9101630-216d-487b-8d46-196ea318cce3","local_time":"20210218230837","is_ascension_mode":true,"campfire_choices":[{"data":"Deadly Poison","floor":8,"key":"SMITH"},{"floor":15,"key":"REST"}],"circlet_count":0,"master_deck":["AscendersBane","Strike_G","Strike_G+1","Strike_G+1","Strike_G","Defend_G","Defend_G","Defend_G","Defend_G","Defend_G","Survivor","Neutralize","Footwork","Deadly Poison+1","Sucker Punch","Backflip+1","Malaise+1","PiercingWail+1","Cloak And Dagger+1"],"relics":["Ring of the Snake","NeowsBlessing","Peace Pipe","Toxic Egg 2","Snake Skull","Whetstone","Tough Bandages"],"acts_visited":["Exordium"],"potions_floor_usage":[6,11],"damage_taken":[{"damage":0,"enemies":"Small Slimes","floor":1,"turns":1},{"damage":0,"enemies":"Jaw Worm","floor":5,"turns":1},{"damage":0,"enemies":"3 Sentries","floor":6,"turns":1},{"damage":3,"enemies":"2 Louse","floor":10,"turns":3},{"damage":30,"enemies":"Gremlin Nob","floor":11,"turns":4},{"damage":0,"enemies":"Exordium Thugs","floor":13,"turns":4},{"damage":47,"enemies":"Slime Boss","floor":16,"turns":8}],"seed_played":"2749258086867401422","potions_obtained":[{"floor":1,"key":"AttackPotion"},{"floor":10,"key":"ColorlessPotion"}],"is_trial":false,"path_per_floor":["M","$","?","?","M","E","?","R","T","M","E","?","M","$","R","B"],"character_chosen":"THE_SILENT","items_purchased":["Cloak And Dagger+1","SteroidPotion"],"campfire_rested":1,"item_purchase_floors":[14,14],"current_hp_per_floor":[63,63,63,63,63,63,52,52,52,49,19,19,19,19,40,0,0],"gold":19,"neow_bonus":"THREE_ENEMY_KILL","is_daily":false,"chose_seed":false,"campfire_upgraded":1,"win_rate":0.0,"timestamp":1613711317,"path_taken":["M","$","?","?","M","E","?","R","T","M","E","?","M","$","R","BOSS"],"items_purchased_type":["Card","Potion"],"build_version":"2020-12-22","purchased_purges":1,"victory":false,"max_hp_per_floor":[70,70,70,70,70,70,70,70,70,70,70,70,70,70,70,70,70],"relic_stats":{"Peace Pipe":0,"Tough Bandages":[0],"counters":[7,22],"Snake Skull":[8],"Whetstone":["Strike_G","Strike_G"],"obtain_stats":[{"Peace Pipe":3,"Tough Bandages":12,"NeowsBlessing":0,"Snake Skull":9,"Whetstone":11,"Toxic Egg 2":6,"Ring of the Snake":0},{"Peace Pipe":1,"Tough Bandages":5,"NeowsBlessing":0,"Snake Skull":3,"Whetstone":5,"Toxic Egg 2":3,"Ring of the Snake":0},{"Peace Pipe":1,"Tough Bandages":10,"NeowsBlessing":0,"Snake Skull":3,"Whetstone":10,"Toxic Egg 2":3,"Ring of the Snake":0}],"Ring of the Snake":[14]},"card_choices":[{"not_picked":["Calculated Gamble","Bane"],"picked":"Footwork","floor":1},{"not_picked":["Flying Knee","Backstab"],"picked":"Deadly Poison","floor":5},{"not_picked":["Outmaneuver+1","Slice"],"picked":"Sucker Punch","floor":6},{"not_picked":["Grand Finale","Underhanded Strike"],"picked":"Backflip+1","floor":10},{"not_picked":["Deadly Poison+1","Underhanded Strike"],"picked":"Malaise+1","floor":11},{"not_picked":["Prepared+1","Quick Slash"],"picked":"PiercingWail+1","floor":13}],"player_experience":856582,"relics_obtained":[{"floor":6,"key":"Toxic Egg 2"},{"floor":9,"key":"Snake Skull"},{"floor":11,"key":"Whetstone"}],"event_choices":[{"damage_healed":0,"gold_gain":0,"player_choice":"Box","damage_taken":0,"relics_obtained":["Peace Pipe"],"max_hp_gain":0,"max_hp_loss":0,"event_name":"Big Fish","floor":3,"gold_loss":0,"cards_obtained":["Regret"]},{"cards_removed":["Regret"],"damage_healed":0,"gold_gain":0,"player_choice":"Forget","damage_taken":0,"max_hp_gain":0,"max_hp_loss":0,"event_name":"Living Wall","floor":4,"gold_loss":0},{"damage_healed":0,"gold_gain":75,"player_choice":"Gather Gold","damage_taken":11,"max_hp_gain":0,"max_hp_loss":0,"event_name":"World of Goop","floor":7,"gold_loss":0},{"damage_healed":0,"gold_gain":0,"player_choice":"Paid Gold","damage_taken":0,"relics_obtained":["Tough Bandages"],"max_hp_gain":0,"max_hp_loss":0,"event_name":"WeMeetAgain","floor":12,"gold_loss":106}],"is_beta":false,"boss_relics":[],"items_purged_floors":[2],"is_endless":false,"potions_floor_spawned":[1,10],"killed_by":"Slime Boss","ascension_level":13}}