{"host":"xe7vird6mhwsic73","time":1613750490,"event":{"mods":["BaseMod","Highlight Path","Minty Spire (QoL Compilation)","Relic Stats","StSLib"],"gold_per_floor":[119,132,145,156,174,174,207,207,207,2,2,2,36,14,14,113,113,127,145,161,176,176,176,176,176],"floor_reached":24,"language":"ENG","playtime":1495,"items_purged":[],"score":218,"play_id":"e789fc13-5352-428f-b834-208a90bc9b12","local_time":"20210219110130","is_ascension_mode":true,"campfire_choices":[{"data":"Eruption","floor":6,"key":"SMITH"},{"data":"SashWhip","floor":8,"key":"SMITH"},{"data":"Vigilance","floor":12,"key":"SMITH"},{"data":"LessonLearned","floor":15,"key":"SMITH"},{"floor":23,"key":"REST"}],"circlet_count":0,"master_deck":["Strike_P","Strike_P","Strike_P","Defend_P+1","Defend_P","Defend_P","Defend_P+1","Eruption+1","Vigilance+1","Evaluate","FlurryOfBlows","DeceiveReality","Tantrum","FearNoEvil","SashWhip+1","Establishment","Evaluate+1","LessonLearned+1","LessonLearned","FlurryOfBlows+1","WindmillStrike","InnerPeace+1","Necronomicurse"],"relics":["PureWater","Pear","Art of War","Membership Card","MawBank","Black Star","Necronomicon"],"acts_visited":["Exordium","TheCity"],"potions_floor_usage":[7,13,16,24],"damage_taken":[{"damage":4,"enemies":"Jaw Worm","floor":1,"turns":5},{"damage":1,"enemies":"Cultist","floor":2,"turns":3},{"damage":4,"enemies":"2 Louse","floor":3,"turns":3},{"damage":0,"enemies":"Blue Slaver","floor":4,"turns":3},{"damage":8,"enemies":"Exordium Thugs","floor":5,"turns":4},{"damage":11,"enemies":"3 Sentries","floor":7,"turns":4},{"damage":1,"enemies":"Lagavulin","floor":13,"turns":5},{"damage":51,"enemies":"Hexaghost","floor":16,"turns":12},{"damage":29,"enemies":"2 Thieves","floor":18,"turns":5},{"damage":1,"enemies":"Spheric Guardian","floor":19,"turns":4},{"damage":34,"enemies":"Snake Plant","floor":20,"turns":6},{"damage":12,"enemies":"Centurion and Healer","floor":21,"turns":7},{"damage":48,"enemies":"Gremlin Leader","floor":24,"turns":4}],"seed_played":"-9065892160146574700","potions_obtained":[{"floor":2,"key":"FairyPotion"},{"floor":4,"key":"Dexterity Potion"},{"floor":7,"key":"FearPotion"},{"floor":18,"key":"Strength Potion"}],"is_trial":false,"path_per_floor":["M","M","M","M","M","R","E","R","T","$","?","R","E","$","R","B",null,"M","M","M","M","?","R","E"],"character_chosen":"WATCHER","items_purchased":["Membership Card","Establishment","Block Potion","LessonLearned"],"campfire_rested":1,"item_purchase_floors":[10,10,10,14],"current_hp_per_floor":[68,67,63,63,55,55,54,54,54,54,54,54,53,53,53,2,82,53,52,18,6,14,38,0,0],"gold":176,"neow_bonus":"THREE_CARDS","is_daily":false,"chose_seed":false,"campfire_upgraded":4,"win_rate":0.0,"timestamp":1613750490,"path_taken":["M","M","M","M","M","R","E","R","T","$","?","R","E","?","R","BOSS","M","M","M","M","?","R","E"],"items_purchased_type":["Relic","Card","Potion","Card"],"build_version":"2020-12-22","purchased_purges":0,"victory":false,"max_hp_per_floor":[72,72,72,72,72,72,82,82,82,82,82,82,82,82,82,82,82,82,82,82,82,82,82,82,82],"relic_stats":{"counters":[13,65],"Art of War":[6],"Black Star":0,"Necronomicon":[0],"MawBank":12,"obtain_stats":[{"Pear":7,"Art of War":9,"Black Star":17,"Necronomicon":22,"Membership Card":10,"PureWater":0,"MawBank":13},{"Pear":6,"Art of War":6,"Black Star":8,"Necronomicon":12,"Membership Card":6,"PureWater":0,"MawBank":7},{"Pear":22,"Art of War":22,"Black Star":39,"Necronomicon":61,"Membership Card":22,"PureWater":0,"MawBank":27}]},"card_choices":[{"not_picked":["Protect","JustLucky"],"picked":"Evaluate","floor":0},{"not_picked":["EmptyFist","Adaptation"],"picked":"FlurryOfBlows","floor":1},{"not_picked":["Evaluate","Wireheading"],"picked":"DeceiveReality","floor":2},{"not_picked":["WheelKick","TalkToTheHand"],"picked":"Tantrum","floor":3},{"not_picked":["Worship","EmptyBody"],"picked":"FearNoEvil","floor":4},{"not_picked":["CarveReality","JustLucky","CrushJoints"],"picked":"SKIP","floor":5},{"not_picked":["Indignation","BowlingBash"],"picked":"SashWhip","floor":7},{"not_picked":["Weave","Adaptation"],"picked":"Evaluate","floor":13},{"not_picked":["Alpha","Ragnarok"],"picked":"LessonLearned","floor":16},{"not_picked":["Evaluate","Halt"],"picked":"FlurryOfBlows","floor":18},{"not_picked":["ThirdEye","Fasting2"],"picked":"WindmillStrike","floor":19},{"not_picked":["Tantrum","Evaluate"],"picked":"InnerPeace+1","floor":20},{"not_picked":["Prostrate","Protect","JustLucky"],"picked":"SKIP","floor":21}],"player_experience":193253,"relics_obtained":[{"floor":7,"key":"Pear"},{"floor":9,"key":"Art of War"},{"floor":13,"key":"MawBank"},{"floor":22,"key":"Necronomicon"}],"event_choices":[{"cards_removed":["Strike_P"],"damage_healed":0,"gold_gain":0,"player_choice":"Purged","damage_taken":0,"max_hp_gain":0,"max_hp_loss":0,"event_name":"Purifier","floor":11,"gold_loss":0},{"damage_healed":0,"gold_gain":0,"player_choice":"Obtained Book","damage_taken":16,"max_hp_gain":0,"max_hp_loss":0,"event_name":"Cursed Tome","floor":22,"gold_loss":0}],"is_beta":false,"boss_relics":[{"not_picked":["Runic Dome","SacredBark"],"picked":"Black Star"}],"items_purged_floors":[],"is_endless":false,"potions_floor_spawned":[2,4,7,18],"killed_by":"Gremlin Leader","ascension_level":1}}