{"host":"ifvrsrzj00f2ebkn","time":1613695535,"event":{"mods":["BaseMod","Colored Map","Colored Powertips","Minty Spire (QoL Compilation)","Random Character Button","Shop Mod","StSLib"],"gold_per_floor":[109,109,124,101,120,155,180,207,289,317,349,380,412,440,440,516,516,526,145,145,54,54,87,121,121,145,171,24,35,35,55,55,132,132,145,145,145,494,504,504,504,517,544,544,571,240,269,281,281,281],"floor_reached":51,"language":"ENG","playtime":7153,"items_purged":[],"score":1813,"play_id":"fbf4af7c-cf79-482c-aceb-116e85bb876b","local_time":"20210219084535","daily_mods":["SealedDeck","Hoarder","Red Cards","Heirloom","Time Dilation","Flight","DeadlyEvents","Elite Swarm"],"is_ascension_mode":true,"campfire_choices":[{"data":"Rage","floor":15.0,"key":"SMITH"},{"floor":25.0,"key":"REST"},{"data":"Rage","floor":30,"key":"SMITH"},{"data":"Rage","floor":32,"key":"SMITH"},{"floor":40,"key":"REST"},{"data":"Double Tap","floor":41,"key":"SMITH"},{"floor":44,"key":"REST"},{"floor":49,"key":"REST"}],"circlet_count":0,"master_deck":["AscendersBane","Headbutt","Headbutt","Headbutt","Cleave","Cleave","Rage","Rage+1","Rage+1","Spot Weakness","Spot Weakness","Spot Weakness","Body Slam","Body Slam","Body Slam","Ghostly Armor","Ghostly Armor","Ghostly Armor","Iron Wave","Iron Wave","Iron Wave","True Grit","True Grit","True Grit","Ghostly Armor","Ghostly Armor","Ghostly Armor","Iron Wave","Iron Wave","Iron Wave","Rage","Rage+1","Rage+1","Headbutt","Headbutt","Headbutt","Reaper","Reaper","Reaper","Limit Break","Limit Break","Limit Break","Apotheosis","Apotheosis","Apotheosis","Inflame","Inflame","Inflame","Writhe","Writhe","Writhe","Bandage Up","Bandage Up","Bandage Up","Shame","Shame","Shame","Whirlwind","Whirlwind","Whirlwind","Double Tap+1","Double Tap","Double Tap"],"relics":["Burning Blood","Ginger","Mercury Hourglass","Torii","Mummified Hand","HornCleat","Ornamental Fan","Shuriken","FossilizedHelix","Question Card","Dead Branch","Velvet Choker","Lantern","Boot","Pocketwatch","Red Skull","Bag of Marbles","Vajra","Oddly Smooth Stone","Mark of Pain","Centennial Puzzle","CeramicFish","Gremlin Horn","MerchantsRug","White Beast Statue"],"acts_visited":["Exordium","TheCity","TheBeyond"],"potions_floor_usage":[33,39,47,47,48],"damage_taken":[{"damage":0.0,"enemies":"Jaw Worm","floor":1.0,"turns":5.0},{"damage":0.0,"enemies":"Cultist","floor":3.0,"turns":3.0},{"damage":0.0,"enemies":"2 Louse","floor":5.0,"turns":2.0},{"damage":4.0,"enemies":"Lagavulin","floor":6.0,"turns":8.0},{"damage":10.0,"enemies":"3 Sentries","floor":7.0,"turns":5.0},{"damage":13.0,"enemies":"Gremlin Nob","floor":8.0,"turns":4.0},{"damage":1.0,"enemies":"3 Sentries","floor":10.0,"turns":4.0},{"damage":1.0,"enemies":"Lagavulin","floor":11.0,"turns":6.0},{"damage":2.0,"enemies":"3 Sentries","floor":12.0,"turns":5.0},{"damage":0.0,"enemies":"Gremlin Nob","floor":13.0,"turns":4.0},{"damage":2.0,"enemies":"Lagavulin","floor":14.0,"turns":7.0},{"damage":38.0,"enemies":"The Guardian","floor":16.0,"turns":13.0},{"damage":0.0,"enemies":"3 Byrds","floor":18.0,"turns":5.0},{"damage":14.0,"enemies":"Book of Stabbing","floor":23.0,"turns":4.0},{"damage":67.0,"enemies":"Slavers","floor":24.0,"turns":5.0},{"damage":31,"enemies":"Book of Stabbing","floor":27,"turns":6},{"damage":6,"enemies":"Chosen","floor":29,"turns":3},{"damage":9,"enemies":"Centurion and Healer","floor":31,"turns":4},{"damage":42,"enemies":"Champ","floor":33,"turns":8},{"damage":22,"enemies":"Orb Walker","floor":35,"turns":4},{"damage":52,"enemies":"2 Orb Walkers","floor":38,"turns":5},{"damage":17,"enemies":"3 Shapes","floor":39,"turns":4},{"damage":43,"enemies":"Spire Growth","floor":42,"turns":7},{"damage":0,"enemies":"Nemesis","floor":45,"turns":8},{"damage":76,"enemies":"Giant Head","floor":47,"turns":9},{"damage":9,"enemies":"Transient","floor":48,"turns":5},{"damage":82,"enemies":"Donu and Deca","floor":50,"turns":8}],"seed_played":"-6499351404737713126","potions_obtained":[{"floor":3.0,"key":"FearPotion"},{"floor":5.0,"key":"ElixirPotion"},{"floor":38,"key":"BloodPotion"},{"floor":45,"key":"Explosive Potion"},{"floor":47,"key":"FearPotion"},{"floor":48,"key":"LiquidBronze"}],"is_trial":true,"path_per_floor":["M","?","M","$","M","E","E","E","T","E","E","E","E","E","R","B",null,"M","$","?","$","?","E","E","R","T","E","$","M","R","M","R","B",null,"M","?","$","?","M","R","R","M","T","R","E","$","E","M","R","B",null],"character_chosen":"IRONCLAD","items_purchased":["Headbutt","Lantern","Apotheosis","Inflame","Bandage Up","Oddly Smooth Stone","Gremlin Horn","MerchantsRug"],"campfire_rested":4,"item_purchase_floors":[4,19,19,19,21,28,46,46],"current_hp_per_floor":[74,74,75,75,75,75,71,64,64,75,75,75,75,75,75,57,71,75,75,75,75,75,75,56,75,75,57,57,76,76,82,82,52,75,80,80,80,34,61,82,82,53,53,77,82,82,32,37,61,56],"gold":281,"neow_bonus":"","is_daily":false,"chose_seed":false,"campfire_upgraded":4,"win_rate":0.0,"timestamp":1613695535,"path_taken":["M","?","?","$","?","E","E","?","T","E","E","E","E","E","R","BOSS","M","$","?","$","?","E","E","R","T","E","$","?","R","M","R","BOSS","M","?","$","?","?","R","R","M","T","R","?","$","E","M","R","BOSS"],"items_purchased_type":["Card","Relic","Card","Card","Card","Relic","Relic","Relic"],"build_version":"2020-12-22","purchased_purges":0,"victory":true,"max_hp_per_floor":[75,75,75,75,75,75,75,75,75,75,75,75,75,75,75,75,75,75,75,75,75,75,75,75,75,75,82,82,82,82,82,82,82,82,82,82,82,82,82,82,82,82,82,82,82,82,82,82,82,82],"card_choices":[{"not_picked":["Seeing Red","Entrench"],"picked":"Rage","floor":1.0},{"not_picked":["Dropkick","Havoc","Shockwave"],"picked":"SKIP","floor":3.0},{"not_picked":["Power Through","Clash","Havoc"],"picked":"SKIP","floor":5.0},{"not_picked":["Barricade","Corruption","Exhume"],"picked":"SKIP","floor":6.0},{"not_picked":["Double Tap","Offering","Juggernaut"],"picked":"SKIP","floor":7.0},{"not_picked":["Exhume","Corruption"],"picked":"Reaper","floor":8.0},{"not_picked":["Brutality","Bludgeon","Double Tap"],"picked":"SKIP","floor":10.0},{"not_picked":["Reaper","Feed","Berserk"],"picked":"SKIP","floor":11.0},{"not_picked":["Juggernaut","Barricade"],"picked":"Limit Break","floor":12.0},{"not_picked":["Corruption","Berserk","Juggernaut"],"picked":"SKIP","floor":13.0},{"not_picked":["Fiend Fire","Corruption","Berserk","Bludgeon"],"picked":"SKIP","floor":14.0},{"not_picked":["Sever Soul","Clothesline","Havoc","Power Through"],"picked":"SKIP","floor":18.0},{"not_picked":["Impervious","Corruption","Limit Break","Barricade"],"picked":"SKIP","floor":23.0},{"not_picked":["Exhume","Feed","Berserk","Reaper"],"picked":"SKIP","floor":24.0},{"not_picked":["Exhume","Barricade","Corruption","Offering"],"picked":"SKIP","floor":27},{"not_picked":["Combust","Pummel","Wild Strike"],"picked":"Whirlwind","floor":29},{"not_picked":["Body Slam","Flame Barrier","Infernal Blade+1","True Grit"],"picked":"SKIP","floor":31},{"not_picked":["Brutality","Demon Form","Fiend Fire"],"picked":"Double Tap","floor":33},{"not_picked":["Warcry+1","Clash+1","Anger","Sentinel"],"picked":"SKIP","floor":35},{"not_picked":["Wild Strike","Limit Break","Flex+1","Clash"],"picked":"SKIP","floor":39},{"not_picked":["Reckless Charge","Thunderclap","Rupture","Iron Wave"],"picked":"SKIP","floor":42},{"not_picked":["Brutality","Barricade","Immolate","Juggernaut"],"picked":"SKIP","floor":45},{"not_picked":["Bludgeon","Feed","Juggernaut","Corruption"],"picked":"SKIP","floor":47},{"not_picked":["Anger","Warcry","Headbutt","Perfected Strike+1"],"picked":"SKIP","floor":48}],"player_experience":121631,"relics_obtained":[{"floor":6.0,"key":"Mercury Hourglass"},{"floor":7.0,"key":"Torii"},{"floor":8.0,"key":"Mummified Hand"},{"floor":9.0,"key":"HornCleat"},{"floor":10.0,"key":"Ornamental Fan"},{"floor":11.0,"key":"Shuriken"},{"floor":12.0,"key":"FossilizedHelix"},{"floor":13.0,"key":"Question Card"},{"floor":14.0,"key":"Dead Branch"},{"floor":23.0,"key":"Red Skull"},{"floor":24.0,"key":"Bag of Marbles"},{"floor":26,"key":"Vajra"},{"floor":27,"key":"Strawberry"},{"floor":38,"key":"Old Coin"},{"floor":43,"key":"Centennial Puzzle"},{"floor":45,"key":"CeramicFish"},{"floor":47,"key":"White Beast Statue"}],"event_choices":[{"damage_healed":0.0,"max_hp_gain":0.0,"max_hp_loss":0.0,"gold_gain":0.0,"event_name":"Upgrade Shrine","player_choice":"Upgraded","floor":2.0,"gold_loss":0.0,"damage_taken":0.0,"cards_upgraded":["Rage"]},{"damage_healed":0.0,"max_hp_gain":0.0,"max_hp_loss":0.0,"gold_gain":0.0,"event_name":"The Mausoleum","player_choice":"Opened","floor":20.0,"gold_loss":0.0,"damage_taken":0.0,"relics_obtained":["Boot"],"cards_obtained":["Writhe"]},{"damage_healed":0.0,"max_hp_gain":0.0,"max_hp_loss":0.0,"gold_gain":0.0,"event_name":"Addict","player_choice":"Stole Relic","floor":22.0,"gold_loss":0.0,"damage_taken":0.0,"relics_obtained":["Pocketwatch"],"cards_obtained":["Shame"]},{"cards_removed":["Cleave"],"damage_healed":0,"gold_gain":0,"player_choice":"Removed Attack","damage_taken":0,"max_hp_gain":0,"max_hp_loss":0,"event_name":"Falling","floor":36,"gold_loss":0},{"damage_healed":0,"gold_gain":0,"player_choice":"Fight","damage_taken":0,"max_hp_gain":0,"max_hp_loss":0,"event_name":"Mysterious Sphere","floor":38,"gold_loss":0}],"is_beta":false,"boss_relics":[{"not_picked":["Calling Bell","Runic Pyramid"],"picked":"Velvet Choker"},{"not_picked":["Black Blood","Astrolabe"],"picked":"Mark of Pain"}],"items_purged_floors":[],"is_endless":false,"potions_floor_spawned":[3,5,8,10,11,14,23,29,38,45,47,48],"ascension_level":15}}