{"host":"lnfs5t5iydkm2lft","time":1613714887,"event":{"mods":["AchievementEnabler","Aspiration","BaseMod","Better Third Choice","BetterRewards","Colored Powertips","Downfall","Hermit","Hubris","Infinite Spire","Marisa????????","Minty Spire (QoL Compilation)","Quick Restart","Replay The Spire","StSLib","The Runesmith","The Senshi","TheBandit","everything is the same but u backflip on backflip"],"gold_per_floor":[116,129,204,264,274,274,303,303,353,372,388,388,388,388],"floor_reached":12,"language":"ENG","playtime":586,"items_purged":[],"score":80,"play_id":"942d9b76-3680-4fac-9105-5d0fda3ee717","local_time":"20210219000807","is_ascension_mode":false,"campfire_choices":[{"floor":6,"key":"REST"}],"circlet_count":0,"master_deck":["wariomod:Strike","wariomod:Strike","wariomod:Strike","wariomod:Strike","wariomod:Defend","wariomod:Defend","wariomod:Defend","wariomod:Defend","wariomod:Step","wariomod:Leap","UpSweep","Defend_R","wariomod:Leapslam","wariomod:Immortalize","wariomod:SmallSprint","wariomod:Purify","wariomod:EnergizedBombs","Injury","wariomod:Bombshield","wariomod:Boomsmack"],"relics":["wariomod:TheHat","Calipers","Kunai","ReplayTheSpireMod:Ninjato","Golden Idol"],"acts_visited":["Exordium"],"potions_floor_usage":[7,11,12],"damage_taken":[{"damage":0,"enemies":"2 Louse","floor":1,"turns":2},{"damage":0,"enemies":"Small Slimes","floor":2,"turns":2},{"damage":0,"enemies":"Jaw Worm","floor":5,"turns":5},{"damage":36,"enemies":"3 Sentries","floor":7,"turns":10},{"damage":7,"enemies":"Looter","floor":10,"turns":3},{"damage":10,"enemies":"Gremlin Gang","floor":11,"turns":4},{"damage":28,"enemies":"Gremlin Nob","floor":12,"turns":4}],"seed_played":"7204020282384707238","potions_obtained":[{"floor":4,"key":"PowerPotion"},{"floor":5,"key":"EssenceOfSteel"},{"floor":7,"key":"Adrenaline Potion"}],"is_trial":false,"path_per_floor":["M","M","?","?","M","R","E","?","T","M","M","E"],"character_chosen":"THE_BANDIT","items_purchased":[],"campfire_rested":1,"item_purchase_floors":[],"current_hp_per_floor":[80,80,69,37,37,61,25,25,25,18,8,0,0,0],"gold":388,"neow_bonus":"ONE_RARE_RELIC","is_daily":false,"chose_seed":false,"campfire_upgraded":0,"win_rate":0.0,"timestamp":1613714887,"path_taken":["M","M","?","?","M","R","E","?","T","M","M","E"],"items_purchased_type":[],"build_version":"2020-12-22","purchased_purges":0,"victory":false,"max_hp_per_floor":[80,80,80,80,80,80,80,80,80,80,80,80,80,80],"card_choices":[{"not_picked":["wariomod:NullJump","wariomod:SimpleShield"],"picked":"wariomod:Leapslam","floor":1},{"not_picked":["wariomod:GreaterGuard","wariomod:Leapslam"],"picked":"wariomod:Immortalize","floor":2},{"not_picked":["wariomod:BumRush","wariomod:OctoJump"],"picked":"wariomod:SmallSprint","floor":4},{"not_picked":["wariomod:BigUpgrade","wariomod:DisarmingMoves"],"picked":"wariomod:Purify","floor":5},{"not_picked":["wariomod:EndlessBlast","wariomod:OctoJump"],"picked":"wariomod:EnergizedBombs","floor":7},{"not_picked":["wariomod:Leapslam","wariomod:Boomsmack"],"picked":"wariomod:Bombshield","floor":10},{"not_picked":["wariomod:BodyBlock","wariomod:Game"],"picked":"wariomod:Boomsmack","floor":11}],"player_experience":395715,"relics_obtained":[{"floor":4,"key":"Kunai"},{"floor":7,"key":"ReplayTheSpireMod:Ninjato"}],"event_choices":[{"damage_healed":0,"gold_gain":75,"player_choice":"Gold","damage_taken":11,"max_hp_gain":0,"max_hp_loss":0,"event_name":"betterThird:BetterGoop","floor":3,"gold_loss":0},{"damage_healed":0,"gold_gain":0,"player_choice":"Take Wound","damage_taken":0,"relics_obtained":["Golden Idol"],"max_hp_gain":0,"max_hp_loss":0,"event_name":"Golden Idol","floor":8,"gold_loss":0,"cards_obtained":["Injury"]}],"is_beta":false,"boss_relics":[],"items_purged_floors":[],"is_endless":false,"potions_floor_spawned":[5,7],"killed_by":"Gremlin Nob","ascension_level":0}}