{"host":"dowi7cgbhepuzvpj","time":1613765340,"event":{"mods":["AchievementEnabler","BaseMod","Keyboard Shortcuts","Minty Spire (QoL Compilation)","Permanent Neow","Quick Restart","StSLib","SuperFastMode"],"gold_per_floor":[109,120,120,139,157,157,184,33,82,82,97,97,113,113,113,191,191,202,212,62,62,62,91,14,85,85,85,85,111,161,180,180,252,252,266,266,49,74,86,114,169,185,185,185,185,203,237,112,112,112,112,112,112,59,87,87],"floor_reached":57,"language":"KOR","playtime":2057,"items_purged":["Strike_R","Strike_R","Headbutt"],"score":2742,"play_id":"8d94ca23-2abc-499f-bd9b-f65b674ea354","local_time":"20210220050900","is_ascension_mode":true,"campfire_choices":[{"data":"Apotheosis","floor":6.0,"key":"SMITH"},{"floor":10.0,"key":"RECALL"},{"floor":15.0,"key":"REST"},{"floor":27.0,"key":"REST"},{"floor":32.0,"key":"REST"},{"floor":45.0,"key":"REST"},{"data":"Limit Break","floor":49.0,"key":"SMITH"},{"data":"Evolve","floor":53.0,"key":"SMITH"}],"circlet_count":0,"master_deck":["AscendersBane","Defend_R","Defend_R","Defend_R","Bash","Apotheosis+1","Spot Weakness","Limit Break+1","Inflame","Battle Trance","Disarm","Flame Barrier","Power Through","Reaper","Reckless Charge+1","Immolate+1","Shrug It Off","Evolve+1","Ghostly Armor","Impervious","Madness","Madness","Battle Trance","Limit Break+1","Warcry"],"relics":["Burning Blood","Bottled Lightning","CultistMask","Pear","Astrolabe","MutagenicStrength","MealTicket","Molten Egg 2","Singing Bowl","Akabeko","Vajra","Philosopher\u0027s Stone","Oddly Smooth Stone","Lizard Tail","Pantograph","TungstenRod","FossilizedHelix","Kunai","StoneCalendar"],"acts_visited":["Exordium","TheCity","TheBeyond","TheEnding"],"potions_floor_usage":[56,56],"damage_taken":[{"damage":12.0,"enemies":"2 Louse","floor":1.0,"turns":3.0},{"damage":0.0,"enemies":"Cultist","floor":2.0,"turns":3.0},{"damage":5.0,"enemies":"Jaw Worm","floor":4.0,"turns":5.0},{"damage":17.0,"enemies":"Red Slaver","floor":5.0,"turns":4.0},{"damage":34.0,"enemies":"Lagavulin","floor":7.0,"turns":6.0},{"damage":6.0,"enemies":"Looter","floor":11.0,"turns":5.0},{"damage":13.0,"enemies":"Large Slime","floor":13.0,"turns":5.0},{"damage":37.0,"enemies":"Slime Boss","floor":16.0,"turns":12.0},{"damage":26.0,"enemies":"2 Thieves","floor":18.0,"turns":4.0},{"damage":38.0,"enemies":"3 Byrds","floor":19.0,"turns":5.0},{"damage":19.0,"enemies":"Book of Stabbing","floor":23.0,"turns":7.0},{"damage":51.0,"enemies":"Gremlin Leader","floor":29.0,"turns":8.0},{"damage":28.0,"enemies":"Centurion and Healer","floor":31.0,"turns":4.0},{"damage":23.0,"enemies":"Champ","floor":33.0,"turns":11.0},{"damage":22.0,"enemies":"3 Shapes","floor":35.0,"turns":3.0},{"damage":4.0,"enemies":"Mind Bloom Boss Battle","floor":38.0,"turns":7.0},{"damage":22.0,"enemies":"3 Darklings","floor":39.0,"turns":6.0},{"damage":23.0,"enemies":"Nemesis","floor":40.0,"turns":7.0},{"damage":69.0,"enemies":"2 Orb Walkers","floor":41.0,"turns":5.0},{"damage":30.0,"enemies":"Spire Growth","floor":42.0,"turns":6.0},{"damage":0.0,"enemies":"4 Shapes","floor":46.0,"turns":4.0},{"damage":25.0,"enemies":"Reptomancer","floor":47.0,"turns":5.0},{"damage":57.0,"enemies":"Donu and Deca","floor":50.0,"turns":8.0},{"damage":61.0,"enemies":"Awakened One","floor":51.0,"turns":8.0},{"damage":124.0,"enemies":"Shield and Spear","floor":55.0,"turns":7.0},{"damage":174,"enemies":"The Heart","floor":56,"turns":10}],"seed_played":"8535886143136018810","potions_obtained":[{"floor":4.0,"key":"Block Potion"},{"floor":5.0,"key":"SteroidPotion"},{"floor":13.0,"key":"SmokeBomb"},{"floor":16.0,"key":"Strength Potion"},{"floor":29.0,"key":"LiquidBronze"},{"floor":33.0,"key":"FearPotion"},{"floor":40.0,"key":"SteroidPotion"},{"floor":42.0,"key":"Fire Potion"},{"floor":46.0,"key":"Regen Potion"}],"is_trial":false,"path_per_floor":["M","M","?","M","M","R","E","$","T","R","M","?","M","?","R","B",null,"M","M","$","?","?","E","$","T","T","R","?","E","T","M","R","B",null,"M","?","$","?","M","E","?","M","T","?","R","M","E","$","R","B","B",null,"R","$","E","B",null],"character_chosen":"IRONCLAD","items_purchased":["Disarm","Shrug It Off","Ghostly Armor","Oddly Smooth Stone","Battle Trance","Warcry"],"campfire_rested":4,"item_purchase_floors":[8,20,24,37,37,54],"current_hp_per_floor":[62,68,68,69,58,58,40,40,40,40,40,40,33,26,51,20,69,49,41,41,41,41,28,43,43,43,68,68,70,70,80,89,89,89,91,75,90,93,95,80,47,25,25,25,55,67,105,105,105,105,105,105,105,105,25,13],"gold":87,"neow_bonus":"RANDOM_COLORLESS_2","is_daily":false,"chose_seed":false,"campfire_upgraded":3,"win_rate":0.0,"timestamp":1613765340,"path_taken":["M","M","?","?","M","R","E","$","T","R","M","?","?","?","R","BOSS","M","M","$","?","?","E","?","?","T","R","?","E","?","M","R","BOSS","M","?","$","?","M","E","?","M","T","?","R","?","E","?","R","BOSS","BOSS","R","$","E","BOSS"],"items_purchased_type":["Card","Card","Card","Relic","Card","Card"],"build_version":"2020-12-22","purchased_purges":3,"victory":true,"max_hp_per_floor":[75,75,75,75,75,75,85,85,85,85,85,85,85,85,85,85,85,85,85,85,85,85,85,85,85,85,85,85,87,87,89,89,89,89,91,91,91,93,95,97,99,101,101,101,101,103,105,105,105,105,105,105,105,105,107,107],"card_choices":[{"not_picked":["Magnetism","Violence"],"picked":"Apotheosis","floor":0.0},{"not_picked":["Anger","Fire Breathing"],"picked":"Headbutt","floor":1.0},{"not_picked":["Twin Strike","True Grit"],"picked":"Spot Weakness","floor":2.0},{"not_picked":["Sentinel","Sword Boomerang"],"picked":"Inflame","floor":4.0},{"not_picked":["Uppercut","Shockwave","Cleave"],"picked":"SKIP","floor":5.0},{"not_picked":["Body Slam","True Grit"],"picked":"Battle Trance","floor":7.0},{"not_picked":["Feel No Pain","Clothesline"],"picked":"Flame Barrier","floor":11.0},{"not_picked":["Immolate","Warcry"],"picked":"Power Through","floor":13.0},{"not_picked":["Perfected Strike","Blood for Blood","Body Slam"],"picked":"SKIP","floor":18.0},{"not_picked":["Perfected Strike","Reckless Charge","Dual Wield"],"picked":"SKIP","floor":19.0},{"not_picked":["Iron Wave","Seeing Red"],"picked":"Evolve","floor":23.0},{"not_picked":["Immolate+1","Armaments","Ghostly Armor"],"picked":"Singing Bowl","floor":29.0},{"not_picked":["Armaments","Havoc","Burning Pact"],"picked":"Singing Bowl","floor":31.0},{"not_picked":["Berserk","Double Tap"],"picked":"Impervious","floor":33.0},{"not_picked":["Perfected Strike+1","Wild Strike+1","Anger+1"],"picked":"Singing Bowl","floor":35.0},{"not_picked":["Body Slam+1","Headbutt+1","Searing Blow+1"],"picked":"Singing Bowl","floor":38.0},{"not_picked":["Wild Strike+1","Cleave+1","Flex"],"picked":"Singing Bowl","floor":39.0},{"not_picked":["Anger+1","Whirlwind+1","Fiend Fire+1"],"picked":"Singing Bowl","floor":40.0},{"not_picked":["Pommel Strike+1","Sword Boomerang+1","Shrug It Off"],"picked":"Singing Bowl","floor":41.0},{"not_picked":["Twin Strike+1","Clothesline+1","Armaments"],"picked":"Singing Bowl","floor":42.0},{"not_picked":["Warcry+1","Heavy Blade+1","Perfected Strike+1"],"picked":"Singing Bowl","floor":46.0},{"not_picked":["Thunderclap+1","Double Tap","Bloodletting"],"picked":"Singing Bowl","floor":47.0},{"not_picked":["Thunderclap+1","Pommel Strike+1","Shrug It Off"],"picked":"Singing Bowl","floor":55.0}],"player_experience":882244,"relics_obtained":[{"floor":7.0,"key":"Pear"},{"floor":23.0,"key":"MealTicket"},{"floor":25.0,"key":"Molten Egg 2"},{"floor":26.0,"key":"Singing Bowl"},{"floor":29.0,"key":"Akabeko"},{"floor":30.0,"key":"Vajra"},{"floor":38.0,"key":"Lizard Tail"},{"floor":40.0,"key":"Pantograph"},{"floor":41.0,"key":"TungstenRod"},{"floor":43.0,"key":"FossilizedHelix"},{"floor":47.0,"key":"Kunai"},{"floor":55.0,"key":"StoneCalendar"}],"event_choices":[{"damage_healed":0.0,"max_hp_gain":0.0,"max_hp_loss":0.0,"gold_gain":0.0,"event_name":"FaceTrader","player_choice":"Trade","floor":3.0,"gold_loss":0.0,"damage_taken":0.0,"relics_obtained":["CultistMask"]},{"cards_removed":["Decay"],"damage_healed":0.0,"max_hp_gain":0.0,"max_hp_loss":0.0,"gold_gain":0.0,"event_name":"Purifier","player_choice":"Purged","floor":12.0,"gold_loss":0.0,"damage_taken":0.0},{"cards_removed":["Strike_R"],"damage_healed":0.0,"max_hp_gain":0.0,"max_hp_loss":0.0,"gold_gain":0.0,"event_name":"Golden Wing","player_choice":"Card Removal","floor":14.0,"gold_loss":0.0,"damage_taken":7.0},{"damage_healed":0.0,"max_hp_gain":0.0,"max_hp_loss":0.0,"gold_gain":0.0,"event_name":"Drug Dealer","player_choice":"Inject Mutagens","floor":21.0,"gold_loss":0.0,"damage_taken":0.0,"relics_obtained":["MutagenicStrength"]},{"cards_removed":["Whirlwind"],"damage_healed":0.0,"max_hp_gain":0.0,"max_hp_loss":0.0,"gold_gain":0.0,"event_name":"Back to Basics","player_choice":"Elegance","floor":28.0,"gold_loss":0.0,"damage_taken":0.0},{"damage_healed":0.0,"max_hp_gain":0.0,"max_hp_loss":0.0,"gold_gain":0.0,"event_name":"Winding Halls","player_choice":"Embrace Madness","floor":36.0,"gold_loss":0.0,"damage_taken":16.0,"cards_obtained":["Madness","Madness"]},{"damage_healed":0.0,"max_hp_gain":0.0,"max_hp_loss":0.0,"gold_gain":0.0,"event_name":"MindBloom","player_choice":"Fight","floor":38.0,"gold_loss":0.0,"damage_taken":0.0},{"damage_healed":0.0,"max_hp_gain":0.0,"max_hp_loss":0.0,"gold_gain":0.0,"event_name":"Mysterious Sphere","player_choice":"Fight","floor":41.0,"gold_loss":0.0,"damage_taken":0.0},{"damage_healed":0.0,"max_hp_gain":0.0,"max_hp_loss":0.0,"gold_gain":0.0,"event_name":"Match and Keep!","player_choice":"1 cards matched","floor":44.0,"gold_loss":0.0,"damage_taken":0.0,"cards_obtained":["Limit Break"]}],"is_beta":false,"boss_relics":[{"not_picked":["Empty Cage","Black Blood"],"picked":"Astrolabe"},{"not_picked":["SacredBark","Pandora\u0027s Box"],"picked":"Philosopher\u0027s Stone"}],"items_purged_floors":[8,20,48],"is_endless":false,"potions_floor_spawned":[4,5,13,16,18,29,33,38,40,42,46,47],"ascension_level":20}}