{"host":"yqw1zpryoutrnocq","time":1613703339,"event":{"mods":["2.2 Compatiblity","AchievementEnabler","BaseMod","Colored Map","Custom Start","DeckTracker","Minty Spire (QoL Compilation)","StSLib","SuperFastMode"],"gold_per_floor":[119,194,205,225,225,255,270,270,296,323,57,77,77,97,97,202,202,219,219,238,250,270,298,315,315,338,358,370,370,370],"floor_reached":29,"language":"KOR","playtime":684,"items_purged":["Strike_G"],"score":405,"play_id":"afda26b7-4bcc-4627-ac5c-c23349d4b81d","local_time":"20210218205539","is_ascension_mode":true,"campfire_choices":[{"data":"Bouncing Flask","floor":13,"key":"SMITH"},{"data":"Neutralize","floor":15,"key":"SMITH"},{"data":"Burst","floor":25,"key":"SMITH"}],"circlet_count":0,"master_deck":["AscendersBane","Strike_G","Strike_G","Strike_G","Strike_G","Defend_G","Defend_G","Defend_G","Defend_G","Defend_G","Survivor","Neutralize+1","Poisoned Stab","Backflip","Bouncing Flask+1","Cloak And Dagger","Deadly Poison","Calculated Gamble+1","Backstab","Blade Dance","Dagger Spray","Corpse Explosion","Endless Agony+1","PiercingWail+1","Cloak And Dagger+1","Burst+1","Expertise","Prepared"],"relics":["Ring of the Snake","NeowsBlessing","Boot","Pen Nib","Centennial Puzzle","Pantograph","Snake Skull","Sozu","Du-Vu Doll","Akabeko"],"acts_visited":["Exordium","TheCity"],"potions_floor_usage":[10],"damage_taken":[{"damage":0.0,"enemies":"Jaw Worm","floor":1.0,"turns":1.0},{"damage":0,"enemies":"Cultist","floor":3,"turns":1},{"damage":0,"enemies":"Small Slimes","floor":4,"turns":1},{"damage":17,"enemies":"Lagavulin","floor":6,"turns":6},{"damage":2,"enemies":"Red Slaver","floor":7,"turns":4},{"damage":15,"enemies":"Gremlin Nob","floor":10,"turns":4},{"damage":0,"enemies":"Gremlin Gang","floor":12,"turns":3},{"damage":0,"enemies":"Large Slime","floor":14,"turns":3},{"damage":13,"enemies":"The Guardian","floor":16,"turns":7},{"damage":0,"enemies":"Chosen","floor":18,"turns":4},{"damage":3,"enemies":"Spheric Guardian","floor":20,"turns":3},{"damage":8,"enemies":"Snecko","floor":21,"turns":3},{"damage":0,"enemies":"Snake Plant","floor":22,"turns":2},{"damage":6,"enemies":"Slavers","floor":23,"turns":3},{"damage":5,"enemies":"Centurion and Healer","floor":24,"turns":4},{"damage":24,"enemies":"Shelled Parasite and Fungi","floor":27,"turns":3},{"damage":0,"enemies":"Cultist and Chosen","floor":28,"turns":4},{"damage":15,"enemies":"Book of Stabbing","floor":29,"turns":2}],"seed_played":"3811920649324248705","potions_obtained":[{"floor":4,"key":"Energy Potion"},{"floor":6,"key":"BlessingOfTheForge"},{"floor":12,"key":"LiquidBronze"}],"is_trial":false,"path_per_floor":["M","?","M","M","?","E","M","?","T","E","$","M","R","M","R","B",null,"M","?","M","M","M","E","M","R","T","M","M","E"],"character_chosen":"THE_SILENT","items_purchased":["Snake Skull","Backstab"],"campfire_rested":0,"item_purchase_floors":[11,11],"current_hp_per_floor":[63,56,56,56,56,39,37,37,37,22,22,22,22,22,22,34,61,61,61,58,50,50,44,39,39,39,15,15,0,0],"gold":370,"neow_bonus":"THREE_ENEMY_KILL","is_daily":false,"chose_seed":false,"campfire_upgraded":3,"win_rate":0.0,"timestamp":1613703339,"path_taken":["M","?","?","M","?","E","?","?","T","E","$","M","R","M","R","BOSS","M","?","M","M","M","E","M","R","T","?","M","E"],"items_purchased_type":["Relic","Card"],"build_version":"2020-12-22","purchased_purges":1,"victory":false,"max_hp_per_floor":[70,70,70,70,70,70,70,70,70,70,70,70,70,70,70,70,70,70,70,70,70,70,70,70,70,70,70,70,70,70],"card_choices":[{"not_picked":["Deflect","Choke"],"picked":"Poisoned Stab","floor":1.0},{"not_picked":["Underhanded Strike","Cloak And Dagger"],"picked":"Backflip","floor":3},{"not_picked":["Distraction","Bane"],"picked":"Bouncing Flask","floor":4},{"not_picked":["PiercingWail","Concentrate"],"picked":"Cloak And Dagger","floor":6},{"not_picked":["Dodge and Roll","Concentrate"],"picked":"Deadly Poison","floor":7},{"not_picked":["Outmaneuver","Quick Slash"],"picked":"Calculated Gamble","floor":10},{"not_picked":["Poisoned Stab","Dagger Throw"],"picked":"Blade Dance","floor":12},{"not_picked":["Caltrops","Backstab"],"picked":"Dagger Spray","floor":14},{"not_picked":["After Image","A Thousand Cuts"],"picked":"Corpse Explosion","floor":16},{"not_picked":["Setup","Backflip"],"picked":"Endless Agony+1","floor":18},{"not_picked":["Deflect","Bouncing Flask"],"picked":"PiercingWail+1","floor":20},{"not_picked":["Endless Agony","Dodge and Roll"],"picked":"Cloak And Dagger+1","floor":21},{"not_picked":["Dagger Throw","Poisoned Stab","Blade Dance"],"picked":"SKIP","floor":22},{"not_picked":["Backflip","Well Laid Plans"],"picked":"Burst","floor":23},{"not_picked":["Bane","Distraction+1"],"picked":"Expertise","floor":24},{"not_picked":["Deadly Poison","Concentrate","Dagger Throw"],"picked":"SKIP","floor":27},{"not_picked":["PiercingWail","All Out Attack"],"picked":"Prepared","floor":28}],"player_experience":345851,"relics_obtained":[{"floor":5,"key":"Boot"},{"floor":6,"key":"Pen Nib"},{"floor":10,"key":"Pantograph"},{"floor":23,"key":"Du-Vu Doll"},{"floor":26,"key":"Akabeko"}],"event_choices":[{"damage_healed":0,"gold_gain":75,"player_choice":"Touch","damage_taken":7,"max_hp_gain":0,"max_hp_loss":0,"event_name":"FaceTrader","floor":2,"gold_loss":0},{"damage_healed":0,"gold_gain":0,"player_choice":"Relic","damage_taken":0,"max_hp_gain":0,"max_hp_loss":0,"event_name":"Wheel of Change","floor":5,"gold_loss":0},{"damage_healed":0,"gold_gain":0,"player_choice":"Gave Potion","damage_taken":0,"relics_obtained":["Centennial Puzzle"],"max_hp_gain":0,"max_hp_loss":0,"event_name":"WeMeetAgain","floor":8,"gold_loss":0},{"damage_healed":0,"gold_gain":0,"player_choice":"Forge","damage_taken":0,"max_hp_gain":0,"max_hp_loss":0,"event_name":"Accursed Blacksmith","floor":19,"gold_loss":0,"cards_upgraded":["Calculated Gamble"]}],"is_beta":false,"boss_relics":[{"not_picked":["Empty Cage","Snecko Eye"],"picked":"Sozu"}],"items_purged_floors":[11],"is_endless":false,"potions_floor_spawned":[4,6,12,18,20,24,27],"killed_by":"Book of Stabbing","ascension_level":11}}