{"host":"ryj999m4rfm064ad","time":1613751999,"event":{"mods":["BaseMod","Colored Map","Downfall","Highlight Path","Minty Spire (QoL Compilation)","Permanent Neow","StSLib","The Servant 0.9.4","UnlockEverythingMod"],"gold_per_floor":[210,221,67,17,37,37,63,78,103,129,141,171,193,240,252,359,371,371],"floor_reached":17,"language":"ENG","playtime":1756,"items_purged":[],"score":177,"play_id":"ddab503d-1fa8-44fc-bf11-4444dbf914f4","local_time":"20210219112639","is_ascension_mode":false,"campfire_choices":[{"data":"Iron Wave","floor":6,"key":"SMITH"},{"data":"Defend_R","floor":15,"key":"SMITH"}],"circlet_count":0,"master_deck":["Strike_R","Strike_R","Strike_R","Strike_R","Defend_R","Defend_R","Defend_R","Defend_R+1","Bash","Iron Wave+1","Ghostly Armor","Battle Trance"],"relics":["Burning Blood","Oddly Smooth Stone","Pen Nib","Bronze Scales","MawBank","Pear"],"acts_visited":["Exordium","TheCity"],"potions_floor_usage":[10,10,14,16,16],"damage_taken":[{"damage":4,"enemies":"2 Louse","floor":1,"turns":3},{"damage":1,"enemies":"Cultist","floor":2,"turns":3},{"damage":9,"enemies":"Jaw Worm","floor":5,"turns":4},{"damage":20,"enemies":"Gremlin Nob","floor":7,"turns":4},{"damage":9,"enemies":"Large Slime","floor":8,"turns":9},{"damage":27,"enemies":"Lagavulin","floor":10,"turns":8},{"damage":6,"enemies":"Blue Slaver","floor":12,"turns":3},{"damage":6,"enemies":"Looter","floor":13,"turns":3},{"damage":15,"enemies":"3 Sentries","floor":14,"turns":8},{"damage":33,"enemies":"Slime Boss","floor":16,"turns":16}],"seed_played":"-2705538332659547051","potions_obtained":[{"floor":1,"key":"SkillPotion"},{"floor":2,"key":"EntropicBrew"},{"floor":11,"key":"DuplicationPotion"},{"floor":14,"key":"Explosive Potion"}],"is_trial":false,"path_per_floor":["M","M","$","?","M","R","E","M","T","E","?","M","M","E","R","B",null],"character_chosen":"IRONCLAD","items_purchased":["Oddly Smooth Stone"],"campfire_rested":0,"item_purchase_floors":[3],"current_hp_per_floor":[80,80,80,80,77,77,63,60,60,39,39,39,39,40,40,13,90,90],"gold":371,"neow_bonus":"HUNDRED_GOLD","is_daily":false,"chose_seed":false,"campfire_upgraded":2,"win_rate":0.0,"timestamp":1613751999,"path_taken":["M","M","$","?","M","R","E","M","T","E","?","M","?","E","R","BOSS"],"items_purchased_type":["Relic"],"build_version":"2020-12-22","purchased_purges":0,"victory":false,"max_hp_per_floor":[80,80,80,80,80,80,80,80,80,80,80,80,80,90,90,90,90,90],"card_choices":[{"not_picked":["Infernal Blade","Flex","Twin Strike"],"picked":"SKIP","floor":1},{"not_picked":["Power Through","Perfected Strike"],"picked":"Iron Wave","floor":2},{"not_picked":["Sever Soul","Havoc"],"picked":"Ghostly Armor","floor":5},{"not_picked":["Clash","Cleave"],"picked":"Battle Trance","floor":7},{"not_picked":["Perfected Strike","Intimidate","True Grit"],"picked":"SKIP","floor":8},{"not_picked":["Headbutt","Offering","Thunderclap"],"picked":"SKIP","floor":10},{"not_picked":["Hemokinesis","Carnage","Cleave"],"picked":"SKIP","floor":12},{"not_picked":["Wild Strike","True Grit","Havoc"],"picked":"SKIP","floor":13},{"not_picked":["Bludgeon","Warcry","Sentinel"],"picked":"SKIP","floor":14}],"player_experience":604484,"relics_obtained":[{"floor":7,"key":"Pen Nib"},{"floor":9,"key":"Bronze Scales"},{"floor":10,"key":"MawBank"},{"floor":14,"key":"Pear"}],"event_choices":[{"cards_removed":["Strike_R"],"damage_healed":0,"gold_gain":0,"player_choice":"Card Removal","damage_taken":0,"max_hp_gain":0,"max_hp_loss":0,"event_name":"The Cleric","floor":4,"gold_loss":50},{"damage_healed":0,"gold_gain":0,"player_choice":"Got Potions","damage_taken":0,"max_hp_gain":0,"max_hp_loss":0,"event_name":"Lab","floor":11,"gold_loss":0}],"is_beta":false,"boss_relics":[{"not_picked":["bronze:MakeshiftBattery","Calling Bell","Runic Dome"]}],"items_purged_floors":[],"is_endless":false,"potions_floor_spawned":[1,2,10,12,14],"ascension_level":0}}