{"host":"1y3caoxlf2txzqg0","time":1613757508,"event":{"mods":["Alarm Clock","BaseMod","Colored Map","DeckTracker","Downfall","GifTheSpireLib","Minty Spire (QoL Compilation)","Rare Cards Sparkle","Relic Stats","Spire Birthday Party","StSLib"],"gold_per_floor":[99,115,31,50,63,77,77,77,107,21,31,31,31,46,65,163,163,63,77,87,103,120,120,120,120],"floor_reached":23,"language":"DEU","playtime":5194,"items_purged":[],"score":217,"play_id":"db65295e-7e19-4ed7-9b9b-f891ccfdd5c0","local_time":"20210219185828","is_ascension_mode":true,"campfire_choices":[{"floor":1.0,"key":"RECALL"},{"floor":8.0,"key":"REST"},{"floor":13.0,"key":"REST"},{"data":"Guardian:Orbwalk","floor":18.0,"key":"SMITH"}],"circlet_count":0,"master_deck":["Guardian:Strike_Guardian","Guardian:Strike_Guardian","Guardian:Strike_Guardian","Guardian:Strike_Guardian","Guardian:Defend_Guardian","Guardian:Defend_Guardian","Guardian:Defend_Guardian","Guardian:Defend_Guardian","Guardian:CurlUp","Guardian:TwinSlam","Guardian:DecasProtection","Guardian:RefractedBeam","Guardian:Orbwalk+1","Guardian:TemporalStrike","Guardian:TemporalShield","Guardian:Gem_Yellow","Guardian:WalkerClaw","Guardian:Reroute","Guardian:FloatingOrbs","Guardian:GatlingBeam","Guardian:FuturePlans","Guardian:Gem_Green","Guardian:ConstructionForm","Guardian:PrimingBeam+1","Guardian:PolyBeam+1","Guardian:PrismaticBarrier","Guardian:Preprogram+1"],"relics":["Guardian:ModeShifter","Dead Branch","Guardian:SackOfGems","Sozu","downfall:HeartBlessingRed"],"acts_visited":["Exordium","TheCity"],"potions_floor_usage":[21,21],"damage_taken":[{"damage":6.0,"enemies":"Cultist","floor":2.0,"turns":3.0},{"damage":0.0,"enemies":"downfall:FleeingMerchant","floor":3.0,"turns":4.0},{"damage":12.0,"enemies":"Jaw Worm","floor":4.0,"turns":4.0},{"damage":15.0,"enemies":"Small Slimes","floor":5.0,"turns":3.0},{"damage":10.0,"enemies":"downfall:LooterAlt","floor":6.0,"turns":5.0},{"damage":24.0,"enemies":"3 Sentries","floor":9.0,"turns":7.0},{"damage":15.0,"enemies":"downfall:FleeingMerchant","floor":10.0,"turns":4.0},{"damage":3.0,"enemies":"Large Slime","floor":11.0,"turns":6.0},{"damage":13.0,"enemies":"Exordium Thugs","floor":14.0,"turns":4.0},{"damage":6.0,"enemies":"downfall:LooterAlt","floor":15.0,"turns":3.0},{"damage":17.0,"enemies":"DF_ARCHETYPE_STREAMLINE","floor":16.0,"turns":6.0},{"damage":6.0,"enemies":"Spheric Guardian","floor":19.0,"turns":4.0},{"damage":22,"enemies":"downfall:LooterAlt2","floor":20,"turns":4},{"damage":0,"enemies":"3 Cultists","floor":21,"turns":2},{"damage":24,"enemies":"Snecko","floor":22,"turns":6},{"damage":37,"enemies":"Book of Stabbing","floor":23,"turns":4}],"seed_played":"-4399931893293219167","potions_obtained":[{"floor":9.0,"key":"GamblersBrew"},{"floor":14.0,"key":"SteroidPotion"},{"floor":15.0,"key":"SkillPotion"},{"floor":16.0,"key":"Slimebound:ThreeZeroPotion"}],"is_trial":false,"path_per_floor":["R","M","$","M","M","M","T","R","E","$","M","?","R","M","M","B",null,"R","M","M","M","M","E"],"character_chosen":"GUARDIAN","items_purchased":["Guardian:Orbwalk","Guardian:FloatingOrbs"],"campfire_rested":2,"item_purchase_floors":[3,10],"current_hp_per_floor":[88,82,82,70,55,45,45,71,47,32,29,29,55,42,36,19,88,88,82,60,60,36,0,0,0],"gold":120,"neow_bonus":"TEN_PERCENT_HP_BONUS","is_daily":false,"chose_seed":false,"campfire_upgraded":1,"win_rate":0.0,"timestamp":1613757508,"path_taken":["R","M","$","?","M","M","T","R","E","$","M","?","R","M","M","BOSS","R","M","M","M","M","E"],"items_purchased_type":["Card","Card"],"build_version":"2020-12-22","purchased_purges":0,"victory":false,"max_hp_per_floor":[88,88,88,88,88,88,88,88,88,88,88,88,88,88,88,88,88,88,88,88,88,88,88,88,88],"relic_stats":{"Sozu":2,"counters":[16,69],"Dead Branch":[72],"obtain_stats":[{"Sozu":17,"downfall:HeartBlessingRed":18,"Dead Branch":7,"Guardian:ModeShifter":0,"Guardian:SackOfGems":9},{"Sozu":11,"downfall:HeartBlessingRed":11,"Dead Branch":5,"Guardian:ModeShifter":0,"Guardian:SackOfGems":6},{"Sozu":49,"downfall:HeartBlessingRed":49,"Dead Branch":19,"Guardian:ModeShifter":0,"Guardian:SackOfGems":26}]},"card_choices":[{"not_picked":["Guardian:Planning","Guardian:VentSteam"],"picked":"Guardian:DecasProtection","floor":2.0},{"not_picked":["Guardian:GemFire","Guardian:EvasiveProtocol"],"picked":"Guardian:RefractedBeam","floor":3.0},{"not_picked":["Guardian:Emergency","Guardian:Planning"],"picked":"Guardian:TemporalStrike","floor":4.0},{"not_picked":["Guardian:ShieldSpikes","Guardian:Incinerate"],"picked":"Guardian:Gem_Red","floor":5.0},{"not_picked":["Guardian:Emergency","Guardian:Gem_Purple"],"picked":"Guardian:TemporalShield","floor":6.0},{"not_picked":["Guardian:TemporalStrike","Guardian:Harden"],"picked":"Guardian:WalkerClaw","floor":9.0},{"not_picked":["Guardian:Gem_Cyan","Guardian:Gem_Crimson"],"picked":"Guardian:Reroute","floor":10.0},{"not_picked":["Guardian:Gem_Red","Guardian:FuturePlans"],"picked":"Guardian:GatlingBeam","floor":11.0},{"not_picked":["Guardian:Planning","Guardian:WalkerClaw"],"picked":"Guardian:FuturePlans","floor":14.0},{"not_picked":["Guardian:ChargeUp","Guardian:WalkerClaw"],"picked":"Guardian:Gem_Green","floor":15.0},{"not_picked":["Guardian:StasisStrike","Guardian:GemFinder"],"picked":"Guardian:ConstructionForm","floor":16.0},{"not_picked":["Guardian:Repulse","Guardian:DonusPower"],"picked":"Guardian:PrimingBeam+1","floor":19.0},{"not_picked":["Guardian:Recover","Guardian:VentSteam+1"],"picked":"Guardian:PolyBeam+1","floor":20},{"not_picked":["Guardian:Gem_Crimson","Guardian:Planning"],"picked":"Guardian:PrismaticBarrier","floor":21},{"not_picked":["Guardian:Gem_Crimson","Guardian:Gem_Lightblue"],"picked":"Guardian:Preprogram+1","floor":22}],"player_experience":1022350,"relics_obtained":[{"floor":7.0,"key":"Dead Branch"},{"floor":9.0,"key":"Guardian:SackOfGems"}],"event_choices":[],"is_beta":false,"boss_relics":[{"not_picked":["Guardian:ModeShifterPlus","Coffee Dripper"],"picked":"Sozu"}],"items_purged_floors":[],"is_endless":false,"potions_floor_spawned":[9,14,15,16,20,21],"killed_by":"Book of Stabbing","ascension_level":2}}