{"host":"6pietnjer90du4bs","time":1613732916,"event":{"mods":["Aspiration","BaseMod","Bossed Relics","Colored Map","Infinite Spire","Minty Spire (QoL Compilation)","Replay The Spire","StSLib"],"gold_per_floor":[10,10,10,25,25,25,42,42,67,67,85,85,85,104,104,178,178,188,113,25,25,43,43,43,43,43,61,61,77,95,95,95,20,20,20,20],"floor_reached":35,"language":"ENG","playtime":1018,"items_purged":["Bash"],"score":449,"play_id":"61117d82-2c05-451f-9cce-9b04b5413ac3","local_time":"20210219120836","is_ascension_mode":true,"campfire_choices":[{"floor":6,"key":"REST"},{"data":"Body Slam","floor":8,"key":"SMITH"},{"data":"Flame Barrier","floor":13,"key":"SMITH"},{"data":"Defend_R","floor":15,"key":"SMITH"},{"floor":23,"key":"REST"},{"floor":26,"key":"REST"},{"floor":31,"key":"REST"},{"floor":34,"key":"REST"}],"circlet_count":0,"master_deck":["AscendersBane","Strike_R+1","Strike_R+1","Strike_R+1","Strike_R+1","Defend_R+1","Defend_R+1","Defend_R+1","Defend_R+1","Body Slam+1","Flame Barrier+1","Voices","Battle Trance","Metallicize","Warcry","True Grit","Abandon+1"],"relics":["Burning Blood","Replay:Kaleidoscope","ReplayTheSpireMod:TigerMarble","Ring of Misfortune","Ring of Searing","Replay:Bronze Core","Omamori"],"acts_visited":["Exordium","TheCity"],"potions_floor_usage":[10,35,35],"damage_taken":[{"damage":7,"enemies":"Small Slimes","floor":1,"turns":4},{"damage":6,"enemies":"Cultist","floor":4,"turns":3},{"damage":6,"enemies":"2 Louse","floor":7,"turns":3},{"damage":0,"enemies":"Lagavulin","floor":10,"turns":1},{"damage":3,"enemies":"Blue Slaver","floor":11,"turns":4},{"damage":12,"enemies":"Exordium Thugs","floor":14,"turns":4},{"damage":5,"enemies":"Fading Forest","floor":16,"turns":2},{"damage":71,"enemies":"Spheric Guardian","floor":18,"turns":13},{"damage":9,"enemies":"Chosen","floor":22,"turns":6},{"damage":26,"enemies":"Shelled Parasite and Fungi","floor":27,"turns":4},{"damage":27,"enemies":"Sentry and Sphere","floor":29,"turns":9},{"damage":0,"enemies":"3 Cultists","floor":30,"turns":4},{"damage":63,"enemies":"Automaton","floor":35,"turns":10}],"seed_played":"-86546507087573616","potions_obtained":[{"floor":1,"key":"Dexterity Potion"},{"floor":4,"key":"SmokeBomb"},{"floor":27,"key":"Elixir"},{"floor":30,"key":"BlessingOfTheForge"}],"is_trial":false,"path_per_floor":["M","$","?","M","?","R","M","R","T","E","M","?","R","M","R","B",null,"M","?","$","?","M","R","PTL","PTL","R","M","T","M","M","R","?","$","R","B"],"character_chosen":"IRONCLAD","items_purchased":["Metallicize"],"campfire_rested":5,"item_purchase_floors":[20],"current_hp_per_floor":[67,67,67,67,48,70,70,70,70,75,75,75,75,69,69,70,74,9,9,9,13,10,32,32,32,54,34,34,13,19,41,41,41,63,0,0],"gold":20,"neow_bonus":"ONE_RARE_RELIC","is_daily":false,"chose_seed":false,"campfire_upgraded":3,"win_rate":0.0,"timestamp":1613732916,"path_taken":["M","$","?","?","?","R","M","R","T","E","M","?","R","M","R","BOSS","M","?","$","?","M","R","PTL","PTL","R","?","T","?","M","R","?","?","R","BOSS"],"items_purchased_type":["Card"],"build_version":"2020-12-22","purchased_purges":1,"victory":false,"max_hp_per_floor":[75,75,75,75,75,75,75,75,75,75,75,75,75,75,75,75,75,75,75,75,75,75,75,75,75,75,75,75,75,75,75,75,75,75,75,75],"card_choices":[{"not_picked":["Sever Soul","Infernal Blade","ReplayTheSpireMod:Strike From Hell"],"picked":"SKIP","floor":1},{"not_picked":["ReplayTheSpireMod:LeadingStrike","Replay:Undeath\u0027s Touch","Flex"],"picked":"SKIP","floor":4},{"not_picked":["infinitespire:Execution","infinitespire:TheBestDefense"],"picked":"infinitespire:SealOfDarkness+","floor":5},{"not_picked":["Rupture","Life Link"],"picked":"Body Slam","floor":7},{"not_picked":["ReplayTheSpireMod:Stacked","Clothesline"],"picked":"Flame Barrier","floor":11},{"not_picked":["Hemogenesis","Clothesline"],"picked":"Battle Trance","floor":14},{"not_picked":["Dual Wield+1","Blood for Blood","Run Through"],"picked":"SKIP","floor":18},{"not_picked":["Wild Strike+1","Cleave"],"picked":"Warcry","floor":22},{"not_picked":["ReplayTheSpireMod:Muscle Training+1","ReplayTheSpireMod:Strike From Hell+1"],"picked":"True Grit","floor":27},{"not_picked":["Inflame","Burning Pact+1","Replay:Undeath\u0027s Touch+1"],"picked":"SKIP","floor":29},{"not_picked":["Headbutt","Clothesline"],"picked":"Abandon+1","floor":30}],"player_experience":749174,"relics_obtained":[{"floor":9,"key":"ReplayTheSpireMod:TigerMarble"},{"floor":12,"key":"Ring of Misfortune"},{"floor":12,"key":"Ring of Searing"},{"floor":28,"key":"Omamori"}],"event_choices":[{"damage_healed":0,"gold_gain":0,"player_choice":"Forge","damage_taken":0,"max_hp_gain":0,"max_hp_loss":0,"event_name":"Accursed Blacksmith","floor":3,"gold_loss":0,"cards_upgraded":["Defend_R"]},{"cards_removed":["Strike_R"],"damage_healed":0,"gold_gain":0,"player_choice":"Gave Gold","damage_taken":0,"max_hp_gain":0,"max_hp_loss":0,"event_name":"Beggar","floor":19,"gold_loss":75},{"damage_healed":0,"gold_gain":0,"player_choice":"Simplicity","damage_taken":0,"max_hp_gain":0,"max_hp_loss":0,"event_name":"Back to Basics","floor":32,"gold_loss":0,"cards_upgraded":["Strike_R","Strike_R","Strike_R","Strike_R","Defend_R","Defend_R"]}],"is_beta":false,"boss_relics":[{"not_picked":["ReplayTheSpireMod:DimensionalGlitch","Abe\u0027s Treasure"],"picked":"Replay:Bronze Core"}],"items_purged_floors":[33],"is_endless":false,"potions_floor_spawned":[1,4,7,27,30],"killed_by":"Automaton","ascension_level":19}}