{"host":"od06gsur5w60l0yz","time":1613698902,"event":{"mods":["BaseMod","Better Match","Better Third Choice","Colored Map","Dio Mod","Downfall","GifTheSpireLib","Googly Eyes","Hermit","Hubris","Minty Spire (QoL Compilation)","Reliquary","Replay The Spire","StSLib","The Cursed","The Forsaken","The Necromancer","The Senshi"],"gold_per_floor":[112,112,122,122,122,136,136,153,179,179,194,194,219,236,236,336,386,402,362,381,393,393,393,419,419,419],"floor_reached":25,"language":"ENG","playtime":1715,"items_purged":[],"score":268,"play_id":"4cb4c9b3-5330-4d8d-9973-0a1c35fa0de6","local_time":"20210218234142","is_ascension_mode":true,"campfire_choices":[{"data":"theSenshi:MercurysCunning","floor":7,"key":"SMITH"},{"data":"theSenshi:MoonPrismPowerMakeUp","floor":10,"key":"SMITH"},{"data":"theSenshi:TuxedoMaskAssists","floor":12,"key":"SMITH"},{"floor":23,"key":"RECALL"}],"circlet_count":0,"master_deck":["theSenshi:SailorKick","theSenshi:SailorKick","theSenshi:SailorKick","theSenshi:SailorKick","theSenshi:SailorBlock","theSenshi:SailorBlock+1","theSenshi:SailorBlock","theSenshi:RoseThrow","theSenshi:MoonPrismPowerMakeUp+1","theSenshi:MercurysCunning+1","theSenshi:SailorPlanetPower+1","theSenshi:MoonPunch","theSenshi:TuxedoMaskAssists+1","theSenshi:MoonCosmicPowerMakeUp+1","theSenshi:MoonGorgeousMeditation+1","theSenshi:Sidestep","theSenshi:SailorJupiterAssists","theSenshi:MoonsReflection+1","theSenshi:MoonPunch","theSenshi:SailorSaturnAssists"],"relics":["theSenshi:TransformationBroochRelic","Blue Candle","hubris:TenFootPole","Tiny House","Replay:Mystery Machine"],"acts_visited":["Exordium","TheCity"],"potions_floor_usage":[13,13,16,16,20,21],"damage_taken":[{"damage":4,"enemies":"Cultist","floor":1,"turns":3},{"damage":3,"enemies":"Jaw Worm","floor":3,"turns":3},{"damage":3,"enemies":"Small Slimes","floor":6,"turns":4},{"damage":0,"enemies":"Red Slaver","floor":8,"turns":4},{"damage":6,"enemies":"Blue Slaver","floor":11,"turns":3},{"damage":9,"enemies":"Lagavulin","floor":13,"turns":6},{"damage":20,"enemies":"Lots of Slimes","floor":14,"turns":4},{"damage":40,"enemies":"Fading Forest","floor":16,"turns":11},{"damage":6,"enemies":"Chosen","floor":18,"turns":8},{"damage":2,"enemies":"3 Byrds","floor":20,"turns":5},{"damage":37,"enemies":"Centurion and Healer","floor":21,"turns":9},{"damage":28,"enemies":"Slavers","floor":24,"turns":6},{"damage":24,"enemies":"Sentry and Sphere","floor":25,"turns":5}],"seed_played":"6413035810176755649","potions_obtained":[{"floor":1,"key":"LiquidBronze"},{"floor":6,"key":"Dexterity Potion"},{"floor":8,"key":"AttackPotion"},{"floor":14,"key":"FearPotion"},{"floor":17,"key":"Energy Potion"},{"floor":18,"key":"hexamod:SoulburnPotion"},{"floor":20,"key":"DistilledChaos"}],"is_trial":false,"path_per_floor":["M","?","M","?","?","M","R","M","T","R","M","R","E","M","R_BF","B",null,"M","?","M","M","$","R","E","M"],"character_chosen":"THE_SENSHI","items_purchased":[],"campfire_rested":0,"item_purchase_floors":[],"current_hp_per_floor":[78,73,70,70,70,67,67,67,67,67,61,61,52,32,56,16,87,81,81,79,42,42,42,14,0,0],"gold":419,"neow_bonus":"TEN_PERCENT_HP_BONUS","is_daily":false,"chose_seed":false,"campfire_upgraded":3,"win_rate":0.0,"timestamp":1613698902,"path_taken":["M","?","M","?","?","M","R","M","T","R","?","R","E","M","R_BF","BOSS","M","?","M","M","$","R","E","?"],"items_purchased_type":[],"build_version":"2020-12-22","purchased_purges":0,"victory":false,"max_hp_per_floor":[82,82,82,82,82,82,82,82,82,82,82,82,82,82,82,82,87,87,87,87,87,87,87,87,87,87],"card_choices":[{"not_picked":["theSenshi:RainbowMoonHeartAche","theSenshi:MoonKick"],"picked":"theSenshi:MercurysCunning","floor":1},{"not_picked":["theSenshi:SupersonicWaves","theSenshi:SailorMarsAssists","theSenshi:SailorV"],"picked":"SKIP","floor":3},{"not_picked":["theSenshi:SailorMarsAssists","theSenshi:NeptunesGrace"],"picked":"theSenshi:MoonPunch","floor":6},{"not_picked":["theSenshi:TuxedoSmokingBomber","theSenshi:SailorVenusAssists","theSenshi:SupersonicWaves"],"picked":"SKIP","floor":8},{"not_picked":["theSenshi:MoonCosmicPowerMakeUp","theSenshi:SchoolBag"],"picked":"theSenshi:TuxedoMaskAssists","floor":11},{"not_picked":["theSenshi:EncouragingSpeech","theSenshi:SailorMercuryAssists"],"picked":"theSenshi:MoonCosmicPowerMakeUp","floor":13},{"not_picked":["theSenshi:CrisisMakeUp","theSenshi:SilverCrystal","theSenshi:NeptunesGrace"],"picked":"SKIP","floor":14},{"not_picked":["theSenshi:IWillPunishYou","theSenshi:FatedKiss"],"picked":"theSenshi:MoonGorgeousMeditation","floor":16},{"not_picked":["theSenshi:SailorPlanetPower","theSenshi:MoonTwilightFlash"],"picked":"theSenshi:Sidestep","floor":17},{"not_picked":["theSenshi:LunasBite+1","theSenshi:SaturnsMystery"],"picked":"theSenshi:SailorJupiterAssists","floor":18},{"not_picked":["theSenshi:OdangoHead","theSenshi:DramaticEntrance"],"picked":"theSenshi:MoonsReflection+1","floor":20},{"not_picked":["theSenshi:SupersonicWaves","theSenshi:CrisisMakeUp"],"picked":"theSenshi:MoonPunch","floor":21},{"not_picked":["theSenshi:SilverCrystal","theSenshi:Sidestep"],"picked":"theSenshi:SailorSaturnAssists","floor":24}],"player_experience":249853,"relics_obtained":[{"floor":13,"key":"hubris:TenFootPole"},{"floor":24,"key":"Replay:Mystery Machine"}],"event_choices":[{"damage_healed":0,"gold_gain":0,"cards_transformed":["theSenshi:SailorBlock"],"player_choice":"Transformed","damage_taken":0,"max_hp_gain":0,"max_hp_loss":0,"event_name":"Transmorgrifier","floor":5,"gold_loss":0,"cards_obtained":["theSenshi:SailorPlanetPower"]},{"damage_healed":0,"gold_gain":0,"player_choice":"Upgraded Two","damage_taken":0,"max_hp_gain":0,"max_hp_loss":0,"event_name":"Designer","floor":19,"gold_loss":40,"cards_upgraded":["theSenshi:MoonGorgeousMeditation","theSenshi:MoonCosmicPowerMakeUp"]}],"is_beta":false,"boss_relics":[{"not_picked":["Busted Crown","Runic Dome"],"picked":"Tiny House"}],"items_purged_floors":[],"is_endless":false,"potions_floor_spawned":[1,6,8,14,18,20],"killed_by":"Sentry and Sphere","ascension_level":4}}