{"host":"hfxp6ue4pvwo3fit","time":1613777774,"event":{"mods":["AchievementEnabler","BaseMod","Colored Map","Colored Powertips","Highlight Path","Minty Spire (QoL Compilation)","Relic Stats","StSLib","SuperFastMode"],"gold_per_floor":[109,109,124,137,152,152,62,62,62,91,106,136,136,136,136,210,210,224,224,224,244,258,258,305,305,305,305,42,92,103,121,121,121,121],"floor_reached":33,"language":"ENG","playtime":1172,"items_purged":["Strike_G+1"],"score":610,"play_id":"74e92bdf-d589-4a86-b9c8-4680881c37ea","local_time":"20210219173614","is_ascension_mode":true,"campfire_choices":[{"data":"Predator","floor":6,"key":"SMITH"},{"data":"Neutralize","floor":8,"key":"SMITH"},{"data":"Deadly Poison","floor":13,"key":"SMITH"},{"floor":15,"key":"REST"},{"data":"Night Terror","floor":23,"key":"SMITH"},{"data":"Night Terror","floor":25,"key":"SMITH"},{"floor":32,"key":"REST"}],"circlet_count":0,"master_deck":["AscendersBane","Strike_G+1","Strike_G+1","Strike_G+1","Defend_G+1","Defend_G+1","Defend_G+1","Defend_G+1","Defend_G+1","Survivor","Neutralize+1","PiercingWail","Masterful Stab","Flying Knee","Predator+1","Slice+1","Caltrops","Malaise","Deadly Poison+1","Night Terror+1","Bouncing Flask","Night Terror+1","PiercingWail","Deadly Poison","PiercingWail","Malaise","Dagger Spray+1"],"relics":["Runic Pyramid","Sundial","Thread and Needle","Ornamental Fan","Philosopher\u0027s Stone","Pen Nib","Molten Egg 2","MealTicket"],"acts_visited":["Exordium","TheCity"],"potions_floor_usage":[16,16,31,33],"damage_taken":[{"damage":1,"enemies":"Jaw Worm","floor":1,"turns":4},{"damage":0,"enemies":"Cultist","floor":3,"turns":4},{"damage":1,"enemies":"2 Louse","floor":4,"turns":4},{"damage":1,"enemies":"2 Fungi Beasts","floor":5,"turns":3},{"damage":10,"enemies":"3 Sentries","floor":10,"turns":8},{"damage":0,"enemies":"Looter","floor":11,"turns":3},{"damage":17,"enemies":"Gremlin Nob","floor":12,"turns":4},{"damage":0,"enemies":"Hexaghost","floor":16,"turns":8},{"damage":14,"enemies":"3 Byrds","floor":18,"turns":5},{"damage":4,"enemies":"2 Thieves","floor":21,"turns":4},{"damage":3,"enemies":"Sentry and Sphere","floor":22,"turns":8},{"damage":6,"enemies":"Snake Plant","floor":30,"turns":7},{"damage":7,"enemies":"Shelled Parasite and Fungi","floor":31,"turns":5},{"damage":38,"enemies":"Collector","floor":33,"turns":8}],"seed_played":"-557481692979710165","potions_obtained":[{"floor":3,"key":"LiquidBronze"},{"floor":5,"key":"CunningPotion"},{"floor":11,"key":"CultistPotion"},{"floor":16,"key":"GhostInAJar"},{"floor":18,"key":"Strength Potion"}],"is_trial":false,"path_per_floor":["M","?","M","M","M","R","$","R","T","E","M","E","R","?","R","B",null,"M","?","?","M","M","R","T","R","T","?","$","?","M","M","R","B"],"character_chosen":"THE_SILENT","items_purchased":["Caltrops","PiercingWail","MealTicket"],"campfire_rested":2,"item_purchase_floors":[7,28,28],"current_hp_per_floor":[58,58,58,57,56,56,56,56,56,46,46,29,29,9,28,28,57,43,43,43,39,36,36,36,36,36,18,18,18,12,5,26,0,0],"gold":121,"neow_bonus":"BOSS_RELIC","is_daily":false,"chose_seed":false,"campfire_upgraded":5,"win_rate":0.0,"timestamp":1613777774,"path_taken":["M","?","M","?","M","R","?","R","T","E","M","E","R","?","R","BOSS","M","?","?","M","?","R","?","R","T","?","$","?","M","M","R","BOSS"],"items_purchased_type":["Card","Card","Relic"],"build_version":"2020-12-22","purchased_purges":1,"victory":false,"max_hp_per_floor":[66,66,66,66,66,66,66,66,66,66,66,66,66,66,66,66,66,66,66,66,66,66,66,66,66,66,71,71,71,71,71,71,71,71],"relic_stats":{"counters":[14,75],"Sundial":[4],"Ornamental Fan":[24],"MealTicket":0,"Pen Nib":[2],"obtain_stats":[{"Sundial":9,"Ornamental Fan":12,"Thread and Needle":10,"Philosopher\u0027s Stone":17,"Molten Egg 2":26,"MealTicket":28,"Pen Nib":24,"Ring of the Snake":0,"Runic Pyramid":0},{"Sundial":4,"Ornamental Fan":7,"Thread and Needle":5,"Philosopher\u0027s Stone":8,"Molten Egg 2":11,"MealTicket":11,"Pen Nib":11,"Ring of the Snake":0,"Runic Pyramid":0},{"Sundial":15,"Ornamental Fan":30,"Thread and Needle":23,"Philosopher\u0027s Stone":38,"Molten Egg 2":55,"MealTicket":55,"Pen Nib":55,"Ring of the Snake":0,"Runic Pyramid":0}]},"card_choices":[{"not_picked":["Underhanded Strike","Eviscerate"],"picked":"PiercingWail","floor":1},{"not_picked":["Sucker Punch","Well Laid Plans"],"picked":"Flying Knee","floor":3},{"not_picked":["Quick Slash","Outmaneuver"],"picked":"Predator","floor":4},{"not_picked":["Bane","PiercingWail"],"picked":"Slice","floor":5},{"not_picked":["Reflex","Concentrate"],"picked":"Malaise","floor":10},{"not_picked":["PiercingWail","Cloak And Dagger"],"picked":"Deadly Poison","floor":11},{"not_picked":["Dodge and Roll","Heel Hook","Infinite Blades"],"picked":"SKIP","floor":12},{"not_picked":["Doppelganger","Storm of Steel"],"picked":"Night Terror","floor":16},{"not_picked":["Underhanded Strike","Flechettes"],"picked":"Bouncing Flask","floor":18},{"not_picked":["Underhanded Strike","Flying Knee"],"picked":"PiercingWail","floor":21},{"not_picked":["Deflect","Outmaneuver"],"picked":"Deadly Poison","floor":22},{"not_picked":["Dagger Throw+1","Finisher+1"],"picked":"Malaise","floor":30},{"not_picked":["Underhanded Strike+1","Accuracy"],"picked":"Dagger Spray+1","floor":31}],"player_experience":520863,"relics_obtained":[{"floor":9,"key":"Sundial"},{"floor":10,"key":"Thread and Needle"},{"floor":12,"key":"Ornamental Fan"},{"floor":24,"key":"Pen Nib"},{"floor":26,"key":"Molten Egg 2"}],"event_choices":[{"damage_healed":0,"gold_gain":0,"cards_transformed":["Strike_G"],"player_choice":"Transformed","damage_taken":0,"max_hp_gain":0,"max_hp_loss":0,"event_name":"Transmorgrifier","floor":2,"gold_loss":0,"cards_obtained":["Masterful Stab"]},{"damage_healed":0,"gold_gain":0,"player_choice":"Entered Light","damage_taken":20,"max_hp_gain":0,"max_hp_loss":0,"event_name":"Shining Light","floor":14,"gold_loss":0,"cards_upgraded":["Defend_G","Slice"]},{"damage_healed":0,"gold_gain":0,"player_choice":"Simplicity","damage_taken":0,"max_hp_gain":0,"max_hp_loss":0,"event_name":"Back to Basics","floor":19,"gold_loss":0,"cards_upgraded":["Strike_G","Strike_G","Strike_G","Strike_G","Defend_G","Defend_G","Defend_G","Defend_G"]},{"damage_healed":0,"gold_gain":0,"player_choice":"Copied","damage_taken":0,"max_hp_gain":0,"max_hp_loss":0,"event_name":"Duplicator","floor":20,"gold_loss":0,"cards_obtained":["Night Terror"]},{"damage_healed":0,"gold_gain":0,"player_choice":"Shed Blood","damage_taken":23,"max_hp_gain":5,"max_hp_loss":0,"event_name":"Forgotten Altar","floor":27,"gold_loss":0},{"damage_healed":0,"gold_gain":50,"player_choice":"Stole From Cult","damage_taken":0,"max_hp_gain":0,"max_hp_loss":0,"event_name":"Nest","floor":29,"gold_loss":0}],"is_beta":false,"boss_relics":[{"not_picked":["Velvet Choker","Fusion Hammer"],"picked":"Philosopher\u0027s Stone"}],"items_purged_floors":[28],"is_endless":false,"potions_floor_spawned":[3,5,11,16,18,21,22],"killed_by":"Collector","ascension_level":20}}