{"host":"jx3f6ezc0g3s9edc","time":1613701272,"event":{"mods":["AchievementEnabler","BaseMod","Bestiary","Colored Map","Highlight Path","Minty Spire (QoL Compilation)","StSLib"],"gold_per_floor":[119,119,129,204,204,230,230,230,254,254,280,280,280,300,300,300,300],"floor_reached":16,"language":"ENG","playtime":458,"items_purged":[],"score":183,"play_id":"37454695-6aae-4406-b20f-2d2b6e60fd74","local_time":"20210218212112","is_ascension_mode":true,"campfire_choices":[{"data":"Sunder","floor":8,"key":"SMITH"},{"data":"Dualcast","floor":10,"key":"SMITH"},{"floor":13,"key":"REST"},{"data":"Zap","floor":15,"key":"SMITH"}],"circlet_count":0,"master_deck":["Strike_B","Strike_B+1","Strike_B+1","Defend_B","Defend_B","Defend_B","Defend_B","Zap+1","Dualcast+1","Sunder+1","Leap","Doom and Gloom","Barrage","Hyperbeam","Ball Lightning"],"relics":["Cracked Core","NeowsBlessing","Unceasing Top","Bird Faced Urn","Juzu Bracelet","Akabeko"],"acts_visited":["Exordium"],"potions_floor_usage":[11,16],"damage_taken":[{"damage":0,"enemies":"2 Louse","floor":1,"turns":1},{"damage":0,"enemies":"Small Slimes","floor":3,"turns":1},{"damage":0,"enemies":"Gremlin Nob","floor":6,"turns":1},{"damage":36,"enemies":"Lagavulin","floor":11,"turns":7},{"damage":7,"enemies":"Jaw Worm","floor":14,"turns":2},{"damage":39,"enemies":"Slime Boss","floor":16,"turns":4}],"seed_played":"4414015882909907064","potions_obtained":[{"floor":1,"key":"EntropicBrew"},{"floor":14,"key":"FocusPotion"}],"is_trial":false,"path_per_floor":["M","?","M","?","?","E","?","R","T","R","E","?","R","M","R","B"],"character_chosen":"DEFECT","items_purchased":[],"campfire_rested":1,"item_purchase_floors":[],"current_hp_per_floor":[68,61,61,50,75,75,60,60,60,60,24,24,46,39,39,0,0],"gold":300,"neow_bonus":"THREE_ENEMY_KILL","is_daily":false,"chose_seed":false,"campfire_upgraded":3,"win_rate":0.0,"timestamp":1613701272,"path_taken":["M","?","M","?","?","E","?","R","T","R","E","?","R","M","R","BOSS"],"items_purchased_type":[],"build_version":"2020-12-22","purchased_purges":0,"victory":false,"max_hp_per_floor":[75,75,75,75,75,75,75,75,75,75,75,75,75,75,75,75,75],"card_choices":[{"not_picked":["Rip and Tear","Undo"],"picked":"Sunder","floor":1},{"not_picked":["Stack","Rebound"],"picked":"Leap","floor":3},{"not_picked":["Rebound","Sunder"],"picked":"Doom and Gloom","floor":6},{"not_picked":["Rebound","Rainbow"],"picked":"Barrage","floor":11},{"not_picked":["Compile Driver","Rebound"],"picked":"Ball Lightning","floor":14}],"player_experience":889398,"relics_obtained":[{"floor":6,"key":"Bird Faced Urn"},{"floor":9,"key":"Juzu Bracelet"},{"floor":11,"key":"Akabeko"}],"event_choices":[{"damage_healed":0,"gold_gain":0,"player_choice":"Success","damage_taken":7,"relics_obtained":["Unceasing Top"],"max_hp_gain":0,"max_hp_loss":0,"event_name":"Scrap Ooze","floor":2,"gold_loss":0},{"damage_healed":0,"gold_gain":75,"player_choice":"Gather Gold","damage_taken":11,"max_hp_gain":0,"max_hp_loss":0,"event_name":"World of Goop","floor":4,"gold_loss":0},{"damage_healed":25,"gold_gain":0,"player_choice":"Banana","damage_taken":0,"max_hp_gain":0,"max_hp_loss":0,"event_name":"Big Fish","floor":5,"gold_loss":0},{"damage_healed":0,"gold_gain":0,"player_choice":"Entered Light","damage_taken":15,"max_hp_gain":0,"max_hp_loss":0,"event_name":"Shining Light","floor":7,"gold_loss":0,"cards_upgraded":["Strike_B","Strike_B"]},{"damage_healed":0,"gold_gain":0,"cards_transformed":["Strike_B"],"player_choice":"Transformed","damage_taken":0,"max_hp_gain":0,"max_hp_loss":0,"event_name":"Transmorgrifier","floor":12,"gold_loss":0,"cards_obtained":["Hyperbeam"]}],"is_beta":false,"boss_relics":[],"items_purged_floors":[],"is_endless":false,"potions_floor_spawned":[1,14],"killed_by":"Slime Boss","ascension_level":8}}