{"host":"am0cr9xwekqmrere","time":1613711324,"event":{"mods":["AchievementEnabler","Act Like it!","BaseMod","Better Altar","Better Match","Better Note","Better Sensory Stone","Better Skull","Better Third Choice","BetterRewards","Conspire","Downfall","Hubris","Infinite Spire","Marisa????????","Minty Spire (QoL Compilation)","Rare Cards Sparkle","Spicy Shops","StSLib","The Servant 0.9.4","Unceasing Turn Reminder"],"gold_per_floor":[112,129,143,143,143,143,162,177,177,138,149,182,196,206,206,302,302,315,390,407,407,407,407,437,455,455,455,466,466,466,376,376,474,474,493,493,512,277,295,327,327,346,420,439,475,488,488,501,501,501,501,501,22,51,51],"floor_reached":56,"language":"ENG","playtime":4531,"items_purged":["Shame"],"score":1553,"play_id":"a6ce45e1-c1a2-4d2a-973b-1c7581bdf3d1","local_time":"20210218230844","is_ascension_mode":false,"campfire_choices":[{"floor":6.0,"key":"RECALL"},{"floor":15.0,"key":"REST"},{"data":"SurpressingFire","floor":15.0,"key":"SMITH"},{"data":"BottledTime","floor":23,"key":"SMITH"},{"data":"Rearm","floor":27,"key":"SMITH"},{"data":"Luminosity","floor":29,"key":"SMITH"},{"data":"BestPractice","floor":32,"key":"SMITH"},{"data":"Luminosity","floor":41,"key":"SMITH"},{"floor":49,"key":"REST"},{"data":"SilverBlades","floor":49,"key":"SMITH"},{"data":"FlawlessForm","floor":52,"key":"SMITH"}],"circlet_count":0,"master_deck":["Strike_S","Strike_S","Strike_S","Strike_S","Defend_S","Defend_S","Defend_S","Defend_S","KidneyShot","Exchange","Luminosity","Desolation","Hightail+1","Luminosity+1","Moonlight+1","Moondial","Snipe+1","Duplication","SurpressingFire+1","Rewind","BestPractice+1","FlawlessForm+1","Revamp+1","BottledTime+1","infinitespire:Starlight","Manipulate+1","MoonPhase","FastForward","Defy","ShatteredReality+1","SpecialFormula","Rearm+1","Luminosity+1","PendulumOfEternity+1","TimeWarp","DualDimension+1","Contraction","Spin+1","Defy+1","Alleviate","Potential+1","DualDimension+1","SilverBlades+1","Luminosity","Master of Strategy","Jack Of All Trades","LightFlow"],"relics":["Uniform","Membership Card","Peace Pipe","betterThird:SlimedRelic","infinitespire:Magic Flask","StoneMask","Orrery","Nloth\u0027s Gift","Orichalcum","Mercury Hourglass","WarpedTongs","SlaversCollar","Bag of Marbles","Strange Spoon","Whetstone","Blue Candle","Regal Pillow","hubris:TinFlute","Calipers","Lee\u0027s Waffle","Anchor","Guardian:PocketSentry"],"acts_visited":[],"potions_floor_usage":[24,33,35,36,37,37,37,42,46,50,55,55],"damage_taken":[{"damage":0.0,"enemies":"2 Louse","floor":1.0,"turns":2.0},{"damage":0.0,"enemies":"Small Slimes","floor":2.0,"turns":3.0},{"damage":0.0,"enemies":"Cultist","floor":3.0,"turns":5.0},{"damage":0.0,"enemies":"Large Slime","floor":7.0,"turns":8.0},{"damage":0.0,"enemies":"3 Louse","floor":8.0,"turns":6.0},{"damage":9.0,"enemies":"Gremlin Gang","floor":11.0,"turns":7.0},{"damage":34.0,"enemies":"3 Sentries","floor":12.0,"turns":9.0},{"damage":0.0,"enemies":"conspire:2 RoseBushes","floor":13.0,"turns":8.0},{"damage":0.0,"enemies":"Exordium Wildlife","floor":14.0,"turns":6.0},{"damage":0.0,"enemies":"Slime Boss","floor":16.0,"turns":23.0},{"damage":2.0,"enemies":"Shell Parasite","floor":18.0,"turns":7.0},{"damage":14,"enemies":"3 Byrds","floor":20,"turns":8},{"damage":18,"enemies":"Book of Stabbing","floor":24,"turns":9},{"damage":0,"enemies":"Centurion and Healer","floor":25,"turns":9},{"damage":0,"enemies":"Shelled Parasite and Fungi","floor":28,"turns":8},{"damage":10,"enemies":"Champ","floor":33,"turns":18},{"damage":31,"enemies":"3 Shapes","floor":35,"turns":8},{"damage":9,"enemies":"3 Darklings","floor":37,"turns":8},{"damage":0,"enemies":"Maw","floor":39,"turns":12},{"damage":23,"enemies":"Nemesis","floor":40,"turns":9},{"damage":26,"enemies":"Jaw Worm Horde","floor":42,"turns":7},{"damage":57,"enemies":"Transient","floor":44,"turns":5},{"damage":0,"enemies":"conspire:MimicChest","floor":45,"turns":15},{"damage":12,"enemies":"Spire Growth","floor":46,"turns":8},{"damage":18,"enemies":"Maw","floor":48,"turns":11},{"damage":14,"enemies":"conspire:OrnateMirror","floor":50,"turns":15},{"damage":0,"enemies":"Shield and Spear","floor":54,"turns":9},{"damage":65,"enemies":"The Heart","floor":55,"turns":17}],"seed_played":"1890319991480962968","potions_obtained":[{"floor":2.0,"key":"DistilledChaos"},{"floor":11.0,"key":"DuplicationPotion"},{"floor":12.0,"key":"FearPotion"},{"floor":16.0,"key":"AttackPotion"},{"floor":20,"key":"infinitespire:BlackPotion"},{"floor":28,"key":"hexamod:SoulburnPotion"},{"floor":33,"key":"SkillPotion"},{"floor":35,"key":"Weak Potion"},{"floor":36,"key":"BlessingOfTheForge"},{"floor":36,"key":"Fruit Juice"},{"floor":36,"key":"DistilledChaos"},{"floor":40,"key":"LiquidBronze"},{"floor":45,"key":"EssenceOfSteel"},{"floor":46,"key":"FearPotion"},{"floor":48,"key":"PowerPotion"}],"is_trial":false,"path_per_floor":["M","M","M","?","?","R","M","M","T","?","M","E","M","M","R","B",null,"M","?","M","AVR","?","R","E","M","T","R","M","R","?","?","R","B",null,"M","?","M","$","M","E","R","M","T","M","?","M","T","M","R","B",null,"R","$","E","B",null],"character_chosen":"THE_SERVANT","items_purchased":["Membership Card","Luminosity","Desolation","Contraction","Bag of Marbles","Strange Spoon","FairyPotion","Calipers","Lee\u0027s Waffle","Anchor","Luminosity","Master of Strategy","Jack Of All Trades","Strength Potion"],"campfire_rested":2,"item_purchase_floors":[0,0,0,38,38,38,38,53,53,53,53,53,53,53],"current_hp_per_floor":[60,60,60,60,60,60,60,60,60,49,40,6,6,6,25,25,65,63,57,43,43,43,43,38,64,64,64,70,70,70,70,70,71,71,45,50,67,67,81,82,82,75,75,39,67,66,66,71,89,90,90,90,97,99,67],"gold":51,"neow_bonus":"","is_daily":false,"chose_seed":false,"campfire_upgraded":8,"win_rate":0.0,"timestamp":1613711324,"path_taken":["M","M","M","?","?","R","?","M","T","?","M","E","M","M","R","BOSS","M","?","?","AVR","?","R","E","M","T","R","?","R","?","?","R","BOSS","M","?","M","$","M","E","R","M","T","?","?","M","?","M","R","BOSS","R","$","E","BOSS"],"items_purchased_type":["Relic","Card","Card","Card","Relic","Relic","Potion","Relic","Relic","Relic","Card","Card","Card","Potion"],"build_version":"2020-12-22","purchased_purges":1,"victory":true,"max_hp_per_floor":[65,65,65,65,65,65,65,65,65,65,65,65,65,65,65,65,65,65,65,65,65,65,65,66,68,68,68,70,70,70,70,70,71,71,74,79,80,80,81,82,82,85,85,86,87,88,88,89,89,90,90,90,97,99,100],"card_choices":[{"not_picked":["Starlight","Ricochet"],"picked":"Hightail","floor":1.0},{"not_picked":["Alleviate","Replace"],"picked":"Luminosity","floor":2.0},{"not_picked":["TimeWarp","ShatteredReality"],"picked":"Moonlight","floor":3.0},{"not_picked":["Replace","DoubleEdge"],"picked":"Moondial","floor":7.0},{"not_picked":["Replace","FastForward"],"picked":"Snipe","floor":8.0},{"not_picked":["Alleviate","Ricochet"],"picked":"Duplication","floor":11.0},{"not_picked":["StarChef","MoonPhase"],"picked":"SurpressingFire","floor":12.0},{"not_picked":["DoubleEdge","Starlight"],"picked":"Rewind","floor":13.0},{"not_picked":["TimeWarp","Revamp"],"picked":"BestPractice","floor":14.0},{"not_picked":["LightFlow","Embodiment"],"picked":"FlawlessForm","floor":16.0},{"not_picked":["InstantArmor","Ricochet+1"],"picked":"Revamp+1","floor":18.0},{"not_picked":["FastForward+1","ReturningBlade"],"picked":"BottledTime","floor":20},{"not_picked":["Alleviate","Ricochet"],"picked":"Manipulate+1","floor":21},{"not_picked":["Replace","BottledTime"],"picked":"MoonPhase","floor":21},{"not_picked":["BottledTime","Manipulate+1"],"picked":"FastForward","floor":21},{"not_picked":["Starlight","Unruled+1"],"picked":"Defy","floor":21},{"not_picked":["Rewind","FanOfKnives"],"picked":"ShatteredReality+1","floor":21},{"not_picked":["Starlight","FanOfKnives"],"picked":"SpecialFormula","floor":24},{"not_picked":["Moonlight+1","Spin"],"picked":"Rearm","floor":25},{"not_picked":["DualDimension","TimeWarp"],"picked":"Luminosity","floor":28},{"not_picked":["KillingDoll","Duplication"],"picked":"PendulumOfEternity","floor":33},{"not_picked":["Ricochet+1","Read+1"],"picked":"TimeWarp","floor":35},{"not_picked":["Ricochet","Reset"],"picked":"DualDimension+1","floor":37},{"not_picked":["ShatteredReality+1","RealityMarble+1"],"picked":"Spin+1","floor":39},{"not_picked":["Spin","BottledTime+1"],"picked":"Defy+1","floor":40},{"not_picked":["FloweringNight","Spin+1","ReturningBlade"],"picked":"SKIP","floor":42},{"not_picked":["Unruled","ShatteredReality+1"],"picked":"Alleviate","floor":44},{"not_picked":["Revamp","InstantArmor+1"],"picked":"Potential+1","floor":45},{"not_picked":["FlawlessForm","Replace+1"],"picked":"DualDimension+1","floor":46},{"not_picked":["BottledTime","Ricochet+1"],"picked":"SilverBlades","floor":48},{"not_picked":["BottledTime","Gouge"],"picked":"LightFlow","floor":54}],"player_experience":2827832,"relics_obtained":[{"floor":4.0,"key":"Peace Pipe"},{"floor":12.0,"key":"infinitespire:Magic Flask"},{"floor":24,"key":"Orichalcum"},{"floor":26,"key":"Mercury Hourglass"},{"floor":40,"key":"Whetstone"},{"floor":43,"key":"Blue Candle"},{"floor":45,"key":"Regal Pillow"},{"floor":47,"key":"hubris:TinFlute"},{"floor":54,"key":"Guardian:PocketSentry"}],"event_choices":[{"damage_healed":0.0,"max_hp_gain":0.0,"max_hp_loss":0.0,"gold_gain":0.0,"event_name":"Upgrade Shrine","player_choice":"Upgraded","floor":5.0,"gold_loss":0.0,"damage_taken":0.0,"cards_upgraded":["Hightail"]},{"damage_healed":0.0,"max_hp_gain":0.0,"max_hp_loss":0.0,"gold_gain":0.0,"event_name":"betterThird:BetterGoop","player_choice":"Slimed","floor":10.0,"gold_loss":39.0,"damage_taken":11.0},{"damage_healed":0,"gold_gain":75,"player_choice":"Touch","damage_taken":6,"max_hp_gain":0,"max_hp_loss":0,"event_name":"FaceTrader","floor":19,"gold_loss":0},{"damage_healed":0,"gold_gain":0,"player_choice":"Traded Relic","damage_taken":0,"relics_obtained":["Nloth\u0027s Gift"],"max_hp_gain":0,"max_hp_loss":0,"event_name":"N\u0027loth","floor":22,"relics_lost":["bronze:MakeshiftBattery"],"gold_loss":0},{"damage_healed":0,"gold_gain":0,"player_choice":"Rummage","damage_taken":0,"relics_obtained":["WarpedTongs"],"max_hp_gain":0,"max_hp_loss":0,"event_name":"Accursed Blacksmith","floor":30,"gold_loss":0,"cards_obtained":["Pain"]},{"cards_removed":["Pain"],"damage_healed":0,"gold_gain":0,"player_choice":"Upgrade and Remove","damage_taken":0,"max_hp_gain":0,"max_hp_loss":0,"event_name":"Designer","floor":31,"gold_loss":90,"cards_upgraded":["Snipe"]},{"damage_healed":0,"gold_gain":0,"player_choice":"Got Potions","damage_taken":0,"max_hp_gain":0,"max_hp_loss":0,"event_name":"Lab","floor":36,"gold_loss":0}],"is_beta":false,"boss_relics":[{"not_picked":["Cursed Key","Astrolabe"],"picked":"bronze:MakeshiftBattery"},{"not_picked":["Coffee Dripper","Velvet Choker"],"picked":"SlaversCollar"}],"items_purged_floors":[53],"is_endless":false,"potions_floor_spawned":[2,11,12,16,20,28,33,35,40,45,46,48,54],"ascension_level":0}}