{"host":"4qp30tywltrhkmjj","time":1613692935,"event":{"mods":["2.2 Compatiblity","AchievementEnabler","Act Like it!","Ascension Unlocker","Aspiration","BaseMod","Bestiary","Better Altar","Better Match","Better Note","Better Skull","Better Third Choice","BetterRewards","CCEM2","CapriCore","Challenge The Spire","Colored Map","Colored Powertips","Conjunction","Conspire","Defuse TimeMaze Blight","Displayed Cursed Tome","Downfall","EXCEPTION","Emptier Cage","Energized Spire","Exacting","Gold Saver","Halation","Highlight Path","Hubris","Infinite Spire","Jedi Mod","Lobotomy","LobotomyExtend","Minty Spire (QoL Compilation)","Poor People Problems","Replay The Spire","Ruina","SacredBarkPlus","Shop Mod","Spicy Shops","Spire Arcade","StSLib","The Blue Laboratory","Transform Curses","Uncapped","Unceasing Turn Reminder","Wandering Minibosses","Yuri Mod"],"gold_per_floor":[686,705,705,705,738,738,766,784,784,784,814,814,858,892,892,1011,1011,1025,1043,1043,1055,1055,1055,1055],"floor_reached":23,"language":"ENG","playtime":1358,"items_purged":[],"score":169,"play_id":"4827941a-ed41-498e-81c7-65f9ecd09d0e","local_time":"20210219010215","is_ascension_mode":true,"campfire_choices":[{"data":"Thunderclap","floor":6.0,"key":"SMITH"},{"data":"Metallicize","floor":10.0,"key":"SMITH"},{"floor":15.0,"key":"DIG"}],"circlet_count":0,"master_deck":["Woodsman","Mercenary","Strike_R","Strike_R","Strike_R","Strike_R","Strike_R","Defend_R","Defend_R","Defend_R+1","Defend_R","Bash","Sword Boomerang+1","Thunderclap+1","Metallicize+1","OSAHOGD","Heavy Blade","Spot Weakness","Double Tap","PunishingBird","Sword Boomerang+1","Replay:Fractal Strike"],"relics":["Burning Blood","halation:LettersToHer","CogitoBucket","LetterFromLob","hubris:Towel","Omamori","jedi:shrinkray","hexamod:BolsterEngine","Pantograph","bronze:BronzeIdol","Boot","SkinProphecy","Smiling Mask","WantedRequest","SwordSharpenedByTears_r","Adoration_r","halation:PinkAlligatorPlush","halation:PinkSoulGem","Logging_r"],"acts_visited":["Exordium","ruina:Briah"],"potions_floor_usage":[18,21,23],"damage_taken":[{"damage":6.0,"enemies":"Jaw Worm","floor":1.0,"turns":3.0},{"damage":0.0,"enemies":"Small Slimes","floor":2.0,"turns":2.0},{"damage":0.0,"enemies":"2 Louse","floor":5.0,"turns":3.0},{"damage":23.0,"enemies":"3 Sentries","floor":7.0,"turns":6.0},{"damage":13.0,"enemies":"Exordium Thugs","floor":8.0,"turns":6.0},{"damage":16.0,"enemies":"Gremlin Nob","floor":11.0,"turns":4.0},{"damage":42.0,"enemies":"Lagavulin","floor":13.0,"turns":13.0},{"damage":0.0,"enemies":"2 Fungi Beasts","floor":14.0,"turns":7.0},{"damage":33.0,"enemies":"Slime Boss","floor":16.0,"turns":23.0},{"damage":4,"enemies":"ruina:Nosferatu","floor":18,"turns":2},{"damage":57,"enemies":"ruina:3_Bats","floor":19,"turns":4},{"damage":30,"enemies":"ruina:KnightOfDespair","floor":21,"turns":3},{"damage":76,"enemies":"ruina:Mountain","floor":23,"turns":2}],"seed_played":"6794680968903886331","potions_obtained":[{"floor":2.0,"key":"blueLaboratory:BottleOfVodka"},{"floor":7.0,"key":"jedi:StrikingPotion"},{"floor":8.0,"key":"Strength Potion"},{"floor":14.0,"key":"blueLaboratory:SavagePotion"},{"floor":16.0,"key":"blueLaboratory:ConflagurationPotion"},{"floor":19,"key":"blueLaboratory:HummingbirdPotion"},{"floor":21,"key":"sneckomod:MuddlingPotion"}],"is_trial":false,"path_per_floor":["M","M","?","?","M","R","E","M","T","R","E","?","E","M","R_BF","B",null,"M","M","?","M","?","E"],"character_chosen":"IRONCLAD","items_purchased":[],"campfire_rested":0,"item_purchase_floors":[],"current_hp_per_floor":[80,80,80,80,80,80,63,56,56,56,46,46,10,28,28,22,82,80,25,25,88,65,0,0],"gold":1055,"neow_bonus":"RANDOM_COMMON_RELIC","is_daily":false,"chose_seed":false,"campfire_upgraded":2,"win_rate":0.0,"timestamp":1613692935,"path_taken":["M","M","?","?","M","R","E","M","T","R","E","?","E","?","R_BF","BOSS","M","M","?","M","?","E"],"items_purchased_type":[],"build_version":"2020-12-22","purchased_purges":0,"victory":false,"max_hp_per_floor":[80,80,80,80,80,80,80,80,80,80,80,80,80,80,80,82,82,84,86,86,88,88,90,90],"card_choices":[{"not_picked":["CherryBlossoms","Alriune","CrumblingArmor"],"picked":"Singing Bowl","floor":1.0},{"not_picked":["Armaments","Battle Trance"],"picked":"Sword Boomerang","floor":1.0},{"not_picked":["HappyTeddy","QueenBee","LittleHelper"],"picked":"Singing Bowl","floor":2.0},{"not_picked":["ReplayTheSpireMod:Strike From Hell","Twin Strike","hubris:ReadiedAction"],"picked":"SKIP","floor":2.0},{"not_picked":["CherryBlossoms","PunishingBird","SpiderBud"],"picked":"Singing Bowl","floor":5.0},{"not_picked":["True Grit","Juggernaut"],"picked":"Thunderclap","floor":5.0},{"not_picked":["Ghostly Armor","jedi:fear"],"picked":"Metallicize","floor":7.0},{"not_picked":["BeautyBeast","Variant"],"picked":"OSAHOGD","floor":8.0},{"not_picked":["Cleave","Perfected Strike","ReplayReversal"],"picked":"SKIP","floor":8.0},{"not_picked":["Wellcheers","HappyTeddy","BeautyBeast"],"picked":"Singing Bowl","floor":11.0},{"not_picked":["Scorched","SpiderBud"],"picked":"MeltingLove","floor":11.0},{"not_picked":["hubris:ReadiedAction","Body Slam"],"picked":"Heavy Blade","floor":11.0},{"not_picked":["Cleave","Anger"],"picked":"Spot Weakness","floor":13.0},{"not_picked":["WallGazer","CrumblingArmor"],"picked":"DespairKnight","floor":13.0},{"not_picked":["FairyFestival","LittlePrince"],"picked":"Mercenary","floor":14.0},{"not_picked":["Body Slam","Wild Strike","Uppercut"],"picked":"SKIP","floor":14.0},{"not_picked":["hubris:StunningStrike","conspire:Purge"],"picked":"Double Tap","floor":16.0},{"not_picked":["CrumblingArmor","Murderer","UniverseFragment"],"picked":"Singing Bowl","floor":16.0},{"not_picked":["WallGazer","NakedNest"],"picked":"PunishingBird","floor":18},{"not_picked":["Headbutt","Wild Strike","Twin Strike"],"picked":"SKIP","floor":18},{"not_picked":["SilentOrchestra","WallGazer"],"picked":"Woodsman","floor":19},{"not_picked":["Run Through","Perfected Strike","Wild Strike"],"picked":"SKIP","floor":19},{"not_picked":["VoidDream","OldLady"],"picked":"BigBird","floor":21},{"not_picked":["Reckless Charge+1","Feed"],"picked":"Sword Boomerang+1","floor":21},{"not_picked":["ReplayTheSpireMod:Haul","hubris:Fate"],"picked":"Replay:Fractal Strike","floor":22}],"player_experience":486391,"relics_obtained":[{"floor":1.0,"key":"LetterFromLob"},{"floor":7.0,"key":"Omamori"},{"floor":9.0,"key":"jedi:shrinkray"},{"floor":9.0,"key":"hexamod:BolsterEngine"},{"floor":11.0,"key":"Pantograph"},{"floor":13.0,"key":"bronze:BronzeIdol"},{"floor":13.0,"key":"Boot"},{"floor":15.0,"key":"Smiling Mask"}],"event_choices":[],"is_beta":false,"boss_relics":[{"not_picked":["Replay:Drink Me","halation:ForbiddenBikini"],"picked":"halation:PinkAlligatorPlush"}],"items_purged_floors":[],"is_endless":false,"potions_floor_spawned":[2,8,14,16,19,21],"killed_by":"ruina:Mountain","ascension_level":1}}