{"host":"dlskvfecb6rtl9z1","time":1613725381,"event":{"mods":["2.2 Compatiblity","AchievementEnabler","Aspiration","BaseMod","Better Third Choice","Colored Map","Colored Powertips","Duelist Mod","Hermit","Hubris","Infinite Spire","KinomotoSakuraMod(????)","Koishi","Marisa????????","Minty Spire (QoL Compilation)","Remilia??????","Replay The Spire","Shop Mod","StSLib","Td1madao Mod","The Administrix","The Bug Knight","The Construct","The Cursed","The Disciple","The Hierophant","The Jungle","The Mystic","The Necromancer","The Runesmith","The Senshi","The Servant 0.9.4"],"gold_per_floor":[113,128,148,159,159,198,219,219,242,242,191,206,229,243,243,369,369,294,294,294],"floor_reached":19,"language":"ENG","playtime":2291,"items_purged":[],"score":216,"play_id":"492d2856-3858-46d4-a8f5-e1c9e86c46c0","local_time":"20210219110301","is_ascension_mode":true,"campfire_choices":[{"floor":8.0,"key":"REST"},{"data":"Self Repair","floor":10.0,"key":"SMITH"},{"data":"ReplayTheSpireMod:Repulse","floor":15.0,"key":"SMITH"}],"circlet_count":0,"master_deck":["Glacier+1","Strike_B","Strike_B","Strike_B","Strike_B","Defend_B","Defend_B","Defend_B","Defend_B","Zap","Dualcast","Defragment","Conserve Battery","ReplayTheSpireMod:Repulse","Undo","ReplayTheSpireMod:Repulse+1","Self Repair+1","Coolheaded","Self Repair"],"relics":["Cracked Core","Golden Idol","theSenshi:SailorFukuRelic","PreservedInsect","hubris:SlimyHat","hubris:Backtick","Blue Mushroom"],"acts_visited":["Exordium","TheCity"],"potions_floor_usage":[],"damage_taken":[{"damage":8.0,"enemies":"infinitespire:Voidling","floor":1.0,"turns":4.0},{"damage":0.0,"enemies":"Cultist","floor":2.0,"turns":5.0},{"damage":0.0,"enemies":"Jaw Worm","floor":3.0,"turns":3.0},{"damage":3.0,"enemies":"Red Slaver","floor":4.0,"turns":5.0},{"damage":0.0,"enemies":"Lagavulin","floor":6.0,"turns":8.0},{"damage":43.0,"enemies":"Gremlin Gang","floor":7.0,"turns":10.0},{"damage":1.0,"enemies":"Exordium Wildlife","floor":12.0,"turns":4.0},{"damage":0.0,"enemies":"HollowMod:HuskWarrior","floor":13.0,"turns":19.0},{"damage":6.0,"enemies":"Red Slaver","floor":14.0,"turns":4.0},{"damage":28.0,"enemies":"Slime Boss","floor":16.0,"turns":18.0},{"damage":31,"enemies":"2 Thieves","floor":18,"turns":5},{"damage":0,"enemies":"Shell Parasite","floor":19,"turns":1}],"seed_played":"6808604516790970407","potions_obtained":[{"floor":1.0,"key":"LiquidBronze"},{"floor":6.0,"key":"EssenceOfSteel"},{"floor":13.0,"key":"Adrenaline Potion"},{"floor":14.0,"key":"Dexterity Potion"}],"is_trial":false,"path_per_floor":["M","M","M","M","?","E","M","R","T","R","?","M","M","M","R","B",null,"M","M"],"character_chosen":"DEFECT","items_purchased":[],"campfire_rested":1,"item_purchase_floors":[],"current_hp_per_floor":[74,74,74,71,53,53,10,32,32,32,32,41,51,62,62,51,75,61,61,61],"gold":294,"neow_bonus":"THREE_CARDS","is_daily":false,"chose_seed":false,"campfire_upgraded":2,"win_rate":0.0,"timestamp":1613725381,"path_taken":["M","?","M","M","?","E","M","R","T","R","?","M","M","?","R","BOSS","M","?"],"items_purchased_type":[],"build_version":"2020-12-22","purchased_purges":0,"victory":false,"max_hp_per_floor":[75,75,75,75,75,75,75,75,75,75,75,75,75,75,75,75,75,75,75,75],"card_choices":[{"not_picked":["Sunder","Leap"],"picked":"Defragment","floor":0.0},{"not_picked":["Compile Driver","Barrage"],"picked":"Conserve Battery","floor":1.0},{"not_picked":["Panic Button","BootSequence"],"picked":"ReplayTheSpireMod:Repulse","floor":2.0},{"not_picked":["Fusion","Melter"],"picked":"Undo","floor":3.0},{"not_picked":["Sunder","Recycle","Go for the Eyes"],"picked":"SKIP","floor":4.0},{"not_picked":["Hologram","Leap"],"picked":"ReplayTheSpireMod:Repulse","floor":6.0},{"not_picked":["Panic Button","Tempest"],"picked":"Self Repair","floor":7.0},{"not_picked":["Aggregate","Cold Snap"],"picked":"Coolheaded","floor":12.0},{"not_picked":["Streamline","Ball Lightning"],"picked":"Self Repair","floor":13.0},{"not_picked":["Static Discharge","Genetic Algorithm","Streamline"],"picked":"SKIP","floor":14.0},{"not_picked":["BasicCrystalCard","Turbo","Crystallizer"],"picked":"SKIP","floor":18}],"player_experience":157491,"relics_obtained":[{"floor":6.0,"key":"theSenshi:SailorFukuRelic"},{"floor":9.0,"key":"PreservedInsect"}],"event_choices":[{"damage_healed":0.0,"max_hp_gain":0.0,"max_hp_loss":0.0,"gold_gain":0.0,"event_name":"Golden Idol","player_choice":"Take Damage","floor":5.0,"gold_loss":0.0,"damage_taken":18.0,"relics_obtained":["Golden Idol"]},{"damage_healed":0.0,"max_hp_gain":0.0,"max_hp_loss":0.0,"gold_gain":0.0,"event_name":"WeMeetAgain","player_choice":"Paid Gold","floor":11.0,"gold_loss":51.0,"damage_taken":0.0,"relics_obtained":["hubris:SlimyHat"]}],"is_beta":false,"boss_relics":[{"not_picked":["Ectoplasm","aspiration:RitualDagger"],"picked":"hubris:Backtick"}],"items_purged_floors":[],"is_endless":false,"potions_floor_spawned":[1,6,13,14],"killed_by":"Shell Parasite","ascension_level":2}}