{"host":"hg2vyukq38ky973l","time":1613771761,"event":{"mods":["AchievementEnabler","BaseMod","Minty Spire (QoL Compilation)"],"gold_per_floor":[111,123,138,138,63,63,93,93,175,175,350,369,20,31,31,129,129,145,145,20,20,20],"floor_reached":21,"language":"ENG","playtime":882,"items_purged":["Strike_G","Doubt","Concentrate"],"score":221,"play_id":"a3d36d8a-a079-4738-86b1-48cac5ae3dc5","local_time":"20210220075601","is_ascension_mode":true,"campfire_choices":[{"data":"Blade Dance","floor":6,"key":"SMITH"},{"floor":8,"key":"REST"},{"data":"Cloak And Dagger","floor":10,"key":"SMITH"},{"floor":15,"key":"REST"}],"circlet_count":0,"master_deck":["Strike_G","Strike_G","Strike_G","Defend_G","Defend_G","Defend_G","Defend_G","Defend_G","Survivor","Neutralize+1","Blade Dance+1","Tactician","Cloak And Dagger+1","Acrobatics","Dagger Throw","Accuracy","Storm of Steel","Prepared","Necronomicurse"],"relics":["Ring of the Snake","Toy Ornithopter","Singing Bowl","Vajra","SacredBark","Necronomicon"],"acts_visited":["Exordium","TheCity"],"potions_floor_usage":[7,18],"damage_taken":[{"damage":0,"enemies":"2 Louse","floor":1,"turns":3},{"damage":0,"enemies":"Jaw Worm","floor":2,"turns":3},{"damage":0,"enemies":"Cultist","floor":3,"turns":4},{"damage":59,"enemies":"Gremlin Nob","floor":7,"turns":6},{"damage":0,"enemies":"2 Fungi Beasts","floor":12,"turns":4},{"damage":0,"enemies":"Looter","floor":14,"turns":2},{"damage":7,"enemies":"Slime Boss","floor":16,"turns":9},{"damage":14,"enemies":"Shell Parasite","floor":18,"turns":3},{"damage":41,"enemies":"3 Byrds","floor":21,"turns":6}],"seed_played":"7028568086268096469","potions_obtained":[{"floor":2,"key":"BlessingOfTheForge"},{"floor":3,"key":"EssenceOfSteel"},{"floor":12,"key":"Regen Potion"}],"is_trial":false,"path_per_floor":["M","M","M","?","$","R","E","R","T","R","?","M","$","M","R","B",null,"M","?","$","M"],"character_chosen":"THE_SILENT","items_purchased":["Acrobatics","Vajra","Dagger Throw"],"campfire_rested":2,"item_purchase_floors":[13,13,13],"current_hp_per_floor":[70,70,70,70,70,70,11,32,32,32,32,34,34,34,55,48,66,57,41,41,0,0],"gold":20,"neow_bonus":"UPGRADE_CARD","is_daily":false,"chose_seed":false,"campfire_upgraded":2,"win_rate":0.0,"timestamp":1613771761,"path_taken":["M","M","M","?","$","R","E","R","T","R","?","M","$","M","R","BOSS","M","?","?","M"],"items_purchased_type":["Card","Relic","Card"],"build_version":"2020-12-22","purchased_purges":3,"victory":false,"max_hp_per_floor":[70,70,70,70,70,70,70,70,70,70,70,72,72,72,72,72,72,72,72,72,72,72],"card_choices":[{"not_picked":["Backflip","Masterful Stab"],"picked":"Blade Dance","floor":1},{"not_picked":["Flying Knee","Choke"],"picked":"Concentrate","floor":2},{"not_picked":["Doppelganger","Dagger Spray"],"picked":"Tactician","floor":3},{"not_picked":["Deflect","Backflip"],"picked":"Cloak And Dagger","floor":7},{"not_picked":["Calculated Gamble","Poisoned Stab","Deadly Poison"],"picked":"Singing Bowl","floor":12},{"not_picked":["Prepared","Flying Knee"],"picked":"Accuracy","floor":14},{"not_picked":["Doppelganger","Bullet Time"],"picked":"Storm of Steel","floor":16},{"not_picked":["Deadly Poison","Deflect+1"],"picked":"Prepared","floor":18}],"player_experience":320472,"relics_obtained":[{"floor":7,"key":"Toy Ornithopter"},{"floor":9,"key":"Singing Bowl"},{"floor":19,"key":"Necronomicon"}],"event_choices":[{"cards_removed":["Strike_G"],"damage_healed":0,"gold_gain":0,"player_choice":"Forget","damage_taken":0,"max_hp_gain":0,"max_hp_loss":0,"event_name":"Living Wall","floor":4,"gold_loss":0},{"damage_healed":0,"gold_gain":175,"player_choice":"AGREE","damage_taken":0,"max_hp_gain":0,"max_hp_loss":0,"event_name":"Liars Game","floor":11,"gold_loss":0,"cards_obtained":["Doubt"]},{"damage_healed":0,"gold_gain":0,"player_choice":"Obtained Book","damage_taken":16,"max_hp_gain":0,"max_hp_loss":0,"event_name":"Cursed Tome","floor":19,"gold_loss":0}],"is_beta":false,"boss_relics":[{"not_picked":["Runic Dome","Snecko Eye"],"picked":"SacredBark"}],"items_purged_floors":[5,13,20],"is_endless":false,"potions_floor_spawned":[2,3,12],"killed_by":"3 Byrds","ascension_level":5}}