{"host":"1focbxb2e8qu7ccd","time":1613772640,"event":{"mods":["AchievementEnabler","BaseMod","Bestiary","Highlight Path","Minty Spire (QoL Compilation)","Relic Stats"],"gold_per_floor":[15,15,15,35,55,55,96,96,122,157,157,157,170,193,193,193,193],"floor_reached":16,"language":"ENG","playtime":775,"items_purged":[],"score":270,"play_id":"78414080-350d-44ea-b36b-31e3d721e148","local_time":"20210219171040","is_ascension_mode":true,"campfire_choices":[{"data":"Die Die Die","floor":6,"key":"SMITH"},{"data":"Blade Dance","floor":8,"key":"SMITH"},{"data":"Dagger Throw","floor":12,"key":"SMITH"},{"data":"Crippling Poison","floor":15,"key":"SMITH"}],"circlet_count":0,"master_deck":["AscendersBane","Strike_G","Strike_G","Strike_G","Strike_G","Strike_G","Defend_G","Defend_G+1","Defend_G","Defend_G","Defend_G","Survivor+1","Neutralize","After Image","Blade Dance+1","Dagger Throw+1","Die Die Die+1","Escape Plan","Backflip","Crippling Poison+1"],"relics":["Ring of the Snake","Golden Idol","Strawberry","Toy Ornithopter","Matryoshka"],"acts_visited":["Exordium"],"potions_floor_usage":[10,16,16],"damage_taken":[{"damage":3,"enemies":"2 Louse","floor":1,"turns":4},{"damage":1,"enemies":"Jaw Worm","floor":4,"turns":4},{"damage":0,"enemies":"Small Slimes","floor":5,"turns":3},{"damage":8,"enemies":"3 Sentries","floor":7,"turns":8},{"damage":0,"enemies":"Gremlin Nob","floor":10,"turns":3},{"damage":0,"enemies":"Gremlin Gang","floor":13,"turns":4},{"damage":0,"enemies":"3 Louse","floor":14,"turns":2},{"damage":68,"enemies":"The Guardian","floor":16,"turns":13}],"seed_played":"4192141846306408051","potions_obtained":[{"floor":5,"key":"Poison Potion"},{"floor":7,"key":"DistilledChaos"},{"floor":10,"key":"DistilledChaos"},{"floor":11,"key":"Block Potion"},{"floor":13,"key":"Regen Potion"}],"is_trial":false,"path_per_floor":["M","?","?","M","M","R","E","R","T","E","?","R","M","M","R","B"],"character_chosen":"THE_SILENT","items_purchased":[],"campfire_rested":0,"item_purchase_floors":[],"current_hp_per_floor":[56,56,38,37,37,37,36,36,36,41,41,41,41,41,41,0,0],"gold":193,"neow_bonus":"THREE_RARE_CARDS","is_daily":false,"chose_seed":false,"campfire_upgraded":4,"win_rate":0.0,"timestamp":1613772640,"path_taken":["M","?","?","M","M","R","E","R","T","E","?","R","?","M","R","BOSS"],"items_purchased_type":[],"build_version":"2020-12-22","purchased_purges":0,"victory":false,"max_hp_per_floor":[66,60,60,60,60,60,67,67,67,67,67,67,67,67,67,67,67],"relic_stats":{"counters":[8,41],"Golden Idol":31,"obtain_stats":[{"Matryoshka":10,"Golden Idol":2,"Strawberry":7,"Toy Ornithopter":9,"Ring of the Snake":0},{"Matryoshka":5,"Golden Idol":1,"Strawberry":4,"Toy Ornithopter":4,"Ring of the Snake":0},{"Matryoshka":22,"Golden Idol":4,"Strawberry":19,"Toy Ornithopter":19,"Ring of the Snake":0}],"Toy Ornithopter":15,"Ring of the Snake":[16]},"card_choices":[{"not_picked":["Storm of Steel","Malaise"],"picked":"After Image","floor":0},{"not_picked":["Dodge and Roll","Expertise"],"picked":"Blade Dance","floor":1},{"not_picked":["Acrobatics","Concentrate"],"picked":"Dagger Throw","floor":4},{"not_picked":["Expertise","Backflip"],"picked":"Die Die Die","floor":5},{"not_picked":["Poisoned Stab","Dagger Spray"],"picked":"Escape Plan","floor":7},{"not_picked":["Deadly Poison","Bane","Phantasmal Killer"],"picked":"SKIP","floor":10},{"not_picked":["Dagger Spray","Predator"],"picked":"Backflip","floor":13},{"not_picked":["Outmaneuver","Bane"],"picked":"Crippling Poison","floor":14}],"player_experience":1030686,"relics_obtained":[{"floor":7,"key":"Strawberry"},{"floor":9,"key":"Toy Ornithopter"},{"floor":10,"key":"Matryoshka"}],"event_choices":[{"damage_healed":0,"gold_gain":0,"player_choice":"Lose Max HP","damage_taken":0,"relics_obtained":["Golden Idol"],"max_hp_gain":0,"max_hp_loss":6,"event_name":"Golden Idol","floor":2,"gold_loss":0},{"damage_healed":0,"gold_gain":0,"player_choice":"Entered Light","damage_taken":18,"max_hp_gain":0,"max_hp_loss":0,"event_name":"Shining Light","floor":3,"gold_loss":0,"cards_upgraded":["Survivor","Defend_G"]},{"damage_healed":0,"gold_gain":0,"player_choice":"Got Potions","damage_taken":0,"max_hp_gain":0,"max_hp_loss":0,"event_name":"Lab","floor":11,"gold_loss":0}],"is_beta":false,"boss_relics":[],"items_purged_floors":[],"is_endless":false,"potions_floor_spawned":[5,7,10,13],"killed_by":"The Guardian","ascension_level":20}}