{"host":"xp27heuvanyklt0b","time":1613739513,"event":{"mods":["100% Spire Juice","BaseMod","CapriCore","Koishi","Lobotomy","Minty Spire (QoL Compilation)","StSLib","The Immortal"],"gold_per_floor":[119,119,132,144,154,154,183,195,244,244,260,90,109,126,126,221,221,241,340,11,25,39,39,71,71,96,110,110,110],"floor_reached":28,"language":"KOR","playtime":2390,"items_purged":[],"score":256,"play_id":"4373ddb8-4d45-49da-ab50-88f54ad6f073","local_time":"20210219215833","is_ascension_mode":true,"campfire_choices":[{"data":"Zap","floor":6,"key":"SMITH"},{"floor":15,"key":"REST"},{"data":"Creative AI","floor":23,"key":"SMITH"},{"floor":25,"key":"REST"}],"circlet_count":0,"master_deck":["Strike_B","Strike_B","Strike_B","Defend_B","Defend_B","Defend_B","Defend_B","Zap+1","Dualcast","Defragment+1","Auto Shields","Fusion","Coolheaded","Self Repair","Multi-Cast","Cold Snap","Barrage","Tempest","Heatsinks","Cold Snap","Ball Lightning","Rainbow","Creative AI+1","Coolheaded","Loop","Redo","Stack","Storm","Glacier","Melter"],"relics":["FrozenCore","Omamori","Symbiotic Virus","Gremlin Horn","Lantern"],"acts_visited":["Exordium","TheCity"],"potions_floor_usage":[22,24],"damage_taken":[{"damage":2,"enemies":"Small Slimes","floor":1,"turns":5},{"damage":0,"enemies":"Cultist","floor":3,"turns":3},{"damage":0,"enemies":"2 Louse","floor":4,"turns":3},{"damage":12,"enemies":"Exordium Wildlife","floor":5,"turns":5},{"damage":27,"enemies":"Lagavulin","floor":7,"turns":7},{"damage":7,"enemies":"2 Fungi Beasts","floor":8,"turns":3},{"damage":7,"enemies":"3 Louse","floor":11,"turns":6},{"damage":0,"enemies":"Blue Slaver","floor":13,"turns":3},{"damage":11,"enemies":"2 Fungi Beasts","floor":14,"turns":3},{"damage":5,"enemies":"Hexaghost","floor":16,"turns":11},{"damage":11,"enemies":"Shell Parasite","floor":18,"turns":8},{"damage":0,"enemies":"Spheric Guardian","floor":21,"turns":6},{"damage":8,"enemies":"Cultist and Chosen","floor":22,"turns":6},{"damage":50,"enemies":"Slavers","floor":24,"turns":8},{"damage":11,"enemies":"Sentry and Sphere","floor":27,"turns":10},{"damage":47,"enemies":"Gremlin Leader","floor":28,"turns":5}],"seed_played":"-3170506774407951711","potions_obtained":[{"floor":1,"key":"FocusPotion"},{"floor":4,"key":"FearPotion"},{"floor":11,"key":"Fire Potion"},{"floor":14,"key":"CultistPotion"},{"floor":22,"key":"Fire Potion"}],"is_trial":false,"path_per_floor":["M","?","M","M","M","R","E","M","T","?","M","$","M","M","R","B",null,"M","?","$","M","M","R","E","R","T","M","E"],"character_chosen":"DEFECT","items_purchased":["Tempest","Heatsinks","Cold Snap","Loop","Symbiotic Virus","Redo"],"campfire_rested":2,"item_purchase_floors":[12,12,12,20,20,20],"current_hp_per_floor":[73,73,73,73,61,61,41,34,34,34,34,34,34,30,52,47,75,64,64,64,71,63,63,20,42,42,38,0,0],"gold":110,"neow_bonus":"TRANSFORM_CARD","is_daily":false,"chose_seed":false,"campfire_upgraded":2,"win_rate":0.0,"timestamp":1613739513,"path_taken":["M","?","M","M","M","R","E","?","T","?","M","$","M","M","R","BOSS","M","?","$","M","M","R","E","R","T","M","E"],"items_purchased_type":["Card","Card","Card","Card","Relic","Card"],"build_version":"2020-12-22","purchased_purges":0,"victory":false,"max_hp_per_floor":[75,75,75,75,75,75,75,75,75,75,75,75,75,75,75,75,75,75,75,75,75,75,75,75,75,75,75,75,75],"card_choices":[{"not_picked":["White Noise","Gash"],"picked":"Auto Shields","floor":1},{"not_picked":["Hologram","Turbo"],"picked":"Fusion","floor":3},{"not_picked":["Beam Cell","Conserve Battery"],"picked":"Coolheaded","floor":4},{"not_picked":["Hologram","Turbo"],"picked":"Self Repair","floor":5},{"not_picked":["Hologram","Leap"],"picked":"Multi-Cast","floor":7},{"not_picked":["Scrape","Turbo"],"picked":"Cold Snap","floor":8},{"not_picked":["Turbo","Double Energy"],"picked":"Barrage","floor":11},{"not_picked":["Hello World","Rebound"],"picked":"Ball Lightning","floor":13},{"not_picked":["Compile Driver","Self Repair"],"picked":"Rainbow","floor":14},{"not_picked":["All For One","Fission"],"picked":"Creative AI","floor":16},{"not_picked":["Leap+1","Heatsinks"],"picked":"Coolheaded","floor":18},{"not_picked":["Barrage","Steam+1"],"picked":"Stack","floor":21},{"not_picked":["Ball Lightning","Auto Shields"],"picked":"Storm","floor":22},{"not_picked":["Cold Snap","Fusion"],"picked":"Glacier","floor":24},{"not_picked":["Seek","Self Repair"],"picked":"Melter","floor":27}],"player_experience":343471,"relics_obtained":[{"floor":7,"key":"Omamori"},{"floor":24,"key":"Gremlin Horn"},{"floor":26,"key":"Lantern"}],"event_choices":[{"damage_healed":0,"gold_gain":0,"player_choice":"Forge","damage_taken":0,"max_hp_gain":0,"max_hp_loss":0,"event_name":"Accursed Blacksmith","floor":2,"gold_loss":0,"cards_upgraded":["Defragment"]},{"damage_healed":0,"gold_gain":0,"player_choice":"Ignored","damage_taken":0,"max_hp_gain":0,"max_hp_loss":0,"event_name":"Golden Wing","floor":10,"gold_loss":0},{"damage_healed":0,"gold_gain":99,"player_choice":"Stole From Cult","damage_taken":0,"max_hp_gain":0,"max_hp_loss":0,"event_name":"Nest","floor":19,"gold_loss":0}],"is_beta":false,"boss_relics":[{"not_picked":["Cursed Key","SacredBark"],"picked":"FrozenCore"}],"items_purged_floors":[],"is_endless":false,"potions_floor_spawned":[1,4,11,14,21,22],"killed_by":"Gremlin Leader","ascension_level":1}}