{"host":"h5fgmkg3q5qe8ocv","time":1613749095,"event":{"mods":["AchievementEnabler","BaseMod","Colored Map","Colored Powertips","Minty Spire (QoL Compilation)","Quick Restart"],"gold_per_floor":[117,117,135,135,135,169,169,205,205,205,205,2,42,57,57,181,181,201,201,126,126,138,138,149,149,176,188,231,258,303,315,327,437,449,480,54,73,89,107,107,157,257,282,301,301,301,326,346,346,346],"floor_reached":51,"language":"ENG","playtime":3004,"items_purged":[],"score":706,"play_id":"4577f966-d19b-4e01-87a4-d0582dc30a1c","local_time":"20210219163815","is_ascension_mode":false,"campfire_choices":[{"data":"Anger","floor":7.0,"key":"SMITH"},{"floor":10.0,"key":"REST"},{"data":"Entrench","floor":15.0,"key":"SMITH"},{"data":"Iron Wave","floor":23,"key":"SMITH"},{"data":"Dark Embrace","floor":25,"key":"SMITH"},{"data":"Body Slam","floor":32,"key":"SMITH"},{"data":"RitualDagger","floor":40,"key":"SMITH"},{"data":"Dual Wield","floor":46,"key":"SMITH"},{"data":"Armaments","floor":49,"key":"SMITH"}],"circlet_count":0,"master_deck":["Strike_R+1","Strike_R+1","Strike_R","Defend_R","Defend_R+1","Defend_R+1","Defend_R","Bash+1","Anger+1","Dark Embrace+1","Evolve+1","Rupture+1","Entrench+1","Barricade+1","Fire Breathing+1","Iron Wave+1","Juggernaut+1","Flame Barrier","Body Slam+1","RitualDagger+1","Juggernaut+1","Ghostly Armor","Pommel Strike+1","Dual Wield+1","Berserk+1","Armaments+1","Feel No Pain+1"],"relics":["Burning Blood","Happy Flower","Bloody Idol","Frozen Egg 2","Centennial Puzzle","Whetstone","Red Skull","Eternal Feather","Coffee Dripper","Enchiridion","MawBank","Bronze Scales","Juzu Bracelet","Philosopher\u0027s Stone","Pantograph","Ancient Tea Set","Ice Cream","Oddly Smooth Stone"],"acts_visited":["Exordium","TheCity","TheBeyond"],"potions_floor_usage":[],"damage_taken":[{"damage":2.0,"enemies":"Small Slimes","floor":1.0,"turns":5.0},{"damage":6.0,"enemies":"Jaw Worm","floor":3.0,"turns":2.0},{"damage":20.0,"enemies":"Gremlin Nob","floor":6.0,"turns":4.0},{"damage":21.0,"enemies":"Lagavulin","floor":8.0,"turns":6.0},{"damage":11.0,"enemies":"Gremlin Nob","floor":13.0,"turns":3.0},{"damage":0.0,"enemies":"2 Louse","floor":14.0,"turns":3.0},{"damage":38.0,"enemies":"The Guardian","floor":16.0,"turns":9.0},{"damage":4.0,"enemies":"Shell Parasite","floor":18.0,"turns":8.0},{"damage":2,"enemies":"Chosen","floor":22,"turns":4},{"damage":29,"enemies":"Shelled Parasite and Fungi","floor":24,"turns":8},{"damage":7,"enemies":"Book of Stabbing","floor":28,"turns":7},{"damage":21,"enemies":"Centurion and Healer","floor":29,"turns":6},{"damage":18,"enemies":"Gremlin Leader","floor":30,"turns":10},{"damage":24,"enemies":"Champ","floor":33,"turns":12},{"damage":0,"enemies":"3 Shapes","floor":35,"turns":5},{"damage":18,"enemies":"Orb Walker","floor":37,"turns":4},{"damage":12,"enemies":"Spire Growth","floor":38,"turns":4},{"damage":32,"enemies":"4 Shapes","floor":39,"turns":3},{"damage":0,"enemies":"Mind Bloom Boss Battle","floor":41,"turns":8},{"damage":13,"enemies":"Maw","floor":44,"turns":7},{"damage":16,"enemies":"Giant Head","floor":47,"turns":7},{"damage":14,"enemies":"3 Darklings","floor":48,"turns":6},{"damage":101,"enemies":"Awakened One","floor":50,"turns":10}],"seed_played":"-6853539922599592173","potions_obtained":[{"floor":6.0,"key":"Energy Potion"},{"floor":8.0,"key":"Explosive Potion"},{"floor":14.0,"key":"Energy Potion"},{"floor":18.0,"key":"Dexterity Potion"},{"floor":22,"key":"BlessingOfTheForge"},{"floor":35,"key":"FairyPotion"}],"is_trial":false,"path_per_floor":["M","?","M","$","?","E","R","E","T","R","?","$","E","M","R","B",null,"M","?","?","?","M","R","M","R","T","?","E","M","E","?","R","B",null,"M","$","M","M","M","R","?","?","T","M","?","R","E","M","R","B",null],"character_chosen":"IRONCLAD","items_purchased":["Red Skull","SkillPotion","Ghostly Armor","Pantograph","Ancient Tea Set"],"campfire_rested":1,"item_purchase_floors":[12,12,36,36,36],"current_hp_per_floor":[80,60,60,60,44,30,30,15,15,39,32,32,27,33,39,7,80,80,80,80,64,73,80,62,71,76,80,80,70,68,67,80,67,80,80,80,73,72,51,63,80,80,80,78,78,80,75,72,80,17],"gold":346,"neow_bonus":"RANDOM_COMMON_RELIC","is_daily":false,"chose_seed":false,"campfire_upgraded":8,"win_rate":0.0,"timestamp":1613749095,"path_taken":["M","?","M","$","?","E","R","E","T","R","?","?","E","M","R","BOSS","M","?","?","?","M","R","M","R","T","?","E","?","E","?","R","BOSS","M","$","M","M","M","R","?","?","T","M","?","R","E","M","R","BOSS"],"items_purchased_type":["Relic","Potion","Card","Relic","Relic"],"build_version":"2020-12-22","purchased_purges":0,"victory":true,"max_hp_per_floor":[80,80,80,80,80,80,80,80,80,80,80,80,80,80,80,80,80,80,80,80,80,80,80,80,80,80,80,80,80,80,80,80,80,80,80,80,80,80,80,80,80,80,80,80,80,80,80,80,80,80],"card_choices":[{"not_picked":["Wild Strike","Warcry"],"picked":"Anger","floor":1.0},{"not_picked":["Whirlwind","Shockwave"],"picked":"Dark Embrace","floor":3.0},{"not_picked":["Bloodletting","Feed"],"picked":"Evolve+1","floor":6.0},{"not_picked":["Headbutt","Burning Pact"],"picked":"Rupture+1","floor":8.0},{"not_picked":["True Grit","Disarm"],"picked":"Entrench","floor":13.0},{"not_picked":["Cleave","Clothesline","Anger"],"picked":"SKIP","floor":14.0},{"not_picked":["Feed","Limit Break"],"picked":"Barricade+1","floor":16.0},{"not_picked":["Flex","Dark Embrace+1"],"picked":"Fire Breathing+1","floor":18.0},{"not_picked":["Warcry","Clash+1"],"picked":"Iron Wave","floor":22},{"not_picked":["Second Wind","Pommel Strike","Clothesline+1"],"picked":"SKIP","floor":24},{"not_picked":["Thunderclap","Reckless Charge"],"picked":"Juggernaut+1","floor":28},{"not_picked":["Perfected Strike+1","Iron Wave"],"picked":"Flame Barrier","floor":29},{"not_picked":["Blood for Blood","Anger"],"picked":"Body Slam","floor":30},{"not_picked":["Double Tap","Impervious"],"picked":"Juggernaut+1","floor":33},{"not_picked":["Heavy Blade+1","Sever Soul+1","Perfected Strike"],"picked":"SKIP","floor":35},{"not_picked":["Anger","Thunderclap+1","Flex"],"picked":"SKIP","floor":37},{"not_picked":["Heavy Blade","Shockwave+1","Headbutt"],"picked":"SKIP","floor":38},{"not_picked":["Blood for Blood+1","True Grit+1"],"picked":"Pommel Strike+1","floor":39},{"not_picked":["Wild Strike+1","Iron Wave"],"picked":"Dual Wield","floor":41},{"not_picked":["Iron Wave+1","Body Slam"],"picked":"Berserk+1","floor":44},{"not_picked":["Sword Boomerang+1","Inflame+1"],"picked":"Armaments","floor":47},{"not_picked":["Burning Pact+1","Heavy Blade"],"picked":"Feel No Pain+1","floor":48}],"player_experience":58523,"relics_obtained":[{"floor":6.0,"key":"Frozen Egg 2"},{"floor":8.0,"key":"Centennial Puzzle"},{"floor":9.0,"key":"Whetstone"},{"floor":13.0,"key":"Eternal Feather"},{"floor":21,"key":"Enchiridion"},{"floor":26,"key":"MawBank"},{"floor":28,"key":"Bronze Scales"},{"floor":30,"key":"Juzu Bracelet"},{"floor":41,"key":"Ice Cream"},{"floor":47,"key":"Oddly Smooth Stone"}],"event_choices":[{"damage_healed":0.0,"max_hp_gain":0.0,"max_hp_loss":0.0,"gold_gain":0.0,"event_name":"Golden Idol","player_choice":"Take Damage","floor":2.0,"gold_loss":0.0,"damage_taken":20.0,"relics_obtained":["Golden Idol"]},{"damage_healed":0.0,"max_hp_gain":0.0,"max_hp_loss":0.0,"gold_gain":0.0,"event_name":"Shining Light","player_choice":"Entered Light","floor":5.0,"gold_loss":0.0,"damage_taken":16.0,"cards_upgraded":["Strike_R","Defend_R"]},{"cards_removed":["Strike_R"],"damage_healed":0.0,"max_hp_gain":0.0,"max_hp_loss":0.0,"gold_gain":0.0,"event_name":"Golden Wing","player_choice":"Card Removal","floor":11.0,"gold_loss":0.0,"damage_taken":7.0},{"damage_healed":0.0,"max_hp_gain":0.0,"max_hp_loss":0.0,"gold_gain":0.0,"event_name":"Forgotten Altar","player_choice":"Gave Idol","floor":19.0,"relics_lost":["Golden Idol"],"gold_loss":0.0,"damage_taken":0.0,"relics_obtained":["Bloody Idol"]},{"cards_removed":["Strike_R"],"damage_healed":0.0,"max_hp_gain":0.0,"max_hp_loss":0.0,"gold_gain":0.0,"event_name":"Beggar","player_choice":"Gave Gold","floor":20.0,"gold_loss":75.0,"damage_taken":0.0},{"damage_healed":0,"gold_gain":0,"player_choice":"Obtained Book","damage_taken":16,"max_hp_gain":0,"max_hp_loss":0,"event_name":"Cursed Tome","floor":21,"gold_loss":0},{"damage_healed":0,"gold_gain":0,"player_choice":"Forge","damage_taken":0,"max_hp_gain":0,"max_hp_loss":0,"event_name":"Accursed Blacksmith","floor":27,"gold_loss":0,"cards_upgraded":["Defend_R"]},{"damage_healed":0,"gold_gain":0,"player_choice":"Joined the Cult","damage_taken":6,"max_hp_gain":0,"max_hp_loss":0,"event_name":"Nest","floor":31,"gold_loss":0,"cards_obtained":["RitualDagger"]},{"damage_healed":0,"gold_gain":0,"player_choice":"Fight","damage_taken":0,"max_hp_gain":0,"max_hp_loss":0,"event_name":"MindBloom","floor":41,"gold_loss":0},{"damage_healed":0,"gold_gain":100,"player_choice":"Pray","damage_taken":0,"max_hp_gain":0,"max_hp_loss":0,"event_name":"Golden Shrine","floor":42,"gold_loss":0},{"damage_healed":0,"gold_gain":0,"player_choice":"Ignored","damage_taken":0,"max_hp_gain":0,"max_hp_loss":0,"event_name":"Tomb of Lord Red Mask","floor":45,"gold_loss":0}],"is_beta":false,"boss_relics":[{"not_picked":["Calling Bell","Snecko Eye"],"picked":"Coffee Dripper"},{"not_picked":["Sozu","Runic Dome"],"picked":"Philosopher\u0027s Stone"}],"items_purged_floors":[],"is_endless":false,"potions_floor_spawned":[6,8,14,18,22,28,35,41,44,48],"ascension_level":0}}