{"host":"zlmf7uudqr1sj8t0","time":1613719809,"event":{"mods":["BaseMod","Colored Map","DeckTracker","Highlight Path","Minty Spire (QoL Compilation)"],"gold_per_floor":[115,129,57,57,77,108,127,154,207,207,122,122,151,220,220,319,319,334,334,16,26,46,46,74,74,97,97,107,142,142,173,173,276,276,290,301,110,124,124,124],"floor_reached":39,"language":"ENG","playtime":2821,"items_purged":["Strike_B"],"score":603,"play_id":"74f2839c-5537-4e29-a2aa-5ddc46478675","local_time":"20210218233009","is_ascension_mode":true,"campfire_choices":[{"floor":12,"key":"REST"},{"data":"Barrage","floor":15,"key":"SMITH"},{"floor":23,"key":"REST"},{"floor":25,"key":"REST"},{"data":"Apotheosis","floor":27,"key":"SMITH"},{"data":"Barrage","floor":30,"key":"SMITH"},{"floor":32,"key":"REST"}],"circlet_count":0,"master_deck":["Defend_B","Defend_B","Defend_B","Defend_B","Zap","Dualcast","Barrage","Barrage+1","Glacier","Barrage+1","Cold Snap","Barrage","Barrage","Apotheosis+1","Glacier","Barrage+1","Blizzard+1","Glacier+1","Defragment"],"relics":["FrozenCore","NeowsBlessing","PreservedInsect","Sundial","Omamori","MawBank","Bag of Preparation","Eternal Feather","Empty Cage","DollysMirror","Happy Flower","Incense Burner","Boot","PrismaticShard"],"acts_visited":["Exordium","TheCity","TheBeyond"],"potions_floor_usage":[16,16,16,22,29,33,39],"damage_taken":[{"damage":0,"enemies":"2 Louse","floor":1,"turns":1},{"damage":0,"enemies":"Cultist","floor":2,"turns":1},{"damage":0,"enemies":"Small Slimes","floor":5,"turns":1},{"damage":23,"enemies":"Gremlin Nob","floor":6,"turns":4},{"damage":1,"enemies":"Exordium Wildlife","floor":7,"turns":3},{"damage":24,"enemies":"3 Sentries","floor":8,"turns":5},{"damage":0,"enemies":"Gremlin Nob","floor":13,"turns":3},{"damage":38,"enemies":"Slime Boss","floor":16,"turns":18},{"damage":16,"enemies":"Shell Parasite","floor":18,"turns":4},{"damage":29,"enemies":"2 Thieves","floor":21,"turns":5},{"damage":19,"enemies":"Centurion and Healer","floor":22,"turns":6},{"damage":24,"enemies":"Book of Stabbing","floor":24,"turns":5},{"damage":6,"enemies":"Snecko","floor":28,"turns":5},{"damage":32,"enemies":"Slavers","floor":29,"turns":6},{"damage":26,"enemies":"Gremlin Leader","floor":31,"turns":6},{"damage":40,"enemies":"Collector","floor":33,"turns":13},{"damage":4,"enemies":"Orb Walker","floor":35,"turns":5},{"damage":19,"enemies":"3 Darklings","floor":36,"turns":7},{"damage":12,"enemies":"Sphere and 2 Shapes","floor":38,"turns":9},{"damage":51,"enemies":"Transient","floor":39,"turns":4}],"seed_played":"2692436812720761023","potions_obtained":[{"floor":6,"key":"PowerPotion"},{"floor":7,"key":"Block Potion"},{"floor":13,"key":"Energy Potion"},{"floor":21,"key":"SteroidPotion"},{"floor":28,"key":"Regen Potion"},{"floor":31,"key":"FearPotion"},{"floor":35,"key":"PotionOfCapacity"}],"is_trial":false,"path_per_floor":["M","M","$","?","M","E","M","E","T","?","$","R","E","T","R","B",null,"M","?","$","M","M","R","E","R","T","R","M","E","R","E","R","B",null,"M","M","$","M","M"],"character_chosen":"DEFECT","items_purchased":["Glacier","Barrage","Apotheosis","DollysMirror","Defragment","PrismaticShard"],"campfire_rested":4,"item_purchase_floors":[3,11,20,20,37,37],"current_hp_per_floor":[75,75,75,68,68,45,44,20,20,8,8,30,30,30,39,1,75,59,59,59,30,11,42,18,49,49,58,52,35,44,18,49,9,75,71,52,52,40,0,0],"gold":124,"neow_bonus":"THREE_ENEMY_KILL","is_daily":false,"chose_seed":false,"campfire_upgraded":3,"win_rate":0.0,"timestamp":1613719809,"path_taken":["M","M","$","?","?","E","M","E","T","?","$","R","E","?","R","BOSS","M","?","$","?","M","R","E","R","T","R","M","E","R","E","R","BOSS","M","M","$","M","M"],"items_purchased_type":["Card","Card","Card","Relic","Card","Relic"],"build_version":"2020-12-22","purchased_purges":1,"victory":false,"max_hp_per_floor":[75,75,75,75,75,75,75,75,75,75,75,75,75,75,75,75,75,75,75,75,75,75,75,75,75,75,75,75,75,75,75,75,75,75,75,75,75,75,75,75],"card_choices":[{"not_picked":["Turbo","Beam Cell"],"picked":"Barrage","floor":1},{"not_picked":["Genetic Algorithm","FTL"],"picked":"Barrage","floor":2},{"not_picked":["Compile Driver","BootSequence"],"picked":"Barrage","floor":5},{"not_picked":["Turbo","Double Energy"],"picked":"Cold Snap","floor":6},{"not_picked":["Skim","Stack","BootSequence"],"picked":"SKIP","floor":7},{"not_picked":["Rebound","Compile Driver","Beam Cell"],"picked":"SKIP","floor":8},{"not_picked":["White Noise","Cold Snap","Genetic Algorithm"],"picked":"SKIP","floor":13},{"not_picked":["Reinforced Body","Tempest+1"],"picked":"Barrage","floor":18},{"not_picked":["Rebound","FTL","Beam Cell"],"picked":"SKIP","floor":21},{"not_picked":["Go for the Eyes","Conserve Battery+1","FTL"],"picked":"SKIP","floor":22},{"not_picked":["Doom and Gloom+1","Aggregate","Echo Form"],"picked":"SKIP","floor":24},{"not_picked":["Gash","Compile Driver"],"picked":"Barrage+1","floor":28},{"not_picked":["Rip and Tear+1","Glacier"],"picked":"Blizzard+1","floor":29},{"not_picked":["Hello World","Auto Shields+1","Lockon"],"picked":"SKIP","floor":31},{"not_picked":["Storm","Reprogram"],"picked":"Glacier+1","floor":35},{"not_picked":["Sunder","Leap","Go for the Eyes"],"picked":"SKIP","floor":36},{"not_picked":["Shrug It Off+1","Pommel Strike","Sweeping Beam"],"picked":"SKIP","floor":38}],"player_experience":191816,"relics_obtained":[{"floor":6,"key":"PreservedInsect"},{"floor":8,"key":"Sundial"},{"floor":9,"key":"Omamori"},{"floor":13,"key":"Bag of Preparation"},{"floor":14,"key":"Eternal Feather"},{"floor":24,"key":"Happy Flower"},{"floor":29,"key":"Incense Burner"},{"floor":31,"key":"Boot"}],"event_choices":[{"damage_healed":0,"gold_gain":0,"player_choice":"Damaged","damage_taken":7,"max_hp_gain":0,"max_hp_loss":0,"event_name":"Wheel of Change","floor":4,"gold_loss":0},{"damage_healed":0,"gold_gain":0,"player_choice":"Success","damage_taken":12,"relics_obtained":["MawBank"],"max_hp_gain":0,"max_hp_loss":0,"event_name":"Scrap Ooze","floor":10,"gold_loss":0},{"cards_removed":["Strike_B"],"damage_healed":0,"gold_gain":0,"player_choice":"Purged","damage_taken":0,"max_hp_gain":0,"max_hp_loss":0,"event_name":"Purifier","floor":19,"gold_loss":0}],"is_beta":false,"boss_relics":[{"not_picked":["Velvet Choker","SacredBark"],"picked":"Empty Cage"},{"not_picked":["Nuclear Battery","Tiny House"],"picked":"FrozenCore"}],"items_purged_floors":[11],"is_endless":false,"potions_floor_spawned":[6,7,13,21,28,31,35],"killed_by":"Transient","ascension_level":4}}