{"host":"q9qwbotttpvtd6fn","time":1613696118,"event":{"mods":["BaseMod","Colored Map","Minty Spire (QoL Compilation)","StSLib"],"gold_per_floor":[110,110,285,31,48,48,75,75,149,162,192,192,0,20,20,115,115,134,49,62,74,89,89,117,117,194,194,194,194,194],"floor_reached":29,"language":"ENG","playtime":1500,"items_purged":["Doubt"],"score":480,"play_id":"5cf87046-1c48-4d73-8e55-c283208a1f6c","local_time":"20210218195518","is_ascension_mode":true,"campfire_choices":[{"data":"Reprogram","floor":6,"key":"SMITH"},{"data":"Skim","floor":12,"key":"SMITH"},{"data":"Hologram","floor":15,"key":"SMITH"},{"floor":23,"key":"REST"},{"floor":25,"key":"REST"},{"floor":27,"key":"REST"}],"circlet_count":0,"master_deck":["Strike_B","Strike_B","Strike_B","Defend_B","Defend_B","Defend_B","Defend_B","Zap","Go for the Eyes","Reprogram+1","Rip and Tear","Conserve Battery","Skim+1","Sweeping Beam","Reprogram+1","Hologram+1","Scrape","Core Surge","Hello World","Turbo+1","Turbo","Hologram","Undo","Ghostly","Ghostly","Ghostly","Ghostly","Ghostly"],"relics":["Cracked Core","NeowsBlessing","StrikeDummy","Sundial","Darkstone Periapt","DollysMirror","Odd Mushroom","Runic Pyramid","Orichalcum","Du-Vu Doll","Bottled Tornado"],"acts_visited":["Exordium","TheCity"],"potions_floor_usage":[18,21,21,22,24],"damage_taken":[{"damage":0,"enemies":"2 Louse","floor":1,"turns":1},{"damage":0,"enemies":"Small Slimes","floor":5,"turns":1},{"damage":0,"enemies":"3 Sentries","floor":7,"turns":1},{"damage":0,"enemies":"Jaw Worm","floor":10,"turns":2},{"damage":12,"enemies":"The Mushroom Lair","floor":14,"turns":3},{"damage":0,"enemies":"The Guardian","floor":16,"turns":12},{"damage":3,"enemies":"3 Byrds","floor":18,"turns":4},{"damage":17,"enemies":"Chosen","floor":20,"turns":6},{"damage":40,"enemies":"3 Cultists","floor":21,"turns":6},{"damage":28,"enemies":"Shelled Parasite and Fungi","floor":22,"turns":6},{"damage":13,"enemies":"Slavers","floor":24,"turns":5},{"damage":37,"enemies":"Gremlin Leader","floor":29,"turns":9}],"seed_played":"3743643708856062460","potions_obtained":[{"floor":1,"key":"DuplicationPotion"},{"floor":7,"key":"SpeedPotion"},{"floor":16,"key":"Energy Potion"},{"floor":20,"key":"BlessingOfTheForge"},{"floor":21,"key":"Swift Potion"},{"floor":22,"key":"Block Potion"}],"is_trial":false,"path_per_floor":["M","?","?","$","M","R","E","?","T","M","?","R","$","?","R","B",null,"M","?","M","M","M","R","E","R","T","R","?","E"],"character_chosen":"DEFECT","items_purchased":["Reprogram","FairyPotion","DollysMirror","Hologram"],"campfire_rested":3,"item_purchase_floors":[4,4,13,13],"current_hp_per_floor":[68,61,61,61,61,61,61,61,61,61,61,61,61,49,49,49,69,66,66,49,9,5,27,14,36,36,58,37,0,0],"gold":194,"neow_bonus":"THREE_ENEMY_KILL","is_daily":false,"chose_seed":false,"campfire_upgraded":3,"win_rate":0.0,"timestamp":1613696118,"path_taken":["M","?","?","$","M","R","E","?","T","M","?","R","$","?","R","BOSS","M","?","M","M","M","R","E","R","T","R","?","E"],"items_purchased_type":["Card","Potion","Relic","Card"],"build_version":"2020-12-22","purchased_purges":1,"victory":false,"max_hp_per_floor":[75,75,75,75,75,75,75,75,75,75,75,75,75,75,75,75,75,75,75,75,75,75,75,75,75,75,75,37,37,37],"card_choices":[{"not_picked":["Genetic Algorithm","Steam Power"],"picked":"Go for the Eyes","floor":1},{"not_picked":["Streamline","Barrage"],"picked":"Rip and Tear","floor":5},{"not_picked":["Leap","Tempest"],"picked":"Conserve Battery","floor":7},{"not_picked":["Redo","Cold Snap"],"picked":"Sweeping Beam","floor":10},{"not_picked":["Turbo","Streamline"],"picked":"Scrape","floor":14},{"not_picked":["Electrodynamics","Rainbow"],"picked":"Core Surge","floor":16},{"not_picked":["Gash","Barrage+1"],"picked":"Hello World","floor":18},{"not_picked":["Heatsinks+1","Coolheaded"],"picked":"Turbo+1","floor":20},{"not_picked":["Undo","Barrage"],"picked":"Turbo","floor":21},{"not_picked":["Ball Lightning+1","Conserve Battery"],"picked":"Hologram","floor":22},{"not_picked":["Consume+1","Steam Power"],"picked":"Undo","floor":24}],"player_experience":464801,"relics_obtained":[{"floor":7,"key":"StrikeDummy"},{"floor":9,"key":"Sundial"},{"floor":14,"key":"Odd Mushroom"},{"floor":24,"key":"Du-Vu Doll"},{"floor":26,"key":"Bottled Tornado"}],"event_choices":[{"cards_removed":["Strike_B"],"damage_healed":0,"gold_gain":0,"player_choice":"Card Removal","damage_taken":7,"max_hp_gain":0,"max_hp_loss":0,"event_name":"Golden Wing","floor":2,"gold_loss":0},{"damage_healed":0,"gold_gain":175,"player_choice":"AGREE","damage_taken":0,"max_hp_gain":0,"max_hp_loss":0,"event_name":"Liars Game","floor":3,"gold_loss":0,"cards_obtained":["Doubt"]},{"damage_healed":0,"gold_gain":0,"cards_transformed":["Dualcast"],"player_choice":"Change","damage_taken":0,"max_hp_gain":0,"max_hp_loss":0,"event_name":"Living Wall","floor":8,"gold_loss":0,"cards_obtained":["Skim"]},{"damage_healed":0,"gold_gain":30,"player_choice":"Searched \u00272\u0027 times","damage_taken":0,"relics_obtained":["Darkstone Periapt"],"max_hp_gain":0,"max_hp_loss":0,"event_name":"Dead Adventurer","floor":11,"gold_loss":0},{"damage_healed":0,"gold_gain":0,"player_choice":"Fought Mushrooms","damage_taken":0,"max_hp_gain":0,"max_hp_loss":0,"event_name":"Mushrooms","floor":14,"gold_loss":0},{"damage_healed":0,"gold_gain":0,"player_choice":"Obtained Relic","damage_taken":0,"relics_obtained":["Orichalcum"],"max_hp_gain":0,"max_hp_loss":0,"event_name":"Addict","floor":19,"gold_loss":85},{"damage_healed":0,"gold_gain":0,"player_choice":"Became a Ghost","damage_taken":0,"max_hp_gain":0,"max_hp_loss":38,"event_name":"Ghosts","floor":28,"gold_loss":0,"cards_obtained":["Ghostly","Ghostly","Ghostly","Ghostly","Ghostly"]}],"is_beta":false,"boss_relics":[{"not_picked":["Inserter","Calling Bell"],"picked":"Runic Pyramid"}],"items_purged_floors":[4],"is_endless":false,"potions_floor_spawned":[1,7,16,20,21,22],"killed_by":"Gremlin Leader","ascension_level":9}}