{"host":"40vzoph344nwp0en","time":1613707664,"event":{"mods":["2.2 Compatiblity","Act Like it!","BaseMod","Bestiary","Challenge The Spire","Colored Map","DeckTracker","Downfall","Friendly Minions","GifTheSpireLib","Hermit","Highlight Path","Infinite Spire","Marisa????????","Minty Spire (QoL Compilation)","Permanent Neow","Relic Sorter","Replay The Spire","Ruina","Shapeshifter Mod","Spicy Shops","StSLib","SuperFastMode","The Bug Knight","The Cursed","The Disciple","The Elementalist","The Marked","The Servant 0.9.4","??????REMEMod"],"gold_per_floor":[100117,98786,97655,97669,97692,97719,96061,96076,96150,96049,96049,96081,96091,96091,96091,96111,96111,96210,96310,96323,96323,96323,96338,96410,96435,96485,96502,96502,96518,96518,96518,96545,96563,96563,96663,96663,96682,95514,95569,94240,94352,94465,94465,94524,94524,94524,94524,94832,94832,95011,95011,95151],"floor_reached":53,"language":"ENG","playtime":2924,"items_purged":["Parasite","StSShapeShifter:ShapeShifter_Strike","StSShapeShifter:ShapeShifter_Defend","StSShapeShifter:ShapeShifter_Strike","StSShapeShifter:ShapeShifter_Defend","StSShapeShifter:ShapeShifter_Defend","Writhe","StSShapeShifter:ShapeShifter_Strike"],"score":1052,"play_id":"efe431a6-fce1-41f6-9801-b1da407302dd","local_time":"20210218210744","is_ascension_mode":false,"campfire_choices":[{"data":"StSShapeShifter:Flourish","floor":11,"key":"SMITH"},{"data":"Secret Technique","floor":17,"key":"SMITH"},{"data":"StSShapeShifter:Sap_Burst","floor":34,"key":"SMITH"},{"data":"StSShapeShifter:Efflorescence","floor":34,"key":"SMITH"},{"data":"StSShapeShifter:VineHandcuffs","floor":49,"key":"SMITH"},{"data":"StSShapeShifter:VineHandcuffs","floor":49,"key":"SMITH"},{"data":"Pot Of Greed","floor":51,"key":"SMITH"},{"data":"Pot Of Greed","floor":51,"key":"SMITH"}],"circlet_count":0,"master_deck":["StSShapeShifter:ShapeShifter_Strike","StSShapeShifter:ShapeShifter_Strike","StSShapeShifter:ShapeShifter_Defend","StSShapeShifter:ShapeShifter_Defend","StSShapeShifter:Tortoise_Form","StSShapeShifter:Lynx_Form","StSShapeShifter:BloomingSlash","Pot Of Greed+1","Pot Of Greed","StSShapeShifter:Flourish+1","StSShapeShifter:BurstingSpore","StSShapeShifter:RockSlide","StSShapeShifter:RockSlide","Panache+1","REME_EyeOfCthun+1","StSShapeShifter:WolfForm","StSShapeShifter:Summon_Mountains","StSShapeShifter:Efflorescence+1","Secret Technique+1","StSShapeShifter:BearForm","Pot Of Greed","StSShapeShifter:BurstingSpore","StSShapeShifter:Sap_Burst+1","StSShapeShifter:UnicornForm","StSShapeShifter:TopazSkin","StSShapeShifter:Blossom2","StSShapeShifter:Flourish+1","StSShapeShifter:OakBlade+1","StSShapeShifter:VineHandcuffs+1","Finesse","REME_MawOfCthun","REME_EyeOfCthun+1","Pot Of Greed+1","REME_AllRoundStrike+1","StSShapeShifter:VineHandcuffs+1"],"relics":["StSShapeShifter:AnimalHeart","StSShapeShifter:TheShapeShiftersMagnolia","REME_ComplimentaryCards","Gremlin Food","ReplayTheSpireMod:TigerMarble","Chemical X","Lee\u0027s Waffle","Grinning Jar","MealTicket","Vajra","Orichalcum","HandDrill","Guide Book","Tiny Chest","HornCleat","Darkstone Periapt","Onion Ring","TheAbacus","Art of War","Happy Flower","Frozen Eye","infinitespire:CheckeredPen","Shuriken","Replay:Wanted Poster","Replay:Arrowhead","Divine Protection","Oddly Smooth Stone","Blue Doll","Gremlin Horn","ReplayTheSpireMod:Lightbulb","Molten Egg 2","Potion Belt","infinitespire:Broken Mirror","Medical Kit","Replay:Bandana","Bottled Tornado","Replay:Baseball","HollowMod:StagPassRelic","Anchor","ReplayTheSpireMod:ShopPack","Girya","Snack Pack","White Beast Statue","REME_ArchaeologicalTools","StSShapeShifter:Fertilizer","infinitespire:FocusingShard"],"acts_visited":["Exordium","Exordium","TheBeyond"],"potions_floor_usage":[16,29],"damage_taken":[{"damage":1,"enemies":"Cultist","floor":1,"turns":3},{"damage":0,"enemies":"Small Slimes","floor":4,"turns":1},{"damage":16,"enemies":"Gremlin Nob","floor":6,"turns":4},{"damage":0,"enemies":"2 Louse","floor":8,"turns":1},{"damage":0,"enemies":"2 Fungi Beasts","floor":12,"turns":4},{"damage":0,"enemies":"Exordium Wildlife","floor":13,"turns":1},{"damage":0,"enemies":"Blue Slaver","floor":16,"turns":1},{"damage":1,"enemies":"The Guardian","floor":18,"turns":6},{"damage":4,"enemies":"ruina:Nosferatu","floor":20,"turns":3},{"damage":22,"enemies":"ruina:3_Bats","floor":23,"turns":2},{"damage":0,"enemies":"ruina:Mountain","floor":25,"turns":4},{"damage":0,"enemies":"ruina:KingOfGreed","floor":27,"turns":3},{"damage":0,"enemies":"ruina:Woodsman","floor":29,"turns":6},{"damage":0,"enemies":"ruina:RoadHome","floor":32,"turns":2},{"damage":0,"enemies":"ruina:QueenOfHate","floor":33,"turns":3},{"damage":3,"enemies":"ruina:Red_and_Wolf","floor":35,"turns":7},{"damage":0,"enemies":"3 Darklings","floor":37,"turns":4},{"damage":0,"enemies":"3 Shapes","floor":39,"turns":1},{"damage":5,"enemies":"2 Orb Walkers","floor":41,"turns":2},{"damage":0,"enemies":"R_Hoarder","floor":42,"turns":2},{"damage":0,"enemies":"3 Darklings","floor":44,"turns":1},{"damage":0,"enemies":"Transient","floor":48,"turns":5},{"damage":8,"enemies":"Writhing Mass","floor":50,"turns":3},{"damage":0,"enemies":"Donu and Deca","floor":52,"turns":2}],"seed_played":"1483172173599379503","potions_obtained":[{"floor":4,"key":"DuplicationPotion"},{"floor":6,"key":"CultistPotion"},{"floor":8,"key":"Flashbang"},{"floor":16,"key":"Fruit Juice"},{"floor":23,"key":"Explosive Potion"},{"floor":25,"key":"Regen Potion"},{"floor":29,"key":"DuplicationPotion"},{"floor":39,"key":"Adrenaline Potion"}],"is_trial":false,"path_per_floor":["M","$","$","M","T","E","$","M","T","?","R","M","M","PTL","PTL","M","R","B",null,"M","?","AVR","M","T","E","?","M","T","M","?","T","E","M","R","B",null,"M","$","M","$","?","E","?","M","T","AVR","T","M","R","M","R","B",null],"character_chosen":"SHAPESHIFTER","items_purchased":["Gremlin Food","ReplayTheSpireMod:TigerMarble","Chemical X","Lee\u0027s Waffle","Grinning Jar","StSShapeShifter:Flourish","StSShapeShifter:BurstingSpore","StSShapeShifter:RockSlide","Panache","MealTicket","Vajra","Orichalcum","HandDrill","REME_EyeOfCthun","Guide Book","hexamod:SoulburnPotion","Darkstone Periapt","Onion Ring","TheAbacus","Art of War","Happy Flower","Frozen Eye","StSShapeShifter:Summon_Mountains","StSShapeShifter:Efflorescence","Secret Technique","Molten Egg 2","Potion Belt","infinitespire:Broken Mirror","Medical Kit","Replay:Bandana","StSShapeShifter:OakBlade+1","Regen Potion","Adrenaline Potion","Bottled Tornado","Replay:Baseball","HollowMod:StagPassRelic","Anchor","ReplayTheSpireMod:ShopPack","Finesse","REME_MawOfCthun"],"campfire_rested":0,"item_purchase_floors":[2,2,2,2,2,2,2,2,2,3,3,3,3,3,3,3,7,7,7,7,7,7,7,7,7,38,38,38,38,38,38,38,38,40,40,40,40,40,40,40],"current_hp_per_floor":[70,96,96,96,96,80,95,96,96,96,96,96,96,96,96,101,101,100,101,97,97,97,75,75,75,75,79,79,89,89,89,89,89,89,86,101,101,101,101,107,102,102,102,104,104,104,104,107,107,103,103,107],"gold":95151,"neow_bonus":"TWENTY_PERCENT_HP_BONUS","is_daily":false,"chose_seed":false,"campfire_upgraded":8,"win_rate":0.0,"timestamp":1613707664,"path_taken":["M","?","$","?","?","E","$","M","T","?","R","M","M","PTL","PTL","?","R","BOSS","M","?","AVR","M","?","E","?","M","T","?","?","?","E","M","R","BOSS","M","$","M","$","?","E","?","?","T","AVR","?","M","R","M","R","BOSS"],"items_purchased_type":["Relic","Relic","Relic","Relic","Relic","Card","Card","Card","Card","Relic","Relic","Relic","Relic","Card","Relic","Potion","Relic","Relic","Relic","Relic","Relic","Relic","Card","Card","Card","Relic","Relic","Relic","Relic","Relic","Card","Potion","Potion","Relic","Relic","Relic","Relic","Relic","Card","Card"],"build_version":"2020-12-22","purchased_purges":8,"victory":true,"max_hp_per_floor":[92,96,96,96,96,96,96,96,96,96,96,96,96,96,96,101,101,101,101,101,101,101,101,101,101,101,101,101,101,101,101,101,101,101,101,101,101,101,101,107,107,107,107,107,107,107,107,107,107,107,107,107],"card_choices":[{"not_picked":["StSShapeShifter:DiverseSpirit","StSShapeShifter:ClimbTree"],"picked":"StSShapeShifter:BloomingSlash","floor":1},{"not_picked":["StSShapeShifter:ThrashAbout","StSShapeShifter:FallingLeaves","StSShapeShifter:Roar"],"picked":"SKIP","floor":4},{"not_picked":["StSShapeShifter:DeerForm","StSShapeShifter:PoisonIvy"],"picked":"StSShapeShifter:WolfForm","floor":6},{"not_picked":["StSShapeShifter:FoxForm","StSShapeShifter:PorcupineForm"],"picked":"StSShapeShifter:BearForm","floor":8},{"not_picked":["StSShapeShifter:MonkeyForm","StSShapeShifter:Evolution","StSShapeShifter:BladeOfGrass"],"picked":"SKIP","floor":12},{"not_picked":["StSShapeShifter:DiverseSpirit","StSShapeShifter:RaptorForm","StSShapeShifter:LeapingSlash"],"picked":"SKIP","floor":13},{"not_picked":["StSShapeShifter:RaptorForm","StSShapeShifter:OwlForm"],"picked":"StSShapeShifter:BurstingSpore","floor":16},{"not_picked":["StSShapeShifter:FullMoon","StSShapeShifter:DragonForm"],"picked":"StSShapeShifter:Sap_Burst","floor":18},{"not_picked":["StSShapeShifter:SquirrelForm","StSShapeShifter:SunflowerShuriken","StSShapeShifter:FesteringBite"],"picked":"SKIP","floor":20},{"not_picked":["StSShapeShifter:SunflowerShuriken","StSShapeShifter:DeepWound","StSShapeShifter:DeerForm"],"picked":"SKIP","floor":23},{"not_picked":["StSShapeShifter:ThornToss+1","StSShapeShifter:BurstingSpore","StSShapeShifter:Rest"],"picked":"SKIP","floor":25},{"not_picked":["StSShapeShifter:FallingLeaves","StSShapeShifter:Maul"],"picked":"StSShapeShifter:TopazSkin","floor":27},{"not_picked":["StSShapeShifter:DiverseSpirit","StSShapeShifter:SunflowerShuriken","StSShapeShifter:ShiftingStrike+1"],"picked":"SKIP","floor":29},{"not_picked":["StSShapeShifter:OpportuneSwoop","StSShapeShifter:ThornedSkin","StSShapeShifter:Evolution"],"picked":"SKIP","floor":32},{"not_picked":["StSShapeShifter:Guard","StSShapeShifter:FoxForm","StSShapeShifter:PoisonIvy"],"picked":"SKIP","floor":33},{"not_picked":["StSShapeShifter:Earthquake","StSShapeShifter:Uproot_Redwood"],"picked":"StSShapeShifter:Blossom2","floor":35},{"not_picked":["StSShapeShifter:PoisonIvy","StSShapeShifter:Evolution+1"],"picked":"StSShapeShifter:Flourish+1","floor":37},{"not_picked":["StSShapeShifter:ShiftingStrike+1","StSShapeShifter:Hunt+1"],"picked":"StSShapeShifter:VineHandcuffs","floor":39},{"not_picked":["Magnetism","The Bomb"],"picked":"REME_EyeOfCthun","floor":40},{"not_picked":["Replay:Sssssssssshield","Violence"],"picked":"REME_AllRoundStrike","floor":40},{"not_picked":["StSShapeShifter:Maul+1","StSShapeShifter:RestoreBalance","StSShapeShifter:HummingbirdForm"],"picked":"SKIP","floor":42},{"not_picked":["StSShapeShifter:ClimbTree","StSShapeShifter:SquirrelForm"],"picked":"StSShapeShifter:VineHandcuffs","floor":44},{"not_picked":["StSShapeShifter:BloomingSlash+1","StSShapeShifter:PantherForm+1","StSShapeShifter:ThornToss+1"],"picked":"SKIP","floor":48},{"not_picked":["StSShapeShifter:Rest+1","StSShapeShifter:MonkeyForm+1","StSShapeShifter:BaskInBloom+1"],"picked":"SKIP","floor":50}],"player_experience":647387,"relics_obtained":[{"floor":5,"key":"Tiny Chest"},{"floor":6,"key":"HornCleat"},{"floor":9,"key":"infinitespire:CheckeredPen"},{"floor":24,"key":"Divine Protection"},{"floor":25,"key":"Oddly Smooth Stone"},{"floor":28,"key":"Blue Doll"},{"floor":31,"key":"Gremlin Horn"},{"floor":32,"key":"ReplayTheSpireMod:Lightbulb"},{"floor":41,"key":"Girya"},{"floor":42,"key":"Snack Pack"},{"floor":43,"key":"White Beast Statue"},{"floor":45,"key":"REME_ArchaeologicalTools"},{"floor":47,"key":"infinitespire:FocusingShard"}],"event_choices":[{"damage_healed":0,"gold_gain":0,"player_choice":"Paid Gold","damage_taken":0,"relics_obtained":["Shuriken"],"max_hp_gain":0,"max_hp_loss":0,"event_name":"WeMeetAgain","floor":10,"gold_loss":101},{"damage_healed":0,"gold_gain":0,"player_choice":"Fight","damage_taken":0,"max_hp_gain":0,"max_hp_loss":0,"event_name":"Mysterious Sphere","floor":41,"gold_loss":0},{"damage_healed":0,"gold_gain":0,"player_choice":"Relic","damage_taken":0,"max_hp_gain":0,"max_hp_loss":0,"event_name":"Wheel of Change","floor":43,"gold_loss":0}],"is_beta":false,"boss_relics":[{"not_picked":["Kintsugi","Sozu"],"picked":"Replay:Wanted Poster"},{"not_picked":["Fusion Hammer","REME_DuelDisc","Replay:Drink Me"]}],"items_purged_floors":[2,3,3,7,22,38,40,46],"is_endless":false,"potions_floor_spawned":[4,6,8,16,23,25,29,35,39,42,44,48,50],"ascension_level":0}}