{"host":"g1wmg2w41xhsnw8g","time":1613694231,"event":{"mods":["2.2 Compatiblity","Act Like it!","Aspiration","BaseMod","Better Altar","Better Match","Better Note","Better Sensory Stone","Better Skull","Better Third Choice","BetterRewards","Booster Modes","CapriCore","Colored Map","Colored Powertips","Defuse TimeMaze Blight","Displayed Cursed Tome","Evolution","Extra Virgin Snecko Oil","Fox Events","Friendly Minions","GifTheSpireLib","Good Game Mod","Googly Eyes","Hubris","Infinite Spire","Jedi Mod","Minty Spire (QoL Compilation)","Red Circlet Mod","Relic Filter Mod","Relic Sorter","Reliquary","Ruina","SCP261 Mod","Shop Mod","Smile Girya","Spicy Shops","Spikes Relics","StSLib","Strawberry Spire","The Animator","The Hayseed","The Sage","Trackpad","Transform Curses","Wandering Minibosses","????"],"gold_per_floor":[133,43,43,84,109,109,156,282,359,359,394,394,394,429,45,188,265,283,283,360,32,32,32,32,32,132,175,208,232,232,333,40,169,246,271,271,373,373,373,418,518,518,595,595,223,261,261,305,2,139,216,234,258,335,335,369,21,34,64,188,214,214,214,214,325,325,429,506,519,419,419,430,507,255,262,262,339,26,58,58,87,100,18,121,198,211,211,336,383,401,155,190,190,267,281,283,306,348,370,247,363,440,539,563,589,589,666,706,736,771,848,1036,1036,1036,1082,1157,849,1025,1102,1124,1201,1203,1203,1203,1242,1242,1311,1388,1437,1134,1146,1184,1228,1011,1143,1232,1336,1475,1487,1518,1530,1586,1606,1399,1476,1493,1493,1001,1027,1038,445,570,647,647,85,126,313],"floor_reached":158,"language":"ENG","playtime":9069,"items_purged":["animator:Hitei+1","animator:ShinjiMatou","Burn","Die Die Die"],"score":5830,"play_id":"6e23c594-dddf-4239-816d-5c2ce99bf5dc","local_time":"20210218192350","is_ascension_mode":true,"campfire_choices":[{"data":"animator:DolaSchwi","floor":6.0,"key":"SMITH"},{"floor":10.0,"key":"RECALL"},{"data":"Double Energy","floor":23.0,"key":"SMITH"},{"data":"animator:DwarfShaman","floor":25.0,"key":"SMITH"},{"data":"animator:ElricEdward","floor":62.0,"key":"SMITH"},{"data":"animator:Aqua","floor":66.0,"key":"SMITH"},{"data":"1","floor":126,"key":"LIFT"},{"data":"2","floor":147,"key":"LIFT"},{"data":"3","floor":154,"key":"LIFT"}],"circlet_count":0,"master_deck":["animator:DwarfShaman+1","animator:Kazuma+1","animator:GazelDwargon+1","animator:Chris+1","animator:Megumin+103","animator:Millim+3","Double Energy+1","animator:Envy+1","animator:Benimaru+1","animator:Biyorigo+1","infinitespire:Oblivion+1","infinitespire:TheBestDefense+1","TheSimpletonMod:TakeHeart+1","Limit Break+1","After Image+1","BlessedFruit+1","BlessedFruit+1","Adrenaline+1","Injury","ruina:LoveAndHate","CurseOfTheBell","animator:Mikaela+1"],"relics":["animator:VividPicture","trackpad:StolenKidneys","animator:ColorlessFragment","animator:CerealBox","EVO:Axolotl","REME:ComplimentaryCards","MerchantsRug","Tiny Chest","Frozen Egg 2","Juzu Bracelet","CaptainsWheel","Brimstone","jedi:firstaidkit","animator:HallowedScabbard","Sling","Paper Frog","sagemod:Red_Beast_Statue","RollingBoulder","trackpad:HandOfMidas","Anchor","trackpad:FieryHotPepper","Ornamental Fan","infinitespire:Golems Mask","reliquary:Firecrackers","reliquary:RoseTintedGlasses","Orichalcum","hubris:EmptyBottle","HandDrill","GiantMaggot","Bronze Scales","animator:OldCoffin","Golden Idol","foxEvents:LuckyCharm","jedi:Pinwheel","Bottled Lightning","hubris:Towel","SnailShell","infinitespire:FocusingShard","Busted Crown","hubris:Icosahedron","Eternal Feather","aspiration:FetidBarrel","trackpad:BiPhaseBiplane","reliquary:TridentHead","wanderingMiniBosses:AbyssPearl","jedi:shrinkray","hubris:ToyBattleship","infinitespire:Cupcake","strawberrySpire:MawJerky","Regal Pillow","reliquary:ThirdArm","trackpad:ByrdBGone","hubris:FruitBowl","hubris:EvacipatedBox","MealTicket","OrangePellets","infinitespire:Satchel","reliquary:FingerTrap","Sundial","Singing Bowl","aspiration:ChemicalBlood","Membership Card","Lantern","Frozen Eye","aspiration:IroncladSkillbook","SpikesRelics:DaevaFist","Black Star","Vajra","Unceasing Top","CherryCoatedStake","Happy Flower","hubris:SlimyHat","reliquary:RedPaperclip","hubris:TerracottaHorce","Bottled Flame","Darkstone Periapt","Du-Vu Doll","trackpad:CultistFigurine","ClockworkSouvenir","PreservedInsect","Turnip","Letter Opener","Toxic Egg 2","Chemical X","hubris:MobiusCoin","strawberrySpire:Dictionifier","animator:WornHelmet","hubris:MedicalManual","strawberrySpire:ElefentMask","Ancient Tea Set","jedi:cryingmask","TwistedFunnel","infinitespire:Midas Blood","Vajra","trackpad:AdjectivePendant","Runic Capacitor","jedi:fakemustache","infinitespire:Beetle Shell","infinitespire:Lucky Rock","hubris:TenFootPole","DataDisk","aspiration:Lifesprig","reliquary:Knoch","animator:HolyGrailRelic","reliquary:Stiletto","infinitespire:WardingShard","Smiling Mask","aspiration:VileToxins","Odd Mushroom","Pantograph","hubris:CuriousFeather","reliquary:FeatherDuster","trackpad:WritersBlock","reliquary:SilkGlove","reliquary:CitrusReamer","Girya","Toy Ornithopter","reliquary:BallBearing","ruina:Prescript","Strawberry","InkBottle","trackpad:ZombieHeart","CloakClasp","Shovel","Ice Cream","Blood Vial","animator:WizardHat","trackpad:RapidFire","jedi:windupbox","Red Skull","TheSimpletonMod:WoodChipper","animator:ShionDessert","aspiration:TomeofQuesting","Akabeko","Nunchaku","BicycleWheel","hubris:PeanutButter","jedi:bottledfury","trackpad:SneckoScepter","Mummified Hand","aspiration:FrozenJewel","TheAbacus","PrismaticShard","animator:Buoy","Bag of Marbles","aspiration:HummingbirdHeart","Art of War","TheSimpletonMod:GardenGlove","sagemod:Creepy_Carousel","Gremlin Horn","Blue Candle","reliquary:SharkskinSheath","trackpad:BottledShadow","Calling Bell","HornCleat","Paper Crane","BicycleWheel","jedi:angrymask","Rawhide","RoseTintedShades","ShockBauble","Bottled Tornado","aspiration:Nostalgia","infinitespire:DarkRift","BrokenLever"],"acts_visited":["Exordium","Exordium","TheBeyond","Exordium","Exordium","TheBeyond","Exordium","Exordium","TheBeyond","TheEnding"],"potions_floor_usage":[150,150],"damage_taken":[{"damage":0.0,"enemies":"Small Slimes","floor":1.0,"turns":1.0},{"damage":10.0,"enemies":"Colosseum Slavers","floor":4.0,"turns":2.0},{"damage":0.0,"enemies":"Cultist","floor":5.0,"turns":2.0},{"damage":0.0,"enemies":"Gremlin Nob","floor":7.0,"turns":2.0},{"damage":0.0,"enemies":"Jaw Worm","floor":11.0,"turns":2.0},{"damage":0.0,"enemies":"3 Sentries","floor":14.0,"turns":2.0},{"damage":0.0,"enemies":"The Guardian","floor":16.0,"turns":5.0},{"damage":0.0,"enemies":"ruina:Nosferatu","floor":18.0,"turns":3.0},{"damage":86.0,"enemies":"Nightmare","floor":27.0,"turns":6.0},{"damage":0.0,"enemies":"ruina:BadWolf","floor":28.0,"turns":6.0},{"damage":0.0,"enemies":"ruina:KingOfGreed","floor":29.0,"turns":3.0},{"damage":0.0,"enemies":"ruina:JesterOfNihil","floor":33.0,"turns":5.0},{"damage":0.0,"enemies":"3 Shapes","floor":35.0,"turns":1.0},{"damage":0.0,"enemies":"Reptomancer","floor":40.0,"turns":2.0},{"damage":83.0,"enemies":"Nightmare_Alpha","floor":46.0,"turns":6.0},{"damage":0.0,"enemies":"Giant Head","floor":48.0,"turns":3.0},{"damage":0.0,"enemies":"Awakened One","floor":50.0,"turns":6.0},{"damage":0.0,"enemies":"Jaw Worm","floor":52.0,"turns":1.0},{"damage":0.0,"enemies":"Cultist","floor":53.0,"turns":2.0},{"damage":0.0,"enemies":"2 Louse","floor":56.0,"turns":1.0},{"damage":0.0,"enemies":"Looter","floor":58.0,"turns":2.0},{"damage":0.0,"enemies":"Nightmare_Alpha","floor":59.0,"turns":1.0},{"damage":0.0,"enemies":"Gremlin Nob","floor":61.0,"turns":2.0},{"damage":0.0,"enemies":"Large Slime","floor":65.0,"turns":1.0},{"damage":31.0,"enemies":"Hexaghost","floor":67.0,"turns":5.0},{"damage":3.0,"enemies":"ruina:BadWolf","floor":69.0,"turns":4.0},{"damage":0.0,"enemies":"ruina:2_Scarecrows","floor":72.0,"turns":1.0},{"damage":0.0,"enemies":"ruina:KnightOfDespair","floor":75.0,"turns":1.0},{"damage":0.0,"enemies":"ruina:ServantOfWrath","floor":79.0,"turns":1.0},{"damage":16.0,"enemies":"ruina:RoadHome","floor":81.0,"turns":2.0},{"damage":0.0,"enemies":"ruina:KingOfGreed","floor":82.0,"turns":1.0},{"damage":0.0,"enemies":"ruina:Ozma","floor":84.0,"turns":4.0},{"damage":0.0,"enemies":"3 Shapes","floor":86.0,"turns":1.0},{"damage":0.0,"enemies":"Mind Bloom Boss Battle","floor":89.0,"turns":2.0},{"damage":0.0,"enemies":"3 Darklings","floor":90.0,"turns":1.0},{"damage":0.0,"enemies":"Nightmare_Alpha","floor":92.0,"turns":1.0},{"damage":0.0,"enemies":"Spire Growth","floor":95.0,"turns":2.0},{"damage":0.0,"enemies":"Giant Head","floor":98.0,"turns":2.0},{"damage":0.0,"enemies":"Maw","floor":99.0,"turns":2.0},{"damage":0.0,"enemies":"Donu and Deca","floor":101.0,"turns":3.0},{"damage":0.0,"enemies":"Jaw Worm","floor":103.0,"turns":1.0},{"damage":0.0,"enemies":"Small Slimes","floor":104.0,"turns":1.0},{"damage":0.0,"enemies":"Cultist","floor":105.0,"turns":1.0},{"damage":0.0,"enemies":"Gremlin Nob","floor":108.0,"turns":1.0},{"damage":0.0,"enemies":"Blue Slaver","floor":109.0,"turns":1.0},{"damage":0.0,"enemies":"The Mushroom Lair","floor":110.0,"turns":1.0},{"damage":0.0,"enemies":"Lagavulin","floor":112.0,"turns":1.0},{"damage":0.0,"enemies":"Nightmare_Alpha","floor":115.0,"turns":1.0},{"damage":0.0,"enemies":"2 Fungi Beasts","floor":116.0,"turns":1.0},{"damage":0.0,"enemies":"Slime Boss","floor":118.0,"turns":1.0},{"damage":0.0,"enemies":"ruina:2_Scarecrows","floor":120.0,"turns":1.0},{"damage":0.0,"enemies":"ruina:ServantOfWrath","floor":125.0,"turns":1.0},{"damage":0,"enemies":"ruina:Mountain","floor":127,"turns":3},{"damage":0,"enemies":"ruina:ServantOfWrath","floor":129,"turns":1},{"damage":0,"enemies":"ruina:Nosferatu","floor":132,"turns":1},{"damage":0,"enemies":"ruina:Mountain","floor":133,"turns":3},{"damage":0,"enemies":"ruina:Red_and_Wolf","floor":135,"turns":4},{"damage":0,"enemies":"3 Shapes","floor":137,"turns":1},{"damage":0,"enemies":"3 Darklings","floor":140,"turns":1},{"damage":0,"enemies":"Nightmare","floor":142,"turns":1},{"damage":0,"enemies":"Transient","floor":143,"turns":2},{"damage":0,"enemies":"4 Shapes","floor":146,"turns":1},{"damage":0,"enemies":"Sphere and 2 Shapes","floor":149,"turns":1},{"damage":0,"enemies":"Transient","floor":150,"turns":2},{"damage":0,"enemies":"Time Eater","floor":152,"turns":2},{"damage":0,"enemies":"Shield and Spear","floor":156,"turns":1},{"damage":0,"enemies":"The Heart","floor":157,"turns":1}],"seed_played":"215834910871569994","potions_obtained":[{"floor":5.0,"key":"ColorlessPotion"},{"floor":7.0,"key":"SCP261:BarrettColaPotion"},{"floor":16.0,"key":"DuplicationPotion"},{"floor":18.0,"key":"SmokeBomb"},{"floor":29.0,"key":"AttackPotion"},{"floor":40.0,"key":"jedi:wingpotion"},{"floor":48.0,"key":"animator:FalseLifePotion"},{"floor":50.0,"key":"AttackPotion"},{"floor":58.0,"key":"SCP261:SweetSwarmPotion"},{"floor":59.0,"key":"ColorlessPotion"},{"floor":75.0,"key":"jedi:tentaclejuice"},{"floor":79.0,"key":"SteroidPotion"},{"floor":89.0,"key":"SCP261:BlastolaColaPotion"},{"floor":90.0,"key":"SCP261:BlastolaColaPotion"},{"floor":95.0,"key":"Energy Potion"},{"floor":99.0,"key":"Swift Potion"},{"floor":104.0,"key":"DistilledChaos"},{"floor":108.0,"key":"Ancient Potion"},{"floor":109.0,"key":"SCP261:BarrettColaPotion"},{"floor":110.0,"key":"SCP261:BlastolaColaPotion"},{"floor":112.0,"key":"jedi:StrikingPotion"},{"floor":127,"key":"Fire Potion"},{"floor":129,"key":"PowerPotion"},{"floor":134,"key":"BlessingOfTheForge"},{"floor":134,"key":"FearPotion"},{"floor":134,"key":"BlessingOfTheForge"},{"floor":134,"key":"EssenceOfSteel"},{"floor":134,"key":"SCP261:BarrettColaPotion"},{"floor":135,"key":"EssenceOfSteel"},{"floor":140,"key":"SkillPotion"},{"floor":146,"key":"SCP261:AppleJuicePotion"},{"floor":149,"key":"SteroidPotion"},{"floor":152,"key":"TheSimpletonMod:MoonshinePotion"},{"floor":156,"key":"SCP261:DietGhostPotion"},{"floor":157,"key":"BlessingOfTheForge"}],"is_trial":false,"path_per_floor":["M","?","?","?","M","R","E","T","T","R","M","?","?","E","R","B",null,"M","?","T","$","$","R","?","R","T","NM","M","M","?","T","R","B",null,"M","?","T","AVR","?","E","T","$","T","?","R","NM","?","E","R","B",null,"M","M","T","AVR","M","R","M","NM","T","E","R","?","?","M","R","B",null,"M","?","AVR","M","T","$","M","?","T","R","E","?","E","M","R","B",null,"M","?","T","?","M","R","NM","?","T","M","?","$","E","M","R","B",null,"M","M","M","AVR","T","E","M","?","T","E","?","?","NM","M","R","B",null,"M","T","?","?","?","E","R","E","T","E","R","AVR","M","E","R","B",null,"M","T","AVR","M","?","NM","M","$","T","M","R","$","M","M","R","B",null,"R","$","E","B",null],"character_chosen":"THE_ANIMATOR","items_purchased":["MerchantsRug","Tiny Chest","Frozen Egg 2","Juzu Bracelet","CaptainsWheel","Brimstone","animator:HallowedScabbard","Sling","Paper Frog","sagemod:Red_Beast_Statue","RollingBoulder","animator:GazelDwargon+1","animator:ColorlessFragment","Anchor","trackpad:FieryHotPepper","Ornamental Fan","reliquary:Firecrackers","reliquary:RoseTintedGlasses","Orichalcum","hubris:EmptyBottle","HandDrill","GiantMaggot","animator:Chris","EntropicBrew","hubris:MysteriousPyramids","infinitespire:FocusingShard","aspiration:FetidBarrel","trackpad:BiPhaseBiplane","Pear","hubris:ToyBattleship","hubris:FruitBowl","hubris:EvacipatedBox","MealTicket","OrangePellets","reliquary:FingerTrap","Sundial","animator:CerealBox","Membership Card","Lantern","Frozen Eye","Unceasing Top","CherryCoatedStake","Happy Flower","Orrery","Lee\u0027s Waffle","Darkstone Periapt","Du-Vu Doll","trackpad:CultistFigurine","Mango","ClockworkSouvenir","PreservedInsect","Chemical X","hubris:MobiusCoin","strawberrySpire:ElefentMask","Ancient Tea Set","jedi:cryingmask","TwistedFunnel","Runic Capacitor","Strawberry","jedi:fakemustache","infinitespire:Beetle Shell","LiquidMemories","SCP261:DewritoBlazePotion","DataDisk","aspiration:Lifesprig","reliquary:Knoch","reliquary:CitrusReamer","Girya","Toy Ornithopter","Lee\u0027s Waffle","Fruit Juice","Ice Cream","Blood Vial","animator:WizardHat","trackpad:RapidFire","jedi:windupbox","animator:ShionDessert","aspiration:TomeofQuesting","Akabeko","Cauldron","trackpad:SneckoScepter","Mummified Hand","aspiration:FrozenJewel","TheAbacus","PrismaticShard","animator:Buoy","Bag of Marbles","aspiration:HummingbirdHeart","Art of War","TheSimpletonMod:GardenGlove","sagemod:Creepy_Carousel","Gremlin Horn","Blue Candle","reliquary:SharkskinSheath","trackpad:BottledShadow","jedi:angrymask","Rawhide","RoseTintedShades","ShockBauble","Bottled Tornado"],"campfire_rested":0,"item_purchase_floors":[0,0,0,0,0,0,0,0,0,0,0,0,0,0,0,0,0,0,0,0,0,0,0,0,15,15,21,21,32,32,42,42,42,42,45,45,45,49,49,49,57,57,57,57,74,74,74,74,78,78,78,83,83,91,91,91,91,97,97,97,97,97,97,100,100,100,117,117,117,117,117,130,130,130,130,130,134,134,134,134,144,144,144,144,148,148,148,148,148,148,151,151,151,151,151,155,155,155,155,155],"current_hp_per_floor":[95,95,72,62,62,62,62,62,62,62,62,62,51,51,51,51,95,95,95,95,95,95,95,67,76,76,6,6,6,14,14,33,33,114,114,87,87,87,90,94,94,36,36,36,45,35,35,64,76,142,142,145,145,145,145,148,157,160,169,169,178,178,178,178,181,181,185,187,190,190,190,193,193,203,206,206,206,227,236,236,233,240,248,263,263,266,266,266,275,278,278,287,287,287,290,254,300,312,315,315,322,334,343,349,355,355,355,367,373,379,379,391,391,391,403,409,433,442,442,451,451,351,351,351,377,386,430,430,447,456,456,469,516,525,562,562,574,574,574,586,586,599,612,621,621,634,634,634,649,698,698,705,714,714,714,725,731],"gold":313,"neow_bonus":"","is_daily":false,"chose_seed":false,"campfire_upgraded":5,"win_rate":0.0,"timestamp":1613694230,"path_taken":["M","?","?","?","M","R","E","?","T","R","M","?","?","E","R","BOSS","M","?","?","?","$","R","?","R","T","NM","M","M","?","?","R","BOSS","M","?","?","AVR","?","E","?","?","T","?","R","NM","?","E","R","BOSS","M","M","?","AVR","M","R","M","NM","T","E","R","?","?","M","R","BOSS","M","?","AVR","M","?","$","M","?","T","R","E","?","E","M","R","BOSS","M","?","?","?","M","R","NM","?","T","M","?","$","E","M","R","BOSS","M","M","M","AVR","?","E","M","?","T","E","?","?","NM","M","R","BOSS","M","?","?","?","?","E","R","E","T","E","R","AVR","M","E","R","BOSS","M","?","AVR","M","?","NM","M","$","T","M","R","?","M","M","R","BOSS","R","$","E","BOSS"],"items_purchased_type":["Relic","Relic","Relic","Relic","Relic","Relic","Relic","Relic","Relic","Relic","Relic","Card","Relic","Relic","Relic","Relic","Relic","Relic","Relic","Relic","Relic","Relic","Card","Potion","Relic","Relic","Relic","Relic","Relic","Relic","Relic","Relic","Relic","Relic","Relic","Relic","Relic","Relic","Relic","Relic","Relic","Relic","Relic","Relic","Relic","Relic","Relic","Relic","Relic","Relic","Relic","Relic","Relic","Relic","Relic","Relic","Relic","Relic","Relic","Relic","Relic","Potion","Potion","Relic","Relic","Relic","Relic","Relic","Relic","Relic","Potion","Relic","Relic","Relic","Relic","Relic","Relic","Relic","Relic","Relic","Relic","Relic","Relic","Relic","Relic","Relic","Relic","Relic","Relic","Relic","Relic","Relic","Relic","Relic","Relic","Relic","Relic","Relic","Relic","Relic"],"build_version":"2020-12-22","purchased_purges":4,"victory":true,"max_hp_per_floor":[95,95,95,95,95,95,95,95,95,95,95,95,95,95,95,95,95,95,95,95,95,95,95,95,95,95,96,96,96,104,104,114,114,114,114,114,114,114,117,121,121,121,121,121,121,130,130,139,139,142,142,145,145,145,145,148,157,160,169,169,178,178,178,178,181,181,187,187,190,190,190,193,193,203,206,206,206,227,236,236,245,248,248,263,263,266,266,266,275,278,278,287,287,287,290,290,300,312,315,315,322,334,343,349,355,355,355,367,373,379,379,391,391,391,403,409,433,442,442,451,451,451,451,451,473,473,497,497,510,510,510,517,542,542,562,562,574,574,574,586,586,599,612,621,621,634,634,634,649,698,698,705,714,714,714,725,731],"card_choices":[{"not_picked":["animator:Konayuki","animator:WinryRockbell+1","animator:Azekura"],"picked":"SKIP","floor":1.0},{"not_picked":["animator:Rena","animator:Priestess"],"picked":"animator:Millim","floor":5.0},{"not_picked":["animator:Verdia","animator:Chris"],"picked":"animator:Megumin","floor":7.0},{"not_picked":["animator:Ara","animator:Azekura","animator:AcuraTooru"],"picked":"SKIP","floor":11.0},{"not_picked":["animator:Ara","animator:Azekura","animator:AcuraTooru"],"picked":"SKIP","floor":11.0},{"not_picked":["animator:SwordMaiden","animator:Darkness+1"],"picked":"animator:Benimaru","floor":14.0},{"not_picked":["animator:Eris","animator:Shizu"],"picked":"animator:Biyorigo+1","floor":16.0},{"not_picked":["animator:Raven"],"picked":"SKIP","floor":18.0},{"not_picked":[],"picked":"animator:Hitei+1","floor":27.0},{"not_picked":["animator:Shion"],"picked":"SKIP","floor":28.0},{"not_picked":["animator:Scar"],"picked":"SKIP","floor":29.0},{"not_picked":[],"picked":"animator:Wiz","floor":33.0},{"not_picked":["animator:Hakurou"],"picked":"SKIP","floor":35.0},{"not_picked":["infinitespire:Fortify","infinitespire:SevenWalls"],"picked":"infinitespire:Oblivion","floor":36.0},{"not_picked":["animator:ZankiKiguchi"],"picked":"SKIP","floor":40.0},{"not_picked":["infinitespire:Oblivion","infinitespire:FinalStrike"],"picked":"infinitespire:TheBestDefense","floor":46.0},{"not_picked":["animator:YunYun+1"],"picked":"Singing Bowl","floor":46.0},{"not_picked":["animator:Hakurou+1"],"picked":"Singing Bowl","floor":48.0},{"not_picked":["animator:GoblinSlayer"],"picked":"Singing Bowl","floor":50.0},{"not_picked":["Invigoration+1","animator:DwarfShaman"],"picked":"Singing Bowl","floor":52.0},{"not_picked":["animator:Elsword"],"picked":"animator:Nanami","floor":53.0},{"not_picked":["Flame Barrier","Entrench"],"picked":"Singing Bowl","floor":56.0},{"not_picked":["animator:Vesta","Burning Pact"],"picked":"Singing Bowl","floor":57.0},{"not_picked":["animator:Nanami","animator:Emonzaemon"],"picked":"Singing Bowl","floor":57.0},{"not_picked":["Havoc","Double Tap"],"picked":"Singing Bowl","floor":57.0},{"not_picked":["animator:Chung"],"picked":"animator:ElricEdward","floor":57.0},{"not_picked":["animator:Kazuma","Dropkick"],"picked":"Singing Bowl","floor":58.0},{"not_picked":["animator:Elsword","animator:UneriGinkaku"],"picked":"Singing Bowl","floor":59.0},{"not_picked":["animator:Azekura","animator:Mitsurugi"],"picked":"Singing Bowl","floor":61.0},{"not_picked":["Uppercut","True Grit"],"picked":"Singing Bowl","floor":65.0},{"not_picked":["animator:ChaikaTrabant","Feed"],"picked":"Singing Bowl","floor":67.0},{"not_picked":["infinitespire:FutureSight","infinitespire:NeuralNetwork","infinitespire:SevenWalls"],"picked":"Singing Bowl","floor":67.0},{"not_picked":["animator:Sloth","animator:MaesHughes"],"picked":"Singing Bowl","floor":69.0},{"not_picked":["animator:Eris"],"picked":"Limit Break","floor":70.0},{"not_picked":["hubris:ReadiedAction","animator:LizardPriest+1"],"picked":"Singing Bowl","floor":72.0},{"not_picked":["animator:WinryRockbell+1","BarbarianYell"],"picked":"Singing Bowl","floor":75.0},{"not_picked":["animator:Guy+1","Infernal Blade+1"],"picked":"Singing Bowl","floor":79.0},{"not_picked":["Body Slam+1","Intimidate+1"],"picked":"Singing Bowl","floor":81.0},{"not_picked":["Iron Wave+1","animator:Add+1"],"picked":"Singing Bowl","floor":82.0},{"not_picked":["animator:Wiz+1","Corruption+1"],"picked":"Singing Bowl","floor":84.0},{"not_picked":["hubris:ReadiedAction+1","animator:AcuraShin"],"picked":"Singing Bowl","floor":86.0},{"not_picked":["Pummel+1","animator:Shion"],"picked":"Singing Bowl","floor":89.0},{"not_picked":["hubris:CleavingFinish+1","animator:Raven+1"],"picked":"Singing Bowl","floor":90.0},{"not_picked":["jedi:MakeshiftSword+1","animator:UneriGinkaku+1"],"picked":"Singing Bowl","floor":92.0},{"not_picked":["animator:Ciel+1","animator:DwarfShaman+1"],"picked":"Singing Bowl","floor":95.0},{"not_picked":["Perfected Strike","animator:MaesHughes+1"],"picked":"Singing Bowl","floor":98.0},{"not_picked":["Feel No Pain+1","animator:GazelDwargon+1"],"picked":"Singing Bowl","floor":99.0},{"not_picked":["animator:Rimuru","Feed"],"picked":"Singing Bowl","floor":101.0},{"not_picked":["animator:Kazuma+1","Wild Strike"],"picked":"Singing Bowl","floor":103.0},{"not_picked":["animator:Sloth","Headbutt"],"picked":"Singing Bowl","floor":104.0},{"not_picked":["animator:Guy+1","animator:Verdia+1"],"picked":"Singing Bowl","floor":105.0},{"not_picked":["Whirlwind","Hemokinesis"],"picked":"Singing Bowl","floor":108.0},{"not_picked":["animator:LizardPriest+1","Evolve+1"],"picked":"Singing Bowl","floor":109.0},{"not_picked":["jedi:MakeshiftSword+1","Battle Trance+1"],"picked":"Singing Bowl","floor":110.0},{"not_picked":["Body Slam","animator:Souei+1"],"picked":"Singing Bowl","floor":112.0},{"not_picked":["Iron Wave","Twin Strike"],"picked":"Singing Bowl","floor":115.0},{"not_picked":["Inflame+1","Clash"],"picked":"Singing Bowl","floor":116.0},{"not_picked":["animator:Eve+1","jedi:unlimitedpower"],"picked":"Singing Bowl","floor":118.0},{"not_picked":["animator:Elsword+1","animator:Ara"],"picked":"Singing Bowl","floor":120.0},{"not_picked":["Dual Wield+1","Wild Strike"],"picked":"Singing Bowl","floor":125.0},{"not_picked":["animator:Megumin","Dropkick"],"picked":"Singing Bowl","floor":127},{"not_picked":["hubris:CleavingFinish","Inflame+1"],"picked":"Singing Bowl","floor":129},{"not_picked":["Absolvement+1","Warcry+1"],"picked":"Singing Bowl","floor":132},{"not_picked":["animator:Guy+1","animator:MumenRider"],"picked":"Singing Bowl","floor":133},{"not_picked":["Immolate","animator:Wiz+1"],"picked":"Singing Bowl","floor":135},{"not_picked":["animator:Azekura+1","Armaments+1"],"picked":"Singing Bowl","floor":137},{"not_picked":["Sentinel+1","Dark Embrace+1"],"picked":"Singing Bowl","floor":140},{"not_picked":["animator:GoblinSlayer","animator:Elsword"],"picked":"Singing Bowl","floor":142},{"not_picked":["Warcry+1","animator:Konayuki+1"],"picked":"Singing Bowl","floor":143},{"not_picked":["animator:Spearman","Twin Strike+1"],"picked":"Singing Bowl","floor":146},{"not_picked":["TheSimpletonMod:ToughenUp+1","animator:SilverFang+1"],"picked":"Singing Bowl","floor":149},{"not_picked":["jedi:BurstFrost+1","animator:Geryuganshoop+1"],"picked":"Singing Bowl","floor":150},{"not_picked":["sagemod:Anti_Ancient_Attack"],"picked":"ruina:LoveAndHate","floor":152},{"not_picked":["jedi:unlimitedpower"],"picked":"animator:Mikaela+1","floor":156},{"not_picked":["TheSimpletonMod:Strawberries+1","Reboot+1"],"picked":"Singing Bowl","floor":157}],"player_experience":1417551,"relics_obtained":[{"floor":4.0,"key":"foxEvents:LuckyCharm"},{"floor":7.0,"key":"jedi:Pinwheel"},{"floor":9.0,"key":"Bottled Lightning"},{"floor":14.0,"key":"SnailShell"},{"floor":20.0,"key":"Eternal Feather"},{"floor":26.0,"key":"reliquary:Buckler"},{"floor":27.0,"key":"reliquary:TridentHead"},{"floor":28.0,"key":"wanderingMiniBosses:AbyssPearl"},{"floor":31.0,"key":"jedi:shrinkray"},{"floor":37.0,"key":"strawberrySpire:MawJerky"},{"floor":40.0,"key":"trackpad:ByrdBGone"},{"floor":41.0,"key":"Whetstone"},{"floor":43.0,"key":"infinitespire:Satchel"},{"floor":46.0,"key":"Singing Bowl"},{"floor":48.0,"key":"aspiration:ChemicalBlood"},{"floor":54.0,"key":"SpikesRelics:DaevaFist"},{"floor":59.0,"key":"The Courier"},{"floor":59.0,"key":"Whetstone"},{"floor":60.0,"key":"War Paint"},{"floor":61.0,"key":"Omamori"},{"floor":61.0,"key":"hubris:SlimyHat"},{"floor":73.0,"key":"Bottled Flame"},{"floor":77.0,"key":"HeavenlyBonsai"},{"floor":79.0,"key":"Turnip"},{"floor":79.0,"key":"Letter Opener"},{"floor":81.0,"key":"Toxic Egg 2"},{"floor":81.0,"key":"Potion Belt"},{"floor":88.0,"key":"animator:WornHelmet"},{"floor":89.0,"key":"hubris:MedicalManual"},{"floor":92.0,"key":"infinitespire:Midas Blood"},{"floor":92.0,"key":"Vajra"},{"floor":94.0,"key":"trackpad:AdjectivePendant"},{"floor":98.0,"key":"infinitespire:Lucky Rock"},{"floor":98.0,"key":"hubris:TenFootPole"},{"floor":107.0,"key":"infinitespire:WardingShard"},{"floor":108.0,"key":"Smiling Mask"},{"floor":108.0,"key":"aspiration:VileToxins"},{"floor":110.0,"key":"Odd Mushroom"},{"floor":111.0,"key":"Pantograph"},{"floor":112.0,"key":"hubris:CuriousFeather"},{"floor":112.0,"key":"reliquary:FeatherDuster"},{"floor":115.0,"key":"reliquary:SilkGlove"},{"floor":115.0,"key":"reliquary:Buckler"},{"floor":121.0,"key":"reliquary:BallBearing"},{"floor":125.0,"key":"Potion Belt"},{"floor":125.0,"key":"Strawberry"},{"floor":127,"key":"InkBottle"},{"floor":127,"key":"trackpad:ZombieHeart"},{"floor":128,"key":"CloakClasp"},{"floor":129,"key":"Shovel"},{"floor":129,"key":"MawBank"},{"floor":133,"key":"Red Skull"},{"floor":133,"key":"TheSimpletonMod:WoodChipper"},{"floor":138,"key":"Nunchaku"},{"floor":142,"key":"hubris:PeanutButter"},{"floor":142,"key":"jedi:bottledfury"},{"floor":145,"key":"Whetstone"},{"floor":153,"key":"HornCleat"},{"floor":153,"key":"Paper Crane"},{"floor":153,"key":"BicycleWheel"},{"floor":156,"key":"aspiration:Nostalgia"},{"floor":156,"key":"BrokenLever"}],"event_choices":[{"damage_healed":0.0,"max_hp_gain":0.0,"max_hp_loss":0.0,"gold_gain":0.0,"event_name":"WeMeetAgain","player_choice":"Paid Gold","floor":2.0,"gold_loss":90.0,"damage_taken":0.0,"relics_obtained":["animator:OldCoffin"]},{"damage_healed":0.0,"max_hp_gain":0.0,"max_hp_loss":0.0,"gold_gain":0.0,"event_name":"Golden Idol","player_choice":"Take Damage","floor":3.0,"gold_loss":0.0,"damage_taken":23.0,"relics_obtained":["Golden Idol"]},{"damage_healed":0.0,"max_hp_gain":0.0,"max_hp_loss":0.0,"gold_gain":3.0,"event_name":"betterStone:BetterStone","player_choice":"4","floor":47.0,"gold_loss":0.0,"damage_taken":0.0,"cards_obtained":["TheSimpletonMod:TakeHeart"]},{"damage_healed":0.0,"max_hp_gain":0.0,"max_hp_loss":0.0,"gold_gain":0.0,"cards_transformed":["animator:Azekura"],"event_name":"Transmorgrifier","player_choice":"Transformed","floor":63.0,"gold_loss":0.0,"damage_taken":0.0,"cards_obtained":["animator:Aqua"]},{"damage_healed":178.0,"max_hp_gain":0.0,"max_hp_loss":178.0,"gold_gain":0.0,"event_name":"betterThird:BetterShining","player_choice":"Embrace Burn","floor":64.0,"gold_loss":0.0,"damage_taken":0.0},{"damage_healed":0.0,"max_hp_gain":0.0,"max_hp_loss":0.0,"gold_gain":0.0,"event_name":"MindBloom","player_choice":"Fight","floor":89.0,"gold_loss":0.0,"damage_taken":0.0},{"damage_healed":0.0,"max_hp_gain":0.0,"max_hp_loss":0.0,"gold_gain":0.0,"event_name":"Mushrooms","player_choice":"Fought Mushrooms","floor":110.0,"gold_loss":0.0,"damage_taken":0.0},{"cards_removed":["animator:ElricEdward"],"damage_healed":0,"gold_gain":0,"player_choice":"Purged","damage_taken":0,"max_hp_gain":0,"max_hp_loss":0,"event_name":"Purifier","floor":141,"gold_loss":0}],"is_beta":false,"boss_relics":[{"not_picked":["trackpad:StolenKidneys","animator:CrumblingOrb"],"picked":"Busted Crown"},{"not_picked":["SacredBark","Fusion Hammer"],"picked":"infinitespire:Cupcake"},{"not_picked":["CosmicIsotope","Philosopher\u0027s Stone","Mark of Pain"],"picked":"aspiration:IroncladSkillbook"},{"not_picked":["Runic Pyramid","animator:CrumblingOrb","aspiration:SecretTechniqueScroll"],"picked":"reliquary:RedPaperclip"},{"not_picked":["CosmicIsotope","Astrolabe","Mark of Pain"],"picked":"strawberrySpire:Dictionifier"},{"not_picked":["Sandwich","animator:CursedBlade","Tiny House"],"picked":"animator:HolyGrailRelic"},{"not_picked":["reliquary:WritOfMandamus","Cursed Key","animator:CrumblingOrb"],"picked":"trackpad:StolenKidneys"},{"not_picked":["aspiration:SecretTechniqueScroll","sagemod:Falmels_Amulet","Sandwich"],"picked":"animator:VividPicture"},{"not_picked":["SlaversCollar","animator:RacePiece","CosmicIsotope"],"picked":"Calling Bell"}],"items_purged_floors":[38,74,78,97],"is_endless":true,"potions_floor_spawned":[5,7,16,18,29,40,48,50,53,56,58,59,75,79,89,90,95,99,104,108,109,110,112,115,127,129,135,140,143,146,149,152,156,157],"ascension_level":6}}