{"host":"8kqih82z00stt9q9","time":1613764259,"event":{"mods":["BaseMod","Bestiary","Hermit","Marisa（F雨　魔理沙）","Minty Spire (QoL Compilation)","Reliquary","Replay The Spire","Robot Space Explorer","SOS（斯巴达之子）","StSLib","The Bug Knight","The Cursed","The Hierophant","【功能Mod】聪明的最终Boss","【遗物卡牌】REMEMod"],"gold_per_floor":[109,123,169,244,244,244,258,268,293,293,326,341,341,360,360,465,465,480,191,191,208,219,219,250,270,270,40,40,40,140,154,154,256,256,267,15,15,15,15,32,46,73,92,107,107,125,140,140,140,140,140,140],"floor_reached":53,"language":"ZHS","playtime":2668,"items_purged":[],"score":961,"play_id":"ac75d4fb-94a8-4267-b548-85d7da4d0ca2","local_time":"20210220035059","is_ascension_mode":false,"campfire_choices":[{"floor":6.0,"key":"REST"},{"floor":10.0,"key":"REST"},{"floor":15.0,"key":"REST"},{"floor":23.0,"key":"REST"},{"floor":29.0,"key":"REST"},{"data":"1","floor":32.0,"key":"LIFT"},{"floor":48.0,"key":"REST"},{"floor":51.0,"key":"REST"}],"circlet_count":0,"master_deck":["Strike_R","Strike_R","Strike_R","Strike_R","Defend_R","Defend_R","Defend_R","Defend_R","Bash+1","Headbutt","Feel No Pain","Seeing Red","Defy Death","Shrug It Off","Headbutt","Clothesline+1","REME_Fury","Pommel Strike","Feel No Pain","Shrug It Off","Twin Strike+1","Eclipse","Ghostly Armor+1","Flash of Steel","Power Through","Carnage","Juggernaut","Shrug It Off+1","Pommel Strike+1","Metallicize+1","Metallicize","Inflame+1","Pummel+1","Perfected Strike","Run Through+1"],"relics":["REME_ComplimentaryCards","Runic Cube","Boot","Ancient Tea Set","Charon\u0027s Ashes","InkBottle","reliquary:Ember","Oddly Smooth Stone","reliquary:Boomerang","Girya","reliquary:PurpleTingedLeaf","King of Hearts","reliquary:RustamsPendant","reliquary:HotPoker","Whetstone","Replay:WaspNest","reliquary:Vitrine"],"acts_visited":["Exordium","TheCity","TheBeyond"],"potions_floor_usage":[52],"damage_taken":[{"damage":13.0,"enemies":"Cultist","floor":1.0,"turns":5.0},{"damage":5.0,"enemies":"2 Louse","floor":2.0,"turns":2.0},{"damage":6.0,"enemies":"Jaw Worm","floor":7.0,"turns":4.0},{"damage":15.0,"enemies":"3 Louse","floor":8.0,"turns":3.0},{"damage":17.0,"enemies":"Replay:BlueRogue","floor":11.0,"turns":7.0},{"damage":9.0,"enemies":"Gremlin Gang","floor":12.0,"turns":3.0},{"damage":4.0,"enemies":"Blue Slaver","floor":14.0,"turns":5.0},{"damage":70.0,"enemies":"Slime Boss","floor":16.0,"turns":17.0},{"damage":21.0,"enemies":"3 Byrds","floor":18.0,"turns":7.0},{"damage":6.0,"enemies":"Shell Parasite","floor":21.0,"turns":2.0},{"damage":30.0,"enemies":"3 Cultists","floor":22.0,"turns":8.0},{"damage":31.0,"enemies":"Slavers","floor":24.0,"turns":6.0},{"damage":7.0,"enemies":"Snecko","floor":25.0,"turns":4.0},{"damage":5.0,"enemies":"Snake Plant","floor":31.0,"turns":3.0},{"damage":27.0,"enemies":"Pondfish","floor":33.0,"turns":9.0},{"damage":12.0,"enemies":"3 Shapes","floor":35.0,"turns":3.0},{"damage":24.0,"enemies":"3 Darklings","floor":40.0,"turns":4.0},{"damage":17.0,"enemies":"Writhing Mass","floor":41.0,"turns":5.0},{"damage":22.0,"enemies":"HollowMod:StalkingDevout","floor":42.0,"turns":7.0},{"damage":1.0,"enemies":"4 Shapes","floor":43.0,"turns":4.0},{"damage":10.0,"enemies":"Sphere and 2 Shapes","floor":44.0,"turns":4.0},{"damage":0.0,"enemies":"Jaw Worm Horde","floor":46.0,"turns":2.0},{"damage":3.0,"enemies":"Transient","floor":47.0,"turns":5.0},{"damage":33,"enemies":"Donu and Deca","floor":52,"turns":5}],"seed_played":"1416308453773390061","potions_obtained":[{"floor":2.0,"key":"Explosive Potion"},{"floor":12.0,"key":"SteroidPotion"},{"floor":14.0,"key":"EssenceOfSteel"},{"floor":16.0,"key":"AttackPotion"},{"floor":18.0,"key":"SteroidPotion"},{"floor":21.0,"key":"PowerPotion"},{"floor":31.0,"key":"AttackPotion"},{"floor":37.0,"key":"Fruit Juice"},{"floor":37.0,"key":"Strength Potion"},{"floor":37.0,"key":"SkillPotion"},{"floor":41.0,"key":"SpeedPotion"},{"floor":43.0,"key":"Adrenaline Potion"},{"floor":44.0,"key":"Languid Potion"},{"floor":47.0,"key":"ColorlessPotion"}],"is_trial":false,"path_per_floor":["M","M","T","?","?","R","M","M","T","R","E","M","T","M","R","B",null,"M","$","?","M","M","R","E","M","T","$","?","R","?","M","R","B",null,"M","$","?","PTL","PTL","M","M","E","M","M","T","M","M","R","T","?","R","B",null],"character_chosen":"IRONCLAD","items_purchased":["Oddly Smooth Stone","reliquary:Boomerang","King of Hearts","Flash of Steel","reliquary:HotPoker"],"campfire_rested":7,"item_purchase_floors":[19,19,27,27,36],"current_hp_per_floor":[67,62,62,51,51,75,69,54,54,78,61,52,52,48,72,2,80,59,59,59,53,23,47,16,9,9,9,9,33,33,28,28,2,80,69,69,74,74,74,51,35,16,15,5,5,5,3,28,28,28,52,19],"gold":140,"neow_bonus":"BOSS_RELIC","is_daily":false,"chose_seed":false,"campfire_upgraded":0,"win_rate":0.0,"timestamp":1613764259,"path_taken":["M","M","?","?","?","R","?","?","T","R","E","M","?","M","R","BOSS","M","$","?","?","M","R","E","M","T","$","?","R","?","?","R","BOSS","M","$","?","PTL","PTL","?","M","E","M","M","T","M","?","R","?","?","R","BOSS"],"items_purchased_type":["Relic","Relic","Relic","Card","Relic"],"build_version":"2020-12-22","purchased_purges":0,"victory":true,"max_hp_per_floor":[80,80,80,80,80,80,80,80,80,80,80,80,80,80,80,80,80,80,80,80,80,80,80,80,80,80,80,80,80,80,80,80,80,80,80,80,85,85,85,85,85,85,85,85,85,85,85,85,82,82,82,82],"card_choices":[{"not_picked":["Clash","Cleave"],"picked":"Headbutt","floor":1.0},{"not_picked":["Rage","Pommel Strike"],"picked":"Feel No Pain","floor":2.0},{"not_picked":["Twin Strike","Fire Breathing"],"picked":"Seeing Red","floor":7.0},{"not_picked":["Clash","Massacre"],"picked":"Defy Death","floor":8.0},{"not_picked":["Shockwave","Sever Soul"],"picked":"Shrug It Off","floor":11.0},{"not_picked":["Sword Boomerang","Anger"],"picked":"Headbutt","floor":12.0},{"not_picked":["Burning Pact","Anger"],"picked":"Clothesline","floor":14.0},{"not_picked":["Demonic Infusion","Bludgeon"],"picked":"REME_Fury","floor":16.0},{"not_picked":["Perfected Strike","Anger"],"picked":"Pommel Strike","floor":18.0},{"not_picked":["Sever Soul","True Grit"],"picked":"Shrug It Off","floor":21.0},{"not_picked":["ReplayTheSpireMod:LeadingStrike","Cleave"],"picked":"Twin Strike+1","floor":22.0},{"not_picked":["Replay:Undeath\u0027s Touch","True Grit"],"picked":"Eclipse","floor":24.0},{"not_picked":["Clash","Clothesline"],"picked":"Ghostly Armor+1","floor":25.0},{"not_picked":["Clothesline","Rupture"],"picked":"Carnage","floor":31.0},{"not_picked":["REME_Fury","Replay:Many Hands"],"picked":"Juggernaut","floor":33.0},{"not_picked":["Clash+1","Iron Wave+1"],"picked":"Shrug It Off+1","floor":35.0},{"not_picked":["ReplayTheSpireMod:Strike From Hell","Corruption"],"picked":"Pommel Strike+1","floor":40.0},{"not_picked":["Thunderclap","ReplayTheSpireMod:Corrosion Curse"],"picked":"Metallicize+1","floor":41.0},{"not_picked":["Warcry","Flex"],"picked":"Metallicize","floor":42.0},{"not_picked":["ReplayTheSpireMod:Corrosion Curse","Shrug It Off"],"picked":"Inflame+1","floor":43.0},{"not_picked":["REME_Fury","Cleave+1"],"picked":"Pummel+1","floor":44.0},{"not_picked":["Sword Boomerang","Clothesline+1"],"picked":"Perfected Strike","floor":46.0},{"not_picked":["Twin Strike+1","Berserk"],"picked":"Run Through+1","floor":47.0}],"player_experience":14139,"relics_obtained":[{"floor":3.0,"key":"Boot"},{"floor":9.0,"key":"Ancient Tea Set"},{"floor":11.0,"key":"Charon\u0027s Ashes"},{"floor":13.0,"key":"InkBottle"},{"floor":24.0,"key":"Girya"},{"floor":26.0,"key":"reliquary:PurpleTingedLeaf"},{"floor":42.0,"key":"Whetstone"},{"floor":45.0,"key":"Replay:WaspNest"},{"floor":49.0,"key":"reliquary:Vitrine"}],"event_choices":[{"damage_healed":0.0,"max_hp_gain":0.0,"max_hp_loss":0.0,"gold_gain":75.0,"event_name":"World of Goop","player_choice":"Gather Gold","floor":4.0,"gold_loss":0.0,"damage_taken":11.0},{"cards_removed":["Strike_R"],"damage_healed":0.0,"max_hp_gain":0.0,"max_hp_loss":0.0,"gold_gain":0.0,"event_name":"Bonfire Elementals","player_choice":"Offered Basic","floor":5.0,"gold_loss":0.0,"damage_taken":0.0},{"damage_healed":0.0,"max_hp_gain":0.0,"max_hp_loss":0.0,"gold_gain":0.0,"event_name":"Duplicator","player_choice":"Copied","floor":20.0,"gold_loss":0.0,"damage_taken":0.0,"cards_obtained":["Feel No Pain"]},{"damage_healed":0.0,"max_hp_gain":0.0,"max_hp_loss":0.0,"gold_gain":0.0,"event_name":"The Library","player_choice":"Read","floor":28.0,"gold_loss":0.0,"damage_taken":0.0,"cards_obtained":["Power Through"]},{"damage_healed":0.0,"max_hp_gain":0.0,"max_hp_loss":0.0,"gold_gain":100.0,"event_name":"Golden Shrine","player_choice":"Pray","floor":30.0,"gold_loss":0.0,"damage_taken":0.0},{"damage_healed":0.0,"max_hp_gain":0.0,"max_hp_loss":0.0,"gold_gain":0.0,"event_name":"Lab","player_choice":"Got Potions","floor":37.0,"gold_loss":0.0,"damage_taken":0.0},{"damage_healed":0.0,"max_hp_gain":0.0,"max_hp_loss":0.0,"gold_gain":0.0,"event_name":"Mysterious Sphere","player_choice":"Ignored","floor":50.0,"gold_loss":0.0,"damage_taken":0.0}],"is_beta":false,"boss_relics":[{"not_picked":["Kintsugi","Cursed Key"],"picked":"reliquary:Ember"},{"not_picked":["Painkiller Herb","Abe\u0027s Treasure"],"picked":"reliquary:RustamsPendant"}],"items_purged_floors":[],"is_endless":false,"potions_floor_spawned":[2,12,14,16,18,21,22,31,41,43,44,47],"ascension_level":0}}