{"host":"yx5rao87132cy5xq","time":1613757543,"event":{"mods":["2.2 Compatiblity","AchievementEnabler","BaseMod","Bestiary","Colored Map","Colored Powertips","Minty Spire (QoL Compilation)","Quick Restart","Relic Stats","Slay-I","SuperFastMode"],"gold_per_floor":[114,132,149,159,237,272,304,316,316],"floor_reached":8,"language":"ENG","playtime":500,"items_purged":[],"score":114,"play_id":"f0adbc4a-61ef-4a16-b549-bf4f22ba8ba8","local_time":"20210219185903","is_ascension_mode":true,"campfire_choices":[],"circlet_count":0,"master_deck":["AscendersBane","Strike_R","Strike_R","Strike_R","Strike_R","Strike_R","Defend_R","Defend_R","Defend_R","Defend_R","Bash","Metallicize","Flame Barrier","Anger","Sever Soul","Wild Strike"],"relics":["Burning Blood","Lantern","MawBank"],"acts_visited":["Exordium"],"potions_floor_usage":[6,6,8],"damage_taken":[{"damage":18,"enemies":"Cultist","floor":1,"turns":5},{"damage":6,"enemies":"Jaw Worm","floor":2,"turns":4},{"damage":9,"enemies":"Small Slimes","floor":3,"turns":4},{"damage":33,"enemies":"3 Louse","floor":4,"turns":6},{"damage":19,"enemies":"Lagavulin","floor":6,"turns":7},{"damage":8,"enemies":"Blue Slaver","floor":7,"turns":2},{"damage":14,"enemies":"3 Sentries","floor":8,"turns":4}],"seed_played":"2738150782506862827","potions_obtained":[{"floor":1,"key":"BlessingOfTheForge"},{"floor":3,"key":"Weak Potion"},{"floor":6,"key":"DistilledChaos"}],"is_trial":false,"path_per_floor":["M","M","M","M","?","E","M","E"],"character_chosen":"IRONCLAD","items_purchased":[],"campfire_rested":0,"item_purchase_floors":[],"current_hp_per_floor":[56,56,53,26,26,13,11,0,0],"gold":316,"neow_bonus":"RANDOM_COMMON_RELIC","is_daily":false,"chose_seed":false,"campfire_upgraded":0,"win_rate":0.0,"timestamp":1613757543,"path_taken":["M","M","?","M","?","E","M","E"],"items_purchased_type":[],"build_version":"2020-12-22","purchased_purges":0,"victory":false,"max_hp_per_floor":[75,75,75,75,75,75,75,75,75],"relic_stats":{"counters":[7,32],"MawBank":24,"obtain_stats":[{"Lantern":0,"MawBank":6,"Burning Blood":0},{"Lantern":0,"MawBank":5,"Burning Blood":0},{"Lantern":0,"MawBank":26,"Burning Blood":0}],"Burning Blood":36},"card_choices":[{"not_picked":["Shockwave","Battle Trance"],"picked":"Metallicize","floor":1},{"not_picked":["Clothesline","Cleave"],"picked":"Flame Barrier","floor":2},{"not_picked":["Armaments","Cleave"],"picked":"Anger","floor":3},{"not_picked":["Clash","Body Slam"],"picked":"Sever Soul","floor":4},{"not_picked":["Headbutt","Fire Breathing"],"picked":"Wild Strike","floor":6}],"player_experience":1053772,"relics_obtained":[{"floor":6,"key":"MawBank"}],"event_choices":[{"damage_healed":0,"gold_gain":78,"player_choice":"Gained Gold","damage_taken":0,"max_hp_gain":0,"max_hp_loss":0,"event_name":"Golden Wing","floor":5,"gold_loss":0}],"is_beta":false,"boss_relics":[],"items_purged_floors":[],"is_endless":false,"potions_floor_spawned":[1,3,6],"killed_by":"3 Sentries","ascension_level":18}}