{"host":"cjhtzh7tp54jdfyv","time":1613729699,"event":{"mods":["AchievementEnabler","BaseMod","Colored Map","Colored Powertips","Curses Come First","DeckTracker","Filter the Spire","Minty Spire (QoL Compilation)","RNG Fix","Relic Sorter","Relic Stats","StSLib","UnlockEverythingMod","ojb\u0027s Better Paths Mod","ojb\u0027s Info Mod"],"gold_per_floor":[111,125,125,85,102,102,113,140,140,13,47,57,76,109,109,187,187,199,233,233,248,267,295,295,132,157,157,57,71,102,102,102,188,188,202,202,212,212,221,256,275,275,275,327,347,222,237,87,87,87,87,87,87,87,116,116],"floor_reached":57,"language":"ENG","playtime":3970,"items_purged":["WindmillStrike","ReachHeaven","SpiritShield","Vigilance"],"score":3430,"play_id":"ab638863-89ea-4a6f-839d-14567d272aee","local_time":"20210219051459","is_ascension_mode":true,"campfire_choices":[{"data":"Eruption","floor":6,"key":"SMITH"},{"data":"Omniscience","floor":15,"key":"SMITH"},{"data":"Vault","floor":24,"key":"SMITH"},{"data":"Adaptation","floor":27,"key":"SMITH"},{"data":"ClearTheMind","floor":32,"key":"SMITH"},{"data":"Vault","floor":42,"key":"SMITH"},{"floor":49,"key":"RECALL"},{"data":"Vault","floor":53,"key":"SMITH"}],"circlet_count":0,"master_deck":["AscendersBane","Eruption+1","Omniscience+1","ClearTheMind+1","Vault+1","Crescendo","Vault+1","TalkToTheHand","Sanctity","Adaptation+1","TalkToTheHand","Scrawl","RitualDagger","Tantrum+1","BowlingBash+1","InnerPeace","Vault+1"],"relics":["Pandora\u0027s Box","Yang","PreservedInsect","Boot","Turnip","Runic Pyramid","Red Mask","Pear","Vajra","CeramicFish","Busted Crown","Bottled Flame","Girya","Ornamental Fan"],"acts_visited":["Exordium","TheCity","TheBeyond","TheEnding"],"potions_floor_usage":[4,7,8,19,23,56,56],"damage_taken":[{"damage":4,"enemies":"Jaw Worm","floor":1,"turns":2},{"damage":4,"enemies":"Small Slimes","floor":2,"turns":3},{"damage":0,"enemies":"2 Louse","floor":5,"turns":2},{"damage":0,"enemies":"Red Slaver","floor":7,"turns":1},{"damage":0,"enemies":"Lagavulin","floor":8,"turns":4},{"damage":0,"enemies":"Gremlin Nob","floor":11,"turns":3},{"damage":0,"enemies":"Large Slime","floor":12,"turns":3},{"damage":14,"enemies":"Exordium Thugs","floor":13,"turns":3},{"damage":0,"enemies":"Lagavulin","floor":14,"turns":4},{"damage":0,"enemies":"Slime Boss","floor":16,"turns":4},{"damage":0,"enemies":"Chosen","floor":18,"turns":4},{"damage":0,"enemies":"Masked Bandits","floor":19,"turns":4},{"damage":2,"enemies":"Spheric Guardian","floor":21,"turns":4},{"damage":17,"enemies":"Shelled Parasite and Fungi","floor":22,"turns":5},{"damage":0,"enemies":"Book of Stabbing","floor":23,"turns":3},{"damage":0,"enemies":"3 Cultists","floor":29,"turns":3},{"damage":0,"enemies":"Gremlin Leader","floor":30,"turns":2},{"damage":0,"enemies":"Collector","floor":33,"turns":4},{"damage":1,"enemies":"3 Shapes","floor":35,"turns":3},{"damage":0,"enemies":"3 Darklings","floor":37,"turns":2},{"damage":0,"enemies":"Nemesis","floor":40,"turns":3},{"damage":0,"enemies":"Transient","floor":41,"turns":5},{"damage":0,"enemies":"2 Orb Walkers","floor":44,"turns":3},{"damage":0,"enemies":"Sphere and 2 Shapes","floor":45,"turns":2},{"damage":0,"enemies":"Jaw Worm Horde","floor":47,"turns":3},{"damage":0,"enemies":"Donu and Deca","floor":50,"turns":4},{"damage":18,"enemies":"Time Eater","floor":51,"turns":7},{"damage":0,"enemies":"Shield and Spear","floor":55,"turns":2},{"damage":18,"enemies":"The Heart","floor":56,"turns":7}],"seed_played":"8413507839553034249","potions_obtained":[{"floor":1,"key":"Fruit Juice"},{"floor":4,"key":"Energy Potion"},{"floor":4,"key":"PowerPotion"},{"floor":11,"key":"Dexterity Potion"},{"floor":12,"key":"Fire Potion"},{"floor":19,"key":"LiquidBronze"},{"floor":22,"key":"Fire Potion"},{"floor":23,"key":"DuplicationPotion"},{"floor":37,"key":"DistilledChaos"},{"floor":40,"key":"DuplicationPotion"}],"is_trial":false,"path_per_floor":["M","M","?","?","M","R","M","E","T","$","E","M","M","E","R","B",null,"M","?","?","M","M","E","R","$","T","R","$","M","E","?","R","B",null,"M","?","M","?","?","E","M","R","T","?","M","$","M","$","R","B","B",null,"R","$","E","B",null],"character_chosen":"WATCHER","items_purchased":["Adaptation","Strength Potion","InnerPeace"],"campfire_rested":0,"item_purchase_floors":[10,10,25],"current_hp_per_floor":[57,53,35,40,40,40,40,40,40,40,40,40,26,26,26,26,61,61,61,55,53,36,46,46,46,46,46,46,46,46,46,46,46,74,73,63,63,63,63,63,63,63,63,63,63,63,63,63,63,63,45,74,74,74,74,56],"gold":116,"neow_bonus":"BOSS_RELIC","is_daily":false,"chose_seed":false,"campfire_upgraded":7,"win_rate":0.0,"timestamp":1613729699,"path_taken":["M","M","?","?","?","R","M","E","T","$","E","M","M","E","R","BOSS","M","?","?","?","M","E","R","$","T","R","$","M","E","?","R","BOSS","M","?","M","?","?","E","?","R","T","?","M","$","M","$","R","BOSS","BOSS","R","$","E","BOSS"],"items_purchased_type":["Card","Potion","Card"],"build_version":"2020-12-22","purchased_purges":4,"victory":true,"max_hp_per_floor":[68,68,68,73,73,73,73,73,73,73,73,73,73,73,73,73,73,73,73,73,73,73,83,83,83,83,83,83,83,83,83,83,83,83,83,83,83,83,83,83,83,83,83,83,83,83,83,83,83,83,83,83,83,83,83,83],"relic_stats":{"Busted Crown":22,"counters":[29,99],"Ornamental Fan":[44],"CeramicFish":18,"Pandora\u0027s Box":["ReachHeaven","Omniscience","WindmillStrike","ClearTheMind","CrushJoints","Vault","Crescendo","Vault"],"Yang":[263],"PreservedInsect":267,"Turnip":[10],"Boot":[463],"obtain_stats":[{"Girya":44,"Pear":23,"CeramicFish":30,"Vajra":26,"Yang":3,"PreservedInsect":9,"Boot":11,"Bottled Flame":40,"Busted Crown":34,"Ornamental Fan":55,"Pandora\u0027s Box":0,"Turnip":14,"Red Mask":19,"PureWater":0,"Runic Pyramid":17},{"Girya":23,"Pear":15,"CeramicFish":17,"Vajra":15,"Yang":2,"PreservedInsect":5,"Boot":6,"Bottled Flame":21,"Busted Crown":18,"Ornamental Fan":28,"Pandora\u0027s Box":0,"Turnip":9,"Red Mask":12,"PureWater":0,"Runic Pyramid":10},{"Girya":74,"Pear":49,"CeramicFish":54,"Vajra":49,"Yang":5,"PreservedInsect":12,"Boot":15,"Bottled Flame":66,"Busted Crown":58,"Ornamental Fan":92,"Pandora\u0027s Box":0,"Turnip":25,"Red Mask":37,"PureWater":0,"Runic Pyramid":29}]},"card_choices":[{"not_picked":["SashWhip","Crescendo"],"picked":"Consecrate","floor":1},{"not_picked":["Pray","FlurryOfBlows"],"picked":"TalkToTheHand","floor":2},{"not_picked":["ClearTheMind","BattleHymn"],"picked":"Sanctity","floor":5},{"not_picked":["CrushJoints","FlyingSleeves","SashWhip"],"picked":"SKIP","floor":7},{"not_picked":["Wallop","CarveReality","ClearTheMind"],"picked":"SKIP","floor":8},{"not_picked":["FollowUp","CrushJoints","Evaluate"],"picked":"SKIP","floor":11},{"not_picked":["EmptyFist","CutThroughFate","WheelKick"],"picked":"SKIP","floor":12},{"not_picked":["Sanctity","CarveReality"],"picked":"TalkToTheHand","floor":13},{"not_picked":["Pray","SashWhip","SignatureMove"],"picked":"SKIP","floor":14},{"not_picked":["Vault","SpiritShield"],"picked":"Scrawl","floor":16},{"not_picked":["FlyingSleeves","SandsOfTime","Crescendo"],"picked":"SKIP","floor":18},{"not_picked":["Protect+1","BowlingBash"],"picked":"Tantrum+1","floor":21},{"not_picked":["Conclude","Consecrate","EmptyBody+1"],"picked":"SKIP","floor":22},{"not_picked":["BowlingBash+1","Nirvana","Tantrum"],"picked":"SKIP","floor":23},{"not_picked":["Nirvana","Tantrum"],"picked":"BowlingBash+1","floor":23},{"not_picked":["WreathOfFlame","Nirvana+1","Protect"],"picked":"SKIP","floor":29},{"not_picked":["Judgement","SashWhip","Sanctity"],"picked":"SKIP","floor":30},{"not_picked":["Wish","Alpha"],"picked":"Vault","floor":33},{"not_picked":["DeceiveReality"],"picked":"SKIP","floor":35},{"not_picked":["Tantrum"],"picked":"SKIP","floor":37},{"not_picked":["Halt"],"picked":"SKIP","floor":40},{"not_picked":["Nirvana"],"picked":"SKIP","floor":41},{"not_picked":["EmptyBody"],"picked":"SKIP","floor":45},{"not_picked":["Tantrum"],"picked":"SKIP","floor":47},{"not_picked":["LessonLearned"],"picked":"SKIP","floor":55}],"player_experience":5046625,"relics_obtained":[{"floor":9,"key":"PreservedInsect"},{"floor":11,"key":"Boot"},{"floor":14,"key":"Turnip"},{"floor":19,"key":"Red Mask"},{"floor":23,"key":"Pear"},{"floor":26,"key":"Vajra"},{"floor":30,"key":"CeramicFish"},{"floor":40,"key":"Bottled Flame"},{"floor":44,"key":"Girya"},{"floor":55,"key":"Ornamental Fan"}],"event_choices":[{"damage_healed":0,"gold_gain":0,"player_choice":"Success","damage_taken":18,"relics_obtained":["Yang"],"max_hp_gain":0,"max_hp_loss":0,"event_name":"Scrap Ooze","floor":3,"gold_loss":0},{"damage_healed":0,"gold_gain":0,"player_choice":"Bought 3 Potions","damage_taken":0,"max_hp_gain":0,"max_hp_loss":0,"event_name":"The Woman in Blue","floor":4,"gold_loss":0},{"damage_healed":0,"gold_gain":0,"player_choice":"Fought Bandits","damage_taken":0,"max_hp_gain":0,"max_hp_loss":0,"event_name":"Masked Bandits","floor":19,"gold_loss":0},{"damage_healed":0,"gold_gain":0,"player_choice":"Joined the Cult","damage_taken":6,"max_hp_gain":0,"max_hp_loss":0,"event_name":"Nest","floor":20,"gold_loss":0,"cards_obtained":["RitualDagger"]},{"damage_healed":0,"gold_gain":0,"player_choice":"Ignored","damage_taken":0,"max_hp_gain":0,"max_hp_loss":0,"event_name":"Vampires","floor":31,"gold_loss":0},{"damage_healed":0,"gold_gain":0,"player_choice":"Memory 3","damage_taken":10,"max_hp_gain":0,"max_hp_loss":0,"event_name":"SensoryStone","floor":36,"gold_loss":0},{"cards_removed":["Consecrate"],"damage_healed":0,"gold_gain":0,"player_choice":"Removed Attack","damage_taken":0,"max_hp_gain":0,"max_hp_loss":0,"event_name":"Falling","floor":38,"gold_loss":0},{"damage_healed":0,"gold_gain":0,"cards_transformed":["CrushJoints"],"player_choice":"Transformed","damage_taken":0,"max_hp_gain":0,"max_hp_loss":0,"event_name":"Transmorgrifier","floor":39,"gold_loss":0,"cards_obtained":["SpiritShield"]},{"damage_healed":0,"gold_gain":0,"player_choice":"Fight","damage_taken":0,"max_hp_gain":0,"max_hp_loss":0,"event_name":"Mysterious Sphere","floor":44,"gold_loss":0}],"is_beta":false,"boss_relics":[{"not_picked":["Astrolabe","Black Star"],"picked":"Runic Pyramid"},{"not_picked":["Tiny House","Sozu"],"picked":"Busted Crown"}],"items_purged_floors":[25,28,46,48],"is_endless":false,"potions_floor_spawned":[1,5,11,12,19,22,23,33,37,40,45],"ascension_level":20}}