{"host":"unahupgi85cj6bxp","time":1613717146,"event":{"mods":["Act Like it!","Aspiration","BaseMod","Card Forge","Conspire","Downfall","Energized Spire","Hubris","Infinite Spire","Minty Spire (QoL Compilation)","Replay The Spire","StSLib"],"gold_per_floor":[99,113,129,141,141,161,187,216,226,245,261,61,94,94,111,213,213,113,127,227,227,227,241,241,269,289,322,422,422,422,442,456,557,557,557,573,587,587,602,627,652,665,684,717,171,191,209,239,256,256,256,290,34,34,34,34],"floor_reached":57,"language":"ENG","playtime":7024,"items_purged":[],"score":1506,"play_id":"52108cc3-0ff3-48c0-92d4-19b095eb7a63","local_time":"20210218224546","is_ascension_mode":true,"campfire_choices":[{"floor":1.0,"key":"RECALL"},{"floor":12.0,"key":"REST"},{"floor":18.0,"key":"REST"},{"floor":30,"key":"REST"},{"floor":35,"key":"REST"}],"circlet_count":0,"master_deck":["Guardian:Strike_Guardian+1","Guardian:Strike_Guardian+1","Guardian:Strike_Guardian+1","Guardian:Strike_Guardian+1","Guardian:Defend_Guardian+1","Guardian:Defend_Guardian+1","Guardian:Defend_Guardian+1","Guardian:CurlUp+1","Guardian:TwinSlam+1","Guardian:BodySlam+1","Guardian:BodySlam+1","Guardian:ChargeCore+1","Guardian:Incinerate+1","Guardian:PrimingBeam+1","Guardian:BodySlam+1","Guardian:CompilePackage+1","CurseOfTheBell","Guardian:StasisEngine+1","J.A.X.+1","Guardian:BronzeArmor+1","Guardian:Suspension+1","infinitespire:Starlight+1","Guardian:Emergency+1","Guardian:Recover+1","Guardian:BronzeOrb+1","Guardian:Suspension+1","Guardian:RollAttack","Guardian:PrismaticBeam","Guardian:Preprogram","Guardian:StasisEngine","Guardian:SentryBeam+1","Master of Strategy","Guardian:ArmoredProtocol","Guardian:TimeBomb","Guardian:PrimingBeam","Dark Shackles","Guardian:Reroute","Guardian:Reroute","Guardian:TemporalStrike","Clash+1","Guardian:StasisEngine","Guardian:PrismaticBeam+1","Guardian:TimeCapacitor+1","Guardian:PrimingBeam"],"relics":["Guardian:ModeShifter","Hammer of Thor","Seething Fire","Anvil of the Gods","infinitespire:Lucky Rock","hubris:GlazedTorus","downfall:HeartBlessingRed","downfall:HeartBlessingBlue","Garlic","infinitespire:Eraser","Calling Bell","conspire:TopHat","Replay:WaspNest","hubris:BundleOfHerbs","downfall:HeartBlessingGreen","MutagenicStrength","hubris:Potato","Kunai","PreservedInsect","Incense Burner","aspiration:SecretTechniqueScroll","SlaversCollar","hubris:Metronome","MealTicket","Singing Bowl","aspiration:Nostalgia","Replay:M_SmolderingBlood","Replay:Rubber Ducky","Art of War","Bag of Preparation","aspiration:ChemicalBlood"],"acts_visited":["Exordium","TheCity","TheBeyond","TheEnding"],"potions_floor_usage":[32,32,32,45,49,55,56,56],"damage_taken":[{"damage":8.0,"enemies":"conspire:RoseBush","floor":2.0,"turns":2.0},{"damage":0.0,"enemies":"Cultist","floor":3.0,"turns":3.0},{"damage":0.0,"enemies":"2 Louse","floor":4.0,"turns":2.0},{"damage":7.0,"enemies":"Blue Slaver","floor":6.0,"turns":3.0},{"damage":17.0,"enemies":"Gremlin Nob","floor":8.0,"turns":5.0},{"damage":10.0,"enemies":"3 Louse","floor":9.0,"turns":2.0},{"damage":4.0,"enemies":"downfall:LooterAlt","floor":10.0,"turns":3.0},{"damage":0.0,"enemies":"Large Slime","floor":11.0,"turns":4.0},{"damage":9.0,"enemies":"3 Sentries","floor":13.0,"turns":4.0},{"damage":0.0,"enemies":"Lots of Slimes","floor":15.0,"turns":2.0},{"damage":10.0,"enemies":"SI_SHIV_ARCHETYPE","floor":16.0,"turns":6.0},{"damage":0.0,"enemies":"3 Byrds","floor":19.0,"turns":3.0},{"damage":8.0,"enemies":"downfall:Augmenter","floor":20.0,"turns":3.0},{"damage":3.0,"enemies":"Chosen","floor":23.0,"turns":3.0},{"damage":21,"enemies":"Book of Stabbing","floor":25,"turns":4},{"damage":11,"enemies":"Sentry and Sphere","floor":26,"turns":4},{"damage":8,"enemies":"Slavers","floor":27,"turns":2},{"damage":0,"enemies":"Snake Plant","floor":31,"turns":1},{"damage":6,"enemies":"Centurion and Healer","floor":32,"turns":4},{"damage":17,"enemies":"WA_ARCHETYPE_CALM","floor":33,"turns":7},{"damage":5,"enemies":"3 Shapes","floor":36,"turns":4},{"damage":6,"enemies":"3 Darklings","floor":37,"turns":4},{"damage":20,"enemies":"Writhing Mass","floor":39,"turns":4},{"damage":0,"enemies":"R_Hoarder","floor":40,"turns":5},{"damage":0,"enemies":"4 Shapes","floor":42,"turns":4},{"damage":0,"enemies":"Maw","floor":43,"turns":4},{"damage":1,"enemies":"Nemesis","floor":44,"turns":5},{"damage":0,"enemies":"downfall:FleeingMerchant","floor":45,"turns":3},{"damage":0,"enemies":"3 Darklings","floor":46,"turns":3},{"damage":0,"enemies":"4 Shapes","floor":47,"turns":4},{"damage":0,"enemies":"R_Hoarder","floor":48,"turns":4},{"damage":4,"enemies":"Transient","floor":49,"turns":5},{"damage":33,"enemies":"DF_ARCHETYPE_ORBS","floor":50,"turns":6},{"damage":0,"enemies":"downfall:CharBossMerchant","floor":52,"turns":5},{"damage":0,"enemies":"downfall:NeowBoss","floor":55,"turns":7},{"damage":24,"enemies":"downfall:NeowBossFinal","floor":56,"turns":8}],"seed_played":"1888815395512466731","potions_obtained":[{"floor":4.0,"key":"Elixir"},{"floor":6.0,"key":"EssenceOfSteel"},{"floor":8.0,"key":"Block Potion"},{"floor":11.0,"key":"Reflective Coating"},{"floor":16.0,"key":"Toxic Potion"},{"floor":19.0,"key":"DistilledChaos"},{"floor":20.0,"key":"SpeedPotion"},{"floor":27,"key":"Fire Potion"},{"floor":31,"key":"Languid Potion"},{"floor":40,"key":"Dexterity Potion"},{"floor":42,"key":"hexamod:SoulburnPotion"},{"floor":43,"key":"Fire Potion"},{"floor":47,"key":"PowerPotion"},{"floor":48,"key":"SteroidPotion"},{"floor":52,"key":"Weak Potion"}],"is_trial":false,"path_per_floor":["R","M","M","M","?","M","T","E","M","M","M","R","E","?","M","B",null,"R","M","?","?","?","M","T","E","M","E","?","AVR","R","M","M","B",null,"R","M","M","?","M","E","T","M","M","E","$","M","M","E","M","B",null,"E","$","R","B","B",null],"character_chosen":"GUARDIAN","items_purchased":["Master of Strategy","aspiration:Nostalgia","Guardian:Gem_Cyan","Guardian:ArmoredProtocol","Guardian:TimeBomb","Guardian:PrimingBeam","Replay:Rubber Ducky","Dark Shackles","Guardian:Reroute","aspiration:ChemicalBlood","Guardian:TimeCapacitor+1","Guardian:PrimingBeam"],"campfire_rested":4,"item_purchase_floors":[45,45,45,45,45,45,45,45,45,53,53,53],"current_hp_per_floor":[80,72,72,72,72,65,65,48,38,34,34,71,62,62,62,52,90,90,90,82,82,64,64,64,46,35,27,27,27,55,55,59,52,95,95,95,89,89,84,95,95,95,95,94,95,95,95,95,91,73,95,95,95,95,95,86],"gold":34,"neow_bonus":"RANDOM_COMMON_RELIC","is_daily":false,"chose_seed":false,"campfire_upgraded":0,"win_rate":0.0,"timestamp":1613717146,"path_taken":["R","M","M","M","?","M","T","E","M","M","?","R","E","?","M","BOSS","R","M","?","?","?","M","T","E","M","E","?","AVR","R","M","M","BOSS","R","M","M","?","M","E","T","?","M","E","$","M","M","E","M","BOSS","E","$","R","BOSS","BOSS"],"items_purchased_type":["Card","Relic","Card","Card","Card","Card","Relic","Card","Card","Relic","Card","Card"],"build_version":"2020-12-22","purchased_purges":0,"victory":true,"max_hp_per_floor":[80,80,80,80,80,80,80,80,80,80,80,90,90,90,90,90,90,90,90,90,90,95,95,95,95,95,95,95,95,95,95,95,95,95,95,95,95,95,95,95,95,95,95,95,95,95,95,95,95,95,95,95,95,95,95,95],"card_choices":[{"not_picked":["Guardian:Gem_Blue","Guardian:Gem_Yellow"],"picked":"Guardian:Gem_Red","floor":2.0},{"not_picked":["Guardian:Incinerate","Guardian:Planning"],"picked":"Guardian:Gem_Green","floor":3.0},{"not_picked":["Guardian:Orbwalk","Guardian:DecasProtection"],"picked":"Guardian:BodySlam","floor":4.0},{"not_picked":["Guardian:Gem_Yellow","Guardian:TemporalShield"],"picked":"Guardian:BodySlam","floor":6.0},{"not_picked":["Guardian:EvasiveProtocol","Guardian:StasisField"],"picked":"Guardian:ChargeCore","floor":8.0},{"not_picked":["Guardian:Emergency","Guardian:ChargeUp"],"picked":"Guardian:Gem_Blue","floor":9.0},{"not_picked":["Guardian:Suspension","Guardian:Gem_White"],"picked":"Guardian:Gem_Fragmented","floor":10.0},{"not_picked":["Guardian:ChargeCore","Guardian:Gem_Fragmented"],"picked":"Guardian:Incinerate","floor":11.0},{"not_picked":["Guardian:Gem_Blue","Guardian:TemporalStrike"],"picked":"Guardian:PrimingBeam","floor":13.0},{"not_picked":["Guardian:VentSteam","Guardian:Emergency"],"picked":"Guardian:BodySlam","floor":15.0},{"not_picked":["Guardian:GemFinder","Guardian:HyperBeam_Guardian"],"picked":"Guardian:CompilePackage","floor":16.0},{"not_picked":["Guardian:FuturePlans","Guardian:PolyBeam"],"picked":"Guardian:CrystalBeam+1","floor":19.0},{"not_picked":[],"picked":"J.A.X.","floor":20.0},{"not_picked":["Guardian:StasisEngine","Guardian:FuturePlans"],"picked":"Guardian:Gem_Cyan","floor":20.0},{"not_picked":["Guardian:Reroute+1","Guardian:FuturePlans"],"picked":"Guardian:Gem_Lightblue","floor":23.0},{"not_picked":["Guardian:Gem_Lightblue","Guardian:Gem_Green"],"picked":"Guardian:BronzeArmor","floor":25},{"not_picked":["Guardian:VentSteam","Guardian:PrismaticBarrier"],"picked":"Guardian:Suspension","floor":26},{"not_picked":["Guardian:GuardianWhirl","Guardian:GatlingBeam","Guardian:TimeBomb"],"picked":"SKIP","floor":27},{"not_picked":["Guardian:ShieldCharger+1","Guardian:TimeCapacitor"],"picked":"Guardian:Emergency","floor":31},{"not_picked":["Guardian:TemporalStrike+1","Guardian:PrimingBeam"],"picked":"Guardian:Recover","floor":32},{"not_picked":["Guardian:TimeSifter","Guardian:HyperBeam_Guardian"],"picked":"Guardian:Gem_Orange","floor":33},{"not_picked":["Guardian:VentSteam","Guardian:RollAttack"],"picked":"Guardian:Gem_Yellow","floor":36},{"not_picked":["Guardian:RefractedBeam+1","Guardian:ChargeCore+1"],"picked":"Guardian:BronzeOrb+1","floor":37},{"not_picked":["Guardian:Repulse","Guardian:PrimingBeam"],"picked":"Guardian:Suspension+1","floor":39},{"not_picked":["Guardian:WalkerClaw+1","Guardian:Gem_Yellow"],"picked":"Guardian:RollAttack","floor":40},{"not_picked":["Guardian:FuturePlans","Guardian:Gem_Green"],"picked":"Guardian:PrismaticBeam","floor":42},{"not_picked":["Guardian:Gem_Blue","Guardian:Gem_Fragmented"],"picked":"Guardian:Preprogram","floor":43},{"not_picked":["Guardian:DecasProtection","Guardian:Gem_Lightblue"],"picked":"Guardian:StasisEngine","floor":44},{"not_picked":["Guardian:PiercingHide","Guardian:Orbwalk+1"],"picked":"Guardian:SentryBeam+1","floor":45},{"not_picked":["Halt+1","Guardian:ArmoredProtocol"],"picked":"Guardian:TemporalStrike","floor":46},{"not_picked":["Guardian:ConstructionForm","Guardian:Gem_Cyan"],"picked":"Clash+1","floor":47},{"not_picked":["Clash","Guardian:Preprogram+1"],"picked":"Guardian:StasisEngine","floor":48},{"not_picked":["FlyingSleeves+1","CrushJoints"],"picked":"Guardian:Gem_Green","floor":49},{"not_picked":["Guardian:PrismaticBarrier","Guardian:Reroute+1"],"picked":"Guardian:PrismaticBeam+1","floor":52}],"player_experience":904262,"relics_obtained":[{"floor":8.0,"key":"hubris:GlazedTorus"},{"floor":13.0,"key":"Garlic"},{"floor":14.0,"key":"infinitespire:Eraser"},{"floor":17.0,"key":"conspire:TopHat"},{"floor":17.0,"key":"Replay:WaspNest"},{"floor":17.0,"key":"hubris:BundleOfHerbs"},{"floor":20.0,"key":"MutagenicStrength"},{"floor":24,"key":"hubris:Potato"},{"floor":25,"key":"Kunai"},{"floor":27,"key":"PreservedInsect"},{"floor":40,"key":"hubris:Metronome"},{"floor":41,"key":"MealTicket"},{"floor":44,"key":"Singing Bowl"},{"floor":48,"key":"Art of War"},{"floor":52,"key":"Bag of Preparation"}],"event_choices":[],"is_beta":false,"boss_relics":[{"not_picked":["Runic Dome","Ring of Chaos"],"picked":"Calling Bell"},{"not_picked":["hubris:Stopwatch","Guardian:StasisSlotReductionRelic"],"picked":"SlaversCollar"}],"items_purged_floors":[],"is_endless":false,"potions_floor_spawned":[4,6,8,11,16,19,20,27,31,40,42,43,47,48,52],"ascension_level":1}}