{"host":"plzv31qd94m7lu76","time":1613702096,"event":{"mods":["BaseMod","Downfall","GifTheSpireLib","Minty Spire (QoL Compilation)","Random Character Button","Replay The Spire","StSLib","Stuff the Spire","Unceasing Turn Reminder"],"gold_per_floor":[217,217,217,276,0,31,31,31,113,113,66,76,176,192,192,293,293,305,319,329,340,358,385,397,397,397,410,23,122,139,54,54,154,154,170,220,238,238,238,268,268,286,313,332,351,366,366,380,380,380],"floor_reached":51,"language":"ENG","playtime":1585,"items_purged":["Regret"],"score":651,"play_id":"aa689e74-8815-4bb4-a83e-90e33ccbabdb","local_time":"20210219033456","is_ascension_mode":false,"campfire_choices":[{"floor":7,"key":"REST"},{"floor":10,"key":"REST"},{"floor":15,"key":"REST"},{"floor":25,"key":"REST"},{"floor":32,"key":"REST"},{"floor":47,"key":"REST"},{"floor":49,"key":"REST"}],"circlet_count":0,"master_deck":["Strike_G","Strike_G","Strike_G","Strike_G","Strike_G","Defend_G","Defend_G","Defend_G+1","Defend_G","Defend_G","Survivor","Neutralize","Blade Dance","Infinite Blades","Fluid Movement","Flying Knee","PiercingWail","StuffTheSpire:Python","Distraction","Dodge and Roll","Die Die Die","StuffTheSpire:MirrorStance","Backstab+1","Dagger Spray","Replay:Poison Smokescreen","StuffTheSpire:Repulse","StuffTheSpire:ReptileScales+1","Hallucinations","Glass Knife+1","Accuracy","StuffTheSpire:Injection","After Image","Cloak And Dagger+1","Blade Dance","Cloak And Dagger+1","Writhe","Bouncing Flask+1","StuffTheSpire:ReptileScales","downfall:Bewildered","Poisoned Stab","Deflect","Slice+1"],"relics":["StuffTheSpire:OccultApparatus","StuffTheSpire:RedRose","Darkstone Periapt","Vajra","StuffTheSpire:Experiment12","Bottled Lightning","Cursed Key","Ninja Scroll","StuffTheSpire:Nightcore","Snake Skull","Gremlin Food","Du-Vu Doll","WristBlade","Calipers","ReplayTheSpireMod:Ring of Exchange","ReplayTheSpireMod:Ring of Addiction","SacredBark","Toy Ornithopter","Replay:Mystery Machine","ReplayTheSpireMod:TigerMarble"],"acts_visited":["Exordium","TheCity","TheBeyond"],"potions_floor_usage":[6,19,22,23,24,33,35,36,42,44,50,50,50],"damage_taken":[{"damage":0,"enemies":"Cultist","floor":1,"turns":4},{"damage":24,"enemies":"3 Sentries","floor":6,"turns":8},{"damage":0,"enemies":"2 Louse","floor":12,"turns":2},{"damage":5,"enemies":"Small Slimes","floor":14,"turns":2},{"damage":4,"enemies":"Hexaghost","floor":16,"turns":9},{"damage":5,"enemies":"3 Byrds","floor":18,"turns":4},{"damage":15,"enemies":"2 Thieves","floor":19,"turns":4},{"damage":4,"enemies":"Centurion and Healer","floor":20,"turns":10},{"damage":29,"enemies":"Snake Plant","floor":21,"turns":6},{"damage":0,"enemies":"3 Cultists","floor":22,"turns":3},{"damage":0,"enemies":"Replay:Snechameleon","floor":23,"turns":6},{"damage":4,"enemies":"Centurion and Healer","floor":24,"turns":5},{"damage":6,"enemies":"Chosen and Byrds","floor":27,"turns":4},{"damage":0,"enemies":"Snake Plant","floor":30,"turns":2},{"damage":25,"enemies":"Collector","floor":33,"turns":6},{"damage":4,"enemies":"3 Shapes","floor":35,"turns":2},{"damage":20,"enemies":"Mind Bloom Boss Battle","floor":36,"turns":3},{"damage":5,"enemies":"3 Darklings","floor":37,"turns":3},{"damage":13,"enemies":"Reptomancer","floor":40,"turns":5},{"damage":0,"enemies":"Jaw Worm Horde","floor":42,"turns":2},{"damage":27,"enemies":"Writhing Mass","floor":44,"turns":2},{"damage":0,"enemies":"Transient","floor":45,"turns":5},{"damage":0,"enemies":"Sphere and 2 Shapes","floor":46,"turns":2},{"damage":0,"enemies":"Jaw Worm Horde","floor":48,"turns":2},{"damage":26,"enemies":"Replay:Hell Engine","floor":50,"turns":9}],"seed_played":"-742518552992859502","potions_obtained":[{"floor":1,"key":"EssenceOfSteel"},{"floor":12,"key":"Energy Potion"},{"floor":21,"key":"SteroidPotion"},{"floor":22,"key":"Adrenaline Potion"},{"floor":23,"key":"Guardian:BlockOnCardUsePotion"},{"floor":27,"key":"Fire Potion"},{"floor":30,"key":"Swift Potion"},{"floor":33,"key":"BlessingOfTheForge"},{"floor":35,"key":"CunningPotion"},{"floor":39,"key":"hexamod:SoulburnPotion"},{"floor":39,"key":"EssenceOfSteel"},{"floor":42,"key":"champ:CounterPotion"},{"floor":44,"key":"Dexterity Potion"}],"is_trial":false,"path_per_floor":["M","?","?","?","$","E","R","?","T","R","$","M","?","M","R","B",null,"M","M","M","M","M","E","M","R","T","M","$","?","M","?","R","B",null,"M","?","M","?","?","E","?","M","T","M","M","M","R","M","R","B",null],"character_chosen":"THE_SILENT","items_purchased":["Vajra","Flying Knee","StuffTheSpire:Python","Snake Skull","Gremlin Food","Accuracy"],"campfire_rested":7,"item_purchase_floors":[5,5,11,28,28,28],"current_hp_per_floor":[70,70,70,42,42,18,39,39,39,60,60,60,60,55,70,66,70,65,50,46,17,17,17,13,34,40,34,34,34,34,34,56,31,76,72,52,47,72,72,59,51,56,62,40,40,40,66,66,86,60],"gold":380,"neow_bonus":"HUNDRED_GOLD","is_daily":false,"chose_seed":false,"campfire_upgraded":0,"win_rate":0.0,"timestamp":1613702096,"path_taken":["M","?","?","?","$","E","R","?","T","R","?","M","?","M","R","BOSS","M","M","M","M","?","E","M","R","T","M","$","?","M","?","R","BOSS","M","?","M","?","?","E","?","M","T","M","?","M","R","M","R","BOSS"],"items_purchased_type":["Relic","Card","Card","Relic","Relic","Card"],"build_version":"2020-12-22","purchased_purges":1,"victory":true,"max_hp_per_floor":[70,70,70,70,70,70,70,70,70,70,70,70,70,70,70,70,70,70,70,70,70,70,70,70,70,76,76,76,76,76,76,76,76,76,76,76,76,82,82,82,82,82,88,88,88,88,88,86,86,86],"card_choices":[{"not_picked":["Dodge and Roll","StuffTheSpire:Repulse"],"picked":"Blade Dance","floor":1},{"not_picked":["Outmaneuver","Caltrops"],"picked":"Infinite Blades","floor":4},{"not_picked":["StuffTheSpire:ClusterCrunch","Sucker Punch"],"picked":"Fluid Movement","floor":4},{"not_picked":["Quick Slash","Predator"],"picked":"PiercingWail","floor":6},{"not_picked":["Caltrops","Crippling Poison"],"picked":"Distraction","floor":12},{"not_picked":["ReplayTheSpireMod:Exploit Weakness","Burst"],"picked":"Dodge and Roll","floor":14},{"not_picked":["Phantasmal Killer","StuffTheSpire:FinalStruggle"],"picked":"Die Die Die","floor":16},{"not_picked":["Calculated Gamble","Flying Knee"],"picked":"StuffTheSpire:MirrorStance","floor":18},{"not_picked":["StuffTheSpire:Shiver","Quick Slash+1"],"picked":"Backstab+1","floor":19},{"not_picked":["Reflex","Concentrate"],"picked":"Dagger Spray","floor":20},{"not_picked":["Caltrops","Bane","Dagger Spray+1"],"picked":"SKIP","floor":21},{"not_picked":["Masterful Stab","Slice"],"picked":"Replay:Poison Smokescreen","floor":22},{"not_picked":["Hidden Blade","Backflip"],"picked":"StuffTheSpire:Repulse","floor":23},{"not_picked":["PiercingWail","Deflect"],"picked":"StuffTheSpire:ReptileScales","floor":24},{"not_picked":["Concentrate+1","Underhanded Strike"],"picked":"Glass Knife","floor":27},{"not_picked":["StuffTheSpire:Fury","Sucker Punch"],"picked":"StuffTheSpire:Injection","floor":30},{"not_picked":["Glass Knife","Poison Darts"],"picked":"After Image","floor":33},{"not_picked":["Hidden Blade+1","Deflect+1"],"picked":"Cloak And Dagger+1","floor":35},{"not_picked":["Flying Knee+1","Leg Sweep+1"],"picked":"Blade Dance","floor":36},{"not_picked":["StuffTheSpire:Injection","Backflip+1"],"picked":"Cloak And Dagger+1","floor":37},{"not_picked":["ReplayTheSpireMod:Shiv Toss","StuffTheSpire:Injection"],"picked":"Bouncing Flask+1","floor":40},{"not_picked":["Tools of the Trade","Quick Slash+1"],"picked":"StuffTheSpire:ReptileScales","floor":42},{"not_picked":["StuffTheSpire:Python","Flying Knee"],"picked":"Poisoned Stab","floor":44},{"not_picked":["Slice+1","Poisoned Stab+1"],"picked":"Deflect","floor":45},{"not_picked":["Choke+1","Expertise"],"picked":"Slice+1","floor":46},{"not_picked":["Bane+1","StuffTheSpire:ClusterCrunch","ReplayTheSpireMod:Exploit Weakness+1"],"picked":"SKIP","floor":48}],"player_experience":616298,"relics_obtained":[{"floor":4,"key":"Darkstone Periapt"},{"floor":6,"key":"StuffTheSpire:Experiment12"},{"floor":9,"key":"Bottled Lightning"},{"floor":23,"key":"Ninja Scroll"},{"floor":26,"key":"StuffTheSpire:Nightcore"},{"floor":36,"key":"Calipers"},{"floor":39,"key":"ReplayTheSpireMod:Ring of Exchange"},{"floor":39,"key":"ReplayTheSpireMod:Ring of Addiction"},{"floor":39,"key":"SacredBark"},{"floor":39,"key":"Toy Ornithopter"},{"floor":40,"key":"Replay:Mystery Machine"},{"floor":43,"key":"ReplayTheSpireMod:TigerMarble"}],"event_choices":[{"damage_healed":0,"gold_gain":0,"player_choice":"Ignored","damage_taken":0,"max_hp_gain":0,"max_hp_loss":0,"event_name":"Shining Light","floor":8,"gold_loss":0},{"damage_healed":0,"gold_gain":100,"player_choice":"Pray","damage_taken":0,"max_hp_gain":0,"max_hp_loss":0,"event_name":"Golden Shrine","floor":13,"gold_loss":0},{"damage_healed":0,"gold_gain":99,"player_choice":"Stole From Cult","damage_taken":0,"max_hp_gain":0,"max_hp_loss":0,"event_name":"Nest","floor":29,"gold_loss":0},{"damage_healed":0,"gold_gain":0,"player_choice":"Obtained Relic","damage_taken":0,"relics_obtained":["Du-Vu Doll"],"max_hp_gain":0,"max_hp_loss":0,"event_name":"Addict","floor":31,"gold_loss":85},{"damage_healed":0,"gold_gain":0,"player_choice":"Fight","damage_taken":0,"max_hp_gain":0,"max_hp_loss":0,"event_name":"MindBloom","floor":36,"gold_loss":0},{"damage_healed":19,"gold_gain":0,"player_choice":"Writhe","damage_taken":0,"max_hp_gain":0,"max_hp_loss":0,"event_name":"Winding Halls","floor":38,"gold_loss":0,"cards_obtained":["Writhe"]},{"damage_healed":0,"gold_gain":0,"player_choice":"Damaged","damage_taken":8,"max_hp_gain":0,"max_hp_loss":0,"event_name":"Wheel of Change","floor":41,"gold_loss":0}],"is_beta":false,"boss_relics":[{"not_picked":["Calling Bell","StuffTheSpire:ModemDavis"],"picked":"Cursed Key"},{"not_picked":["Black Star","Runic Pyramid"],"picked":"WristBlade"}],"items_purged_floors":[5],"is_endless":false,"potions_floor_spawned":[1,12,21,22,23,27,30,33,35,42,44,48],"ascension_level":0}}