{"host":"kp5m5tbwfn2imaek","time":1613744118,"event":{"mods":["AchievementEnabler","BaseMod","Bestiary","Minty Spire (QoL Compilation)","Relic Stats"],"gold_per_floor":[112,128,128,145,156,156,188,238,238,238,250,250,250,285,285,285,285],"floor_reached":16,"language":"ENG","playtime":668,"items_purged":[],"score":220,"play_id":"232020bc-dea4-46f6-81bc-4ed4c5a3dbba","local_time":"20210219091518","is_ascension_mode":true,"campfire_choices":[{"data":"Wild Strike","floor":6,"key":"SMITH"},{"data":"Bludgeon","floor":10,"key":"SMITH"},{"data":"Bash","floor":12,"key":"SMITH"},{"data":"Combust","floor":15,"key":"SMITH"}],"circlet_count":0,"master_deck":["AscendersBane","Strike_R","Strike_R","Strike_R","Strike_R","Defend_R","Defend_R","Defend_R+1","Defend_R","Bash+1","Wild Strike+1","Battle Trance","Clothesline+1","Combust+1","Shrug It Off","Bludgeon+1"],"relics":["Burning Blood","Nunchaku","Omamori","InkBottle"],"acts_visited":["Exordium"],"potions_floor_usage":[7,14,16],"damage_taken":[{"damage":12,"enemies":"Jaw Worm","floor":1,"turns":5},{"damage":5,"enemies":"Small Slimes","floor":2,"turns":3},{"damage":1,"enemies":"Cultist","floor":4,"turns":3},{"damage":9,"enemies":"2 Fungi Beasts","floor":5,"turns":3},{"damage":27,"enemies":"Lagavulin","floor":7,"turns":6},{"damage":0,"enemies":"3 Louse","floor":11,"turns":4},{"damage":17,"enemies":"3 Sentries","floor":14,"turns":6},{"damage":25,"enemies":"Slime Boss","floor":16,"turns":7}],"seed_played":"4863618171905895120","potions_obtained":[{"floor":1,"key":"BlessingOfTheForge"},{"floor":2,"key":"BlessingOfTheForge"},{"floor":7,"key":"Fruit Juice"}],"is_trial":false,"path_per_floor":["M","M","?","M","M","R","E","?","T","R","M","R","?","E","R","B"],"character_chosen":"IRONCLAD","items_purchased":[],"campfire_rested":0,"item_purchase_floors":[],"current_hp_per_floor":[62,63,56,61,58,58,37,37,37,37,43,43,20,14,14,0,0],"gold":285,"neow_bonus":"THREE_CARDS","is_daily":false,"chose_seed":false,"campfire_upgraded":4,"win_rate":0.0,"timestamp":1613744118,"path_taken":["M","M","?","M","M","R","E","?","T","R","?","R","?","E","R","BOSS"],"items_purchased_type":[],"build_version":"2020-12-22","purchased_purges":0,"victory":false,"max_hp_per_floor":[75,75,75,75,75,75,75,75,75,75,75,75,75,80,80,80,80],"relic_stats":{"Nunchaku":[2],"counters":[8,37],"obtain_stats":[{"Nunchaku":7,"Omamori":9,"Burning Blood":0,"InkBottle":14},{"Nunchaku":5,"Omamori":5,"Burning Blood":0,"InkBottle":7},{"Nunchaku":20,"Omamori":20,"Burning Blood":0,"InkBottle":30}],"Burning Blood":42,"InkBottle":[1]},"card_choices":[{"not_picked":["Havoc","Intimidate"],"picked":"Wild Strike","floor":0},{"not_picked":["Spot Weakness","Thunderclap"],"picked":"Battle Trance","floor":1},{"not_picked":["Intimidate","Twin Strike"],"picked":"Clothesline","floor":2},{"not_picked":["Dark Embrace","Heavy Blade"],"picked":"Combust","floor":4},{"not_picked":["Wild Strike","Seeing Red"],"picked":"Shrug It Off","floor":5},{"not_picked":["Uppercut","Rage"],"picked":"Bludgeon","floor":7},{"not_picked":["Flex","Searing Blow","Metallicize"],"picked":"SKIP","floor":11},{"not_picked":["Infernal Blade","Body Slam","Iron Wave"],"picked":"SKIP","floor":14}],"player_experience":751681,"relics_obtained":[{"floor":7,"key":"Nunchaku"},{"floor":9,"key":"Omamori"},{"floor":14,"key":"InkBottle"}],"event_choices":[{"cards_removed":["Strike_R"],"damage_healed":0,"gold_gain":0,"player_choice":"Card Removal","damage_taken":7,"max_hp_gain":0,"max_hp_loss":0,"event_name":"Golden Wing","floor":3,"gold_loss":0},{"damage_healed":0,"gold_gain":50,"player_choice":"Pray","damage_taken":0,"max_hp_gain":0,"max_hp_loss":0,"event_name":"Golden Shrine","floor":8,"gold_loss":0},{"damage_healed":0,"gold_gain":0,"player_choice":"Entered Light","damage_taken":23,"max_hp_gain":0,"max_hp_loss":0,"event_name":"Shining Light","floor":13,"gold_loss":0,"cards_upgraded":["Clothesline","Defend_R"]}],"is_beta":false,"boss_relics":[],"items_purged_floors":[],"is_endless":false,"potions_floor_spawned":[1,2,7],"killed_by":"Slime Boss","ascension_level":20}}