{"host":"za9ilm1uiwmpmin1","time":1613733887,"event":{"mods":["AchievementEnabler","Act Like it!","BaseMod","Dota2Spire","Downfall","Friendly Minions","Gensokyo","KomeijiMod","Minty Spire (QoL Compilation)","MostiFishMod","StSLib","TestMod","Waifu the Spire"],"gold_per_floor":[111,111,129,129,149,149,188,88,136,161,195,195,233,256,256,369,369,390,390,504,520,445,445,493,523,550,138,184,230,20,53,53,183,183,209,61,90,124,36,77,77,132,159,159,184,235,235,263,263,281,281,281,181,225,287],"floor_reached":56,"language":"ZHS","playtime":2358,"items_purged":["champ:Strike","champ:Strike","champ:Strike","champ:ArenaPreparation","champ:Strike","champ:Defend"],"score":2627,"play_id":"56aa4466-29b6-4aaa-913b-3acdbaf17860","local_time":"20210219192447","is_ascension_mode":true,"campfire_choices":[{"data":"champ:CrownThrow","floor":6.0,"key":"SMITH"},{"data":"champ:RageSigil","floor":12,"key":"SMITH"},{"data":"champ:Execute","floor":15,"key":"SMITH"},{"data":"champ:Taunt","floor":23,"key":"SMITH"},{"data":"champ:TripleStrike","floor":32,"key":"SMITH"},{"floor":44,"key":"RECALL"},{"data":"champ:Defend","floor":49,"key":"SMITH"},{"data":"champ:Defend","floor":52,"key":"SMITH"}],"circlet_count":0,"master_deck":["AscendersBane","champ:Defend+1","champ:Defend+1","champ:Defend+1","champ:Execute+1","champ:Taunt+1","champ:CrownThrow+1","champ:RageSigil+1","champ:EnchantCrown+1","champ:GladiatorForm","champ:Backstep+1","champ:Lariat+1","champ:HoldFirm+1","champ:TripleStrike+1","champ:ShieldThrow+1","champ:ShieldWall+1"],"relics":["champ:ChampionCrown","DaveBox","testmod-TestBox","testmod-DeterminationOfClimber","EGODaCapo","SynthV:TestCard","champ:FightingForDummies","Dota2Spire:MonkeyKingBar","Toxic Egg 2","Guardian:PocketSentry","testmod-IndustrialRevolution","ChiXiaoBlade","Gensokyo:MosesMiracle","Ice Cream","Tiny Chest","Dota2Spire:EchoSabre","testmod-OneHitWonder","Membership Card","SlaversCollar","Technique","HoshigumaDish","Blue Candle","Bronze Scales","Dota2Spire:PhaseBoots","Dream Catcher","Toy Ornithopter","Bag of Preparation"],"acts_visited":["Exordium","Gensokyo:Gensokyo","Gensokyo:Gensokyoer","TheEnding"],"potions_floor_usage":[11,35,55,55],"damage_taken":[{"damage":20.0,"enemies":"Gensokyo:3_Fairies","floor":1.0,"turns":3.0},{"damage":10.0,"enemies":"Gensokyo:Python","floor":3.0,"turns":3.0},{"damage":10.0,"enemies":"Gensokyo:Gryphon","floor":5.0,"turns":2.0},{"damage":20.0,"enemies":"Gensokyo:Mamizou","floor":7.0,"turns":6.0},{"damage":20,"enemies":"Gensokyo:5_Fairies","floor":10,"turns":3},{"damage":20,"enemies":"Gensokyo:Cirno","floor":11,"turns":5},{"damage":10,"enemies":"Gensokyo:Aya","floor":13,"turns":2},{"damage":10,"enemies":"Gensokyo:3_Kodama","floor":14,"turns":2},{"damage":30,"enemies":"Gensokyo:Yukari","floor":16,"turns":3},{"damage":20,"enemies":"Gensokyo:3_Dogs","floor":18,"turns":2},{"damage":30,"enemies":"Gensokyo:3_Dogs","floor":20,"turns":2},{"damage":10,"enemies":"Gensokyo:AngelMirror","floor":21,"turns":1},{"damage":20,"enemies":"Gensokyo:Reisen","floor":24,"turns":3},{"damage":10,"enemies":"Gensokyo:Swordslinger","floor":25,"turns":1},{"damage":30,"enemies":"Gensokyo:Wraith","floor":28,"turns":3},{"damage":30,"enemies":"Gensokyo:Koishi","floor":29,"turns":1},{"damage":20,"enemies":"Gensokyo:3_Gloops","floor":31,"turns":1},{"damage":40,"enemies":"Gensokyo:Eiki","floor":33,"turns":1},{"damage":30,"enemies":"Gensokyo:3_Boulders","floor":35,"turns":1},{"damage":0,"enemies":"Gensokyo:AncientGuardian","floor":37,"turns":1},{"damage":10,"enemies":"Gensokyo:Rafflesia","floor":38,"turns":1},{"damage":20,"enemies":"Gensokyo:Marisa","floor":40,"turns":1},{"damage":0,"enemies":"Gensokyo:Kasen","floor":42,"turns":1},{"damage":10,"enemies":"Gensokyo:3_Boulders","floor":45,"turns":1},{"damage":10,"enemies":"Gensokyo:Marisa","floor":46,"turns":1},{"damage":10,"enemies":"Gensokyo:AtlasGolem","floor":48,"turns":1},{"damage":10,"enemies":"Gensokyo:Shinki","floor":50,"turns":3},{"damage":20,"enemies":"Shield and Spear","floor":54,"turns":1},{"damage":20,"enemies":"The Heart","floor":55,"turns":4}],"seed_played":"-2607068634204808792","potions_obtained":[{"floor":7.0,"key":"testmod-TestPotion"},{"floor":11,"key":"Weak Potion"},{"floor":16,"key":"ColorlessPotion"},{"floor":20,"key":"ColorlessPotion"},{"floor":35,"key":"Fruit Juice"},{"floor":40,"key":"AttackPotion"},{"floor":42,"key":"testmod-TestPotion"}],"is_trial":false,"path_per_floor":["M","?","M","?","M","R","E","?","T","M","E","R","E","M","R","B",null,"M","?","?","M","$","R","E","M","T","$","M","E","$","M","R","B",null,"M","$","M","M","$","E","?","E","T","R","M","E","T","M","R","B",null,"R","$","E","B",null],"character_chosen":"THE_CHAMP","items_purchased":["champ:HoldFirm+1","champ:TripleStrike","Membership Card","Technique"],"campfire_rested":0,"item_purchase_floors":[27,27,30,36],"current_hp_per_floor":[92,92,94,75,79,79,85,85,85,91,97,97,99,99,99,99,99,99,99,99,99,99,99,99,99,99,99,99,99,99,99,99,99,99,104,104,104,104,104,104,99,104,104,104,104,104,104,104,104,104,104,104,104,104,104],"gold":287,"neow_bonus":"TEN_PERCENT_HP_BONUS","is_daily":false,"chose_seed":false,"campfire_upgraded":7,"win_rate":0.0,"timestamp":1613733887,"path_taken":["M","?","?","?","M","R","E","?","T","M","E","R","E","M","R","BOSS","M","?","?","M","$","R","E","M","T","$","M","E","?","?","R","BOSS","M","$","M","M","$","E","?","E","T","R","M","E","?","M","R","BOSS","R","$","E","BOSS"],"items_purchased_type":["Card","Card","Relic","Relic"],"build_version":"2020-12-22","purchased_purges":6,"victory":true,"max_hp_per_floor":[99,99,99,99,99,99,99,99,99,99,99,99,99,99,99,99,99,99,99,99,99,99,99,99,99,99,99,99,99,99,99,99,99,99,104,104,104,104,104,104,104,104,104,104,104,104,104,104,104,104,104,104,104,104,104],"card_choices":[{"not_picked":["champ:RisingSlash","champ:FanOfKnives"],"picked":"champ:CrownThrow","floor":1.0},{"not_picked":["champ:IronFortress","champ:FocusedBerserking","champ:EnragedBash","champ:FanOfKnives"],"picked":"champ:ArenaPreparation","floor":3.0},{"not_picked":["champ:FalseCounter","champ:FlashCut","champ:GutPunch","champ:CalledShot","champ:BladeFlurry"],"picked":"SKIP","floor":5.0},{"not_picked":["champ:DefensiveStyle","champ:PerfectedStrike","champ:ShieldWall","champ:RisingSlash"],"picked":"champ:RageSigil","floor":7.0},{"not_picked":["champ:BringItOn+1","champ:ShieldSigil+1","champ:CrookedStrike","champ:FancyFootwork+1","champ:DefensiveShout+1"],"picked":"SKIP","floor":10},{"not_picked":["champ:PreemptiveStrike","champ:ArenaPreparation+1","champ:DefensiveShout+1","champ:StanceDance+1","champ:DefensiveStyle"],"picked":"SKIP","floor":11},{"not_picked":["champ:TornadoPunch","champ:Parry+1","champ:RecklessLeap","champ:FlashCut"],"picked":"champ:EnchantCrown+1","floor":13},{"not_picked":["champ:CrownThrow","champ:BladeFlurry","champ:Endure+1","champ:PreciseThrust","champ:BerserkersShout+1"],"picked":"SKIP","floor":14},{"not_picked":["champ:Devastate","champ:SwordThrow","champ:MurderStrike","champ:StrikeOfGenius"],"picked":"champ:GladiatorForm","floor":16},{"not_picked":["champ:Circumvent+1","champ:CalledShot+1","champ:Shatter","champ:FancyFootwork+1","champ:Haymaker+1"],"picked":"SKIP","floor":18},{"not_picked":["champ:Haymaker+1","champ:TornadoPunch","champ:PerfectedStrike","champ:FanOfKnives","champ:FlashCut"],"picked":"SKIP","floor":21},{"not_picked":["champ:LastStand","champ:PerfectedStrike+1","champ:EnragedBash","champ:BerserkersShout+1"],"picked":"champ:Backstep+1","floor":24},{"not_picked":["champ:BringItOn+1","champ:SwordSigil+1","champ:TornadoPunch","champ:Circumvent+1"],"picked":"champ:Lariat+1","floor":25},{"not_picked":["champ:Backstep+1","champ:ShieldSlam+1","champ:PreemptiveStrike+1","champ:FanOfKnives","champ:FlashCut"],"picked":"SKIP","floor":28},{"not_picked":["champ:Improvising","champ:PerfectedStrike","champ:IronFortress+1","champ:EnragedBash+1","champ:RisingSlash+1"],"picked":"SKIP","floor":29},{"not_picked":["champ:PreciseThrust","champ:BerserkerStyle","champ:FlashCut","champ:GladiatorStyle","champ:DefensiveStyle"],"picked":"SKIP","floor":31},{"not_picked":["champ:Improvising","champ:EnchantShield+1","champ:EnchantSword+1","champ:GladiatorForm"],"picked":"champ:ShieldThrow","floor":33},{"not_picked":["champ:PreciseThrust+1","champ:BerserkerStyle","champ:EnragedBash+1","champ:PerfectedStrike","champ:AdrenalArmor+1"],"picked":"SKIP","floor":35},{"not_picked":["champ:Haymaker","champ:EndlessRage+1","champ:Shatter","champ:StanceDance+1"],"picked":"champ:ShieldWall+1","floor":37},{"not_picked":["champ:Haymaker","champ:PreciseThrust+1","champ:RisingSlash","champ:CrookedStrike+1","champ:BerserkerStyle"],"picked":"SKIP","floor":38},{"not_picked":["champ:BringItOn+1","champ:PerfectedStrike","champ:Haymaker+1","champ:SwordThrow","champ:PreciseThrust+1"],"picked":"SKIP","floor":40},{"not_picked":["champ:CheapShot","champ:Backstep+1","champ:CrownThrow","champ:Endure+1","champ:FalseCounter+1"],"picked":"SKIP","floor":42},{"not_picked":["champ:ShieldSigil+1","champ:FocusedBerserking+1","champ:BerserkersShout+1","champ:HeavySlash","champ:Shatter+1"],"picked":"SKIP","floor":45},{"not_picked":["champ:UltimateStance+1","champ:BladeFlurry+1","champ:ShieldSigil+1","champ:FanOfKnives+1","champ:TornadoPunch"],"picked":"SKIP","floor":46},{"not_picked":["champ:UltimateStance+1","champ:BladeFlurry+1","champ:ShieldSigil+1","champ:FanOfKnives+1","champ:TornadoPunch"],"picked":"SKIP","floor":46},{"not_picked":["champ:Shatter+1","champ:EnGarde+1","champ:Circumvent+1","champ:RecklessLeap","champ:Haymaker+1"],"picked":"SKIP","floor":48},{"not_picked":["champ:Duel","champ:DeathBlow","champ:Backstep+1","champ:RisingSlash","champ:PreemptiveStrike+1"],"picked":"SKIP","floor":54}],"player_experience":1018187,"relics_obtained":[{"floor":1.0,"key":"SynthV:TestCard"},{"floor":7.0,"key":"Dota2Spire:MonkeyKingBar"},{"floor":11,"key":"Guardian:PocketSentry"},{"floor":13,"key":"testmod-IndustrialRevolution"},{"floor":20,"key":"Ice Cream"},{"floor":24,"key":"Gensokyo:MosesMiracle"},{"floor":24,"key":"Tiny Chest"},{"floor":26,"key":"Dota2Spire:EchoSabre"},{"floor":29,"key":"testmod-OneHitWonder"},{"floor":40,"key":"HoshigumaDish"},{"floor":42,"key":"Bronze Scales"},{"floor":43,"key":"Dota2Spire:PhaseBoots"},{"floor":46,"key":"Dream Catcher"},{"floor":47,"key":"Toy Ornithopter"},{"floor":54,"key":"Bag of Preparation"}],"event_choices":[],"is_beta":false,"boss_relics":[{"not_picked":["testmod-KeyOfTheVoid","OneHitWonderSystem"],"picked":"ChiXiaoBlade"},{"not_picked":["SacredBark","FixedStarFall"],"picked":"SlaversCollar"}],"items_purged_floors":[22,27,30,36,39,53],"is_endless":false,"potions_floor_spawned":[1,7,10,11,16,18,20,24,28,35,37,40,42],"ascension_level":11}}