{"host":"rfnl1hp6tx4oau1f","time":1613700881,"event":{"mods":["Aspiration","BaseMod","Block Reminder","Downfall","Duelist Mod","GifTheSpireLib","Googly Eyes","Highlight Path","Hubris","Infinite Spire","Minty Spire (QoL Compilation)","Replay The Spire","Spikes Relics","StSLib","SuperFastMode","The Animator","UnlockEverythingMod","slay the spire mod where everything is the same but ironclad has a cowboy hat"],"gold_per_floor":[128,78,78,78,88,88,118,135,135,172,172,172,50,50,50,50,50],"floor_reached":16,"language":"ENG","playtime":1039,"items_purged":[],"score":138,"play_id":"c6cd8322-3aca-4e03-af72-300dbe2556fa","local_time":"20210218201441","is_ascension_mode":true,"campfire_choices":[{"data":"animator:Hakurou","floor":6,"key":"SMITH"},{"floor":12,"key":"REST"}],"circlet_count":0,"master_deck":["animator:Strike_Overlord","animator:Defend_Overlord","animator:Strike","animator:Strike","animator:Defend","animator:Defend","animator:Cocytus","animator:Demiurge","animator:Hakurou+1","Delirium","animator:Azekura","animator:Konayuki","animator:PandorasActor+1","animator:TanyaDegurechaff","animator:TakanashiRikka","animator:Shimakaze","Regret"],"relics":["animator:LivingPicture","animator:TheMissingPiece","animator:PurgingStone","NeowsBlessing","ReplayTheSpireMod:Ring of Addiction","Ring of Hypnosis","Chameleon Ring","hubris:EmptyBottle","Mango","Happy Flower","BrokenLever","hubris:Towel","ReplayTheSpireMod:ShopPack","MealTicket"],"acts_visited":["Exordium"],"potions_floor_usage":[16],"damage_taken":[{"damage":0,"enemies":"Jaw Worm","floor":1,"turns":1},{"damage":0,"enemies":"Small Slimes","floor":5,"turns":1},{"damage":0,"enemies":"3 Sentries","floor":7,"turns":2},{"damage":0,"enemies":"2 Louse","floor":8,"turns":5},{"damage":35,"enemies":"Gremlin Nob","floor":10,"turns":5},{"damage":81,"enemies":"Slime Boss","floor":16,"turns":14}],"seed_played":"7488692873438733030","potions_obtained":[{"floor":1,"key":"SteroidPotion"},{"floor":4,"key":"LifebloodPotion"},{"floor":4,"key":"bronze:BurnAndBuffPotion"},{"floor":5,"key":"animator:GrowthPotion"},{"floor":7,"key":"Milkshake"}],"is_trial":false,"path_per_floor":["M","?","?","?","M","R","E","M","T","E","?","R","$","?","R","B"],"character_chosen":"THE_ANIMATOR","items_purchased":["ReplayTheSpireMod:ShopPack"],"campfire_rested":1,"item_purchase_floors":[13],"current_hp_per_floor":[66,66,66,66,66,66,80,78,78,43,43,65,65,65,74,0,0],"gold":50,"neow_bonus":"THREE_ENEMY_KILL","is_daily":false,"chose_seed":false,"campfire_upgraded":1,"win_rate":0.0,"timestamp":1613700881,"path_taken":["M","?","?","?","M","R","E","M","T","E","?","R","$","?","R","BOSS"],"items_purchased_type":["Relic"],"build_version":"2020-12-22","purchased_purges":0,"victory":false,"max_hp_per_floor":[66,66,66,66,66,66,80,78,78,78,76,76,76,74,74,74,74],"card_choices":[{"not_picked":["animator:GuildGirl","animator:Togame"],"picked":"animator:Hakurou","floor":1},{"not_picked":["animator:Raven","animator:Tatsumaki"],"picked":"animator:Azekura","floor":5},{"not_picked":["animator:Yoichi","animator:Shichika"],"picked":"animator:Konayuki","floor":7},{"not_picked":["animator:Benimaru","animator:KyokoSakura"],"picked":"animator:PandorasActor","floor":10},{"not_picked":["animator:Emilia","animator:Lelouch"],"picked":"animator:TanyaDegurechaff","floor":13},{"not_picked":["animator:Shimakaze","animator:Magilou"],"picked":"animator:TakanashiRikka","floor":13},{"not_picked":["animator:MisaKurobane","animator:TanyaDegurechaff"],"picked":"animator:Shimakaze","floor":13}],"player_experience":238344,"relics_obtained":[{"floor":4,"key":"ReplayTheSpireMod:Ring of Addiction"},{"floor":4,"key":"Ring of Hypnosis"},{"floor":4,"key":"Chameleon Ring"},{"floor":4,"key":"hubris:EmptyBottle"},{"floor":7,"key":"Mango"},{"floor":9,"key":"Happy Flower"},{"floor":10,"key":"BrokenLever"}],"event_choices":[{"cards_removed":["animator:Strike"],"damage_healed":0,"gold_gain":0,"player_choice":"Card Removal","damage_taken":0,"max_hp_gain":0,"max_hp_loss":0,"event_name":"The Cleric","floor":2,"gold_loss":50},{"damage_healed":0,"gold_gain":0,"player_choice":"Box","damage_taken":0,"relics_obtained":["MealTicket"],"max_hp_gain":0,"max_hp_loss":0,"event_name":"Big Fish","floor":14,"gold_loss":0,"cards_obtained":["Regret"]}],"is_beta":false,"boss_relics":[],"items_purged_floors":[],"is_endless":false,"potions_floor_spawned":[1,5,7,10],"killed_by":"Slime Boss","ascension_level":1}}