{"host":"d9m9v0h6vo0edadb","time":1613736432,"event":{"mods":["BaseMod","Hermit","Keyboard Shortcuts","Minty Spire (QoL Compilation)","StSLib","SuperFastMode","The Cursed"],"gold_per_floor":[111,125,136,152,162,162,112,33,60,60,60,72,72,107,107,107,107],"floor_reached":16,"language":"KOR","playtime":300,"items_purged":[],"score":153,"play_id":"0aa0acbd-2a6f-4311-92d6-e256a671f529","local_time":"20210219210712","is_ascension_mode":true,"campfire_choices":[{"data":"EmptyMind","floor":6.0,"key":"SMITH"},{"floor":15,"key":"REST"}],"circlet_count":0,"master_deck":["AscendersBane","Strike_P","Strike_P","Strike_P","Defend_P","Defend_P+1","Defend_P+1","Eruption+1","Vigilance+1","Adaptation","EmptyMind+1","LessonLearned","FlyingSleeves","InnerPeace","FlurryOfBlows"],"relics":["PureWater","Boot","Blood Vial"],"acts_visited":["Exordium"],"potions_floor_usage":[14],"damage_taken":[{"damage":0.0,"enemies":"Jaw Worm","floor":1.0,"turns":3.0},{"damage":7.0,"enemies":"Small Slimes","floor":2.0,"turns":6.0},{"damage":7.0,"enemies":"Cultist","floor":3.0,"turns":3.0},{"damage":6.0,"enemies":"Blue Slaver","floor":4.0,"turns":6.0},{"damage":14.0,"enemies":"Large Slime","floor":5.0,"turns":7.0},{"damage":0.0,"enemies":"2 Fungi Beasts","floor":12.0,"turns":2.0},{"damage":8,"enemies":"Lagavulin","floor":14,"turns":7},{"damage":50,"enemies":"Slime Boss","floor":16,"turns":8}],"seed_played":"-5440877739179241182","potions_obtained":[{"floor":2.0,"key":"SpeedPotion"},{"floor":4.0,"key":"Dexterity Potion"},{"floor":12.0,"key":"StancePotion"}],"is_trial":false,"path_per_floor":["M","M","M","M","M","R","?","$","T","?","?","M","?","E","R","B"],"character_chosen":"WATCHER","items_purchased":["InnerPeace"],"campfire_rested":1,"item_purchase_floors":[8],"current_hp_per_floor":[65,58,51,45,31,31,31,31,31,31,31,31,31,23,44,0,0],"gold":107,"neow_bonus":"UPGRADE_CARD","is_daily":false,"chose_seed":false,"campfire_upgraded":1,"win_rate":0.0,"timestamp":1613736432,"path_taken":["M","M","M","M","M","R","?","$","T","?","?","?","?","E","R","BOSS"],"items_purchased_type":["Card"],"build_version":"2020-12-22","purchased_purges":0,"victory":false,"max_hp_per_floor":[72,72,72,72,72,72,72,72,72,72,72,72,72,72,72,72,72],"card_choices":[{"not_picked":["ThirdEye","Vengeance","SashWhip"],"picked":"SKIP","floor":1.0},{"not_picked":["BowlingBash","Protect"],"picked":"Adaptation","floor":2.0},{"not_picked":["Fasting2","ClearTheMind"],"picked":"EmptyMind","floor":3.0},{"not_picked":["PathToVictory","Wallop"],"picked":"LessonLearned","floor":4.0},{"not_picked":["ForeignInfluence","Pray"],"picked":"FlyingSleeves","floor":5.0},{"not_picked":["Protect","Fasting2","JustLucky"],"picked":"SKIP","floor":12.0},{"not_picked":["ClearTheMind","SashWhip"],"picked":"FlurryOfBlows","floor":14}],"player_experience":1017412,"relics_obtained":[{"floor":9.0,"key":"Boot"},{"floor":14,"key":"Blood Vial"}],"event_choices":[{"cards_removed":["Strike_P"],"damage_healed":0.0,"max_hp_gain":0.0,"max_hp_loss":0.0,"gold_gain":0.0,"event_name":"The Cleric","player_choice":"Card Removal","floor":7.0,"gold_loss":50.0,"damage_taken":0.0},{"cards_removed":["Defend_P"],"damage_healed":0.0,"max_hp_gain":0.0,"max_hp_loss":0.0,"gold_gain":0.0,"event_name":"Living Wall","player_choice":"Forget","floor":10.0,"gold_loss":0.0,"damage_taken":0.0},{"damage_healed":0.0,"max_hp_gain":0.0,"max_hp_loss":0.0,"gold_gain":0.0,"event_name":"Match and Keep!","player_choice":"0 cards matched","floor":11.0,"gold_loss":0.0,"damage_taken":0.0,"cards_obtained":[]},{"damage_healed":0,"gold_gain":0,"player_choice":"Searched \u00270\u0027 times","damage_taken":0,"max_hp_gain":0,"max_hp_loss":0,"event_name":"Dead Adventurer","floor":13,"gold_loss":0}],"is_beta":false,"boss_relics":[],"items_purged_floors":[],"is_endless":false,"potions_floor_spawned":[2,4,12],"killed_by":"Slime Boss","ascension_level":10}}