{"host":"2hea6pl5vmah38iy","time":1613733329,"event":{"mods":["AchievementEnabler","BaseMod","Colored Map","DeckTracker","Keyboard Shortcuts","Minty Spire (QoL Compilation)","Rare Cards Sparkle","StSLib","SuperFastMode","everything is the same but u backflip on backflip"],"gold_per_floor":[113,113,113,137,117,117,158,45,45,80,80,99,137,160,160,253,253,269,32,52,65,79,79,79,120,143,174,193,216,237,26,26,119,119,140,154,173,196,212,256,256,275,321,361,380,395,415,458,458,458,458,458,78,111,111],"floor_reached":56,"language":"KOR","playtime":3663,"items_purged":["Strike_B","Strike_B","Strike_B"],"score":2357,"play_id":"f9482f67-1df1-4ea1-8f9b-86625c1fea39","local_time":"20210219201529","is_ascension_mode":true,"campfire_choices":[{"data":"Sunder","floor":6.0,"key":"SMITH"},{"data":"Static Discharge","floor":11.0,"key":"SMITH"},{"data":"Static Discharge","floor":15.0,"key":"SMITH"},{"floor":23.0,"key":"REST"},{"data":"Buffer","floor":32.0,"key":"SMITH"},{"data":"Consume","floor":41.0,"key":"SMITH"},{"floor":49.0,"key":"RECALL"},{"data":"Amplify","floor":52.0,"key":"SMITH"}],"circlet_count":0,"master_deck":["AscendersBane","Defend_B","Defend_B","Defend_B","Defend_B","Zap","Dualcast","Leap","Static Discharge+1","Sunder+1","Self Repair","Steam Power+1","Static Discharge+1","Hologram","Creative AI","Storm","Consume+1","Coolheaded+1","Turbo+1","Storm","Glacier","Buffer+1","Creative AI","Double Energy","Force Field+1","Amplify+1","Apotheosis+1","Defragment+1"],"relics":["Cracked Core","NeowsBlessing","Golden Idol","Singing Bowl","Centennial Puzzle","Oddly Smooth Stone","Pantograph","Inserter","Orrery","Mummified Hand","Strawberry","Bag of Marbles","Membership Card","Philosopher\u0027s Stone","Thread and Needle","Blood Vial","Frozen Egg 2","Lantern","Toy Ornithopter","War Paint"],"acts_visited":["Exordium","TheCity","TheBeyond","TheEnding"],"potions_floor_usage":[55,55],"damage_taken":[{"damage":0.0,"enemies":"Jaw Worm","floor":1.0,"turns":1.0},{"damage":0.0,"enemies":"Cultist","floor":4.0,"turns":1.0},{"damage":0.0,"enemies":"Lagavulin","floor":7.0,"turns":1.0},{"damage":34.0,"enemies":"Gremlin Nob","floor":10.0,"turns":4.0},{"damage":3.0,"enemies":"2 Louse","floor":12.0,"turns":2.0},{"damage":18.0,"enemies":"3 Sentries","floor":13.0,"turns":6.0},{"damage":2.0,"enemies":"Red Slaver","floor":14.0,"turns":3.0},{"damage":26.0,"enemies":"Hexaghost","floor":16.0,"turns":4.0},{"damage":33.0,"enemies":"Shell Parasite","floor":18.0,"turns":5.0},{"damage":6.0,"enemies":"Spheric Guardian","floor":20.0,"turns":4.0},{"damage":38.0,"enemies":"Shelled Parasite and Fungi","floor":21.0,"turns":4.0},{"damage":6.0,"enemies":"Cultist and Chosen","floor":22.0,"turns":4.0},{"damage":32.0,"enemies":"Gremlin Leader","floor":25.0,"turns":4.0},{"damage":15.0,"enemies":"Slavers","floor":27.0,"turns":3.0},{"damage":9.0,"enemies":"Centurion and Healer","floor":28.0,"turns":5.0},{"damage":8.0,"enemies":"Snake Plant","floor":29.0,"turns":4.0},{"damage":7.0,"enemies":"Chosen and Byrds","floor":30.0,"turns":3.0},{"damage":28.0,"enemies":"Champ","floor":33.0,"turns":8.0},{"damage":14.0,"enemies":"3 Darklings","floor":35.0,"turns":2.0},{"damage":18.0,"enemies":"3 Shapes","floor":36.0,"turns":4.0},{"damage":15.0,"enemies":"Spire Growth","floor":37.0,"turns":5.0},{"damage":41.0,"enemies":"Jaw Worm Horde","floor":38.0,"turns":4.0},{"damage":26.0,"enemies":"3 Darklings","floor":39.0,"turns":12.0},{"damage":8.0,"enemies":"Nemesis","floor":40.0,"turns":9.0},{"damage":0.0,"enemies":"Sphere and 2 Shapes","floor":42.0,"turns":7.0},{"damage":4.0,"enemies":"Giant Head","floor":44.0,"turns":6.0},{"damage":0.0,"enemies":"Maw","floor":45.0,"turns":5.0},{"damage":0.0,"enemies":"Transient","floor":46.0,"turns":6.0},{"damage":25.0,"enemies":"4 Shapes","floor":47.0,"turns":4.0},{"damage":0.0,"enemies":"Reptomancer","floor":48.0,"turns":4.0},{"damage":28.0,"enemies":"Awakened One","floor":50.0,"turns":7.0},{"damage":48.0,"enemies":"Shield and Spear","floor":54.0,"turns":4.0},{"damage":54,"enemies":"The Heart","floor":55,"turns":5}],"seed_played":"5764571393279885185","potions_obtained":[{"floor":4.0,"key":"LiquidMemories"},{"floor":5.0,"key":"Block Potion"},{"floor":7.0,"key":"PowerPotion"},{"floor":12.0,"key":"SneckoOil"},{"floor":20.0,"key":"Explosive Potion"},{"floor":21.0,"key":"LiquidMemories"},{"floor":25.0,"key":"SkillPotion"},{"floor":29.0,"key":"EntropicBrew"},{"floor":33.0,"key":"Swift Potion"},{"floor":39.0,"key":"Swift Potion"},{"floor":40.0,"key":"Fire Potion"},{"floor":44.0,"key":"Weak Potion"},{"floor":47.0,"key":"PotionOfCapacity"},{"floor":54.0,"key":"PowerPotion"}],"is_trial":false,"path_per_floor":["M","?","?","M","?","R","E","$","T","E","R","M","E","M","R","B",null,"M","$","M","M","M","R","?","E","T","E","M","M","M","$","R","B",null,"M","M","M","M","M","E","R","M","T","E","M","M","M","E","R","B",null,"R","$","E","B",null],"character_chosen":"DEFECT","items_purchased":["Steam Power","Static Discharge","Orrery","Membership Card","Apotheosis","Lantern","DistilledChaos","Toy Ornithopter"],"campfire_rested":1,"item_purchase_floors":[8,8,19,31,53,53,53,53],"current_hp_per_floor":[64,64,64,64,64,64,64,64,64,32,32,36,27,34,34,40,63,37,39,40,11,14,36,86,63,70,62,62,63,56,56,56,60,89,84,75,69,35,18,24,24,33,33,36,47,58,44,48,48,54,101,101,101,70,63],"gold":111,"neow_bonus":"THREE_ENEMY_KILL","is_daily":false,"chose_seed":false,"campfire_upgraded":6,"win_rate":0.0,"timestamp":1613733329,"path_taken":["M","?","?","M","?","R","E","$","T","E","R","M","E","M","R","BOSS","M","?","M","?","M","R","?","E","T","E","?","M","M","$","R","BOSS","M","?","M","M","M","E","R","M","T","E","M","M","?","E","R","BOSS","R","$","E","BOSS"],"items_purchased_type":["Card","Card","Relic","Relic","Card","Relic","Potion","Relic"],"build_version":"2020-12-22","purchased_purges":3,"victory":true,"max_hp_per_floor":[71,71,64,64,64,64,64,64,64,66,66,66,68,70,70,70,70,70,72,72,74,76,76,86,88,95,95,97,99,99,99,99,99,99,101,103,105,105,107,107,107,109,109,109,111,113,115,117,117,117,117,117,117,117,117],"card_choices":[{"not_picked":["Rebound","Streamline"],"picked":"Leap","floor":1.0},{"not_picked":["Glacier","Tempest"],"picked":"Sunder","floor":4.0},{"not_picked":["Darkness","Heatsinks"],"picked":"Self Repair","floor":7.0},{"not_picked":["Tempest","Chaos","Redo"],"picked":"Singing Bowl","floor":10.0},{"not_picked":["Conserve Battery","Streamline"],"picked":"Hologram","floor":12.0},{"not_picked":["Steam","Sweeping Beam","Lockon"],"picked":"Singing Bowl","floor":13.0},{"not_picked":["Steam Power","Hello World","Auto Shields"],"picked":"Singing Bowl","floor":14.0},{"not_picked":["Seek","Biased Cognition"],"picked":"Creative AI","floor":16.0},{"not_picked":["Compile Driver","Sweeping Beam"],"picked":"Storm","floor":18.0},{"not_picked":["Tempest","Turbo"],"picked":"Consume","floor":19.0},{"not_picked":["Melter","Glacier"],"picked":"Coolheaded+1","floor":19.0},{"not_picked":["Barrage","Chaos+1"],"picked":"Buffer","floor":19.0},{"not_picked":["Aggregate","Steam"],"picked":"Turbo+1","floor":19.0},{"not_picked":["Redo","Coolheaded","Streamline"],"picked":"Singing Bowl","floor":19.0},{"not_picked":["Rebound","White Noise"],"picked":"Storm","floor":20.0},{"not_picked":["Stack","BootSequence","Sweeping Beam"],"picked":"Singing Bowl","floor":21.0},{"not_picked":["Genetic Algorithm","Compile Driver+1","Hello World"],"picked":"Singing Bowl","floor":22.0},{"not_picked":["Darkness","Barrage","Cold Snap"],"picked":"Singing Bowl","floor":25.0},{"not_picked":["Ball Lightning","Reprogram"],"picked":"Glacier","floor":27.0},{"not_picked":["Streamline","Gash","Beam Cell"],"picked":"Singing Bowl","floor":28.0},{"not_picked":["Ball Lightning","Sweeping Beam+1","Stack"],"picked":"Singing Bowl","floor":29.0},{"not_picked":["Beam Cell","Go for the Eyes"],"picked":"Buffer","floor":30.0},{"not_picked":["Meteor Strike","Biased Cognition"],"picked":"Creative AI","floor":33.0},{"not_picked":["Darkness","Go for the Eyes","Rebound+1"],"picked":"Singing Bowl","floor":35.0},{"not_picked":["Steam","Doom and Gloom+1","Ball Lightning"],"picked":"Singing Bowl","floor":36.0},{"not_picked":["Biased Cognition","Chaos+1","Ball Lightning"],"picked":"Singing Bowl","floor":37.0},{"not_picked":["Leap+1","Hologram"],"picked":"Double Energy","floor":38.0},{"not_picked":["Barrage","Sweeping Beam+1","Ball Lightning"],"picked":"Singing Bowl","floor":39.0},{"not_picked":["Rainbow","Compile Driver"],"picked":"Force Field+1","floor":40.0},{"not_picked":["Streamline","Rebound","Beam Cell+1"],"picked":"Singing Bowl","floor":42.0},{"not_picked":["Doom and Gloom+1","Static Discharge"],"picked":"Amplify","floor":44.0},{"not_picked":["Turbo","Hello World","BootSequence"],"picked":"Singing Bowl","floor":45.0},{"not_picked":["Tempest","Compile Driver","Turbo"],"picked":"Singing Bowl","floor":46.0},{"not_picked":["Turbo","Gash+1","BootSequence+1"],"picked":"Singing Bowl","floor":47.0},{"not_picked":["Chaos+1","Auto Shields+1","Rip and Tear+1"],"picked":"Singing Bowl","floor":48.0},{"not_picked":["Stack","Chill"],"picked":"Defragment+1","floor":54.0}],"player_experience":601448,"relics_obtained":[{"floor":7.0,"key":"Singing Bowl"},{"floor":9.0,"key":"Centennial Puzzle"},{"floor":10.0,"key":"Oddly Smooth Stone"},{"floor":13.0,"key":"Pantograph"},{"floor":25.0,"key":"Mummified Hand"},{"floor":26.0,"key":"Strawberry"},{"floor":27.0,"key":"Bag of Marbles"},{"floor":40.0,"key":"Thread and Needle"},{"floor":44.0,"key":"Blood Vial"},{"floor":48.0,"key":"Frozen Egg 2"},{"floor":54.0,"key":"War Paint"}],"event_choices":[{"damage_healed":0.0,"max_hp_gain":0.0,"max_hp_loss":0.0,"gold_gain":0.0,"cards_transformed":["Strike_B"],"event_name":"Living Wall","player_choice":"Change","floor":2.0,"gold_loss":0.0,"damage_taken":0.0,"cards_obtained":["Static Discharge"]},{"damage_healed":0.0,"max_hp_gain":0.0,"max_hp_loss":7.0,"gold_gain":0.0,"event_name":"Golden Idol","player_choice":"Lose Max HP","floor":3.0,"gold_loss":0.0,"damage_taken":0.0,"relics_obtained":["Golden Idol"]},{"damage_healed":0.0,"max_hp_gain":0.0,"max_hp_loss":0.0,"gold_gain":0.0,"event_name":"The Woman in Blue","player_choice":"Bought 1 Potion","floor":5.0,"gold_loss":0.0,"damage_taken":0.0},{"cards_removed":["Buffer"],"damage_healed":40.0,"max_hp_gain":10.0,"max_hp_loss":0.0,"gold_gain":0.0,"event_name":"Bonfire Elementals","player_choice":"Offered Rare","floor":24.0,"gold_loss":0.0,"damage_taken":0.0}],"is_beta":false,"boss_relics":[{"not_picked":["Velvet Choker","Busted Crown"],"picked":"Inserter"},{"not_picked":["Runic Dome","Snecko Eye"],"picked":"Philosopher\u0027s Stone"}],"items_purged_floors":[19,31,53],"is_endless":false,"potions_floor_spawned":[4,7,12,20,21,25,29,33,39,40,44,45,47,48,54],"ascension_level":19}}