{"host":"17hbxmotjlknbpr0","time":1613700412,"event":{"mods":["Act Like it!","BaseMod","BetterRewards","Chat Monstrosity","Colored Powertips","Conspire","Downfall","Friendly Minions","FruityMod","Googly Eyes","GungeonMod","Hallownest","Hermit","Hero for Fun","HololiveMod","Hubris","Infinite Spire","Jorbs\u0027s Wanderer Trilogy","Lobotomy","Marisa????????","Mimic Mod","Minty Spire (QoL Compilation)","Pikachu Mod","READ ME - Snecko Mod","Random Character Button","Rare Cards Sparkle","RatMod","Shop Mod","Small Relic Pack","Somnambulant","StSLib","SuperFastMode","Td1madao Mod","The Bladedancer","The Blue Laboratory","The Bug Knight","The Clintock","The Construct","The Cursed","The Disciple","The Forsaken","The Hierophant","The IronCluck","The Mystic","The Necromancer","The Poker Player","The Problem Sleuth","The Runesmith","The Sage","The Saiyan","The Senshi","The Wild Card","Trackpad","Yuri Mod","egg","thorton"],"gold_per_floor":[111,126,139,152,168,203,203,203,203,203,214,214,214,224,224,320,320,331,343,33,43,58,58,58,78,78,94,105,75,91,107,107,198,198,211,211,211,211],"floor_reached":37,"language":"ENG","playtime":2378,"items_purged":["Pikachu:Defend_Yellow"],"score":379,"play_id":"3f3b0995-d53e-4a03-affc-67bd87543ae9","local_time":"20210218210652","is_ascension_mode":false,"campfire_choices":[{"data":"Pikachu:ElectroBall","floor":7,"key":"SMITH"},{"floor":12,"key":"RECALL"},{"data":"Pikachu:Toxic","floor":15,"key":"SMITH"},{"floor":23,"key":"REST"},{"floor":32,"key":"REST"}],"circlet_count":0,"master_deck":["Pikachu:TailWhip","Pikachu:Growl","Pikachu:ThunderShock","Pikachu:ElectroBall+1","Pikachu:ThunderShock","Pikachu:Defend_Yellow","Pikachu:Flash","Pikachu:Feint","Pikachu:Mega_Punch+1","Pikachu:Strength","Pikachu:Double_Team","Pikachu:Spark","Pikachu:Toxic+1","Pikachu:Rain_Dance","Pikachu:Dig","Pikachu:Thunder","Pikachu:Charge_Beam","Pikachu:Cut","Pikachu:Agility","Pikachu:ZapCannon+1","RitualDagger","Pikachu:Rage","Pikachu:LightScreen","Pikachu:Agility","Pikachu:Thunderbolt+1","Pikachu:Thunder_Wave","infinitespire:Oblivion"],"relics":["Pikachu:LeftoversRelic","infinitespire:Blanks Blanky","hubris:Towel","trackpad:Mousetrap","Hololive_Finger","Hololive_LightStick","hubris:CuriousFeather","Busted Crown"],"acts_visited":["Exordium","TheCity","TheBeyond"],"potions_floor_usage":[5,21,25,28,28,33],"damage_taken":[{"damage":9,"enemies":"2 Louse","floor":1,"turns":3},{"damage":0,"enemies":"conspire:RoseBush","floor":2,"turns":3},{"damage":3,"enemies":"Cultist","floor":3,"turns":4},{"damage":0,"enemies":"2 Fungi Beasts","floor":4,"turns":3},{"damage":0,"enemies":"3 Louse","floor":5,"turns":3},{"damage":12,"enemies":"HollowMod:MossKnight","floor":6,"turns":8},{"damage":6,"enemies":"Red Slaver","floor":11,"turns":3},{"damage":2,"enemies":"Blue Slaver","floor":14,"turns":2},{"damage":18,"enemies":"Hexaghost","floor":16,"turns":9},{"damage":12,"enemies":"conspire:FuzzyDice","floor":18,"turns":4},{"damage":20,"enemies":"Snake Plant","floor":19,"turns":4},{"damage":15,"enemies":"Shelled Parasite and Fungi","floor":21,"turns":5},{"damage":9,"enemies":"3 Cultists","floor":22,"turns":4},{"damage":17,"enemies":"Centurion and Healer","floor":25,"turns":3},{"damage":20,"enemies":"conspire:HollyBat","floor":27,"turns":7},{"damage":1,"enemies":"Sentry and Sphere","floor":28,"turns":5},{"damage":0,"enemies":"Snake Plant","floor":30,"turns":3},{"damage":1,"enemies":"Centurion and Healer","floor":31,"turns":5},{"damage":50,"enemies":"Champ","floor":33,"turns":12},{"damage":0,"enemies":"3 Shapes","floor":35,"turns":2},{"damage":50,"enemies":"Orin","floor":37,"turns":6}],"seed_played":"6834282549770643130","potions_obtained":[{"floor":1,"key":"blueLaboratory:CorrosionFlask"},{"floor":2,"key":"hexamod:SoulburnPotion"},{"floor":4,"key":"blueLaboratory:BottleOfVodka"},{"floor":11,"key":"blueLaboratory:BottleOfVodka"},{"floor":16,"key":"Swift Potion"},{"floor":19,"key":"DistilledChaos"},{"floor":22,"key":"Explosive Potion"},{"floor":27,"key":"DistilledChaos"},{"floor":29,"key":"Ancient Potion"},{"floor":29,"key":"blueLaboratory:Moonshine"},{"floor":30,"key":"sneckomod:MuddlingPotion"},{"floor":35,"key":"SpeedPotion"}],"is_trial":false,"path_per_floor":["M","M","M","M","M","E","R","?","T","?","M","R","?","M","R","B",null,"M","M","$","M","M","R","?","M","T","M","M","?","M","M","R","B",null,"M","?","?"],"character_chosen":"THE_DEFAULT","items_purchased":["Hololive_LightStick","Pikachu:Agility"],"campfire_rested":2,"item_purchase_floors":[20,20],"current_hp_per_floor":[54,56,55,57,59,49,49,49,49,49,45,45,45,45,45,29,63,51,33,33,20,13,63,57,42,42,24,25,25,27,28,63,13,63,63,48,0,0],"gold":211,"neow_bonus":"TRANSFORM_TWO_CARDS","is_daily":false,"chose_seed":false,"campfire_upgraded":2,"win_rate":0.0,"timestamp":1613700412,"path_taken":["M","M","M","M","M","E","R","?","T","?","M","R","?","M","R","BOSS","M","M","$","M","?","R","?","M","T","M","M","?","M","?","R","BOSS","M","?","?"],"items_purchased_type":["Relic","Card"],"build_version":"2020-12-22","purchased_purges":1,"victory":false,"max_hp_per_floor":[63,63,63,63,63,63,63,63,63,63,63,63,63,63,63,63,63,63,63,63,63,63,63,63,63,63,63,63,63,63,63,63,63,63,63,63,63,63],"card_choices":[{"not_picked":["Pikachu:VoltSwitch","Pikachu:Spark"],"picked":"Pikachu:Strength","floor":1},{"not_picked":["Pikachu:Charge_Beam","Pikachu:QuickAttack"],"picked":"Pikachu:Double_Team","floor":2},{"not_picked":["Pikachu:WildCharge","Pikachu:TakeDown"],"picked":"Pikachu:Spark","floor":3},{"not_picked":["Pikachu:Growl","Pikachu:Swift"],"picked":"Pikachu:Toxic","floor":4},{"not_picked":["Pikachu:Flash","Pikachu:Charge_Beam"],"picked":"Pikachu:Rain_Dance","floor":5},{"not_picked":["Pikachu:Fling","Pikachu:Slam"],"picked":"Pikachu:Dig","floor":6},{"not_picked":["Pikachu:BodySlam","Pikachu:Slam","Pikachu:Fling"],"picked":"SKIP","floor":11},{"not_picked":["Pikachu:Double_Team","Pikachu:Toxic","Pikachu:Strength"],"picked":"SKIP","floor":14},{"not_picked":["Pikachu:Dig","Pikachu:Rest"],"picked":"Pikachu:Thunder","floor":16},{"not_picked":["Pikachu:VoltSwitch","Pikachu:WildCharge"],"picked":"Pikachu:Charge_Beam","floor":18},{"not_picked":["Pikachu:Agility","Pikachu:QuickAttack"],"picked":"Pikachu:Cut","floor":19},{"not_picked":["Pikachu:Thunderbolt","Pikachu:Mega_Punch","Pikachu:Discharge"],"picked":"SKIP","floor":21},{"not_picked":["Pikachu:Discharge","Pikachu:BodySlam"],"picked":"Pikachu:ZapCannon+1","floor":22},{"not_picked":["Pikachu:TakeDown","Pikachu:Thunderbolt+1"],"picked":"Pikachu:Rage","floor":25},{"not_picked":["Pikachu:Growl","Pikachu:Fling"],"picked":"Pikachu:LightScreen","floor":27},{"not_picked":["Pikachu:Fling","Pikachu:Double_Team","Pikachu:Spark"],"picked":"SKIP","floor":28},{"not_picked":["Pikachu:Fling","Pikachu:Double_Team","Pikachu:Spark"],"picked":"SKIP","floor":28},{"not_picked":["Pikachu:Swift+1","Pikachu:Slam"],"picked":"Pikachu:Agility","floor":30},{"not_picked":["Pikachu:PlayNice","Pikachu:Discharge+1"],"picked":"Pikachu:Thunderbolt+1","floor":31},{"not_picked":["Pikachu:Dig","Pikachu:Rest"],"picked":"Pikachu:Thunder_Wave","floor":33},{"not_picked":["Pikachu:QuickAttack"],"picked":"SKIP","floor":35},{"not_picked":["infinitespire:Execution","infinitespire:Punishment"],"picked":"infinitespire:Oblivion","floor":36}],"player_experience":149354,"relics_obtained":[{"floor":6,"key":"Regal Pillow"},{"floor":9,"key":"trackpad:Mousetrap"},{"floor":26,"key":"hubris:CuriousFeather"}],"event_choices":[{"damage_healed":0,"gold_gain":0,"player_choice":"Upgraded","damage_taken":0,"max_hp_gain":0,"max_hp_loss":0,"event_name":"Upgrade Shrine","floor":13,"gold_loss":0,"cards_upgraded":["Pikachu:Mega_Punch"]},{"damage_healed":0,"gold_gain":0,"player_choice":"Joined the Cult","damage_taken":6,"max_hp_gain":0,"max_hp_loss":0,"event_name":"Nest","floor":24,"gold_loss":0,"cards_obtained":["RitualDagger"]},{"damage_healed":0,"gold_gain":0,"player_choice":"Bought 2 Potions","damage_taken":0,"max_hp_gain":0,"max_hp_loss":0,"event_name":"The Woman in Blue","floor":29,"gold_loss":0},{"damage_healed":0,"gold_gain":0,"player_choice":"Fight","damage_taken":0,"max_hp_gain":0,"max_hp_loss":0,"event_name":"OrinTheCat","floor":37,"gold_loss":0}],"is_beta":false,"boss_relics":[{"not_picked":["hubris:GrandSneckoEye","bronze:MakeshiftBattery"],"picked":"Hololive_Finger"},{"not_picked":["Snecko Eye","hubris:HollowSoul"],"picked":"Busted Crown"}],"items_purged_floors":[20],"is_endless":false,"potions_floor_spawned":[1,2,4,11,16,19,22,27,30,31,35],"killed_by":"Orin","ascension_level":0}}