{"host":"avq773cl9g5msfol","time":1613728748,"event":{"mods":["100% Spire Juice","AchievementEnabler","Act Like it!","Ascension Unlocker","Aspiration","Astrologer","Bard","Bartender","BaseMod","Better Altar","Better Third Choice","BetterRewards","CapriCore","ChefMod","Colored Map","Colored Powertips","Conspire","Dio Mod","Downfall","Elementarium","Energized Spire","Extra Virgin Snecko Oil","Gensokyo","GifTheSpireLib","Hallownest","Hermit","Highlight Path","Hubris","Humility","Infinite Spire","Jorbs\u0027s Wanderer Trilogy","Koishi","Magitek Elite","Marisa????????","Marked Mod","Menagerie","Minty Spire (QoL Compilation)","Pale of the Ancients","Potionbrewer","Quarter Circle Forward PUNCH!","Rare Cards Sparkle","Reimu??????","Relic Stats","Reliquary","Remilia??????","Replay The Spire","Robot Space Explorer","SacredBarkPlus","Shade Mod","Shapeshifter Mod","Somnambulant","Spicy Shops","Spire Arcade","StSLib","The Administrix","The Blue Laboratory","The Bug Knight","The Construct","The Cursed","The Disciple","The Dragon Tamer","The Exalted","The Hayseed","The Hierophant","The Hydrologist","The Immortal","The Marked","The Mystic","The Problem Sleuth","The Runesmith","The Senshi","The Vixen","The Wild Card","TheFirefly","Wandering Minibosses","Wide Potions","vexMod"],"gold_per_floor":[119,132,160,160,177,202,219,253,253,263,263,263,263,283,283,354,354,365,365,375,395,408,434,444,474,528,540,540,567,567,405,405,479,479,494,506,522,522,532,560,560,570,570,206,216,251,271,296,296,296,296],"floor_reached":52,"language":"ENG","playtime":3942,"items_purged":["Brilliance+1","InnerPeace+1"],"score":2776,"play_id":"0bb4d2dd-76c8-446a-b551-17fa804c0ffd","local_time":"20210219165908","is_ascension_mode":true,"campfire_choices":[{"data":"BowlingBash","floor":11,"key":"SMITH"},{"data":"Vigilance","floor":13,"key":"SMITH"},{"data":"Eruption","floor":15,"key":"SMITH"},{"data":"Worship","floor":30,"key":"SMITH"},{"floor":32,"key":"REST"},{"floor":41,"key":"REST"},{"data":"Gensokyo:RedCapeBlueCape","floor":49,"key":"SMITH"}],"circlet_count":0,"master_deck":["AscendersBane","Eruption+1","Vigilance+1","Replay:DivineShield+1","Tantrum+1","Halt+1","Replay:Vibes+1","Establishment+1","ThirdEye+1","Fasting2+1","Crescendo+1","Consecrate+1","Replay:ManipulateFuture+1","DeceiveReality+1","TalkToTheHand+1","ClearTheMind+1","FlurryOfBlows+1","Protect+1","Replay:Anticipation+1","WheelKick+1","FlurryOfBlows+1","Prostrate+1","Weave+1","CutThroughFate+1","WindmillStrike+1","MentalFortress+1","Devotion+1","Replay:Hum+1","Evaluate+1","Wallop+1","Replay:Battleflow+1","Master of Strategy+1","BowlingBash+1","JustLucky+1","Worship+1","DevaForm+1","Prostrate+1","Gensokyo:RedCapeBlueCape+1","Prostrate+1","SpiritShield+1"],"relics":["PureWater","Golden Egg","Quantum Egg","Replay:Rubber Ducky","conspire:Dentures","hubris:CrystalStatue","aspiration:HatOfInfinitePower","Question Card","potionbrewer:Keyblade","Ice Cream","reliquary:MudwinsCradle","Thread and Needle","Bottled Tornado","aspiration:FrozenJewel","White_Cape","TheSimpletonMod:GardenGlove","reliquary:Knoch","wanderingMiniBosses:Inkheart","SlaversCollar","Bromod:ArcaneNullifier","Bromod:ArcaneConsequence","aspiration:HummingbirdHeart","sneckomod:BlankCard","Elementarium:ElementariumTrophy","vexMod:DeviousBotling","aspiration:SeaSaltIceCream","infinitespire:CursedDice","reliquary:PrincelyHelmet","HollowMod:JonisBlessing","theSenshi:FeatherClipsRelic","reliquary:Vitrine"],"acts_visited":["Gensokyo:Gensokyo","Elementarium:Elementarium","Gensokyo:Gensokyoest"],"potions_floor_usage":[2,10,21,29,29,51,51],"damage_taken":[{"damage":0,"enemies":"Gensokyo:Gryphon","floor":1,"turns":3},{"damage":0,"enemies":"Gensokyo:2_Kodama","floor":2,"turns":2},{"damage":0,"enemies":"Gensokyo:Cirno","floor":3,"turns":6},{"damage":0,"enemies":"Gensokyo:Python","floor":5,"turns":2},{"damage":0,"enemies":"Gensokyo:Aya","floor":6,"turns":3},{"damage":0,"enemies":"Gensokyo:Gryphon_and_Rabbit","floor":7,"turns":4},{"damage":0,"enemies":"Gensokyo:Mamizou","floor":8,"turns":3},{"damage":0,"enemies":"Gensokyo:3_Kodama","floor":10,"turns":5},{"damage":0,"enemies":"Gensokyo:LivingMonolith","floor":14,"turns":2},{"damage":0,"enemies":"Gensokyo:Reimu","floor":16,"turns":2},{"damage":0,"enemies":"Elementarium:2_ELEMENTALS","floor":18,"turns":1},{"damage":0,"enemies":"Elementarium:VoidCorruption","floor":20,"turns":2},{"damage":0,"enemies":"Elementarium:3_ELEMENTALS","floor":21,"turns":1},{"damage":0,"enemies":"Elementarium:VOID_CORRUPTION_AND_ORB_OF_FIRE","floor":22,"turns":3},{"damage":0,"enemies":"Elementarium:FIRE_NOBILITY","floor":23,"turns":3},{"damage":0,"enemies":"Elementarium:VoidBeast","floor":24,"turns":2},{"damage":0,"enemies":"Elementarium:ElementalPortal","floor":25,"turns":3},{"damage":0,"enemies":"Elementarium:Hydrostalker","floor":27,"turns":2},{"damage":7,"enemies":"Elementarium:FIRE_NOBILITY","floor":29,"turns":2},{"damage":0,"enemies":"Elementarium:PHOENIXES","floor":33,"turns":3},{"damage":0,"enemies":"Gensokyo:3_Bats","floor":35,"turns":2},{"damage":0,"enemies":"Gensokyo:3_Boulders","floor":36,"turns":2},{"damage":0,"enemies":"Gensokyo:AtlasGolem","floor":37,"turns":3},{"damage":0,"enemies":"Gensokyo:Dusk_and_Dawn","floor":39,"turns":2},{"damage":0,"enemies":"Gensokyo:Doremy","floor":40,"turns":2},{"damage":0,"enemies":"Gensokyo:SeedOfUnknown","floor":42,"turns":4},{"damage":0,"enemies":"Gensokyo:Rafflesia","floor":45,"turns":4},{"damage":0,"enemies":"Gensokyo:Kasen","floor":46,"turns":3},{"damage":0,"enemies":"Gensokyo:4_Bats","floor":47,"turns":2},{"damage":0,"enemies":"Gensokyo:Marisa","floor":48,"turns":3},{"damage":12,"enemies":"Gensokyo:Shinki","floor":50,"turns":5},{"damage":0,"enemies":"Gensokyo:Scarlet_Devils","floor":51,"turns":2}],"seed_played":"-528216702171510519","potions_obtained":[{"floor":3,"key":"Explosive Potion"},{"floor":14,"key":"Elixir"},{"floor":22,"key":"blueLaboratory:FrostheartPotion"},{"floor":39,"key":"blueLaboratory:RememoryPotion"},{"floor":46,"key":"blueLaboratory:BottledTrinity"}],"is_trial":false,"path_per_floor":["M","M","E","?","M","E","M","E","T","M","R","?","R","M","R","B",null,"M","?","M","M","M","E","M","E","T","M","?","E","R","$","R","B",null,"M","M","M","?","M","E","R","M","T","COS","M","E","M","E","R","B","B",null],"character_chosen":"WATCHER","items_purchased":["Crescendo","Consecrate","Replay:ManipulateFuture","DeceiveReality","TalkToTheHand","Replay:Rubber Ducky","ClearTheMind","FlurryOfBlows","Protect","Replay:Anticipation","WheelKick","FlurryOfBlows","Prostrate","conspire:Dentures","Weave","hubris:CrystalStatue","CutThroughFate","WindmillStrike","MentalFortress+1","Devotion","aspiration:HatOfInfinitePower","Question Card","potionbrewer:Keyblade","Replay:Hum","Evaluate","Ice Cream","reliquary:MudwinsCradle","Wallop","Thread and Needle","InnerPeace","Bottled Tornado","Replay:Battleflow","aspiration:FrozenJewel","Ambrosia","ColorlessPotion","White_Cape","Master of Strategy","sneckomod:BlankCard"],"campfire_rested":2,"item_purchase_floors":[0,0,0,0,0,0,0,0,0,0,0,0,0,0,0,0,0,0,0,0,0,0,0,0,0,0,0,0,0,0,0,0,0,0,0,0,0,31],"current_hp_per_floor":[61,61,61,64,64,64,64,64,64,64,64,70,70,70,70,70,73,73,73,73,73,73,73,73,73,73,73,74,67,67,67,74,74,74,74,74,74,74,74,74,74,74,74,74,74,74,74,74,74,62,62],"gold":296,"neow_bonus":"","is_daily":false,"chose_seed":false,"campfire_upgraded":5,"win_rate":0.0,"timestamp":1613728748,"path_taken":["M","M","E","?","?","E","M","E","T","?","R","?","R","M","R","BOSS","M","?","M","M","M","E","M","E","T","M","?","E","R","$","R","BOSS","M","M","?","?","M","E","R","M","T","COS","M","E","?","E","R","BOSS","BOSS"],"items_purchased_type":["Card","Card","Card","Card","Card","Relic","Card","Card","Card","Card","Card","Card","Card","Relic","Card","Relic","Card","Card","Card","Card","Relic","Relic","Relic","Card","Card","Relic","Relic","Card","Relic","Card","Relic","Card","Relic","Potion","Potion","Relic","Card","Relic"],"build_version":"2020-12-22","purchased_purges":2,"victory":true,"max_hp_per_floor":[68,68,68,68,68,68,68,68,68,68,68,74,74,74,74,74,74,74,74,74,74,74,74,74,74,74,74,74,74,74,74,74,74,74,74,74,74,74,74,74,74,74,74,74,74,74,74,74,74,74,74],"relic_stats":{"counters":[196,684],"Question Card":36,"obtain_stats":[{"ScarletDevilRocket":34,"TheSimpletonMod:WoodChipper":57,"vexMod:RockOfEvil":34,"Replay:Wanted Poster":34,"conspire:GlowingRock":6,"infinitespire:ShieldingShard":0,"qcfpunch:Lotus_Statue":52,"hubris:AstralHammer":57,"qcfpunch:Red_Cyclone_Teachings":26,"aspiration:DSix":44,"DemoMod:OrangeGuonStone":0,"TentaclePot:ReiMu":20,"Pen Nib":27,"infinitespire:EvilPickle":37,"qcfpunch:Broken_Tusk":46,"reliquary:BrokenClock":53,"paleoftheancients:SoulOfTheShowman":53,"vexMod:PlasmaPancake":55,"Singing Bowl":46,"sneckomod:BlankCard":31,"Mythril_Glove":38,"hubris:EmptyBottle":0,"Ancient Tea Set":41,"qcfpunch:Wild_Herbs_Ointment":30,"AntiCross":6,"hubris:CuriousFeather":0,"DemoMod:GnawedKey":0,"qcfpunch:Cattail":44,"InkBottle":28,"Potion Belt":0,"Lee\u0027s Waffle":0,"Runesmith:Nanobots":6,"hubris:64BitClover":9,"Guardian:GemstoneGun":0,"DemoMod:Antibody":43,"PreservedInsect":0,"infinitespire:Lucky Rock":6,"hubris:Towel":1,"Bromod:ArcaneDeflection":31,"Garlic":30,"Runesmith:AutoHammer":46,"hexamod:BolsterEngine":33,"Ice Cream":51,"DemoMod:BlueGuonStone":48,"Calipers":0,"DemoMod:GlassGuonStoneRelic":11,"theSenshi:FeatherClipsRelic":46,"DemoMod:RiddleOfLead":34,"HollowMod:StagPassRelic":36,"MarkedMod:AcupunctureKit":31,"qcfpunch:Handcuffs":44,"DemoMod:ClearGuonStone":10,"Girya":9,"paleoftheancients:KeyRelic":51,"Choco_Feather":8,"wanderingMiniBosses:MasterThiefsPresence":22,"sneckomod:SneckoTalon":17,"reliquary:JackalopeAntler":0,"OrangePellets":42,"paleoftheancients:SoulOfTheWokeBloke":52,"Onion Ring":35,"infinitespire:EmpoweringShard":43,"reliquary:Knoch":8,"Mirror":40,"aspiration:HatOfInfinitePower":0,"reliquary:PrincelyHelmet":0,"reliquary:Firecrackers":40,"Melange":0,"aspiration:TomeofQuesting":43,"Yang":0,"Juzu Bracelet":0,"expansioncontent:StudyCardRelic":20,"Replay:Mystery Machine":13,"conspire:TopHat":26,"DemoMod:SevenLeafClover":0,"reliquary:HotPoker":0,"TheVixenMod:UmbreonRelic":45,"TheSimpletonMod:GardenGlove":48,"Hallownest:BeastSealRelic":37,"hubris:KleinBottle":46,"Hallownest:SalubrasBlessingRelic":10,"qcfpunch:Army_Boots":13,"aspiration:RunicSpoon":0,"Pondfish Scales":55,"vexMod:BarristanHead":40,"infinitespire:Satchel":30,"Runesmith:UraniumAnvil":34,"Bag of Marbles":42,"Membership Card":0,"Gem_Box":29,"potionbrewer:Keyblade":0,"DemoMod:Bottle":0,"DemoMod:VorpalBullet":24,"FossilizedHelix":0,"Golden Egg":0,"infinitespire:BottledMercury":43,"vexMod:MemoryStick":43,"Bromod:ArcaneNullifier":0,"Runesmith:Locket":51,"wanderingMiniBosses:OtherGremlinHorn":31,"Ginger":23,"Bottled Tornado":0,"Replay:Ringing Soul":26,"vexMod:CardConverter":33,"vexMod:EndlessSickness":17,"DemoMod:MeltedRock":14,"DemoMod:LamentConfigurum":20,"vexMod:DeviousBotling":34,"construct:RocketBooster":24,"Gensokyo:TheCrow":41,"theSenshi:MoonKaleidoScopeRelic":41,"HollowMod:JonisBlessing":0,"Guardian:PocketSentry":11,"reliquary:WeakTea":26,"aspiration:FrozenJewel":0,"qcfpunch:Combat_Fatigues":26,"SlaversCollar":40,"Elementarium:ElementariumTrophy":33,"qcfpunch:School_Backpack":50,"Pandora\u0027s Box":0,"energizedSpire:MagnifyingGlass":28,"reliquary:MudwinsCradle":0,"infinitespire:PuzzleCube":43,"Lantern":0,"StoneCalendar":40,"AdministrixMod:CrackedTaijitu":0,"wanderingMiniBosses:AbyssPearl":37,"Bag of Preparation":53,"White_Cape":0,"qcfpunch:Crimson_Sash":4,"hubris:EvacipatedBox":13,"Replay:Rubber Ducky":0,"Ring of Peace":27,"WingedGreaves":2,"AdministrixMod:DragonsEyeCharm":0,"construct:ClawGrip":17,"Damaru":21,"Thread and Needle":0,"The Courier":26,"DemoMod:PinkGuonStone":0,"Protect_Vest":49,"Omamori":52,"infinitespire:CheckeredPen":6,"MawBank":10,"GoldenEye":38,"bronze:BronzeIdol":38,"PureWhite:ReiMu":26,"Bromod:ArcaneBarrier":29,"Bottled Lightning":48,"AdministrixMod:PrescriptionBottle":0,"ReplayTheSpireMod:Lightbulb":23,"wanderingMiniBosses:Inkheart":20,"Elementarium:FlickeringLantern":21,"DemoMod:GreenGuonStone":0,"reliquary:OuijaBoard":36,"champ:DuelingGlove":0,"hubris:CrystalStatue":0,"Menagerie:HuntersKnife":5,"Vajra":0,"Tea:ReiMu":36,"AdministrixMod:ConductorRitualBaton":0,"Lizard Tail":11,"Strawberry":40,"reliquary:Vitrine":48,"vexMod:RetaliationKit":31,"conspire:Dentures":0,"wanderingMiniBosses:ThiefScarf":18,"vexMod:ScavengeHelm":61,"Dead Branch":0,"Oddly Smooth Stone":28,"conspire:SlowCooker":34,"conspire:Boomerang":25,"aspiration:SeaSaltIceCream":4,"War Paint":29,"Question Card":0,"Bromod:ArcaneConsequence":25,"paleoftheancients:Timepiece":51,"Bottled Flame":13,"Replay:Baseball":29,"ReplayTheSpireMod:Shallot":4,"Bronze Scales":46,"ReplayTheSpireMod:TigerMarble":9,"hermit:Momento":0,"Bromod:ArcaneAvenger":19,"ReplayTheSpireMod:Ring of Exchange":27,"SacredBark":34,"conspire:SpecialSausage":3,"Hallownest:DreamNailRelic":3,"hubris:SlimyHat":0,"CloakClasp":9,"DemoMod:WhiteGuonStone":0,"ClockworkSouvenir":0,"Frozen Eye":29,"Replay:Bandana":19,"energizedSpire:CursedPentagram":17,"Bromod:ArcaneTrickery":0,"Bromod:ArcaneTempo":24,"Genji_Glove":45,"qcfpunch:Wrestler\u0027s_Cloak":0,"Cracked Core":0,"hubris:DisguiseKit":27,"ReplayTheSpireMod:Ninjato":3,"Replay:Towering Pillar of Hats":0,"infinitespire:CursedDice":43,"aspiration:FetidBarrel":24,"Quantum Egg":2,"hexamod:Sixitude":0,"aspiration:HummingbirdHeart":55,"aspiration:SecretTechniqueScroll":17,"Anchor":0,"infinitespire:WardingShard":6,"vexMod:HeadHunter":0,"LetterFromLob":1,"qcfpunch:Red_Headband":24,"PureWater":0,"hubris:Potato":31},{"ScarletDevilRocket":92,"TheSimpletonMod:WoodChipper":162,"vexMod:RockOfEvil":36,"Replay:Wanted Poster":17,"conspire:GlowingRock":2,"infinitespire:ShieldingShard":78,"qcfpunch:Lotus_Statue":160,"hubris:AstralHammer":162,"qcfpunch:Red_Cyclone_Teachings":32,"aspiration:DSix":98,"DemoMod:OrangeGuonStone":107,"TentaclePot:ReiMu":141,"Pen Nib":64,"infinitespire:EvilPickle":71,"qcfpunch:Broken_Tusk":40,"reliquary:BrokenClock":161,"paleoftheancients:SoulOfTheShowman":105,"vexMod:PlasmaPancake":162,"Singing Bowl":157,"sneckomod:BlankCard":183,"Mythril_Glove":19,"hubris:EmptyBottle":24,"Ancient Tea Set":152,"qcfpunch:Wild_Herbs_Ointment":145,"AntiCross":2,"hubris:CuriousFeather":24,"DemoMod:GnawedKey":43,"qcfpunch:Cattail":72,"InkBottle":64,"Potion Belt":43,"Lee\u0027s Waffle":43,"Runesmith:Nanobots":81,"hubris:64BitClover":53,"Guardian:GemstoneGun":43,"DemoMod:Antibody":154,"PreservedInsect":24,"infinitespire:Lucky Rock":52,"hubris:Towel":108,"Bromod:ArcaneDeflection":146,"Garlic":145,"Runesmith:AutoHammer":156,"hexamod:BolsterEngine":147,"Ice Cream":160,"DemoMod:BlueGuonStone":101,"Calipers":78,"DemoMod:GlassGuonStoneRelic":4,"theSenshi:FeatherClipsRelic":192,"DemoMod:RiddleOfLead":68,"HollowMod:StagPassRelic":149,"MarkedMod:AcupunctureKit":146,"qcfpunch:Handcuffs":154,"DemoMod:ClearGuonStone":137,"Girya":3,"paleoftheancients:KeyRelic":103,"Choco_Feather":3,"wanderingMiniBosses:MasterThiefsPresence":10,"sneckomod:SneckoTalon":139,"reliquary:JackalopeAntler":130,"OrangePellets":39,"paleoftheancients:SoulOfTheWokeBloke":161,"Onion Ring":148,"infinitespire:EmpoweringShard":127,"reliquary:Knoch":171,"Mirror":39,"aspiration:HatOfInfinitePower":164,"reliquary:PrincelyHelmet":130,"reliquary:Firecrackers":151,"Melange":130,"aspiration:TomeofQuesting":98,"Yang":107,"Juzu Bracelet":0,"expansioncontent:StudyCardRelic":141,"Replay:Mystery Machine":28,"conspire:TopHat":63,"DemoMod:SevenLeafClover":0,"reliquary:HotPoker":130,"TheVixenMod:UmbreonRelic":155,"TheSimpletonMod:GardenGlove":157,"Hallownest:BeastSealRelic":150,"hubris:KleinBottle":127,"Hallownest:SalubrasBlessingRelic":3,"qcfpunch:Army_Boots":84,"aspiration:RunicSpoon":0,"Pondfish Scales":162,"vexMod:BarristanHead":151,"infinitespire:Satchel":121,"Runesmith:UraniumAnvil":123,"Bag of Marbles":153,"Membership Card":24,"Gem_Box":144,"potionbrewer:Keyblade":130,"DemoMod:Bottle":78,"DemoMod:VorpalBullet":11,"FossilizedHelix":78,"Golden Egg":0,"infinitespire:BottledMercury":21,"vexMod:MemoryStick":72,"Bromod:ArcaneNullifier":130,"Runesmith:Locket":159,"wanderingMiniBosses:OtherGremlinHorn":35,"Ginger":118,"Bottled Tornado":164,"Replay:Ringing Soul":11,"vexMod:CardConverter":147,"vexMod:EndlessSickness":60,"DemoMod:MeltedRock":29,"DemoMod:LamentConfigurum":61,"vexMod:DeviousBotling":184,"construct:RocketBooster":32,"Gensokyo:TheCrow":72,"theSenshi:MoonKaleidoScopeRelic":152,"HollowMod:JonisBlessing":78,"Guardian:PocketSentry":27,"reliquary:WeakTea":144,"aspiration:FrozenJewel":43,"qcfpunch:Combat_Fatigues":144,"SlaversCollar":97,"Elementarium:ElementariumTrophy":36,"qcfpunch:School_Backpack":158,"Pandora\u0027s Box":24,"energizedSpire:MagnifyingGlass":64,"reliquary:MudwinsCradle":130,"infinitespire:PuzzleCube":154,"Lantern":43,"StoneCalendar":20,"AdministrixMod:CrackedTaijitu":78,"wanderingMiniBosses:AbyssPearl":95,"Bag of Preparation":161,"White_Cape":43,"qcfpunch:Crimson_Sash":25,"hubris:EvacipatedBox":138,"Replay:Rubber Ducky":164,"Ring of Peace":89,"WingedGreaves":25,"AdministrixMod:DragonsEyeCharm":78,"construct:ClawGrip":115,"Damaru":142,"Thread and Needle":164,"The Courier":89,"DemoMod:PinkGuonStone":107,"Protect_Vest":41,"Omamori":160,"infinitespire:CheckeredPen":26,"MawBank":57,"GoldenEye":150,"bronze:BronzeIdol":150,"PureWhite:ReiMu":11,"Bromod:ArcaneBarrier":144,"Bottled Lightning":128,"AdministrixMod:PrescriptionBottle":78,"ReplayTheSpireMod:Lightbulb":88,"wanderingMiniBosses:Inkheart":117,"Elementarium:FlickeringLantern":117,"DemoMod:GreenGuonStone":43,"reliquary:OuijaBoard":150,"champ:DuelingGlove":130,"hubris:CrystalStatue":43,"Menagerie:HuntersKnife":45,"Vajra":78,"Tea:ReiMu":149,"AdministrixMod:ConductorRitualBaton":53,"Lizard Tail":137,"Strawberry":152,"reliquary:Vitrine":194,"vexMod:RetaliationKit":16,"conspire:Dentures":130,"wanderingMiniBosses:ThiefScarf":140,"vexMod:ScavengeHelm":163,"Dead Branch":53,"Oddly Smooth Stone":33,"conspire:SlowCooker":148,"conspire:Boomerang":89,"aspiration:SeaSaltIceCream":25,"War Paint":14,"Question Card":164,"Bromod:ArcaneConsequence":181,"paleoftheancients:Timepiece":103,"Bottled Flame":28,"Replay:Baseball":121,"ReplayTheSpireMod:Shallot":25,"Bronze Scales":100,"ReplayTheSpireMod:TigerMarble":26,"hermit:Momento":0,"Bromod:ArcaneAvenger":140,"ReplayTheSpireMod:Ring of Exchange":89,"SacredBark":92,"conspire:SpecialSausage":50,"Hallownest:DreamNailRelic":1,"hubris:SlimyHat":78,"CloakClasp":136,"DemoMod:WhiteGuonStone":53,"ClockworkSouvenir":24,"Frozen Eye":13,"Replay:Bandana":140,"energizedSpire:CursedPentagram":86,"Bromod:ArcaneTrickery":107,"Bromod:ArcaneTempo":118,"Genji_Glove":155,"qcfpunch:Wrestler\u0027s_Cloak":78,"Cracked Core":43,"hubris:DisguiseKit":119,"ReplayTheSpireMod:Ninjato":50,"Replay:Towering Pillar of Hats":107,"infinitespire:CursedDice":21,"aspiration:FetidBarrel":142,"Quantum Egg":1,"hexamod:Sixitude":130,"aspiration:HummingbirdHeart":105,"aspiration:SecretTechniqueScroll":6,"Anchor":107,"infinitespire:WardingShard":46,"vexMod:HeadHunter":0,"LetterFromLob":44,"qcfpunch:Red_Headband":62,"PureWater":107,"hubris:Potato":147},{"ScarletDevilRocket":319,"TheSimpletonMod:WoodChipper":585,"vexMod:RockOfEvil":123,"Replay:Wanted Poster":52,"conspire:GlowingRock":6,"infinitespire:ShieldingShard":264,"qcfpunch:Lotus_Statue":576,"hubris:AstralHammer":585,"qcfpunch:Red_Cyclone_Teachings":104,"aspiration:DSix":352,"DemoMod:OrangeGuonStone":405,"TentaclePot:ReiMu":517,"Pen Nib":209,"infinitespire:EvilPickle":234,"qcfpunch:Broken_Tusk":130,"reliquary:BrokenClock":581,"paleoftheancients:SoulOfTheShowman":389,"vexMod:PlasmaPancake":585,"Singing Bowl":565,"sneckomod:BlankCard":647,"Mythril_Glove":60,"hubris:EmptyBottle":83,"Ancient Tea Set":549,"qcfpunch:Wild_Herbs_Ointment":525,"AntiCross":6,"hubris:CuriousFeather":83,"DemoMod:GnawedKey":147,"qcfpunch:Cattail":236,"InkBottle":209,"Potion Belt":147,"Lee\u0027s Waffle":147,"Runesmith:Nanobots":273,"hubris:64BitClover":171,"Guardian:GemstoneGun":147,"DemoMod:Antibody":556,"PreservedInsect":83,"infinitespire:Lucky Rock":169,"hubris:Towel":406,"Bromod:ArcaneDeflection":528,"Garlic":525,"Runesmith:AutoHammer":562,"hexamod:BolsterEngine":532,"Ice Cream":576,"DemoMod:BlueGuonStone":365,"Calipers":264,"DemoMod:GlassGuonStoneRelic":10,"theSenshi:FeatherClipsRelic":672,"DemoMod:RiddleOfLead":226,"HollowMod:StagPassRelic":540,"MarkedMod:AcupunctureKit":528,"qcfpunch:Handcuffs":556,"DemoMod:ClearGuonStone":507,"Girya":9,"paleoftheancients:KeyRelic":377,"Choco_Feather":9,"wanderingMiniBosses:MasterThiefsPresence":29,"sneckomod:SneckoTalon":513,"reliquary:JackalopeAntler":486,"OrangePellets":127,"paleoftheancients:SoulOfTheWokeBloke":581,"Onion Ring":537,"infinitespire:EmpoweringShard":473,"reliquary:Knoch":619,"Mirror":127,"aspiration:HatOfInfinitePower":596,"reliquary:PrincelyHelmet":486,"reliquary:Firecrackers":546,"Melange":486,"aspiration:TomeofQuesting":352,"Yang":405,"Juzu Bracelet":0,"expansioncontent:StudyCardRelic":517,"Replay:Mystery Machine":92,"conspire:TopHat":204,"DemoMod:SevenLeafClover":0,"reliquary:HotPoker":486,"TheVixenMod:UmbreonRelic":559,"TheSimpletonMod:GardenGlove":565,"Hallownest:BeastSealRelic":543,"hubris:KleinBottle":473,"Hallownest:SalubrasBlessingRelic":9,"qcfpunch:Army_Boots":280,"aspiration:RunicSpoon":0,"Pondfish Scales":585,"vexMod:BarristanHead":546,"infinitespire:Satchel":457,"Runesmith:UraniumAnvil":463,"Bag of Marbles":553,"Membership Card":83,"Gem_Box":523,"potionbrewer:Keyblade":486,"DemoMod:Bottle":264,"DemoMod:VorpalBullet":34,"FossilizedHelix":264,"Golden Egg":0,"infinitespire:BottledMercury":74,"vexMod:MemoryStick":236,"Bromod:ArcaneNullifier":486,"Runesmith:Locket":573,"wanderingMiniBosses:OtherGremlinHorn":115,"Ginger":447,"Bottled Tornado":596,"Replay:Ringing Soul":34,"vexMod:CardConverter":532,"vexMod:EndlessSickness":194,"DemoMod:MeltedRock":94,"DemoMod:LamentConfigurum":198,"vexMod:DeviousBotling":650,"construct:RocketBooster":104,"Gensokyo:TheCrow":236,"theSenshi:MoonKaleidoScopeRelic":549,"HollowMod:JonisBlessing":264,"Guardian:PocketSentry":89,"reliquary:WeakTea":523,"aspiration:FrozenJewel":147,"qcfpunch:Combat_Fatigues":523,"SlaversCollar":349,"Elementarium:ElementariumTrophy":123,"qcfpunch:School_Backpack":568,"Pandora\u0027s Box":83,"energizedSpire:MagnifyingGlass":209,"reliquary:MudwinsCradle":486,"infinitespire:PuzzleCube":556,"Lantern":147,"StoneCalendar":71,"AdministrixMod:CrackedTaijitu":264,"wanderingMiniBosses:AbyssPearl":341,"Bag of Preparation":581,"White_Cape":147,"qcfpunch:Crimson_Sash":85,"hubris:EvacipatedBox":509,"Replay:Rubber Ducky":596,"Ring of Peace":305,"WingedGreaves":85,"AdministrixMod:DragonsEyeCharm":264,"construct:ClawGrip":435,"Damaru":519,"Thread and Needle":596,"The Courier":305,"DemoMod:PinkGuonStone":405,"Protect_Vest":131,"Omamori":576,"infinitespire:CheckeredPen":87,"MawBank":182,"GoldenEye":543,"bronze:BronzeIdol":543,"PureWhite:ReiMu":34,"Bromod:ArcaneBarrier":523,"Bottled Lightning":476,"AdministrixMod:PrescriptionBottle":264,"ReplayTheSpireMod:Lightbulb":298,"wanderingMiniBosses:Inkheart":444,"Elementarium:FlickeringLantern":444,"DemoMod:GreenGuonStone":147,"reliquary:OuijaBoard":543,"champ:DuelingGlove":486,"hubris:CrystalStatue":147,"Menagerie:HuntersKnife":152,"Vajra":264,"Tea:ReiMu":540,"AdministrixMod:ConductorRitualBaton":171,"Lizard Tail":507,"Strawberry":549,"reliquary:Vitrine":677,"vexMod:RetaliationKit":45,"conspire:Dentures":486,"wanderingMiniBosses:ThiefScarf":516,"vexMod:ScavengeHelm":590,"Dead Branch":171,"Oddly Smooth Stone":107,"conspire:SlowCooker":537,"conspire:Boomerang":305,"aspiration:SeaSaltIceCream":85,"War Paint":39,"Question Card":596,"Bromod:ArcaneConsequence":643,"paleoftheancients:Timepiece":377,"Bottled Flame":92,"Replay:Baseball":457,"ReplayTheSpireMod:Shallot":85,"Bronze Scales":360,"ReplayTheSpireMod:TigerMarble":87,"hermit:Momento":0,"Bromod:ArcaneAvenger":516,"ReplayTheSpireMod:Ring of Exchange":305,"SacredBark":319,"conspire:SpecialSausage":167,"Hallownest:DreamNailRelic":1,"hubris:SlimyHat":264,"CloakClasp":503,"DemoMod:WhiteGuonStone":171,"ClockworkSouvenir":83,"Frozen Eye":37,"Replay:Bandana":516,"energizedSpire:CursedPentagram":291,"Bromod:ArcaneTrickery":405,"Bromod:ArcaneTempo":447,"Genji_Glove":559,"qcfpunch:Wrestler\u0027s_Cloak":264,"Cracked Core":147,"hubris:DisguiseKit":451,"ReplayTheSpireMod:Ninjato":167,"Replay:Towering Pillar of Hats":405,"infinitespire:CursedDice":74,"aspiration:FetidBarrel":519,"Quantum Egg":1,"hexamod:Sixitude":486,"aspiration:HummingbirdHeart":389,"aspiration:SecretTechniqueScroll":16,"Anchor":405,"infinitespire:WardingShard":157,"vexMod:HeadHunter":0,"LetterFromLob":150,"qcfpunch:Red_Headband":202,"PureWater":405,"hubris:Potato":532}]},"card_choices":[{"not_picked":["FearNoEvil","FlyingSleeves","SandsOfTime","Protect"],"picked":"SKIP","floor":1},{"not_picked":["CrushJoints","PathToVictory","Wallop","Replay:Anticipation"],"picked":"SKIP","floor":2},{"not_picked":["EmptyFist","Adaptation","PathToVictory","SignatureMove"],"picked":"SKIP","floor":3},{"not_picked":["Replay:BluntJabs","ConjureBlade","Consecrate","Tantrum"],"picked":"SKIP","floor":5},{"not_picked":["FlurryOfBlows","Consecrate","Nirvana","SashWhip"],"picked":"SKIP","floor":6},{"not_picked":["EmptyFist","Crescendo","MarkedMod:Acupuncture","SignatureMove"],"picked":"SKIP","floor":7},{"not_picked":["Evaluate","PathToVictory","ConjureBlade"],"picked":"BowlingBash","floor":8},{"not_picked":["Prostrate","Conclude","Weave","Halt"],"picked":"SKIP","floor":10},{"not_picked":["Replay:Anticipation","PathToVictory","BowlingBash","CrushJoints"],"picked":"SKIP","floor":14},{"not_picked":["MarkedMod:ChiBlock","MarkedMod:NorthStar","Ragnarok"],"picked":"Devotion","floor":16},{"not_picked":["EmptyFist","ClearTheMind","CarveReality"],"picked":"JustLucky+1","floor":18},{"not_picked":["Halt","FlyingSleeves","Replay:AtTheReady","Replay:ManipulateFuture"],"picked":"SKIP","floor":20},{"not_picked":["Indignation","Fasting2","Consecrate","Wireheading"],"picked":"SKIP","floor":21},{"not_picked":["FlyingSleeves","Replay:ManipulateFuture+1","Halt","MarkedMod:OneThousandNeedles"],"picked":"SKIP","floor":22},{"not_picked":["MarkedMod:GentlePulse","Replay:AtTheReady","Wallop","BowlingBash"],"picked":"SKIP","floor":23},{"not_picked":["ClearTheMind","Protect","Perseverance","CrushJoints"],"picked":"SKIP","floor":24},{"not_picked":["PathToVictory","Collect","SignatureMove","Vault"],"picked":"SKIP","floor":25},{"not_picked":["Tantrum","SashWhip","Replay:Cycle"],"picked":"Worship","floor":27},{"not_picked":["Collect+1","Replay:Vibes","Replay:ManipulateFuture","Replay:Anticipation"],"picked":"SKIP","floor":29},{"not_picked":["Establishment","Alpha","Replay:LoomingThreat"],"picked":"DevaForm","floor":33},{"not_picked":["EmptyBody","Crescendo","ThirdEye+1","WheelKick"],"picked":"SKIP","floor":35},{"not_picked":["MarkedMod:Acupuncture","Consecrate","MarkedMod:NorthStar","Evaluate+1"],"picked":"SKIP","floor":36},{"not_picked":["ClearTheMind+1","CutThroughFate+1","Collect","Halt"],"picked":"SKIP","floor":37},{"not_picked":["JustLucky","Halt","FlurryOfBlows"],"picked":"Prostrate+1","floor":39},{"not_picked":["EmptyFist","Replay:BluntJabs","WheelKick+1","ClearTheMind"],"picked":"SKIP","floor":40},{"not_picked":["SashWhip","MarkedMod:Acupuncture","MarkedMod:ChiBlock","Indignation"],"picked":"SKIP","floor":42},{"not_picked":["Protect+1","PathToVictory","Replay:ManipulateFuture+1"],"picked":"Prostrate+1","floor":45},{"not_picked":["Scrawl","CutThroughFate+1","Consecrate","ThirdEye"],"picked":"SKIP","floor":46},{"not_picked":["CutThroughFate","Adaptation+1","EmptyBody","ReachHeaven"],"picked":"SKIP","floor":47},{"not_picked":["CutThroughFate","Swivel+1","FlurryOfBlows"],"picked":"SpiritShield","floor":48}],"player_experience":1470942,"relics_obtained":[{"floor":6,"key":"TheSimpletonMod:GardenGlove"},{"floor":8,"key":"reliquary:Knoch"},{"floor":10,"key":"wanderingMiniBosses:Inkheart"},{"floor":25,"key":"Bromod:ArcaneConsequence"},{"floor":29,"key":"aspiration:HummingbirdHeart"},{"floor":40,"key":"aspiration:SeaSaltIceCream"},{"floor":43,"key":"reliquary:PrincelyHelmet"},{"floor":46,"key":"theSenshi:FeatherClipsRelic"},{"floor":48,"key":"reliquary:Vitrine"}],"event_choices":[{"damage_healed":0,"gold_gain":0,"player_choice":"Open","damage_taken":0,"relics_obtained":["Bromod:ArcaneNullifier"],"max_hp_gain":0,"max_hp_loss":0,"event_name":"Elementarium:TarCoveredCasket","floor":19,"gold_loss":0,"cards_obtained":["Elementarium:StickyTar","Elementarium:StickyTar"]}],"is_beta":false,"boss_relics":[{"not_picked":["aspiration:RunicSpoon","vexMod:CursedCompass"],"picked":"SlaversCollar"},{"not_picked":["Pandora\u0027s Box","energizedSpire:StickyHand"],"picked":"vexMod:DeviousBotling"}],"items_purged_floors":[0,0],"is_endless":false,"potions_floor_spawned":[3,5,7,14,20,22,25,29,33,39,40,46,47,48],"ascension_level":20,"is_humility":true}}