{"host":"otnudku6n3tqcmrv","time":1613724037,"event":{"mods":["BaseMod","Colored Map","DeckTracker","KOR Keyword Fix","Keyboard Shortcuts","Minty Spire (QoL Compilation)","Quick Restart","Replay The Spire","StSLib","SuperFastMode","Waifu the Spire","everything is the same but u backflip on backflip"],"gold_per_floor":[144,189,189,234,279,279,369,119,144,189,189,279,54,99,99,399,399,444,444,444,489,339,429,474,519,519,609,609,609,609,654,654,954,954,999,999,1024,824,901,901,1025,750,750,819,896,1012,1071,1138,1138,1182],"floor_reached":51,"language":"KOR","playtime":2011,"items_purged":[],"score":1084,"play_id":"3c131370-f67c-4b18-bec5-c8491e38258c","local_time":"20210219174037","daily_mods":["Insanity","Blue Cards","Midas"],"is_ascension_mode":false,"campfire_choices":[{"floor":15,"key":"REST"},{"floor":28,"key":"REST"},{"floor":30,"key":"REST"},{"floor":40,"key":"REST"},{"floor":49,"key":"REST"}],"circlet_count":0,"master_deck":["Intimidate","Run Through","Feel No Pain","Redo","Dark Embrace","Heavy Blade","Sweeping Beam+1","Anger","Cold Snap","Streamline","Sweeping Beam","Gash","Stack","Coolheaded","Sweeping Beam","Metallicize","Armaments","Dark Embrace","Redo","White Noise+1","True Grit","Entrench","Cold Snap+1","Twin Strike","Uppercut+1","Clothesline","Stack+1","Thunderclap","ReplayTheSpireMod:Repulse","Sentinel","Self Repair","Power Through","Ball Lightning","Seeing Red","Steam+1","Cold Snap","Coolheaded","ReplayTheSpireMod:System Scan","Run Through","BasicCrystalCard","Body Slam+1","Clash","Conserve Battery","Storm","Undo+1","Uppercut","Perfected Strike","Pain","Corruption+1","Necronomicurse","Pot Of Greed","Pot Of Greed+1","Pot Of Greed","Pot Of Greed","Pot Of Greed","Evolve+1","Capacitor","Offering+1","Coolheaded+1","Parasite","Shockwave"],"relics":["Burning Blood","Garlic","Dream Catcher","Divine Protection","Tiny Chest","WarpedTongs","Lantern","Membership Card","Gremlin Food","Replay:Bronze Core","Necronomicon","Whetstone","Grinning Jar","Toy Ornithopter","ReplayTheSpireMod:Lightbulb","MealTicket","Blue Candle","Snecko Heart","War Paint","Mummified Hand","Replay:Bandana","ReplayTheSpireMod:TigerMarble","Replay:WaspNest","Guide Book","Pen Nib","Ornamental Fan","Pear"],"acts_visited":["Exordium","TheCity","TheBeyond"],"potions_floor_usage":[23,23,50],"damage_taken":[{"damage":0,"enemies":"Small Slimes","floor":1,"turns":3},{"damage":6,"enemies":"2 Louse","floor":2,"turns":3},{"damage":0,"enemies":"Cultist","floor":4,"turns":3},{"damage":0,"enemies":"2 Fungi Beasts","floor":5,"turns":3},{"damage":3,"enemies":"Gremlin Nob","floor":7,"turns":3},{"damage":0,"enemies":"Exordium Thugs","floor":10,"turns":5},{"damage":11,"enemies":"Lagavulin","floor":12,"turns":9},{"damage":0,"enemies":"3 Louse","floor":14,"turns":2},{"damage":18,"enemies":"Slime Boss","floor":16,"turns":6},{"damage":3,"enemies":"Shell Parasite","floor":18,"turns":9},{"damage":0,"enemies":"Chosen","floor":21,"turns":3},{"damage":13,"enemies":"Book of Stabbing","floor":23,"turns":5},{"damage":2,"enemies":"Snake Plant","floor":24,"turns":5},{"damage":0,"enemies":"Centurion and Healer","floor":25,"turns":7},{"damage":5,"enemies":"Slavers","floor":27,"turns":3},{"damage":29,"enemies":"Cultist and Chosen","floor":31,"turns":7},{"damage":34,"enemies":"Champ","floor":33,"turns":12},{"damage":2,"enemies":"3 Shapes","floor":35,"turns":6},{"damage":31,"enemies":"3 Darklings","floor":39,"turns":5},{"damage":10,"enemies":"Nemesis","floor":41,"turns":5},{"damage":2,"enemies":"Spire Growth","floor":44,"turns":3},{"damage":0,"enemies":"Jaw Worm Horde","floor":45,"turns":4},{"damage":1,"enemies":"Giant Head","floor":46,"turns":7},{"damage":0,"enemies":"Sphere and 2 Shapes","floor":47,"turns":2},{"damage":20,"enemies":"Writhing Mass","floor":48,"turns":5},{"damage":0,"enemies":"Donu and Deca","floor":50,"turns":4}],"seed_played":"778547550210687013","potions_obtained":[{"floor":1,"key":"Block Potion"},{"floor":4,"key":"LiquidBronze"},{"floor":7,"key":"Swift Potion"},{"floor":24,"key":"ElixirPotion"},{"floor":31,"key":"PowerPotion"}],"is_trial":false,"path_per_floor":["M","M","?","M","M","?","E","$","T","M","?","E","$","M","R","B",null,"M","?","T","M","$","E","M","M","T","E","R","?","R","M","R_BF","B",null,"M","?","T","$","M","R","E","$","T","M","M","E","M","M","R","B",null],"character_chosen":"IRONCLAD","items_purchased":["Divine Protection","Membership Card","Gremlin Food","Grinning Jar","Toy Ornithopter","Mummified Hand","Replay:Bandana","Replay:WaspNest","Guide Book","Pen Nib"],"campfire_rested":5,"item_purchase_floors":[8,13,13,22,22,38,38,42,42,42],"current_hp_per_floor":[80,80,68,74,80,80,80,80,80,80,80,80,80,80,80,75,80,80,64,64,70,70,80,80,80,80,80,80,65,85,69,69,51,85,85,85,85,85,60,85,85,85,85,85,85,95,95,88,95,95],"gold":1182,"neow_bonus":"","is_daily":true,"chose_seed":false,"campfire_upgraded":0,"win_rate":0.0,"timestamp":1613724037,"path_taken":["M","M","?","M","M","?","E","$","T","?","?","E","$","M","R","BOSS","M","?","?","M","$","E","M","?","T","E","R","?","R","M","R_BF","BOSS","M","?","?","$","M","R","E","$","T","M","M","E","?","M","R","BOSS"],"items_purchased_type":["Relic","Relic","Relic","Relic","Relic","Relic","Relic","Relic","Relic","Relic"],"build_version":"2020-12-22","purchased_purges":0,"victory":true,"max_hp_per_floor":[80,80,80,80,80,80,80,80,80,80,80,80,80,80,80,80,80,80,80,80,80,80,80,80,80,80,80,80,85,85,85,85,85,85,85,85,85,85,85,85,85,85,85,85,85,95,95,95,95,95],"card_choices":[{"not_picked":["ReplaySort","Massacre","Abandon"],"picked":"SKIP","floor":1},{"not_picked":["Clash","Streamline","Reckless Charge"],"picked":"SKIP","floor":2},{"not_picked":["Run Through","Clash","Ball Lightning"],"picked":"SKIP","floor":4},{"not_picked":["Power Through","Clash","Fiend Fire"],"picked":"SKIP","floor":5},{"not_picked":["Beam Cell","Streamline","Flame Barrier"],"picked":"SKIP","floor":7},{"not_picked":["BootSequence","Redo","Hologram"],"picked":"SKIP","floor":10},{"not_picked":["Scrape","ReplayTheSpireMod:Strike From Hell","Self Repair"],"picked":"SKIP","floor":12},{"not_picked":["ReplayTheSpireMod:Strike From Hell","Conserve Battery","Defy Death"],"picked":"SKIP","floor":14},{"not_picked":["Exhume","Creative AI"],"picked":"Corruption","floor":16},{"not_picked":["Headbutt","Barrage","ReplayTheSpireMod:Strike From Hell+1"],"picked":"SKIP","floor":18},{"not_picked":["Run Through","Blizzard","Havoc"],"picked":"SKIP","floor":21},{"not_picked":["Gash","Headbutt","Run Through"],"picked":"SKIP","floor":23},{"not_picked":["Carnage","Multi-Cast","Iron Wave"],"picked":"SKIP","floor":24},{"not_picked":["FTL","Leap"],"picked":"Evolve+1","floor":25},{"not_picked":["ReplayTheSpireMod:Strike From Hell","Thunderclap+1","Massacre"],"picked":"SKIP","floor":27},{"not_picked":["Abandon+1","Sweeping Beam","Bloodletting"],"picked":"SKIP","floor":31},{"not_picked":["Juggernaut","Berserk"],"picked":"Offering","floor":33},{"not_picked":["Replay:Undeath\u0027s Touch+1","Steam+1","Barrage+1"],"picked":"SKIP","floor":35},{"not_picked":["Leap+1","Warcry","Sweeping Beam"],"picked":"SKIP","floor":39},{"not_picked":["Darkness","FTL+1","Armaments+1"],"picked":"SKIP","floor":41},{"not_picked":["Sunder+1","Storm+1","Panic Button"],"picked":"SKIP","floor":44},{"not_picked":["Fission","Havoc+1"],"picked":"Coolheaded+1","floor":45},{"not_picked":["Anger","Uppercut","Wild Strike"],"picked":"SKIP","floor":46},{"not_picked":["Pommel Strike+1","Intimidate","Go for the Eyes+1"],"picked":"SKIP","floor":47},{"not_picked":["Flex","Fire Breathing+1","Wild Strike"],"picked":"SKIP","floor":48},{"not_picked":["Rebound+1","True Grit+1"],"picked":"Shockwave","floor":49}],"player_experience":1305048,"relics_obtained":[{"floor":7,"key":"Dream Catcher"},{"floor":9,"key":"Tiny Chest"},{"floor":12,"key":"Lantern"},{"floor":19,"key":"Necronomicon"},{"floor":20,"key":"Whetstone"},{"floor":23,"key":"ReplayTheSpireMod:Lightbulb"},{"floor":26,"key":"MealTicket"},{"floor":27,"key":"Blue Candle"},{"floor":37,"key":"War Paint"},{"floor":41,"key":"ReplayTheSpireMod:TigerMarble"},{"floor":43,"key":"Ornamental Fan"},{"floor":46,"key":"Pear"}],"event_choices":[{"damage_healed":0,"gold_gain":0,"player_choice":"Success","damage_taken":12,"relics_obtained":["Garlic"],"max_hp_gain":0,"max_hp_loss":0,"event_name":"Scrap Ooze","floor":3,"gold_loss":0},{"cards_removed":["ReplayGash"],"damage_healed":0,"gold_gain":0,"player_choice":"Offered Uncommon","damage_taken":0,"max_hp_gain":0,"max_hp_loss":0,"event_name":"Bonfire Elementals","floor":6,"gold_loss":0},{"damage_healed":0,"gold_gain":0,"player_choice":"Rummage","damage_taken":0,"relics_obtained":["WarpedTongs"],"max_hp_gain":0,"max_hp_loss":0,"event_name":"Accursed Blacksmith","floor":11,"gold_loss":0,"cards_obtained":["Pain"]},{"damage_healed":0,"gold_gain":0,"player_choice":"Obtained Book","damage_taken":16,"max_hp_gain":0,"max_hp_loss":0,"event_name":"Cursed Tome","floor":19,"gold_loss":0},{"damage_healed":0,"gold_gain":0,"player_choice":"Shed Blood","damage_taken":20,"max_hp_gain":5,"max_hp_loss":0,"event_name":"Forgotten Altar","floor":29,"gold_loss":0},{"cards_removed":["Infernal Blade"],"damage_healed":0,"gold_gain":0,"player_choice":"Removed Skill","damage_taken":0,"max_hp_gain":0,"max_hp_loss":0,"event_name":"Falling","floor":36,"gold_loss":0}],"is_beta":false,"boss_relics":[{"not_picked":["Astrolabe","Coffee Dripper"],"picked":"Replay:Bronze Core"},{"not_picked":["Velvet Choker","Ring of Chaos"],"picked":"Snecko Heart"}],"items_purged_floors":[],"is_endless":false,"potions_floor_spawned":[1,4,7,10,18,21,24,31,41,44,47],"ascension_level":0}}