{"host":"72n3jwtrlpjobydj","time":1613722422,"event":{"mods":["AchievementEnabler","BaseMod","CapriCore","DeckTracker","Hermit","Koishi","KomeijiMod","Lobotomy","Marisa£¨Ùöéë¡¡Øª×âÞÞ£©","Minty Spire (QoL Compilation)","Permanent Neow","StSLib","SuperFastMode","The Cursed","The Hierophant","The Immortal"],"gold_per_floor":[114,39,39,39,60,60,60,60,84,47,47,47,88,101,101,226,226,246,345,345,359,359,394,394,169,193,108,125,142,42,58,58,157,157,176,201,517,517,240,240,240,258,339,350,370,403,0,11,11,11,11],"floor_reached":50,"language":"KOR","playtime":1485,"items_purged":["Defend_P","Strike_P","Defend_P"],"score":536,"play_id":"81e1f565-0f7a-4549-ac72-8a5dc67f6547","local_time":"20210219171342","is_ascension_mode":false,"campfire_choices":[{"floor":6,"key":"REST"},{"data":"1","floor":8,"key":"LIFT"},{"floor":15,"key":"REST"},{"floor":24,"key":"REST"},{"floor":32,"key":"REST"},{"floor":40,"key":"REST"},{"floor":49,"key":"REST"}],"circlet_count":0,"master_deck":["Strike_P","Strike_P","Defend_P","Defend_P","Eruption","Vigilance","Tantrum","Tantrum","Adaptation+1","FearNoEvil","Halt","Wraith","Adaptation+1"],"relics":["PureWater","Bloody Idol","Oddly Smooth Stone","Vajra","Empty Cage","Damaru","Regal Pillow","Toy Ornithopter","Centennial Puzzle","Fusion Hammer","Anchor","Sling","Blue Candle","Pear","Bronze Scales","Red Mask"],"acts_visited":["Exordium","TheCity","TheBeyond"],"potions_floor_usage":[16,23,23,28,28,35,46,50,50],"damage_taken":[{"damage":0,"enemies":"Small Slimes","floor":1,"turns":3},{"damage":0,"enemies":"2 Louse","floor":5,"turns":1},{"damage":21,"enemies":"3 Sentries","floor":13,"turns":5},{"damage":0,"enemies":"Cultist","floor":14,"turns":1},{"damage":36,"enemies":"Hexaghost","floor":16,"turns":4},{"damage":20,"enemies":"Spheric Guardian","floor":18,"turns":3},{"damage":7,"enemies":"Shell Parasite","floor":21,"turns":3},{"damage":34,"enemies":"Gremlin Leader","floor":23,"turns":4},{"damage":29,"enemies":"Snake Plant","floor":28,"turns":3},{"damage":24,"enemies":"3 Cultists","floor":29,"turns":3},{"damage":11,"enemies":"Snecko","floor":31,"turns":4},{"damage":36,"enemies":"Automaton","floor":33,"turns":6},{"damage":19,"enemies":"3 Darklings","floor":35,"turns":3},{"damage":1,"enemies":"3 Shapes","floor":42,"turns":2},{"damage":1,"enemies":"3 Darklings","floor":44,"turns":3},{"damage":39,"enemies":"Writhing Mass","floor":45,"turns":5},{"damage":38,"enemies":"Nemesis","floor":46,"turns":5},{"damage":1,"enemies":"Jaw Worm Horde","floor":48,"turns":2},{"damage":115,"enemies":"Donu and Deca","floor":50,"turns":6}],"seed_played":"4410169148216380848","potions_obtained":[{"floor":1,"key":"SpeedPotion"},{"floor":4,"key":"Fire Potion"},{"floor":18,"key":"DistilledChaos"},{"floor":21,"key":"BlessingOfTheForge"},{"floor":23,"key":"Dexterity Potion"},{"floor":33,"key":"SpeedPotion"},{"floor":44,"key":"Regen Potion"},{"floor":46,"key":"Explosive Potion"},{"floor":48,"key":"Dexterity Potion"}],"is_trial":false,"path_per_floor":["M","$","?","?","M","R","?","R","T","$","?","?","E","M","R","B",null,"M","?","?","M","?","E","R","$","T","?","M","M","$","M","R","B",null,"M","T","?","?","$","R","T","M","T","M","M","E","?","M","R","B"],"character_chosen":"WATCHER","items_purchased":["Tantrum","Adaptation","Regal Pillow","Sling"],"campfire_rested":6,"item_purchase_floors":[2,10,25,39],"current_hp_per_floor":[72,72,54,54,54,72,54,54,54,54,72,72,51,51,72,36,72,52,52,52,50,50,21,42,42,47,47,33,14,14,8,44,13,72,63,68,72,72,72,72,72,72,82,82,48,32,32,36,75,0,0],"gold":11,"neow_bonus":"ONE_RANDOM_RARE_CARD","is_daily":false,"chose_seed":false,"campfire_upgraded":0,"win_rate":0.0,"timestamp":1613722422,"path_taken":["M","$","?","?","?","R","?","R","T","$","?","?","E","?","R","BOSS","M","?","?","M","?","E","R","?","T","?","M","M","$","?","R","BOSS","M","?","?","?","$","R","?","M","T","M","?","E","?","M","R","BOSS"],"items_purchased_type":["Card","Card","Relic","Relic"],"build_version":"2020-12-22","purchased_purges":3,"victory":false,"max_hp_per_floor":[72,72,72,72,72,72,72,72,72,72,72,72,72,72,72,72,72,72,72,72,72,72,72,72,72,72,72,72,72,72,72,72,72,72,72,72,72,72,72,72,72,72,82,82,82,82,82,82,82,82,82],"card_choices":[{"not_picked":["Meditate","Consecrate"],"picked":"Tantrum","floor":1},{"not_picked":["ThirdEye","Evaluate","FlurryOfBlows"],"picked":"SKIP","floor":5},{"not_picked":["WreathOfFlame","SandsOfTime"],"picked":"FearNoEvil","floor":13},{"not_picked":["BowlingBash","Pray","Conclude"],"picked":"SKIP","floor":14},{"not_picked":["EmptyFist","BowlingBash+1","Evaluate"],"picked":"SKIP","floor":18},{"not_picked":["FlyingSleeves","Crescendo+1","WreathOfFlame+1"],"picked":"SKIP","floor":21},{"not_picked":["PathToVictory","WindmillStrike","Protect"],"picked":"SKIP","floor":23},{"not_picked":["ReachHeaven","CrushJoints","BowlingBash"],"picked":"SKIP","floor":28},{"not_picked":["ForeignInfluence","CrushJoints"],"picked":"Halt","floor":29},{"not_picked":["PathToVictory","FlyingSleeves","FollowUp"],"picked":"SKIP","floor":31},{"not_picked":["WreathOfFlame","Collect+1","Fasting2+1"],"picked":"SKIP","floor":35},{"not_picked":["Study","EmptyMind+1","WindmillStrike"],"picked":"SKIP","floor":42},{"not_picked":["ThirdEye+1","JustLucky","Nirvana"],"picked":"SKIP","floor":44},{"not_picked":["BattleHymn+1","FollowUp+1","Protect+1"],"picked":"SKIP","floor":45},{"not_picked":["Meditate+1","FollowUp+1","ReachHeaven+1"],"picked":"SKIP","floor":46},{"not_picked":["Perseverance","BowlingBash"],"picked":"Adaptation+1","floor":48}],"player_experience":86188,"relics_obtained":[{"floor":9,"key":"Oddly Smooth Stone"},{"floor":13,"key":"Vajra"},{"floor":23,"key":"Damaru"},{"floor":26,"key":"Toy Ornithopter"},{"floor":36,"key":"Anchor"},{"floor":41,"key":"Blue Candle"},{"floor":43,"key":"Pear"},{"floor":46,"key":"Bronze Scales"}],"event_choices":[{"damage_healed":0,"gold_gain":0,"player_choice":"Take Damage","damage_taken":18,"relics_obtained":["Golden Idol"],"max_hp_gain":0,"max_hp_loss":0,"event_name":"Golden Idol","floor":3,"gold_loss":0},{"damage_healed":0,"gold_gain":0,"player_choice":"Got Potions","damage_taken":0,"max_hp_gain":0,"max_hp_loss":0,"event_name":"Lab","floor":4,"gold_loss":0},{"damage_healed":0,"gold_gain":0,"player_choice":"Success","damage_taken":18,"relics_obtained":["Girya"],"max_hp_gain":0,"max_hp_loss":0,"event_name":"Scrap Ooze","floor":7,"gold_loss":0},{"damage_healed":24,"gold_gain":0,"player_choice":"Banana","damage_taken":0,"max_hp_gain":0,"max_hp_loss":0,"event_name":"Big Fish","floor":11,"gold_loss":0},{"damage_healed":0,"gold_gain":0,"player_choice":"Forge","damage_taken":0,"max_hp_gain":0,"max_hp_loss":0,"event_name":"Accursed Blacksmith","floor":12,"gold_loss":0,"cards_upgraded":["Adaptation"]},{"damage_healed":0,"gold_gain":99,"player_choice":"Stole From Cult","damage_taken":0,"max_hp_gain":0,"max_hp_loss":0,"event_name":"Nest","floor":19,"gold_loss":0},{"damage_healed":0,"gold_gain":0,"player_choice":"Gave Idol","damage_taken":0,"relics_obtained":["Bloody Idol"],"max_hp_gain":0,"max_hp_loss":0,"event_name":"Forgotten Altar","floor":20,"relics_lost":["Golden Idol"],"gold_loss":0},{"damage_healed":0,"gold_gain":0,"player_choice":"Ignored","damage_taken":0,"max_hp_gain":0,"max_hp_loss":0,"event_name":"Ghosts","floor":22,"gold_loss":0},{"damage_healed":0,"gold_gain":0,"player_choice":"Obtained Relic","damage_taken":0,"relics_obtained":["Centennial Puzzle"],"max_hp_gain":0,"max_hp_loss":0,"event_name":"Addict","floor":27,"gold_loss":85},{"damage_healed":0,"gold_gain":0,"player_choice":"Ignored","damage_taken":0,"max_hp_gain":0,"max_hp_loss":0,"event_name":"OrinTheCat","floor":38,"gold_loss":0},{"damage_healed":0,"gold_gain":0,"player_choice":"Paid","damage_taken":0,"relics_obtained":["Red Mask"],"max_hp_gain":0,"max_hp_loss":0,"event_name":"Tomb of Lord Red Mask","floor":47,"gold_loss":403}],"is_beta":false,"boss_relics":[{"not_picked":["Velvet Choker","Coffee Dripper"],"picked":"Empty Cage"},{"not_picked":["Black Star","Tiny House"],"picked":"Fusion Hammer"}],"items_purged_floors":[25,30,39],"is_endless":false,"potions_floor_spawned":[1,14,18,21,23,33,44,46,48],"killed_by":"Donu and Deca","ascension_level":0}}