{"host":"og21o26alpnbwmz8","time":1613752201,"event":{"mods":["2.2 Compatiblity","A Magickal Journey","Act Like it!","Aspiration","BaseMod","Conspire","Downfall","Gensokyo","GungeonMod","Halation","Hubris","Jedi Mod","Mimic Mod","Minty Spire (QoL Compilation)","Pale of the Ancients","Reliquary","Replay The Spire","Shop Mod","Spikes Relics","StSLib","The Alterego","The Animator","The Blue Laboratory","The Exalted","The Florist","The Poker Player","Waifu the Spire","Yuri Mod"],"gold_per_floor":[117,132,132,132,149,149,165,165,165,178,178,201,232,250,250,354,354,385,248,268,518,534,534,221,221,221,291,809,820,832,844,844,943,943,963,963,759,759,774,774,794,794,832,847,847,862,875,895,895,895,895,895,594,626,626],"floor_reached":56,"language":"ENG","playtime":2930,"items_purged":["ShadowRift"],"score":1382,"play_id":"e3b3d5e2-6db8-4063-b627-1e73b0ec29ab","local_time":"20210219113001","is_ascension_mode":false,"campfire_choices":[{"data":"animator:Shuna","floor":6,"key":"SMITH"},{"data":"animator:Benimaru","floor":8,"key":"SMITH"},{"data":"Dagger Spray","floor":11,"key":"SMITH"},{"data":"animator:Souei","floor":15,"key":"SMITH"},{"data":"animator:Greed","floor":23,"key":"SMITH"},{"data":"animator:Defend_TenSura","floor":25,"key":"SMITH"},{"data":"animator:Defend","floor":25,"key":"SMITH"},{"floor":32,"key":"REST"},{"data":"animator:GazelDwargon","floor":40,"key":"SMITH"},{"data":"animator:Defend","floor":40,"key":"SMITH"},{"data":"animator:Millim+5","floor":42,"key":"SMITH"},{"data":"animator:Millim+6","floor":42,"key":"SMITH"},{"data":"animator:Aisha","floor":45,"key":"SMITH"},{"data":"Underhanded Strike","floor":45,"key":"SMITH"},{"floor":49,"key":"RECALL"},{"data":"animator:Millim+7","floor":52,"key":"SMITH"}],"circlet_count":0,"master_deck":["animator:Defend_TenSura+1","animator:Defend+1","animator:Defend+1","animator:Benimaru+1","animator:Shuna+1","animator:Aisha+1","animator:Millim+8","Underhanded Strike+1","Dagger Spray+1","animator:Souei+1","animator:Greed+1","animator:EmiyaShirou+1","animator:Archer+1","animator:GazelDwargon+1","animator:GazelDwargon+1"],"relics":["animator:LivingPicture","animator:TheMissingPiece","animator:ShionDessert","Bromod:ArcaneConsequence","Painkiller Herb","Replay:Arrowhead","HornCleat","reliquary:OuijaBoard","hubris:Backtick","Snake Skull","halation:EternalFortune","hubris:Towel","DemoMod:GlassGuonStoneRelic","Counterbalance","DemoMod:ResourcefulSack","Anchor","Chemical X","SnailShell"],"acts_visited":["Exordium","Gensokyo:Gensokyo","Gensokyo:Gensokyoer","TheEnding"],"potions_floor_usage":[13,55],"damage_taken":[{"damage":0,"enemies":"Gensokyo:3_Fairies","floor":1,"turns":4},{"damage":0,"enemies":"Gensokyo:Gryphon","floor":2,"turns":5},{"damage":0,"enemies":"Gensokyo:Python","floor":5,"turns":3},{"damage":0,"enemies":"Gensokyo:LivingMonolith","floor":7,"turns":3},{"damage":0,"enemies":"Gensokyo:3_Kodama","floor":10,"turns":4},{"damage":0,"enemies":"Gensokyo:2_Rabbits","floor":12,"turns":3},{"damage":0,"enemies":"Gensokyo:Cirno","floor":13,"turns":4},{"damage":1,"enemies":"Gensokyo:Kitsune","floor":14,"turns":3},{"damage":34,"enemies":"Gensokyo:Yukari","floor":16,"turns":6},{"damage":4,"enemies":"Gensokyo:Chomper","floor":18,"turns":4},{"damage":8,"enemies":"Gensokyo:AngelMirror","floor":20,"turns":6},{"damage":1,"enemies":"Gensokyo:Wraith","floor":22,"turns":6},{"damage":24,"enemies":"Gensokyo:Mirror_and_Dog","floor":28,"turns":6},{"damage":0,"enemies":"Gensokyo:Slime_Group","floor":29,"turns":4},{"damage":0,"enemies":"Gensokyo:Chomper_and_Gloop","floor":30,"turns":5},{"damage":0,"enemies":"Gensokyo:Wraith","floor":31,"turns":5},{"damage":0,"enemies":"Gensokyo:Eternal_Rivals","floor":33,"turns":9},{"damage":0,"enemies":"Gensokyo:3_Boulders","floor":35,"turns":5},{"damage":0,"enemies":"Gensokyo:AncientGuardian","floor":39,"turns":6},{"damage":0,"enemies":"Gensokyo:Rafflesia","floor":41,"turns":7},{"damage":0,"enemies":"Gensokyo:4_Bats","floor":43,"turns":7},{"damage":0,"enemies":"Gensokyo:4_Bats","floor":44,"turns":5},{"damage":0,"enemies":"Gensokyo:Dusk_and_Dawn","floor":46,"turns":5},{"damage":0,"enemies":"Gensokyo:AtlasGolem","floor":47,"turns":4},{"damage":0,"enemies":"Gensokyo:3_Boulders","floor":48,"turns":5},{"damage":16,"enemies":"Gensokyo:Shinki","floor":50,"turns":12},{"damage":0,"enemies":"Shield and Spear","floor":54,"turns":7},{"damage":0,"enemies":"The Heart","floor":55,"turns":11}],"seed_played":"7641742195954563277","potions_obtained":[{"floor":5,"key":"BlessingOfTheForge"},{"floor":10,"key":"blueLaboratory:EnragingPotion"},{"floor":13,"key":"blueLaboratory:LouseDecoction"},{"floor":14,"key":"hexamod:SoulburnPotion"},{"floor":27,"key":"Flashbang"},{"floor":27,"key":"DuplicationPotion"}],"is_trial":false,"path_per_floor":["M","M","?","?","M","R","M","R","T","M","R","M","E","M","R","B",null,"?","COS","?","?","?","T","T","T","T","?","?","?","?","?","T","B",null,"?","?","T","?","?","T","?","T","MIM","?","T","?","?","?","T","B",null,"T","T","E","B",null],"character_chosen":"THE_ANIMATOR","items_purchased":["Replay:Arrowhead","animator:Millim","animator:GazelDwargon","Anchor","Chemical X"],"campfire_rested":1,"item_purchase_floors":[24,37,37,53,53],"current_hp_per_floor":[60,60,60,60,60,60,60,60,60,60,60,60,60,59,59,25,60,56,56,49,49,48,48,48,48,48,48,24,24,25,25,42,42,59,59,62,62,62,62,62,62,62,62,62,62,62,62,62,62,46,62,62,62,62,62],"gold":626,"neow_bonus":"REMOVE_TWO","is_daily":false,"chose_seed":false,"campfire_upgraded":14,"win_rate":0.0,"timestamp":1613752201,"path_taken":["M","M","?","?","M","R","M","R","T","?","R","M","E","M","R","BOSS","?","COS","?","?","?","T","T","T","T","?","?","?","?","?","T","BOSS","?","?","T","?","?","T","?","T","MIM","?","T","?","?","?","T","BOSS","T","T","E","BOSS"],"items_purchased_type":["Relic","Card","Card","Relic","Relic"],"build_version":"2020-12-22","purchased_purges":1,"victory":true,"max_hp_per_floor":[60,60,60,60,60,60,60,60,60,60,60,60,60,60,60,60,60,60,60,61,58,58,58,58,58,58,58,58,58,59,59,59,59,59,59,62,62,62,62,62,62,62,62,62,62,62,62,62,62,62,62,62,62,62,62],"card_choices":[{"not_picked":["animator:Genos","animator:Shinoa","animator:Raven"],"picked":"SKIP","floor":1},{"not_picked":["animator:Priestess","animator:Berserker"],"picked":"animator:Aisha","floor":2},{"not_picked":["animator:Geryuganshoop","animator:Shinoa","animator:Archer"],"picked":"SKIP","floor":5},{"not_picked":["animator:Shuna","animator:Souei"],"picked":"animator:Millim","floor":7},{"not_picked":["animator:GuildGirl","animator:Ain","animator:HighElfArcher"],"picked":"SKIP","floor":10},{"not_picked":["animator:Illya","animator:Ain"],"picked":"animator:Souei","floor":12},{"not_picked":["animator:Melzalgald","animator:Hakurou","animator:Yuuichirou"],"picked":"SKIP","floor":13},{"not_picked":["animator:Saitama","animator:GoblinSlayer"],"picked":"animator:Greed","floor":16},{"not_picked":["animator:Chung","animator:Shigure"],"picked":"animator:EmiyaShirou+1","floor":18},{"not_picked":["animator:ElricEdward+1","animator:Shinoa+1"],"picked":"animator:Archer+1","floor":20},{"not_picked":["animator:Add","animator:KrulTepes","animator:Priestess+1"],"picked":"SKIP","floor":20},{"not_picked":["animator:Yoichi","animator:Ara","animator:LizardPriest+1"],"picked":"SKIP","floor":22},{"not_picked":["animator:GazelDwargon","animator:Benimaru"],"picked":"animator:Millim","floor":28},{"not_picked":["animator:Ciel+1","animator:Elsword","animator:Berserker"],"picked":"SKIP","floor":29},{"not_picked":["animator:Yoichi","animator:DwarfShaman+1"],"picked":"animator:GazelDwargon+1","floor":30},{"not_picked":["animator:SilverFang+1","animator:FeridBathory","animator:Shion"],"picked":"SKIP","floor":31},{"not_picked":["animator:Shuna","animator:Shion"],"picked":"animator:Millim","floor":35},{"not_picked":["animator:SakuraMatou+1","animator:Raven","animator:Alexander+1"],"picked":"SKIP","floor":39},{"not_picked":["animator:Tatsumaki","animator:Rider","animator:Shion+1"],"picked":"SKIP","floor":41},{"not_picked":["animator:Berserker+1","animator:Chung","animator:Raven"],"picked":"SKIP","floor":44},{"not_picked":["animator:Rider+1","animator:LizardPriest+1","animator:Souei"],"picked":"SKIP","floor":46},{"not_picked":["animator:Saitama","animator:Chung+1","animator:Berserker+1"],"picked":"SKIP","floor":47},{"not_picked":["animator:Add","animator:Gluttony","animator:Kaijin"],"picked":"SKIP","floor":48},{"not_picked":["animator:GoblinSlayer","animator:Melzalgald","animator:Illya+1"],"picked":"SKIP","floor":54}],"player_experience":360918,"relics_obtained":[{"floor":9,"key":"animator:ShionDessert"},{"floor":13,"key":"Bromod:ArcaneConsequence"},{"floor":26,"key":"HornCleat"},{"floor":43,"key":"Counterbalance"},{"floor":43,"key":"DemoMod:ResourcefulSack"},{"floor":54,"key":"SnailShell"}],"event_choices":[],"is_beta":false,"boss_relics":[{"not_picked":["animator:CursedBlade","Calling Bell"],"picked":"Painkiller Herb"},{"not_picked":["conspire:SlowCooker","animator:CrumblingOrb"],"picked":"hubris:Backtick"}],"items_purged_floors":[37],"is_endless":false,"potions_floor_spawned":[5,10,13,14,18,33,39,46,48],"ascension_level":0}}