{"host":"dcj2yvrgcvh5dl2s","time":1613733345,"event":{"mods":["BaseMod","Bestiary","Better Note","Block Reminder","Colored Powertips","Curses Come First","DeckTracker","Displayed Cursed Tome","Minty Spire (QoL Compilation)","Quick Restart","Rare Cards Sparkle","Relic Stats","StSLib"],"gold_per_floor":[368,378,391,32,51,78,78,96,96,96,96,39,57,88,100,112,112],"floor_reached":16,"language":"ENG","playtime":937,"items_purged":[],"score":224,"play_id":"190aee52-f98d-4fc1-afc8-9bac57a1d3b7","local_time":"20210219211545","is_ascension_mode":true,"campfire_choices":[{"data":"Body Slam","floor":7.0,"key":"SMITH"},{"floor":10.0,"key":"REST"},{"data":"Body Slam","floor":15,"key":"SMITH"}],"circlet_count":0,"master_deck":["AscendersBane","Strike_R","Strike_R","Strike_R","Strike_R","Strike_R","Defend_R","Defend_R","Defend_R","Defend_R","Bash","Shrug It Off","Sword Boomerang","Immolate","Pummel","Body Slam+1","Body Slam+1","Heavy Blade","Flex"],"relics":["Burning Blood","Pantograph","Eternal Feather","Lantern","Golden Idol","MawBank"],"acts_visited":["Exordium"],"potions_floor_usage":[16],"damage_taken":[{"damage":1.0,"enemies":"Cultist","floor":1.0,"turns":3.0},{"damage":9.0,"enemies":"2 Louse","floor":2.0,"turns":3.0},{"damage":8.0,"enemies":"Small Slimes","floor":3.0,"turns":3.0},{"damage":11.0,"enemies":"Looter","floor":5.0,"turns":2.0},{"damage":32.0,"enemies":"Gremlin Nob","floor":6.0,"turns":4.0},{"damage":8.0,"enemies":"Blue Slaver","floor":8.0,"turns":3.0},{"damage":14.0,"enemies":"Exordium Wildlife","floor":13.0,"turns":3.0},{"damage":30.0,"enemies":"Lagavulin","floor":14.0,"turns":6.0},{"damage":36,"enemies":"Hexaghost","floor":16,"turns":7}],"seed_played":"4410961700856282901","potions_obtained":[{"floor":1.0,"key":"PowerPotion"},{"floor":6.0,"key":"Swift Potion"},{"floor":13.0,"key":"SpeedPotion"},{"floor":14.0,"key":"FearPotion"}],"is_trial":false,"path_per_floor":["M","M","M","$","M","E","R","M","T","R","?","$","M","E","R","B"],"character_chosen":"IRONCLAD","items_purchased":["Immolate","Pantograph","Body Slam"],"campfire_rested":1,"item_purchase_floors":[4,4,12],"current_hp_per_floor":[68,65,63,63,58,32,41,39,39,68,62,62,54,30,39,26,26],"gold":112,"neow_bonus":"TWO_FIFTY_GOLD","is_daily":false,"chose_seed":false,"campfire_upgraded":2,"win_rate":0.0,"timestamp":1613733345,"path_taken":["M","M","M","$","M","E","R","M","T","R","?","$","M","E","R","BOSS"],"items_purchased_type":["Card","Relic","Card"],"build_version":"2020-12-22","purchased_purges":0,"victory":false,"max_hp_per_floor":[68,68,68,68,68,68,68,68,68,68,62,62,62,62,62,62,62],"relic_stats":{"counters":[9,34],"Golden Idol":10,"Pantograph":23,"Eternal Feather":27,"MawBank":24,"obtain_stats":[{"Lantern":9,"Golden Idol":11,"Pantograph":4,"Eternal Feather":6,"MawBank":14,"Burning Blood":0},{"Lantern":6,"Golden Idol":6,"Pantograph":3,"Eternal Feather":5,"MawBank":8,"Burning Blood":0},{"Lantern":18,"Golden Idol":18,"Pantograph":9,"Eternal Feather":15,"MawBank":27,"Burning Blood":0}],"Burning Blood":43},"card_choices":[{"not_picked":["Spot Weakness","Wild Strike","Havoc"],"picked":"SKIP","floor":1.0},{"not_picked":["Armaments","True Grit"],"picked":"Shrug It Off","floor":2.0},{"not_picked":["Flame Barrier","Spot Weakness"],"picked":"Sword Boomerang","floor":3.0},{"not_picked":["Power Through","Clash"],"picked":"Pummel","floor":5.0},{"not_picked":["Rampage","Combust"],"picked":"Body Slam","floor":6.0},{"not_picked":["Flame Barrier","Perfected Strike","Armaments"],"picked":"SKIP","floor":8.0},{"not_picked":["Sword Boomerang","Thunderclap"],"picked":"Heavy Blade","floor":13.0},{"not_picked":["True Grit","Carnage"],"picked":"Flex","floor":14.0}],"player_experience":2448066,"relics_obtained":[{"floor":6.0,"key":"Eternal Feather"},{"floor":9.0,"key":"Lantern"},{"floor":14.0,"key":"MawBank"}],"event_choices":[{"damage_healed":0.0,"max_hp_gain":0.0,"max_hp_loss":6.0,"gold_gain":0.0,"event_name":"Golden Idol","player_choice":"Lose Max HP","floor":11.0,"gold_loss":0.0,"damage_taken":0.0,"relics_obtained":["Golden Idol"]}],"is_beta":false,"boss_relics":[],"items_purged_floors":[],"is_endless":false,"potions_floor_spawned":[1,6,8,13,14],"killed_by":"Hexaghost","ascension_level":20}}