{"host":"x205naxbihvu3p76","time":1613747175,"event":{"mods":["AchievementEnabler","BaseMod","Minty Spire (QoL Compilation)","StSLib","SuperFastMode"],"gold_per_floor":[110,126,201,217,217,217,87,87,87,105,105,140,157,173,173,247,247,258,272,272,272,131,131,131,131],"floor_reached":24,"language":"KOR","playtime":508,"items_purged":["Strike_B","Stack"],"score":392,"play_id":"cfda5f40-fcfc-4cf5-a83a-704a514d8a03","local_time":"20210220000615","is_ascension_mode":true,"campfire_choices":[{"floor":6,"key":"REST"},{"data":"Barrage","floor":8,"key":"SMITH"},{"data":"Hello World","floor":15,"key":"SMITH"},{"data":"White Noise","floor":23,"key":"SMITH"}],"circlet_count":0,"master_deck":["AscendersBane","Zap","Dualcast","Biased Cognition","Ball Lightning","Cold Snap","Undo","Barrage+1","Glacier","Hello World+1","Multi-Cast","Seek","Aggregate","Steam","Darkness","Stack","Chill","White Noise+1"],"relics":["Cracked Core","Mercury Hourglass","Kunai","Pandora\u0027s Box","Nunchaku"],"acts_visited":["Exordium","TheCity"],"potions_floor_usage":[16,24,24],"damage_taken":[{"damage":9,"enemies":"Jaw Worm","floor":1,"turns":4},{"damage":3,"enemies":"2 Louse","floor":2,"turns":3},{"damage":5,"enemies":"Small Slimes","floor":4,"turns":2},{"damage":0,"enemies":"Exordium Wildlife","floor":10,"turns":2},{"damage":8,"enemies":"3 Sentries","floor":12,"turns":5},{"damage":2,"enemies":"Red Slaver","floor":13,"turns":4},{"damage":0,"enemies":"2 Fungi Beasts","floor":14,"turns":3},{"damage":24,"enemies":"Hexaghost","floor":16,"turns":10},{"damage":0,"enemies":"Chosen","floor":18,"turns":5},{"damage":10,"enemies":"Shell Parasite","floor":19,"turns":5},{"damage":55,"enemies":"Gremlin Leader","floor":24,"turns":7}],"seed_played":"-4889413292502939534","potions_obtained":[{"floor":1,"key":"Weak Potion"},{"floor":12,"key":"BlessingOfTheForge"},{"floor":19,"key":"PotionOfCapacity"}],"is_trial":false,"path_per_floor":["M","M","?","M","?","R","$","R","T","M","?","E","M","M","R","B",null,"M","M","T","?","$","R","E"],"character_chosen":"DEFECT","items_purchased":["Barrage","White Noise"],"campfire_rested":1,"item_purchase_floors":[7,22],"current_hp_per_floor":[55,52,41,36,29,48,48,48,48,48,53,45,43,43,43,19,57,57,47,47,47,47,47,0,0],"gold":131,"neow_bonus":"THREE_RARE_CARDS","is_daily":false,"chose_seed":false,"campfire_upgraded":3,"win_rate":0.0,"timestamp":1613747175,"path_taken":["M","M","?","M","?","R","$","R","T","M","?","E","?","M","R","BOSS","M","M","?","?","$","R","E"],"items_purchased_type":["Card","Card"],"build_version":"2020-12-22","purchased_purges":2,"victory":false,"max_hp_per_floor":[64,64,64,64,64,64,64,64,64,64,69,69,69,69,69,69,69,69,69,69,69,69,69,69,69],"card_choices":[{"not_picked":["Amplify","Core Surge"],"picked":"Biased Cognition","floor":0},{"not_picked":["FTL","BootSequence"],"picked":"Ball Lightning","floor":1},{"not_picked":["Gash","Darkness"],"picked":"Cold Snap","floor":2},{"not_picked":["Fusion","Gash"],"picked":"Undo","floor":4},{"not_picked":["Steam","Go for the Eyes"],"picked":"Glacier","floor":10},{"not_picked":["Amplify","Barrage","Steam"],"picked":"SKIP","floor":12},{"not_picked":["Skim","Redo"],"picked":"Hello World","floor":13},{"not_picked":["Stack","Reprogram","Tempest"],"picked":"SKIP","floor":14},{"not_picked":["Hyperbeam","Meteor Strike"],"picked":"Multi-Cast","floor":16},{"not_picked":["Hologram","Recycle+1"],"picked":"Chill","floor":18},{"not_picked":["Tempest","Barrage","Melter"],"picked":"SKIP","floor":19}],"player_experience":1035799,"relics_obtained":[{"floor":9,"key":"Mercury Hourglass"},{"floor":12,"key":"Kunai"},{"floor":20,"key":"Nunchaku"}],"event_choices":[{"damage_healed":0,"gold_gain":75,"player_choice":"Gather Gold","damage_taken":11,"max_hp_gain":0,"max_hp_loss":0,"event_name":"World of Goop","floor":3,"gold_loss":0},{"cards_removed":["Strike_B"],"damage_healed":0,"gold_gain":0,"player_choice":"Card Removal","damage_taken":7,"max_hp_gain":0,"max_hp_loss":0,"event_name":"Golden Wing","floor":5,"gold_loss":0},{"damage_healed":0,"gold_gain":0,"player_choice":"Donut","damage_taken":0,"max_hp_gain":5,"max_hp_loss":0,"event_name":"Big Fish","floor":11,"gold_loss":0},{"damage_healed":0,"gold_gain":0,"player_choice":"Ignored","damage_taken":0,"max_hp_gain":0,"max_hp_loss":0,"event_name":"The Mausoleum","floor":21,"gold_loss":0}],"is_beta":false,"boss_relics":[{"not_picked":["FrozenCore","Ectoplasm"],"picked":"Pandora\u0027s Box"}],"items_purged_floors":[7,22],"is_endless":false,"potions_floor_spawned":[1,12,13,19],"killed_by":"Gremlin Leader","ascension_level":20}}