{"host":"rfvxwqmjnimh09wr","time":1613697331,"event":{"mods":["BaseMod","Colored Map","Hermit","Minty Spire (QoL Compilation)","StSLib"],"gold_per_floor":[113,128,403,419,419,419,439,439,439],"floor_reached":8,"language":"ENG","playtime":412,"items_purged":[],"score":48,"play_id":"5e92e79b-cecd-4ac5-bcc8-25bb74eab202","local_time":"20210218201531","is_ascension_mode":false,"campfire_choices":[{"data":"hermit:TakeAim","floor":6,"key":"SMITH"}],"circlet_count":0,"master_deck":["hermit:Strike_Hermit","hermit:Strike_Hermit","hermit:Strike_Hermit","hermit:Strike_Hermit","hermit:Defend_Hermit","hermit:Defend_Hermit","hermit:Defend_Hermit","hermit:Defend_Hermit","hermit:Snapshot","hermit:Covet","hermit:TrackingShot","hermit:LowProfile","Regret","hermit:TakeAim+1","Regret","hermit:Desperado"],"relics":["hermit:Momento","NeowsBlessing","Blue Candle"],"acts_visited":["Exordium"],"potions_floor_usage":[],"damage_taken":[{"damage":0,"enemies":"Small Slimes","floor":1,"turns":1},{"damage":0,"enemies":"Cultist","floor":2,"turns":1},{"damage":0,"enemies":"2 Louse","floor":4,"turns":2},{"damage":23,"enemies":"Exordium Wildlife","floor":7,"turns":7},{"damage":57,"enemies":"Gremlin Nob","floor":8,"turns":5}],"seed_played":"-8003540663300882088","potions_obtained":[],"is_trial":false,"path_per_floor":["M","M","?","M","?","R","M","E"],"character_chosen":"HERMIT","items_purchased":[],"campfire_rested":0,"item_purchase_floors":[],"current_hp_per_floor":[75,75,75,75,75,75,52,0,0],"gold":439,"neow_bonus":"THREE_ENEMY_KILL","is_daily":false,"chose_seed":false,"campfire_upgraded":1,"win_rate":0.0,"timestamp":1613697331,"path_taken":["M","M","?","?","?","R","M","E"],"items_purchased_type":[],"build_version":"2020-12-22","purchased_purges":0,"victory":false,"max_hp_per_floor":[75,75,75,75,75,75,75,75,75],"card_choices":[{"not_picked":["hermit:BodyArmor","hermit:Coalescence"],"picked":"hermit:TrackingShot","floor":1},{"not_picked":["hermit:Feint","hermit:Maintenance"],"picked":"hermit:LowProfile","floor":2},{"not_picked":["hermit:Ricochet","hermit:Brawl"],"picked":"hermit:TakeAim","floor":4},{"not_picked":["hermit:CalledShot","hermit:TrackingShot"],"picked":"hermit:Desperado","floor":7}],"player_experience":199249,"relics_obtained":[],"event_choices":[{"damage_healed":0,"gold_gain":275,"player_choice":"Desecrate","damage_taken":0,"max_hp_gain":0,"max_hp_loss":0,"event_name":"Golden Shrine","floor":3,"gold_loss":0,"cards_obtained":["Regret"]},{"damage_healed":0,"gold_gain":0,"player_choice":"Box","damage_taken":0,"relics_obtained":["Blue Candle"],"max_hp_gain":0,"max_hp_loss":0,"event_name":"Big Fish","floor":5,"gold_loss":0,"cards_obtained":["Regret"]}],"is_beta":false,"boss_relics":[],"items_purged_floors":[],"is_endless":false,"potions_floor_spawned":[],"killed_by":"Gremlin Nob","ascension_level":0}}