{"host":"s9znsjs818tlhh47","time":1613703483,"event":{"mods":["2.2 Compatiblity","ATMod(°¢èªMod)","AchievementEnabler","Act Like it!","Arknights","BaseMod","Better Note","Better Skull","Better Third Choice","Better Vampires","Bossed Relics","Card Forge","Colored Powertips","Force Act Four","Minty Spire (QoL Compilation)","Permanent Neow","Quick Restart","StSLib","¡¾¹¦ÄÜMod¡¿»ìãçÖ®»·ÐÞ¸´²¹¶¡","¡¾ÒÅÎï¿¨ÅÆ¡¿REMEMod"],"gold_per_floor":[117,42,42,62,78,78,103,123,150,150,184,184,27,52,52,129,129,147,11,11,34,46,79,79,107,132,132,162,173,192,192,192,266,266,278,290,313,313,328,375,404,429,455,455,455,455,481,491,491,791,991,991,991,659,890,990],"floor_reached":57,"language":"ZHS","playtime":2514,"items_purged":["Strike_R","Strike_R"],"score":3022,"play_id":"2ade9207-9416-4064-ab53-f792e127d8f5","local_time":"20210218215803","is_ascension_mode":true,"campfire_choices":[{"data":"Perfected Strike","floor":6.0,"key":"SMITH"},{"floor":12.0,"key":"REST"},{"floor":15.0,"key":"REST"},{"data":"Blood for Blood","floor":24.0,"key":"SMITH"},{"floor":27.0,"key":"RECALL"},{"data":"Perfected Strike","floor":32.0,"key":"SMITH"},{"data":"Flame Barrier","floor":44,"key":"SMITH"},{"data":"Sever Soul","floor":46,"key":"SMITH"},{"floor":49,"key":"REST"},{"floor":53,"key":"REST"}],"circlet_count":0,"master_deck":["AscendersBane","Strike_R","Strike_R","Strike_R","Defend_R+1","Defend_R","Defend_R","Defend_R","Bash+1","REME_CopyPotion+1","AT_DarkMatter+1","Clothesline+1","Perfected Strike+1","Exhume+1","Perfected Strike+1","Twin Strike+1","Shrug It Off+1","REME_TheLastStrike+1","AT_EmpoweredMortalDraw+1","REME_EyeOfCthun+1","Sever Soul+1","Blood for Blood+1","Perfected Strike+1","Perfected Strike+1","REME_ACTH+1","Flame Barrier+1","AT_EmpoweredMortalDraw+1","AT_ShrugMaster+1","Uppercut","True Grit+1","Shockwave+1"],"relics":["Hammer of Thor","Seething Fire","Anvil of the Gods","REME_ComplimentaryCards","AT_ATBox","Snecko Eye","Tiny Chest","AT_SunfireAegis","Dream Catcher","Membership Card","MealTicket","AT_MortalBlade","AT_SilvercatRing","Mercury Hourglass","Turnip","Meat on the Bone","Philosopher\u0027s Stone","Nunchaku","Unceasing Top","Blue Candle","StoneCalendar","Oddly Smooth Stone","Pantograph","AT_TheCollector","Bottled Lightning","Sling","Toy Ornithopter"],"acts_visited":["Exordium","TheCity","TheBeyond","TheEnding"],"potions_floor_usage":[56,56],"damage_taken":[{"damage":2.0,"enemies":"Jaw Worm","floor":1.0,"turns":3.0},{"damage":0.0,"enemies":"Cultist","floor":4.0,"turns":3.0},{"damage":0.0,"enemies":"Small Slimes","floor":5.0,"turns":2.0},{"damage":15.0,"enemies":"3 Sentries","floor":7.0,"turns":8.0},{"damage":8.0,"enemies":"Exordium Wildlife","floor":8.0,"turns":3.0},{"damage":15.0,"enemies":"Lagavulin","floor":11.0,"turns":3.0},{"damage":6.0,"enemies":"Gremlin Nob","floor":14.0,"turns":3.0},{"damage":16.0,"enemies":"The Guardian","floor":16.0,"turns":6.0},{"damage":0.0,"enemies":"3 Byrds","floor":18.0,"turns":4.0},{"damage":19.0,"enemies":"2 Thieves","floor":21.0,"turns":2.0},{"damage":0.0,"enemies":"Snake Plant","floor":22.0,"turns":2.0},{"damage":0.0,"enemies":"REME_1_Revenger","floor":23.0,"turns":2.0},{"damage":11.0,"enemies":"Book of Stabbing","floor":25.0,"turns":3.0},{"damage":0.0,"enemies":"Gremlin Leader","floor":28.0,"turns":2.0},{"damage":0.0,"enemies":"Centurion and Healer","floor":29.0,"turns":2.0},{"damage":12.0,"enemies":"Shelled Parasite and Fungi","floor":30.0,"turns":2.0},{"damage":15.0,"enemies":"Champ","floor":33.0,"turns":6.0},{"damage":0.0,"enemies":"Orb Walker","floor":35.0,"turns":1.0},{"damage":14.0,"enemies":"3 Shapes","floor":36.0,"turns":1.0},{"damage":0,"enemies":"Sphere and 2 Shapes","floor":39,"turns":1},{"damage":0,"enemies":"2 Orb Walkers","floor":40,"turns":2},{"damage":0,"enemies":"Nemesis","floor":41,"turns":1},{"damage":4,"enemies":"Mind Bloom Boss Battle","floor":42,"turns":2},{"damage":0,"enemies":"Reptomancer","floor":47,"turns":1},{"damage":0,"enemies":"3 Darklings","floor":48,"turns":1},{"damage":26,"enemies":"Awakened One","floor":50,"turns":6},{"damage":54,"enemies":"Donu and Deca","floor":51,"turns":4},{"damage":14,"enemies":"Shield and Spear","floor":55,"turns":2},{"damage":76,"enemies":"The Heart","floor":56,"turns":5}],"seed_played":"1493021237216038164","potions_obtained":[{"floor":3.0,"key":"EssenceOfSteel"},{"floor":3.0,"key":"CultistPotion"},{"floor":5.0,"key":"LiquidMemories"},{"floor":7.0,"key":"DistilledChaos"},{"floor":11.0,"key":"PowerPotion"},{"floor":18.0,"key":"BloodPotion"}],"is_trial":false,"path_per_floor":["M","$","?","M","M","R","E","M","T","?","E","R","$","E","R","B",null,"M","$","?","M","M","E","R","E","T","R","E","M","M","?","R","B",null,"M","M","T","?","M","?","E","?","T","R","T","R","E","M","R","B","B",null,"R","$","E","B",null],"character_chosen":"IRONCLAD","items_purchased":["Membership Card","AT_SilvercatRing","HeartOfIron","Bottled Lightning","Sling"],"campfire_rested":4,"item_purchase_floors":[13,19,54,54,54],"current_hp_per_floor":[66,66,66,66,66,66,51,43,43,20,5,27,27,21,43,27,63,63,75,75,71,71,71,71,75,75,75,75,75,63,63,63,75,75,75,61,61,56,56,56,56,52,52,52,52,52,52,52,74,51,48,68,75,75,61,21],"gold":990,"neow_bonus":"BOSS_RELIC","is_daily":false,"chose_seed":false,"campfire_upgraded":5,"win_rate":0.0,"timestamp":1613703483,"path_taken":["M","$","?","M","?","R","E","M","T","?","E","R","$","E","R","BOSS","M","$","?","M","M","E","R","E","T","R","E","M","M","?","R","BOSS","M","M","?","?","M","?","E","?","T","R","?","R","E","M","R","BOSS","BOSS","R","$","E","BOSS"],"items_purchased_type":["Relic","Relic","Potion","Relic","Relic"],"build_version":"2020-12-22","purchased_purges":2,"victory":true,"max_hp_per_floor":[75,75,75,75,75,75,75,75,75,75,75,75,75,75,75,75,75,75,75,75,75,75,75,75,75,75,75,75,75,75,75,75,75,75,75,75,75,75,75,75,75,75,75,75,75,75,75,75,75,75,75,75,75,75,75,75],"card_choices":[{"not_picked":["Body Slam","Anger"],"picked":"Clothesline","floor":1.0},{"not_picked":["Thunderclap","Hemokinesis","Wild Strike"],"picked":"SKIP","floor":4.0},{"not_picked":["Wild Strike","Ghostly Armor"],"picked":"Perfected Strike","floor":5.0},{"not_picked":["AT_ManFootWork","Feel No Pain"],"picked":"Exhume","floor":7.0},{"not_picked":["Hemokinesis","Blood for Blood"],"picked":"Perfected Strike","floor":8.0},{"not_picked":["AT_ManFootWork","AT_IchimonjiDouble","Feed"],"picked":"SKIP","floor":11.0},{"not_picked":["Iron Wave","Uppercut"],"picked":"Twin Strike","floor":12.0},{"not_picked":["AT_GerminateFire","Evolve","Clothesline"],"picked":"SKIP","floor":14.0},{"not_picked":["Clash","Sword Boomerang"],"picked":"Shrug It Off","floor":15.0},{"not_picked":["Limit Break","AT_Dispersion"],"picked":"REME_TheLastStrike","floor":16.0},{"not_picked":["Cleave","Anger","Sword Boomerang"],"picked":"SKIP","floor":18.0},{"not_picked":["Rage","Thunderclap"],"picked":"Sever Soul","floor":21.0},{"not_picked":["Headbutt","Thunderclap"],"picked":"Wild Strike","floor":22.0},{"not_picked":["REME_Cut","Cleave"],"picked":"Blood for Blood","floor":23.0},{"not_picked":["Demon Form","Wild Strike","Burning Pact"],"picked":"SKIP","floor":25.0},{"not_picked":["Twin Strike","Hemokinesis","Havoc+1"],"picked":"SKIP","floor":28.0},{"not_picked":["Metallicize","Sword Boomerang","Twin Strike"],"picked":"SKIP","floor":29.0},{"not_picked":["AT_IchimonjiDouble","REME_Scribble"],"picked":"Perfected Strike","floor":30.0},{"not_picked":["Reaper","REME_TheLastStrike"],"picked":"REME_ACTH","floor":33.0},{"not_picked":["REME_Cut","Clash"],"picked":"Flame Barrier","floor":35.0},{"not_picked":["Iron Wave","Thunderclap","Rupture+1"],"picked":"SKIP","floor":36.0},{"not_picked":["Discovery","Metamorphosis"],"picked":"AT_EmpoweredMortalDraw","floor":38},{"not_picked":["Clash+1","AT_BodySlamDance+1","Whirlwind"],"picked":"SKIP","floor":39},{"not_picked":["Cleave","Power Through+1"],"picked":"AT_ShrugMaster","floor":40},{"not_picked":["AT_ManFootWork","Shrug It Off","Blood for Blood"],"picked":"SKIP","floor":41},{"not_picked":["REME_Scribble","AT_ManFootWork+1","Armaments+1"],"picked":"SKIP","floor":47},{"not_picked":["Headbutt","Dropkick","Pommel Strike"],"picked":"SKIP","floor":48},{"not_picked":["Carnage+1","Spot Weakness+1"],"picked":"Uppercut","floor":49},{"not_picked":["REME_Scribble+1","Shockwave"],"picked":"True Grit","floor":53},{"not_picked":["Sentinel","Warcry"],"picked":"Shockwave+1","floor":55}],"player_experience":330265,"relics_obtained":[{"floor":7.0,"key":"Tiny Chest"},{"floor":9.0,"key":"AT_SunfireAegis"},{"floor":11.0,"key":"Dream Catcher"},{"floor":14.0,"key":"MealTicket"},{"floor":23.0,"key":"Mercury Hourglass"},{"floor":25.0,"key":"Turnip"},{"floor":28.0,"key":"Meat on the Bone"},{"floor":37.0,"key":"Nunchaku"},{"floor":40,"key":"Unceasing Top"},{"floor":41,"key":"Blue Candle"},{"floor":42,"key":"StoneCalendar"},{"floor":43,"key":"Oddly Smooth Stone"},{"floor":45,"key":"Pantograph"},{"floor":47,"key":"AT_TheCollector"},{"floor":55,"key":"Toy Ornithopter"}],"event_choices":[{"damage_healed":0.0,"max_hp_gain":0.0,"max_hp_loss":0.0,"gold_gain":0.0,"event_name":"Lab","player_choice":"Got Potions","floor":3.0,"gold_loss":0.0,"damage_taken":0.0},{"damage_healed":43.0,"max_hp_gain":0.0,"max_hp_loss":75.0,"gold_gain":0.0,"event_name":"betterThird:BetterShining","player_choice":"Upgrade","floor":10.0,"gold_loss":0.0,"damage_taken":23.0,"cards_upgraded":["Bash","Defend_R"]},{"cards_removed":["AT_EmpoweredMortalDraw"],"damage_healed":0.0,"max_hp_gain":0.0,"max_hp_loss":0.0,"gold_gain":0.0,"event_name":"betterNote:BetterNote","player_choice":"Take \u0026 Give","floor":20.0,"gold_loss":0.0,"damage_taken":0.0,"cards_obtained":["REME_EyeOfCthun"]},{"damage_healed":0.0,"max_hp_gain":0.0,"max_hp_loss":0.0,"gold_gain":0.0,"event_name":"The Library","player_choice":"Read","floor":31.0,"gold_loss":0.0,"damage_taken":0.0,"cards_obtained":["Perfected Strike"]},{"damage_healed":0,"gold_gain":0,"player_choice":"Memory 2","damage_taken":5,"max_hp_gain":0,"max_hp_loss":0,"event_name":"SensoryStone","floor":38,"gold_loss":0},{"damage_healed":0,"gold_gain":0,"player_choice":"Fight","damage_taken":0,"max_hp_gain":0,"max_hp_loss":0,"event_name":"Mysterious Sphere","floor":40,"gold_loss":0},{"damage_healed":0,"gold_gain":0,"player_choice":"Fight","damage_taken":0,"max_hp_gain":0,"max_hp_loss":0,"event_name":"MindBloom","floor":42,"gold_loss":0}],"is_beta":false,"boss_relics":[{"not_picked":["Calling Bell","Ectoplasm"],"picked":"AT_MortalBlade"},{"not_picked":["REME_DemonsWealth","Runic Dome"],"picked":"Philosopher\u0027s Stone"}],"items_purged_floors":[2,54],"is_endless":false,"potions_floor_spawned":[5,7,11,14,18,21,25,29,36,41,42,55],"ascension_level":20}}