{"host":"leop","time":1613755620,"event":{"mods":["ATMod(°¢èªMod)","Act Like it!","BaseMod","GifTheSpireLib","Lobotomy","LobotomyExtend","Minty Spire (QoL Compilation)","MostiFishMod","Pale of the Ancients","Quick Restart","Reliquary","Shop Mod","Spicy Shops","StSLib","TestMod","noobMod","¡¾ÒÅÎï¿¨ÅÆ¡¿REMEMod"],"gold_per_floor":[278,299,299,303,327,366,366,366,366,366,406,252,327,350,350,461,461,477,384,384,389,406,406,406],"floor_reached":23,"language":"ZHS","playtime":1044,"items_purged":["Strike_R","Defend_R","Parasite"],"score":326,"play_id":"f27fe721-f8f8-41a2-b7d1-fa16686a8f4b","local_time":"20210220012700","is_ascension_mode":false,"campfire_choices":[{"data":"Burning Pact","floor":7.0,"key":"SMITH"},{"data":"Bloodletting","floor":10.0,"key":"SMITH"},{"data":"Feed","floor":15.0,"key":"SMITH"}],"circlet_count":0,"master_deck":["Strike_R","Strike_R","Defend_R","Bash","Bloodletting+1","Battle Trance","PunishingBird","Burning Pact+1","AT_ShrugMaster+1","Funeral","Inflame+1","QueenOfHatred","Reaper","Inflame+1","Dark Embrace+1","BigBird","Hemokinesis+1"],"relics":["Burning Blood","AT_ATBox","DaveBox","testmod-TestBox","REME_ComplimentaryCards","ice","CogitoBucket","RabbitCall","testmod-DeterminationOfClimber","GreenFoldingFan","SynthV:TestCard","LetterFromLob","Frozen Egg 2","testmod-Justice","DiscerningMonocle","Eternal Feather","MerchantsRug","Pear","Happy Flower","reliquary:ExpiredCoupon","reliquary:Bookmark","LuminousBracelet","testmod-Fanaticism","reliquary:Spinner","reliquary:BoilingFlask","AT_BladeRuinedKing","TimeFreeze","Shovel","Bag of Preparation"],"acts_visited":["Exordium","TheCity"],"potions_floor_usage":[],"damage_taken":[{"damage":5.0,"enemies":"Cultist","floor":1.0,"turns":2.0},{"damage":12.0,"enemies":"Jaw Worm","floor":2.0,"turns":3.0},{"damage":7.0,"enemies":"2 Louse","floor":4.0,"turns":2.0},{"damage":5.0,"enemies":"Blue Slaver","floor":5.0,"turns":1.0},{"damage":10.0,"enemies":"Lagavulin","floor":6.0,"turns":2.0},{"damage":7.0,"enemies":"Gremlin Nob","floor":11.0,"turns":2.0},{"damage":13.0,"enemies":"3 Louse","floor":14.0,"turns":2.0},{"damage":13.0,"enemies":"Slime Boss","floor":16.0,"turns":2.0},{"damage":17.0,"enemies":"3 Byrds","floor":18.0,"turns":2.0},{"damage":9.0,"enemies":"Shell Parasite","floor":21.0,"turns":1.0},{"damage":19.0,"enemies":"Shelled Parasite and Fungi","floor":22.0,"turns":2.0},{"damage":2,"enemies":"REME_1_Revenger","floor":23,"turns":1}],"seed_played":"1884744135715116658","potions_obtained":[{"floor":1.0,"key":"Explosive Potion"},{"floor":6.0,"key":"Block Potion"},{"floor":16.0,"key":"Weak Potion"},{"floor":22.0,"key":"Swift Potion"}],"is_trial":false,"path_per_floor":["M","M","?","M","M","E","R","?","T","R","E","$","?","M","R","B",null,"M","$","?","M","M","E"],"character_chosen":"IRONCLAD","items_purchased":["DiscerningMonocle","Eternal Feather","MerchantsRug","Pear","Happy Flower","reliquary:ExpiredCoupon","reliquary:Bookmark","Regen Potion","REME_GoldPotion","Block Potion","Inflame+1","reliquary:Spinner","reliquary:BoilingFlask","AT_BladeRuinedKing","TimeFreeze","Dark Embrace+1","REME_Scribble","Shovel","Swift Potion","Energy Potion"],"campfire_rested":0,"item_purchase_floors":[12,12,12,12,12,12,12,12,12,12,12,19,19,19,19,19,19,19,19,19],"current_hp_per_floor":[80,80,80,80,80,80,80,80,80,80,80,90,79,105,105,109,109,113,110,110,114,118,117,117],"gold":406,"neow_bonus":"","is_daily":false,"chose_seed":false,"campfire_upgraded":3,"win_rate":0.0,"timestamp":1613755620,"path_taken":["M","?","?","?","M","E","R","?","T","R","E","$","?","M","R","BOSS","M","$","?","?","M","E"],"items_purchased_type":["Relic","Relic","Relic","Relic","Relic","Relic","Relic","Potion","Potion","Potion","Card","Relic","Relic","Relic","Relic","Card","Card","Relic","Potion","Potion"],"build_version":"2020-12-18","purchased_purges":3,"victory":false,"max_hp_per_floor":[80,80,80,80,80,80,80,80,80,80,80,90,90,105,105,109,109,113,110,110,114,118,118,118],"card_choices":[{"not_picked":["Cleave","Shrug It Off"],"picked":"Bloodletting","floor":1.0},{"not_picked":["LittleHelper","MHz","VoidDream"],"picked":"Singing Bowl","floor":1.0},{"not_picked":["CrumblingArmor","Yin","GalaxyChild"],"picked":"Singing Bowl","floor":2.0},{"not_picked":["AT_ManFootWork","Infernal Blade","Pommel Strike","Flex"],"picked":"Battle Trance","floor":2.0},{"not_picked":["HappyTeddy","UniverseFragment","VoidDream"],"picked":"Singing Bowl","floor":4.0},{"not_picked":["Rupture","Sentinel","Havoc","Flame Barrier"],"picked":"REME_ACTH","floor":4.0},{"not_picked":["CrumblingArmor","WallGazer"],"picked":"PunishingBird","floor":5.0},{"not_picked":["MostiFishMod:BrandingRite","Perfected Strike","Wild Strike","Flex","Thunderclap"],"picked":"SKIP","floor":5.0},{"not_picked":["Rage","Headbutt","True Grit","Body Slam"],"picked":"Burning Pact","floor":6.0},{"not_picked":["BlackSwan","Laetitia","VoidDream"],"picked":"Singing Bowl","floor":6.0},{"not_picked":["AT_BodySlamDance","Clash","Armaments","Rage"],"picked":"AT_ShrugMaster+1","floor":11.0},{"not_picked":["HeroicMonk","Yin"],"picked":"Funeral","floor":11.0},{"not_picked":["Pommel Strike","True Grit","Cleave","AT_BodySlamDance"],"picked":"Feed","floor":14.0},{"not_picked":["Bloodbath","Scarecrow"],"picked":"QueenOfHatred","floor":14.0},{"not_picked":["Rudolta","ShyLook","MHz"],"picked":"Singing Bowl","floor":16.0},{"not_picked":["MostiFishMod:CullingBlade","Offering","MostiFishMod:FireWorks","Immolate"],"picked":"Reaper","floor":16.0},{"not_picked":["BlackSwan","SilentOrchestra","ShyLook"],"picked":"Singing Bowl","floor":18.0},{"not_picked":["Clothesline","Shrug It Off","Pummel","Headbutt"],"picked":"Inflame+1","floor":18.0},{"not_picked":["GalaxyChild","SingingMachine","OSAHOGD"],"picked":"Singing Bowl","floor":21.0},{"not_picked":["True Grit+1","Double Tap","Hemokinesis+1","Havoc","Flame Barrier+1"],"picked":"SKIP","floor":21.0},{"not_picked":["FairyFestival","HappyTeddy","CENSORED"],"picked":"Singing Bowl","floor":22.0},{"not_picked":["Freischutz","Murderer"],"picked":"BigBird","floor":22.0},{"not_picked":["True Grit","Twin Strike","Headbutt","AT_IchimonjiDouble"],"picked":"Hemokinesis+1","floor":22.0}],"player_experience":1226393,"relics_obtained":[{"floor":1.0,"key":"SynthV:TestCard"},{"floor":1.0,"key":"LetterFromLob"},{"floor":6.0,"key":"Frozen Egg 2"},{"floor":11.0,"key":"testmod-Justice"}],"event_choices":[{"damage_healed":0.0,"max_hp_gain":0.0,"max_hp_loss":0.0,"gold_gain":0.0,"event_name":"The Woman in Blue","player_choice":"Bought 0 Potions","floor":3.0,"gold_loss":0.0,"damage_taken":0.0},{"damage_healed":0.0,"max_hp_gain":0.0,"max_hp_loss":0.0,"gold_gain":0.0,"event_name":"Liars Game","player_choice":"Ignored","floor":8.0,"gold_loss":0.0,"damage_taken":0.0},{"damage_healed":0.0,"max_hp_gain":0.0,"max_hp_loss":0.0,"gold_gain":75.0,"event_name":"World of Goop","player_choice":"Gather Gold","floor":13.0,"gold_loss":0.0,"damage_taken":11.0},{"damage_healed":0.0,"max_hp_gain":0.0,"max_hp_loss":0.0,"gold_gain":0.0,"event_name":"WeMeetAgain","player_choice":"Gave Potion","floor":20.0,"gold_loss":0.0,"damage_taken":0.0,"relics_obtained":["Bag of Preparation"]}],"is_beta":true,"boss_relics":[{"not_picked":["Runic Dome","testmod-CardMagician"],"picked":"testmod-Fanaticism"}],"items_purged_floors":[12,19,19],"is_endless":false,"potions_floor_spawned":[1,6,14,16,18,22],"killed_by":"REME_1_Revenger","ascension_level":0}}