{"host":"yfi73559mxreacvo","time":1613739423,"event":{"mods":["AchievementEnabler","Act Like it!","Arknights","Aspiration","BaseMod","Better Third Choice","BetterRewards","Colored Map","Conspire","Evolution","GifTheSpireLib","Halation","HexUI Lib","Highlight Path","Hubris","Minty Spire (QoL Compilation)","Railgun Mod","Reliquary","Replay The Spire","StSLib","Stuff the Spire","The Dragonkin","The Florist","The Gatherer","Wandering Minibosses"],"gold_per_floor":[99,24,0,0,10,29,56,76,125,125,143,158,158,174,174,174,174],"floor_reached":16,"language":"ENG","playtime":988,"items_purged":["Agrypnos:BasicStrike"],"score":104,"play_id":"07fc5d41-f0a6-4f29-8049-d5d7c0c7279c","local_time":"20210219075703","is_ascension_mode":false,"campfire_choices":[{"data":"Agrypnos:CombTheEarth","floor":10,"key":"SMITH"},{"data":"Agrypnos:Summer","floor":13,"key":"SMITH"},{"data":"Agrypnos:Trowel","floor":15,"key":"SMITH"}],"circlet_count":0,"master_deck":["Agrypnos:BasicStrike","Agrypnos:BasicStrike","Agrypnos:BasicStrike","Agrypnos:BasicDefend","Agrypnos:BasicDefend","Agrypnos:BasicDefend","Agrypnos:BasicDefend","Agrypnos:Dandelion","Agrypnos:Trowel+1","Agrypnos:CombTheEarth+1","Enlightenment","Agrypnos:Orchid","Agrypnos:Summer+1","Agrypnos:Wolfsbane","Agrypnos:Wolfsbane"],"relics":["Agrypnos:Floristry","EVO:Axolotl","NeowsBlessing","hubris:DeckOfHolding"],"acts_visited":["Exordium"],"potions_floor_usage":[7,16],"damage_taken":[{"damage":0,"enemies":"Small Slimes","floor":1,"turns":2},{"damage":0,"enemies":"Cultist","floor":5,"turns":1},{"damage":0,"enemies":"2 Louse","floor":6,"turns":1},{"damage":34,"enemies":"3 Sentries","floor":7,"turns":23},{"damage":7,"enemies":"Exordium Thugs","floor":8,"turns":7},{"damage":3,"enemies":"Red Slaver","floor":11,"turns":6},{"damage":7,"enemies":"3 Louse","floor":12,"turns":8},{"damage":7,"enemies":"Exordium Wildlife","floor":14,"turns":7},{"damage":35,"enemies":"Slime Boss","floor":16,"turns":3}],"seed_played":"-4969916476991058314","potions_obtained":[{"floor":5,"key":"Fire Potion"},{"floor":6,"key":"Reflective Coating"},{"floor":8,"key":"Dexterity Potion"},{"floor":11,"key":"conspire:TimeTravelPotion"}],"is_trial":false,"path_per_floor":["M","$","?","?","M","M","E","M","T","R","M","M","R","M","R","B"],"character_chosen":"THE_FLORIST","items_purchased":[],"campfire_rested":0,"item_purchase_floors":[],"current_hp_per_floor":[70,70,76,76,76,76,42,35,35,35,32,25,25,18,18,0,0],"gold":174,"neow_bonus":"THREE_ENEMY_KILL","is_daily":false,"chose_seed":false,"campfire_upgraded":3,"win_rate":0.0,"timestamp":1613739423,"path_taken":["M","$","?","?","M","M","E","M","T","R","M","M","R","M","R","BOSS"],"items_purchased_type":[],"build_version":"2020-12-22","purchased_purges":1,"victory":false,"max_hp_per_floor":[70,70,76,76,76,76,76,76,76,76,76,76,76,76,76,76,76],"card_choices":[{"not_picked":["Agrypnos:Rose","Agrypnos:ViolentBloom"],"picked":"Agrypnos:CombTheEarth","floor":1},{"not_picked":["Agrypnos:Tumbleweed","Agrypnos:FloralScent","Agrypnos:RustyShear"],"picked":"SKIP","floor":5},{"not_picked":["Agrypnos:CorpseFlower","Agrypnos:Fertilize"],"picked":"Agrypnos:Orchid","floor":6},{"not_picked":["Agrypnos:CombTheEarth","Agrypnos:Carnation","Agrypnos:Rot"],"picked":"SKIP","floor":7},{"not_picked":["Agrypnos:Till","Agrypnos:Bramble","Agrypnos:Blossom"],"picked":"SKIP","floor":8},{"not_picked":["Agrypnos:Rake","Agrypnos:Replanting"],"picked":"Agrypnos:Summer","floor":11},{"not_picked":["Agrypnos:Rot","Agrypnos:Rake"],"picked":"Agrypnos:Wolfsbane","floor":12},{"not_picked":["Agrypnos:Azalea","Agrypnos:Tumbleweed"],"picked":"Agrypnos:Wolfsbane","floor":14}],"player_experience":473557,"relics_obtained":[{"floor":7,"key":"hubris:DeckOfHolding"}],"event_choices":[{"damage_healed":0,"gold_gain":0,"player_choice":"RENOUNCE","damage_taken":24,"max_hp_gain":0,"max_hp_loss":0,"event_name":"betterThird:BetterSerpent","floor":3,"gold_loss":24,"cards_obtained":["Enlightenment"]},{"damage_healed":0,"gold_gain":0,"player_choice":"Ignored","damage_taken":0,"max_hp_gain":0,"max_hp_loss":0,"event_name":"NoteForYourself","floor":4,"gold_loss":0}],"is_beta":false,"boss_relics":[],"items_purged_floors":[2],"is_endless":false,"potions_floor_spawned":[5,6,8,11],"killed_by":"Slime Boss","ascension_level":0}}