{"host":"Ringo","time":1613716125,"event":{"mods":["BaseMod","Colored Map","Conspire","Dota2Spire","Hubris","Minty Spire (QoL Compilation)","Replay The Spire","StSLib","The Construct","[IsaacMod]ÒÔÈö¼âËþ","¡¾ÒÅÎï¿¨ÅÆ¡¿REMEMod"],"gold_per_floor":[114,137,137,156,176,202,229,260,342,374,387,416,451,480,480,555,555,574,600,635,635],"floor_reached":20,"language":"ZHS","playtime":755,"items_purged":[],"score":814,"play_id":"e0562c3a-48cf-4a65-8357-96e13b59694a","local_time":"20210219142845","daily_mods":["SealedDeck","Vintage","Red Cards","Colorless Cards","Heirloom","Time Dilation","Flight","DeadlyEvents","Elite Swarm","Lethality","Binary"],"is_ascension_mode":true,"campfire_choices":[{"data":"construct:LaserCore","floor":15,"key":"SMITH"}],"circlet_count":0,"master_deck":["AscendersBane","construct:SaveState","Pommel Strike","Replay:Undeath\u0027s Touch","construct:ModeShift","Twin Strike","ReplayTheSpireMod:Muscle Training","construct:FocusedBeam","Metallicize","construct:SuppressiveFire","Flex","Master of Strategy","REME_Scribble","construct:LaserCore+1"],"relics":["Burning Blood","Busted Crown","HushsDoor","REME_ComplimentaryCards","replay:Trail_Library","Dota2Spire:HeartOfTarrasque","DeadEye","Replay:Baseball","PunchingBag","PillsDrop","Magic Flower","Dota2Spire:UrnOfShadows","Girya","Pondfish Scales","Dream Catcher","Letter Opener","Blood Vial","hubris:FunFungus","Matryoshka","Pen Nib","Tiny Chest","Runic Cube","SalivaCoin","conspire:TopHat"],"acts_visited":["Exordium","TheCity"],"potions_floor_usage":[7,13],"damage_taken":[{"damage":0,"enemies":"Cultist","floor":1,"turns":1},{"damage":9,"enemies":"conspire:RoseBush","floor":4,"turns":1},{"damage":3,"enemies":"Jaw Worm","floor":5,"turns":2},{"damage":5,"enemies":"3 Sentries","floor":6,"turns":5},{"damage":1,"enemies":"Gremlin Nob","floor":7,"turns":2},{"damage":4,"enemies":"3 Sentries","floor":8,"turns":3},{"damage":4,"enemies":"Replay:BlueRogue","floor":10,"turns":2},{"damage":3,"enemies":"Exordium Thugs","floor":11,"turns":2},{"damage":4,"enemies":"3 Sentries","floor":12,"turns":2},{"damage":3,"enemies":"Gremlin Nob","floor":13,"turns":2},{"damage":12,"enemies":"Replay:BlueRogue","floor":14,"turns":2},{"damage":18,"enemies":"The Guardian","floor":16,"turns":4},{"damage":3,"enemies":"3 Byrds","floor":18,"turns":2},{"damage":3,"enemies":"conspire:FuzzyDice","floor":19,"turns":2},{"damage":22,"enemies":"conspire:HollyBat","floor":20,"turns":5}],"seed_played":"-4206648309296483468","potions_obtained":[{"floor":4,"key":"Dota2Spire:Clarity"},{"floor":5,"key":"AttackPotion"},{"floor":12,"key":"Toxic Potion"},{"floor":14,"key":"Flashbang"},{"floor":18,"key":"DuplicationPotion"}],"is_trial":true,"path_per_floor":["M","T","?","M","M","E","E","E","T","E","M","E","E","E","R","B",null,"M","M","M"],"character_chosen":"IRONCLAD","items_purchased":[],"campfire_rested":0,"item_purchase_floors":[],"current_hp_per_floor":[82,82,64,63,72,92,92,94,94,96,98,100,102,103,103,102,105,108,110,94,94],"gold":635,"neow_bonus":"","is_daily":false,"chose_seed":false,"campfire_upgraded":1,"win_rate":0.0,"timestamp":1613716125,"path_taken":["M","?","?","M","M","E","E","E","T","E","M","?","E","E","R","BOSS","M","?","?"],"items_purchased_type":[],"build_version":"2020-12-18","purchased_purges":0,"victory":false,"max_hp_per_floor":[83,83,83,85,87,92,92,94,94,96,98,100,102,104,104,106,106,108,110,112,112],"card_choices":[],"player_experience":721485,"relics_obtained":[{"floor":1,"key":"Replay:Baseball"},{"floor":2,"key":"PunchingBag"},{"floor":4,"key":"Magic Flower"},{"floor":5,"key":"Dota2Spire:UrnOfShadows"},{"floor":6,"key":"Girya"},{"floor":7,"key":"Pondfish Scales"},{"floor":8,"key":"Dream Catcher"},{"floor":9,"key":"Letter Opener"},{"floor":10,"key":"Blood Vial"},{"floor":11,"key":"hubris:FunFungus"},{"floor":12,"key":"Matryoshka"},{"floor":13,"key":"Pen Nib"},{"floor":14,"key":"Tiny Chest"},{"floor":18,"key":"SalivaCoin"},{"floor":19,"key":"conspire:TopHat"}],"event_choices":[{"damage_healed":0,"gold_gain":0,"player_choice":"Success","damage_taken":18,"relics_obtained":["PillsDrop"],"max_hp_gain":0,"max_hp_loss":0,"event_name":"Scrap Ooze","floor":3,"gold_loss":0}],"is_beta":true,"boss_relics":[{"not_picked":["Fusion Hammer","Abe\u0027s Treasure"],"picked":"Runic Cube"},{"not_picked":[]}],"items_purged_floors":[],"is_endless":false,"potions_floor_spawned":[4,5,12,14,18,19],"killed_by":"conspire:HollyBat","ascension_level":20}}