{"host":"mu5qkq7030l6349q","time":1613753839,"event":{"mods":["AchievementEnabler","BaseMod","Colored Powertips","Downfall","Highlight Path","Minty Spire (QoL Compilation)","Permanent Neow","Rare Cards Sparkle","Replay The Spire","StSLib"],"gold_per_floor":[99,109,121,137,237,253,253,253,253,253,35,65,75,100,119,219,219,119,139,156,66,166,166,166,185,217,129,26,26,41,76,94,191,191,191,210,222,267,267,293,293,337,347,347,347,347],"floor_reached":44,"language":"ENG","playtime":3988,"items_purged":["hexamod:Strike","hexamod:Strike"],"score":563,"play_id":"a2d63c59-b0e3-46b9-9c5e-1021264d8ae1","local_time":"20210219175719","is_ascension_mode":false,"campfire_choices":[{"data":"hexamod:Float","floor":1.0,"key":"SMITH"},{"data":"hexamod:EmpoweredFlame","floor":8.0,"key":"SMITH"},{"data":"hexamod:PhantomFireball","floor":10.0,"key":"SMITH"},{"data":"hexamod:VolcanoVisage","floor":18.0,"key":"SMITH"},{"data":"hexamod:ExtraCrispy","floor":27.0,"key":"SMITH"},{"floor":29.0,"key":"REST"},{"floor":35.0,"key":"RECALL"}],"circlet_count":0,"master_deck":["hexamod:Strike","hexamod:Strike","hexamod:Defend","hexamod:Defend","hexamod:Defend","hexamod:Defend","hexamod:Sear+1","hexamod:Float+1","hexamod:PhantomFireball+1","hexamod:AdvancingGuard","hexamod:EmpoweredFlame+1","hexamod:HauntingEcho","hexamod:BacktrackSmack","hexamod:EmpoweredFlame+1","hexamod:VolcanoVisage+1","hexamod:InspiringFlames","hexamod:AdvancingGuard","hexamod:WildfireWeapon","hexamod:ThirdSeal","hexamod:PhantomCloak","hexamod:ThermalTransfer","hexamod:TimeOfNeed","hexamod:Incineration+1","hexamod:ExtraCrispy+1","hexamod:SoulSteal","hexamod:ExtraCrispy","hexamod:SwordOfDarkness+1","hexamod:SwordOfDarkness+1","hexamod:ThermalTransfer+1","hexamod:SoulSteal","hexamod:BurningTouch","hexamod:SearingWound","hexamod:SearingWound","hexamod:HeatMetal+1","hexamod:FirstSeal","hexamod:DynamicBlow+1","Voices","hexamod:Incineration+1","ReplayTheSpireMod:Splinters"],"relics":["Black Star","Replay:WaspNest","Bronze Scales","Counterbalance","Vajra","Mercury Hourglass","Bag of Marbles","Replay:Bronze Core","downfall:HeartBlessingGreen","hexamod:SoulConsumer","Molten Egg 2","Sundial","Pet Ghost","MawBank","downfall:HeartBlessingBlue","HornCleat","Replay:Mystery Machine","hexamod:IceCube","Incense Burner","ReplayTheSpireMod:Ring of Challenge","ReplayTheSpireMod:Ring of Collecting","Pondfish Scales","Iron Hammer","FossilizedHelix","ReplayTheSpireMod:Ring of Exchange","Torii"],"acts_visited":["Exordium","TheCity","TheBeyond"],"potions_floor_usage":[],"damage_taken":[{"damage":0.0,"enemies":"Small Slimes","floor":2.0,"turns":3.0},{"damage":0.0,"enemies":"2 Louse","floor":3.0,"turns":3.0},{"damage":0.0,"enemies":"Cultist","floor":4.0,"turns":4.0},{"damage":3.0,"enemies":"Lots of Slimes","floor":6.0,"turns":5.0},{"damage":0.0,"enemies":"downfall:FleeingMerchant","floor":11.0,"turns":4.0},{"damage":1.0,"enemies":"Replay:BlueRogue","floor":12.0,"turns":4.0},{"damage":12.0,"enemies":"2 Fungi Beasts","floor":13.0,"turns":4.0},{"damage":9.0,"enemies":"Gremlin Nob","floor":14.0,"turns":4.0},{"damage":6.0,"enemies":"Exordium Wildlife","floor":15.0,"turns":2.0},{"damage":7.0,"enemies":"SI_SHIV_ARCHETYPE","floor":16.0,"turns":5.0},{"damage":17.0,"enemies":"3 Byrds","floor":19.0,"turns":3.0},{"damage":0.0,"enemies":"Chosen","floor":20.0,"turns":4.0},{"damage":0.0,"enemies":"downfall:FleeingMerchant","floor":21.0,"turns":5.0},{"damage":7.0,"enemies":"Colosseum Nobs","floor":22.0,"turns":3.0},{"damage":1.0,"enemies":"Centurion and Healer","floor":25.0,"turns":4.0},{"damage":28.0,"enemies":"Book of Stabbing","floor":26.0,"turns":5.0},{"damage":0.0,"enemies":"downfall:FleeingMerchant","floor":28.0,"turns":5.0},{"damage":20.0,"enemies":"Sentry and Sphere","floor":30.0,"turns":5.0},{"damage":22.0,"enemies":"Gremlin Leader","floor":31.0,"turns":6.0},{"damage":0.0,"enemies":"3 Cultists","floor":32.0,"turns":4.0},{"damage":9.0,"enemies":"WA_ARCHETYPE_CALM","floor":33.0,"turns":7.0},{"damage":10.0,"enemies":"Orb Walker","floor":36.0,"turns":3.0},{"damage":15.0,"enemies":"3 Shapes","floor":37.0,"turns":5.0},{"damage":14.0,"enemies":"2 Orb Walkers","floor":38.0,"turns":4.0},{"damage":25.0,"enemies":"Nemesis","floor":40.0,"turns":7.0},{"damage":2,"enemies":"Jaw Worm Horde","floor":43,"turns":4},{"damage":44,"enemies":"Reptomancer","floor":44,"turns":5}],"seed_played":"-7533313325729265893","potions_obtained":[{"floor":3.0,"key":"Fire Potion"},{"floor":4.0,"key":"Elixir"},{"floor":6.0,"key":"Languid Potion"},{"floor":14.0,"key":"LiquidMemories"},{"floor":19.0,"key":"EntropicBrew"},{"floor":32.0,"key":"Adrenaline Potion"},{"floor":38.0,"key":"Fire Potion"}],"is_trial":false,"path_per_floor":["R","M","M","M","?","M","T","R","?","R","$","E","M","E","M","B",null,"R","M","M","$","?","T","T","M","E","R","$","R","M","E","M","B",null,"R","M","M","?","?","E","T","?","M","E"],"character_chosen":"THE_SPIRIT","items_purchased":["hexamod:EmpoweredFlame+1","Bronze Scales"],"campfire_rested":1,"item_purchase_floors":[11,11],"current_hp_per_floor":[70,70,70,70,70,67,67,67,67,67,67,66,54,45,39,32,70,70,53,53,53,46,46,46,49,25,35,39,63,47,29,33,28,80,80,70,59,56,56,42,42,42,44,0,0,0],"gold":347,"neow_bonus":"BOSS_RELIC","is_daily":false,"chose_seed":false,"campfire_upgraded":5,"win_rate":0.0,"timestamp":1613753839,"path_taken":["R","M","M","M","?","M","T","R","?","R","$","E","?","E","M","BOSS","R","?","?","$","?","?","T","M","E","R","$","R","M","E","M","BOSS","R","M","M","?","?","E","T","?","M","E"],"items_purchased_type":["Card","Relic"],"build_version":"2020-12-22","purchased_purges":2,"victory":false,"max_hp_per_floor":[70,70,70,70,70,70,70,70,70,70,70,70,70,70,70,70,70,70,70,70,70,70,70,70,70,70,80,80,80,80,80,80,80,80,80,80,80,80,80,80,80,80,80,80,80,80],"card_choices":[{"not_picked":["hexamod:Hexaguard","hexamod:FourthSeal"],"picked":"hexamod:PhantomFireball","floor":2.0},{"not_picked":["hexamod:FirstSeal","hexamod:Firestarter"],"picked":"hexamod:AdvancingGuard","floor":3.0},{"not_picked":["hexamod:NightmareStrike","hexamod:RadiantFlame"],"picked":"hexamod:EmpoweredFlame","floor":4.0},{"not_picked":["hexamod:SkipABeat","hexamod:Firestarter"],"picked":"hexamod:HauntingEcho","floor":6.0},{"not_picked":["hexamod:InspiringFlames","hexamod:CatchUp"],"picked":"hexamod:BacktrackSmack","floor":11.0},{"not_picked":["hexamod:Haunt","hexamod:NightmareStrike"],"picked":"hexamod:VolcanoVisage","floor":12.0},{"not_picked":["hexamod:RecurringNightmare","hexamod:GhostLash","hexamod:GhostShield"],"picked":"SKIP","floor":13.0},{"not_picked":["hexamod:RainOfEmbers","hexamod:Hexaguard"],"picked":"hexamod:InspiringFlames","floor":14.0},{"not_picked":["hexamod:Firestarter","hexamod:GhostOfSpireFuture"],"picked":"hexamod:AdvancingGuard","floor":15.0},{"not_picked":["hexamod:TimeWarp","hexamod:TurnItUp"],"picked":"hexamod:WildfireWeapon","floor":16.0},{"not_picked":["hexamod:Hexaguard","hexamod:GhostShield"],"picked":"hexamod:ThirdSeal","floor":19.0},{"not_picked":["hexamod:FastForward","hexamod:Hexaguard+1"],"picked":"hexamod:PhantomCloak","floor":20.0},{"not_picked":["hexamod:GhostShield","hexamod:NightmareGuise+1"],"picked":"hexamod:ThermalTransfer","floor":20.0},{"not_picked":["hexamod:Firestarter","hexamod:InspiringFlames"],"picked":"hexamod:TimeOfNeed","floor":21.0},{"not_picked":["hexamod:HauntingEcho","hexamod:TimeWarp"],"picked":"hexamod:Incineration+1","floor":21.0},{"not_picked":["hexamod:RecurringNightmare","hexamod:EmpoweredFlame"],"picked":"hexamod:ExtraCrispy","floor":25.0},{"not_picked":["hexamod:RetreatToShadows+1","hexamod:HauntingEcho+1","hexamod:Hexaguard"],"picked":"SKIP","floor":25.0},{"not_picked":["hexamod:HeatShield","hexamod:PhantomCloak+1"],"picked":"hexamod:SoulSteal","floor":26.0},{"not_picked":["hexamod:EtherealExpedition","hexamod:RecurringNightmare","hexamod:FourthSeal"],"picked":"SKIP","floor":26.0},{"not_picked":["hexamod:Rewind","hexamod:BurningTouch+1"],"picked":"hexamod:ExtraCrispy","floor":28.0},{"not_picked":["hexamod:AdvancingGuard","hexamod:Hexaguard","hexamod:InspiringFlames"],"picked":"SKIP","floor":28.0},{"not_picked":["hexamod:FastForward","hexamod:WildfireWeapon"],"picked":"hexamod:SwordOfDarkness+1","floor":30.0},{"not_picked":["hexamod:InspiringFlames","hexamod:GhostOfSpirePast"],"picked":"hexamod:SwordOfDarkness+1","floor":30.0},{"not_picked":["hexamod:BacktrackSmack+1","hexamod:RecurringNightmare+1"],"picked":"hexamod:ThermalTransfer+1","floor":31.0},{"not_picked":["hexamod:GhostOfSpireFuture+1","hexamod:NecessarySacrifice","hexamod:AdvancingGuard"],"picked":"SKIP","floor":31.0},{"not_picked":["hexamod:InspiringFlames","hexamod:HeatMetal+1"],"picked":"hexamod:SoulSteal","floor":32.0},{"not_picked":["hexamod:GhostflameBarrier","hexamod:SearingWound"],"picked":"hexamod:BurningTouch","floor":32.0},{"not_picked":["hexamod:TimeWarp+1","hexamod:FifthSeal"],"picked":"hexamod:SearingWound","floor":33.0},{"not_picked":["hexamod:HexaLevel","hexamod:UnleashSpirits+1"],"picked":"hexamod:SearingWound","floor":33.0},{"not_picked":["hexamod:StepThrough+1","hexamod:SpectralAdrenaline"],"picked":"hexamod:HeatMetal+1","floor":36.0},{"not_picked":["hexamod:SpectersWail+1","hexamod:FourthSeal"],"picked":"hexamod:FirstSeal","floor":37.0},{"not_picked":["hexamod:HeatMetal+1","hexamod:NightmareGuise","hexamod:UnleashSpirits+1"],"picked":"SKIP","floor":37.0},{"not_picked":["hexamod:BurningTouch","hexamod:Firestarter+1"],"picked":"hexamod:DynamicBlow+1","floor":38.0},{"not_picked":["hexamod:NecessarySacrifice","hexamod:BurningTouch+1"],"picked":"hexamod:Incineration+1","floor":40.0},{"not_picked":["hexamod:FastForward","hexamod:ShieldOfDarkness+1","hexamod:InspiringFlames+1"],"picked":"SKIP","floor":40.0},{"not_picked":["hexamod:GhostOfSpirePast","hexamod:HeatMetal+1","hexamod:FourthSeal"],"picked":"SKIP","floor":43}],"player_experience":58147,"relics_obtained":[{"floor":7.0,"key":"Replay:WaspNest"},{"floor":12.0,"key":"Counterbalance"},{"floor":12.0,"key":"Vajra"},{"floor":14.0,"key":"Mercury Hourglass"},{"floor":14.0,"key":"Bag of Marbles"},{"floor":22.0,"key":"hexamod:SoulConsumer"},{"floor":22.0,"key":"Molten Egg 2"},{"floor":24.0,"key":"Sundial"},{"floor":26.0,"key":"Pet Ghost"},{"floor":26.0,"key":"MawBank"},{"floor":31.0,"key":"HornCleat"},{"floor":31.0,"key":"Replay:Mystery Machine"},{"floor":38.0,"key":"Incense Burner"},{"floor":39.0,"key":"ReplayTheSpireMod:Ring of Challenge"},{"floor":39.0,"key":"ReplayTheSpireMod:Ring of Collecting"},{"floor":40.0,"key":"Pondfish Scales"},{"floor":40.0,"key":"Iron Hammer"},{"floor":41.0,"key":"FossilizedHelix"},{"floor":41.0,"key":"ReplayTheSpireMod:Ring of Exchange"},{"floor":42,"key":"Torii"}],"event_choices":[{"damage_healed":0.0,"max_hp_gain":0.0,"max_hp_loss":0.0,"gold_gain":0.0,"event_name":"Mysterious Sphere","player_choice":"Fight","floor":38.0,"gold_loss":0.0,"damage_taken":0.0}],"is_beta":false,"boss_relics":[{"not_picked":["Snecko Eye","ChewingGum"],"picked":"Replay:Bronze Core"},{"not_picked":["Replay:Grab Bag","Busted Crown"],"picked":"hexamod:IceCube"}],"items_purged_floors":[21,28],"is_endless":false,"potions_floor_spawned":[3,4,6,14,19,20,32,33,38],"killed_by":"Reptomancer","ascension_level":0}}