{"host":"w5thk1acqacem6ba","time":1613746741,"event":{"mods":["AchievementEnabler","BaseMod","Colored Map","KOR Keyword Fix","Minty Spire (QoL Compilation)","SuperFastMode"],"gold_per_floor":[109,209,226,226,240,240,271,271,321,349,364,377,377,395,395,498,498,511,219,236,256,273,303,303,314,339,339,339,355,375,405,405,503,503,521,521,521,545,562,562,579,74,74,103,122,172,10,24,24,24],"floor_reached":51,"language":"KOR","playtime":2269,"items_purged":["Strike_G","Strike_G"],"score":1108,"play_id":"a9286db2-9485-47bd-a336-0b9431e35442","local_time":"20210219235901","is_ascension_mode":true,"campfire_choices":[{"floor":6.0,"key":"REST"},{"floor":8.0,"key":"REST"},{"data":"Dagger Spray","floor":13.0,"key":"SMITH"},{"floor":15.0,"key":"REST"},{"floor":24.0,"key":"REST"},{"floor":27.0,"key":"REST"},{"floor":32.0,"key":"REST"},{"floor":40.0,"key":"REST"},{"floor":49,"key":"REST"}],"circlet_count":0,"master_deck":["Strike_G","Strike_G","Strike_G","Defend_G","Defend_G","Defend_G+1","Defend_G","Defend_G","Survivor+1","Neutralize","Quick Slash","Dagger Throw+1","Masterful Stab","Dagger Throw","Adrenaline","Escape Plan","Dagger Spray+1","A Thousand Cuts","Flying Knee+1","Eviscerate","Footwork","Acrobatics+1","PiercingWail+1","Deflect+1","Adrenaline","Dodge and Roll","Adrenaline","Adrenaline","Footwork+1","Madness","Madness","Backflip","Slice+1","Distraction+1","Dodge and Roll+1","Acrobatics","Burst","Parasite","Blur"],"relics":["Black Star","CultistMask","Pen Nib","Centennial Puzzle","Oddly Smooth Stone","Shuriken","Torii","Fusion Hammer","Whetstone","Ancient Tea Set","Nunchaku","War Paint","Bottled Tornado","Ginger","HoveringKite","Blood Vial","Bronze Scales","Pear","Pantograph","Bottled Flame","Smiling Mask","Tough Bandages"],"acts_visited":["Exordium","TheCity","TheBeyond"],"potions_floor_usage":[50,50],"damage_taken":[{"damage":5.0,"enemies":"Jaw Worm","floor":1.0,"turns":5.0},{"damage":2.0,"enemies":"Cultist","floor":3.0,"turns":4.0},{"damage":4.0,"enemies":"Small Slimes","floor":5.0,"turns":3.0},{"damage":26.0,"enemies":"Gremlin Nob","floor":7.0,"turns":4.0},{"damage":15.0,"enemies":"3 Sentries","floor":10.0,"turns":6.0},{"damage":1.0,"enemies":"Gremlin Gang","floor":11.0,"turns":4.0},{"damage":0.0,"enemies":"Lots of Slimes","floor":12.0,"turns":3.0},{"damage":1.0,"enemies":"Looter","floor":14.0,"turns":2.0},{"damage":0.0,"enemies":"Slime Boss","floor":16.0,"turns":5.0},{"damage":0.0,"enemies":"Spheric Guardian","floor":18.0,"turns":3.0},{"damage":0.0,"enemies":"Chosen","floor":20.0,"turns":3.0},{"damage":12.0,"enemies":"Snecko","floor":21.0,"turns":5.0},{"damage":36.0,"enemies":"Centurion and Healer","floor":22.0,"turns":5.0},{"damage":10.0,"enemies":"Slavers","floor":23.0,"turns":4.0},{"damage":0.0,"enemies":"Sentry and Sphere","floor":25.0,"turns":3.0},{"damage":18.0,"enemies":"Chosen and Byrds","floor":29.0,"turns":5.0},{"damage":14.0,"enemies":"Shelled Parasite and Fungi","floor":30.0,"turns":3.0},{"damage":0.0,"enemies":"Gremlin Leader","floor":31.0,"turns":3.0},{"damage":24.0,"enemies":"Collector","floor":33.0,"turns":8.0},{"damage":0.0,"enemies":"3 Darklings","floor":35.0,"turns":4.0},{"damage":0.0,"enemies":"Orb Walker","floor":39.0,"turns":3.0},{"damage":9.0,"enemies":"Spire Growth","floor":41.0,"turns":6.0},{"damage":60.0,"enemies":"Giant Head","floor":44.0,"turns":8.0},{"damage":14,"enemies":"Maw","floor":45,"turns":6},{"damage":0,"enemies":"Mind Bloom Boss Battle","floor":46,"turns":7},{"damage":0,"enemies":"Writhing Mass","floor":48,"turns":5},{"damage":51,"enemies":"Awakened One","floor":50,"turns":12}],"seed_played":"5192740832787931636","potions_obtained":[{"floor":3.0,"key":"Fire Potion"},{"floor":5.0,"key":"Energy Potion"},{"floor":10.0,"key":"LiquidMemories"},{"floor":11.0,"key":"LiquidBronze"},{"floor":16.0,"key":"SkillPotion"},{"floor":18.0,"key":"GhostInAJar"},{"floor":21.0,"key":"CultistPotion"},{"floor":25.0,"key":"AttackPotion"},{"floor":31.0,"key":"AttackPotion"},{"floor":44,"key":"Ancient Potion"},{"floor":48,"key":"CultistPotion"}],"is_trial":false,"path_per_floor":["M","?","M","?","M","R","E","R","T","E","M","M","R","M","R","B",null,"M","$","M","M","M","E","R","M","T","R","?","M","M","E","R","B",null,"M","?","?","T","M","R","M","$","T","E","M","?","$","M","R","B",null],"character_chosen":"THE_SILENT","items_purchased":["Eviscerate","Whetstone","Bronze Scales","Pear","Burst"],"campfire_rested":8,"item_purchase_floors":[19,19,42,42,47],"current_hp_per_floor":[58,58,56,56,52,70,44,65,65,50,49,49,49,48,69,69,70,70,70,70,58,22,12,33,33,33,54,41,23,9,9,31,7,58,58,49,49,49,51,73,66,76,76,18,6,33,33,35,60,34],"gold":24,"neow_bonus":"BOSS_RELIC","is_daily":false,"chose_seed":false,"campfire_upgraded":1,"win_rate":0.0,"timestamp":1613746741,"path_taken":["M","?","?","?","M","R","E","R","T","E","M","?","R","M","R","BOSS","M","$","M","M","?","E","R","M","T","R","?","M","M","E","R","BOSS","M","?","?","?","M","R","M","$","T","E","M","?","$","M","R","BOSS"],"items_purchased_type":["Card","Relic","Relic","Relic","Card"],"build_version":"2020-12-22","purchased_purges":2,"victory":true,"max_hp_per_floor":[70,70,70,70,70,70,70,70,70,70,70,70,70,70,70,70,70,70,70,70,70,70,70,70,70,70,70,75,75,75,75,75,75,75,75,75,75,75,75,75,75,85,85,85,85,85,85,85,85,85],"card_choices":[{"not_picked":["Accuracy","Deflect"],"picked":"Quick Slash","floor":1.0},{"not_picked":["Quick Slash","Backflip"],"picked":"Dagger Throw","floor":3.0},{"not_picked":["Flying Knee","Bane"],"picked":"Masterful Stab","floor":5.0},{"not_picked":["Outmaneuver","Quick Slash"],"picked":"Dagger Throw","floor":7.0},{"not_picked":["Cloak And Dagger","Masterful Stab"],"picked":"Adrenaline","floor":10.0},{"not_picked":["Cloak And Dagger","Noxious Fumes"],"picked":"Escape Plan","floor":11.0},{"not_picked":["Blade Dance","Acrobatics"],"picked":"Dagger Spray","floor":12.0},{"not_picked":["Outmaneuver","Blade Dance","Dagger Spray"],"picked":"SKIP","floor":14.0},{"not_picked":["Corpse Explosion","Wraith Form v2"],"picked":"A Thousand Cuts","floor":16.0},{"not_picked":["Terror","Crippling Poison"],"picked":"Flying Knee","floor":18.0},{"not_picked":["Bane","Quick Slash"],"picked":"Footwork","floor":20.0},{"not_picked":["Predator","Bouncing Flask","Quick Slash"],"picked":"SKIP","floor":21.0},{"not_picked":["Poisoned Stab","Backstab"],"picked":"Acrobatics+1","floor":22.0},{"not_picked":["Dash+1","Prepared"],"picked":"PiercingWail+1","floor":23.0},{"not_picked":["Dash","Cloak And Dagger"],"picked":"Deflect+1","floor":25.0},{"not_picked":["Acrobatics+1","Flechettes"],"picked":"Adrenaline","floor":29.0},{"not_picked":["Reflex","Acrobatics"],"picked":"Dodge and Roll","floor":30.0},{"not_picked":["Choke","Backflip"],"picked":"Adrenaline","floor":31.0},{"not_picked":["Storm of Steel","After Image"],"picked":"Adrenaline","floor":33.0},{"not_picked":["Expertise+1","Dagger Throw+1"],"picked":"Footwork+1","floor":35.0},{"not_picked":["Reflex","Sucker Punch+1"],"picked":"Backflip","floor":39.0},{"not_picked":["Underhanded Strike","Sucker Punch+1"],"picked":"Slice+1","floor":41.0},{"not_picked":["Outmaneuver+1","Doppelganger"],"picked":"Distraction+1","floor":44},{"not_picked":["Terror+1","Quick Slash+1"],"picked":"Dodge and Roll+1","floor":45},{"not_picked":["Slice","Cloak And Dagger"],"picked":"Acrobatics","floor":46},{"not_picked":["Distraction","Dagger Spray"],"picked":"Blur","floor":48}],"player_experience":430105,"relics_obtained":[{"floor":7.0,"key":"Pen Nib"},{"floor":7.0,"key":"Centennial Puzzle"},{"floor":9.0,"key":"Oddly Smooth Stone"},{"floor":10.0,"key":"Shuriken"},{"floor":10.0,"key":"Torii"},{"floor":23.0,"key":"Ancient Tea Set"},{"floor":23.0,"key":"Nunchaku"},{"floor":26.0,"key":"War Paint"},{"floor":31.0,"key":"Bottled Tornado"},{"floor":31.0,"key":"Ginger"},{"floor":38.0,"key":"Blood Vial"},{"floor":43.0,"key":"Pantograph"},{"floor":44,"key":"Bottled Flame"},{"floor":44,"key":"Smiling Mask"},{"floor":46,"key":"Tough Bandages"}],"event_choices":[{"damage_healed":0.0,"max_hp_gain":0.0,"max_hp_loss":0.0,"gold_gain":100.0,"event_name":"Golden Shrine","player_choice":"Pray","floor":2.0,"gold_loss":0.0,"damage_taken":0.0},{"damage_healed":0.0,"max_hp_gain":0.0,"max_hp_loss":0.0,"gold_gain":0.0,"event_name":"FaceTrader","player_choice":"Trade","floor":4.0,"gold_loss":0.0,"damage_taken":0.0,"relics_obtained":["CultistMask"]},{"damage_healed":0.0,"max_hp_gain":5.0,"max_hp_loss":0.0,"gold_gain":0.0,"event_name":"Forgotten Altar","player_choice":"Shed Blood","floor":28.0,"gold_loss":0.0,"damage_taken":18.0},{"damage_healed":0.0,"max_hp_gain":0.0,"max_hp_loss":0.0,"gold_gain":0.0,"event_name":"Winding Halls","player_choice":"Embrace Madness","floor":36.0,"gold_loss":0.0,"damage_taken":9.0,"cards_obtained":["Madness","Madness"]},{"damage_healed":0.0,"max_hp_gain":0.0,"max_hp_loss":0.0,"gold_gain":0.0,"event_name":"Tomb of Lord Red Mask","player_choice":"Ignored","floor":37.0,"gold_loss":0.0,"damage_taken":0.0},{"damage_healed":0,"gold_gain":0,"player_choice":"Fight","damage_taken":0,"max_hp_gain":0,"max_hp_loss":0,"event_name":"MindBloom","floor":46,"gold_loss":0}],"is_beta":false,"boss_relics":[{"not_picked":["Tiny House","Busted Crown"],"picked":"Fusion Hammer"},{"not_picked":["Snecko Eye","Velvet Choker"],"picked":"HoveringKite"}],"items_purged_floors":[19,42],"is_endless":false,"potions_floor_spawned":[3,5,10,11,16,18,21,25,31,44,48],"ascension_level":6}}