{"host":"27wa8ufp4ryspt1p","time":1613774085,"event":{"mods":["2.2 Compatiblity","A Penny For Your Troubles","Abigail Mod","Act Like it!","Aspiration","BaseMod","Better Altar","Better Match","Better Note","Better Skull","Better Third Choice","Colored Map","Conspire","Curses Come First","Dota2Spire","Downfall-Rebalance","Elementarium","Energized Spire","Fox Events","Friendly Minions","Gensokyo","GifTheSpireLib","Gold Saver","Halation","Hallownest","HololiveMod","Hubris","Humility","Infinite Spire","Keyboard Shortcuts","Menagerie","Mimic Mod","Minty Spire (QoL Compilation)","Pale of the Ancients","Poor People Problems","Quarter Circle Forward PUNCH!","Reimu??????","Relic Filter Mod","Relic Sorter","Relic Stats","Reliquary","Replay The Spire","Reworked Bosses","Shop Mod","Spicy Shops","Spikes Relics","Spire Arcade","StSLib","Stuff the Spire","SuperFastMode","The Cursed","The Exalted","The Judge","The Jungle","The Necromancer","Trackpad","Waifu the Spire","Wandering Minibosses","[IsaacMod]????","??????REMEMod","????"],"gold_per_floor":[223,22,38,118,134,162,162,162,226,226,71,105,121,153,195,274,274,284,329,329,340,429,474,28,63,103,103,103,123,145,175,315,315,315],"floor_reached":33,"language":"SPA","playtime":1210,"items_purged":["Doubt"],"score":737,"play_id":"c55699a1-6fa6-4ae1-972b-c03a0be593e4","local_time":"20210219163445","daily_mods":["SealedDeck","Colorless Cards","Heirloom","Elite Swarm","Lethality"],"is_ascension_mode":true,"campfire_choices":[{"floor":8,"key":"RECALL"},{"data":"Summon_Undead_Army","floor":27,"key":"SMITH"}],"circlet_count":0,"master_deck":["AscendersBane","BettingIsNotGood+1","Bones_to_Steel","Necrotic_Claws+1","Acid_Javelin","expansioncontent:GuardianWhirl","Bone_Prison","Bone_Armory+1","Spectral_Armor","Bone_Bullets","Summon_Undead","Summon_Undead_Army+1","Summon_Lich+1","Bones_to_Steel","Summon_Death_Knight+1","Delirium","Blood_Curse","Poisoned Strike","Summon_Undead_Army+1","REME_ProfessionalPlagiarism","Hololive_FlyingPonyTail","Toxic_Smoke_Screen","Summon_Death_Knight+1","REME_AllRoundStrike+1","StuffTheSpire:FreeRealEstate","wanderingMiniBosses:FinaleOfPromise","Bandage Up","StuffTheSpire:FreeRealEstate","Master of Strategy","Summon_Undead_Army+1","Summon_Undead_Army+1","Grasp_Heart","EpicFetus+1","Pandemic","Replay:Bootleg Shield Generator","Cloudkill"],"relics":["Vampire_Amulet","HushsDoor","REME_ComplimentaryCards","MerchantsRug","qcfpunch:Fighting_Gloves","StuffTheSpire:DarkSteelAnvil","Void","StuffTheSpire:ForceGauntlet","reliquary:ThirdArm","wanderingMiniBosses:Blackblade","reliquary:RedPaperclip","Onion Ring","Lantern","halation:EternalFortune","hubris:MobiusCoin"],"acts_visited":["Menagerie:Menagerie","Menagerie:Menagerie"],"potions_floor_usage":[31],"damage_taken":[{"damage":0,"enemies":"Menagerie:2_RABBITS","floor":3,"turns":1},{"damage":2,"enemies":"Menagerie:MonstrousExperiment","floor":5,"turns":3},{"damage":12,"enemies":"Menagerie:Hydra","floor":6,"turns":4},{"damage":21,"enemies":"Menagerie:StygianBoar","floor":9,"turns":6},{"damage":11,"enemies":"Menagerie:VoidReaper","floor":12,"turns":4},{"damage":12,"enemies":"Menagerie:StygianBoar","floor":13,"turns":2},{"damage":11,"enemies":"Menagerie:MaskedSummoner","floor":14,"turns":4},{"damage":13,"enemies":"Menagerie:Chimera","floor":16,"turns":5},{"damage":18,"enemies":"Shell Parasite","floor":18,"turns":3},{"damage":31,"enemies":"theJungle:GiantWrat","floor":19,"turns":8},{"damage":0,"enemies":"theJungle:SlimyTreeVines","floor":21,"turns":2},{"damage":4,"enemies":"theJungle:2_Phrogs","floor":23,"turns":4},{"damage":0,"enemies":"theJungle:MamaSnecko","floor":25,"turns":3},{"damage":10,"enemies":"theJungle:Lyon","floor":26,"turns":3},{"damage":0,"enemies":"theJungle:Lyon","floor":29,"turns":1},{"damage":20,"enemies":"theJungle:2_Flameangoes","floor":30,"turns":3},{"damage":1,"enemies":"theJungle:2_Phrogs","floor":31,"turns":3},{"damage":64,"enemies":"theJungle:TotemBoss","floor":33,"turns":4}],"seed_played":"-987431073794389821","potions_obtained":[{"floor":5,"key":"GrandPatriotsElixir:ReiMu"},{"floor":6,"key":"AttackPotion"},{"floor":13,"key":"SpeedPotion"},{"floor":14,"key":"Reflective Coating"},{"floor":16,"key":"LiquidMemories"},{"floor":19,"key":"Regen Potion"},{"floor":25,"key":"ZuzhouPotion:ReiMu"},{"floor":31,"key":"REME_GoldPotion"}],"is_trial":true,"path_per_floor":["$","$","M","?","M","E","T","R","MIM","?","R","E","M","E","R_BF","B",null,"M","M","AVR","M","$","E","R","E","MIM","R","?","M","M","E","R","B"],"character_chosen":"NECROMANCER","items_purchased":["MerchantsRug","qcfpunch:Fighting_Gloves","StuffTheSpire:DarkSteelAnvil","Summon_Lich","Bones_to_Steel","Summon_Death_Knight+1","Guide Book","Summon_Undead_Army","Summon_Undead_Army","Lantern","Orrery"],"campfire_rested":0,"item_purchase_floors":[1,1,1,1,1,2,2,11,24,24,24],"current_hp_per_floor":[64,64,68,68,68,58,58,58,39,39,39,30,20,21,21,10,56,40,15,15,20,20,24,24,46,38,38,41,43,30,33,33,0,0],"gold":315,"neow_bonus":"","is_daily":false,"chose_seed":false,"campfire_upgraded":1,"win_rate":0.0,"timestamp":1613774085,"path_taken":["?","$","M","?","?","E","?","R","MIM","?","R","E","?","E","R_BF","BOSS","M","M","AVR","M","$","E","R","E","MIM","R","?","?","M","E","R","BOSS"],"items_purchased_type":["Relic","Relic","Relic","Card","Card","Card","Relic","Card","Card","Relic","Relic"],"build_version":"2020-12-22","purchased_purges":1,"victory":false,"max_hp_per_floor":[71,71,71,71,71,71,71,71,71,71,71,71,71,71,71,71,71,71,71,71,71,71,71,71,71,71,71,74,74,77,77,77,77,77],"relic_stats":{"counters":[18,63],"obtain_stats":[{"Lantern":24,"reliquary:ThirdArm":17,"trackpad:FieryHotPepper":25,"Vampire_Amulet":0,"Void":2,"KeepersGift":0,"MerchantsRug":1,"hubris:MobiusCoin":31,"hubris:Teleporter":0,"Guide Book":2,"StuffTheSpire:ForceGauntlet":7,"halation:BottledHappiness":20,"infinitespire:Lucky Rock":12,"qcfpunch:White_Boots":14,"reliquary:RedPaperclip":20,"qcfpunch:Broken_Tusk":6,"wanderingMiniBosses:Blackblade":19,"qcfpunch:Fighting_Gloves":1,"Orrery":24,"halation:EternalFortune":28,"StuffTheSpire:DarkSteelAnvil":1,"Onion Ring":23,"reliquary:GummyVitamins":26,"HushsDoor":0,"REME_ComplimentaryCards":0},{"Lantern":12,"reliquary:ThirdArm":8,"trackpad:FieryHotPepper":13,"Vampire_Amulet":0,"Void":0,"KeepersGift":0,"MerchantsRug":0,"hubris:MobiusCoin":17,"hubris:Teleporter":0,"Guide Book":0,"StuffTheSpire:ForceGauntlet":3,"halation:BottledHappiness":10,"infinitespire:Lucky Rock":5,"qcfpunch:White_Boots":7,"reliquary:RedPaperclip":10,"qcfpunch:Broken_Tusk":3,"wanderingMiniBosses:Blackblade":10,"qcfpunch:Fighting_Gloves":0,"Orrery":12,"halation:EternalFortune":14,"StuffTheSpire:DarkSteelAnvil":0,"Onion Ring":12,"reliquary:GummyVitamins":14,"HushsDoor":0,"REME_ComplimentaryCards":0},{"Lantern":46,"reliquary:ThirdArm":29,"trackpad:FieryHotPepper":49,"Vampire_Amulet":0,"Void":0,"KeepersGift":0,"MerchantsRug":0,"hubris:MobiusCoin":59,"hubris:Teleporter":0,"Guide Book":0,"StuffTheSpire:ForceGauntlet":8,"halation:BottledHappiness":40,"infinitespire:Lucky Rock":18,"qcfpunch:White_Boots":24,"reliquary:RedPaperclip":40,"qcfpunch:Broken_Tusk":8,"wanderingMiniBosses:Blackblade":40,"qcfpunch:Fighting_Gloves":0,"Orrery":46,"halation:EternalFortune":52,"StuffTheSpire:DarkSteelAnvil":0,"Onion Ring":46,"reliquary:GummyVitamins":52,"HushsDoor":0,"REME_ComplimentaryCards":0}]},"card_choices":[{"not_picked":[],"picked":"BettingIsNotGood","floor":0},{"not_picked":["expansioncontent:Hexaburn","Negative_Energy_Sphere","Bone_Shift"],"picked":"SKIP","floor":3},{"not_picked":["Vampiric_Strike","Death_Coil"],"picked":"Blood_Curse","floor":5},{"not_picked":["Midas Touch","ReplayTheSpireMod:Brewmster"],"picked":"Poisoned Strike","floor":6},{"not_picked":["Hellfire","Secret Weapon"],"picked":"REME_ProfessionalPlagiarism","floor":12},{"not_picked":["Negative_Energy_Shield","Bone_Bullets"],"picked":"Toxic_Smoke_Screen","floor":13},{"not_picked":["Sadistic Nature","REME_MawOfCthun"],"picked":"Summon_Death_Knight","floor":14},{"not_picked":["SuicideKing","Secret Technique"],"picked":"REME_AllRoundStrike","floor":14},{"not_picked":["Bones_to_Steel","Bone_Bullets"],"picked":"StuffTheSpire:FreeRealEstate","floor":18},{"not_picked":[],"picked":"wanderingMiniBosses:FinaleOfPromise","floor":19},{"not_picked":["Death_Coil","expansioncontent:DarkVoid"],"picked":"Bandage Up","floor":19},{"not_picked":["Scare","Degenerate"],"picked":"StuffTheSpire:FreeRealEstate","floor":21},{"not_picked":["ReplayTheSpireMod:Brewmster","Blood_Wake"],"picked":"Master of Strategy","floor":23},{"not_picked":["Death_Knell","Bone_Shift"],"picked":"Summon_Undead_Army","floor":24},{"not_picked":["Finger_Of_Death","Negative_Energy_Sphere"],"picked":"Grasp_Heart","floor":24},{"not_picked":["Midas Touch","REME_EyeOfCthun"],"picked":"EpicFetus","floor":25},{"not_picked":["Negative_Energy_Shield","Blood_Curse"],"picked":"Pandemic","floor":29},{"not_picked":["Blood_Whip+1","Bone_Armor"],"picked":"Replay:Bootleg Shield Generator","floor":30},{"not_picked":["ReplayTheSpireMod:Brewmster","Detonate_Bones"],"picked":"Cloudkill","floor":31}],"player_experience":4042292,"relics_obtained":[{"floor":6,"key":"qcfpunch:Broken_Tusk"},{"floor":7,"key":"StuffTheSpire:ForceGauntlet"},{"floor":12,"key":"infinitespire:Lucky Rock"},{"floor":14,"key":"qcfpunch:White_Boots"},{"floor":19,"key":"wanderingMiniBosses:Blackblade"},{"floor":23,"key":"Onion Ring"},{"floor":25,"key":"trackpad:FieryHotPepper"},{"floor":26,"key":"reliquary:GummyVitamins"},{"floor":30,"key":"halation:EternalFortune"},{"floor":31,"key":"hubris:MobiusCoin"}],"event_choices":[],"is_beta":false,"boss_relics":[{"not_picked":["conspire:SlowCooker","Bromod:ArcaneGrace"],"picked":"reliquary:ThirdArm"},{"not_picked":[]}],"items_purged_floors":[20],"is_endless":false,"potions_floor_spawned":[5,6,13,14,16,19,21,25,31],"killed_by":"theJungle:TotemBoss","ascension_level":20,"is_humility":true}}