{"host":"ifvrsrzj00f2ebkn","time":1613718778,"event":{"mods":["BaseMod","Colored Map","Colored Powertips","Minty Spire (QoL Compilation)","Random Character Button","Shapeshifter Mod","Shop Mod","StSLib"],"gold_per_floor":[118,135,153,164,89,89,89,89],"floor_reached":7,"language":"ENG","playtime":714,"items_purged":["StSShapeShifter:DeerForm"],"score":43,"play_id":"6524b5b8-c9e6-467d-a757-9e4c985b93e5","local_time":"20210219151258","is_ascension_mode":false,"campfire_choices":[{"data":"StSShapeShifter:Tortoise_Form","floor":6,"key":"SMITH"}],"circlet_count":0,"master_deck":["StSShapeShifter:ShapeShifter_Strike","StSShapeShifter:ShapeShifter_Strike","StSShapeShifter:ShapeShifter_Strike","StSShapeShifter:ShapeShifter_Strike","StSShapeShifter:ShapeShifter_Strike","StSShapeShifter:ShapeShifter_Defend","StSShapeShifter:ShapeShifter_Defend","StSShapeShifter:ShapeShifter_Defend","StSShapeShifter:ShapeShifter_Defend","StSShapeShifter:ShapeShifter_Defend","StSShapeShifter:Tortoise_Form+1","StSShapeShifter:Lynx_Form","StSShapeShifter:PoisonIvy","StSShapeShifter:ShiftingStrike"],"relics":["StSShapeShifter:AnimalHeart","StSShapeShifter:TheShapeShiftersMagnolia"],"acts_visited":["Exordium"],"potions_floor_usage":[7],"damage_taken":[{"damage":0,"enemies":"2 Louse","floor":1,"turns":6},{"damage":1,"enemies":"Jaw Worm","floor":2,"turns":5},{"damage":1,"enemies":"Small Slimes","floor":3,"turns":3},{"damage":7,"enemies":"3 Louse","floor":4,"turns":2},{"damage":97,"enemies":"Gremlin Nob","floor":7,"turns":6}],"seed_played":"-6812929393524908309","potions_obtained":[{"floor":3,"key":"Explosive Potion"},{"floor":4,"key":"Swift Potion"}],"is_trial":false,"path_per_floor":["M","M","M","M","$","R","E"],"character_chosen":"SHAPESHIFTER","items_purchased":[],"campfire_rested":0,"item_purchase_floors":[],"current_hp_per_floor":[85,84,83,76,76,76,0,0],"gold":89,"neow_bonus":"TEN_PERCENT_HP_BONUS","is_daily":false,"chose_seed":false,"campfire_upgraded":1,"win_rate":0.0,"timestamp":1613718778,"path_taken":["M","M","M","M","$","R","E"],"items_purchased_type":[],"build_version":"2020-12-22","purchased_purges":1,"victory":false,"max_hp_per_floor":[85,85,85,85,85,85,85,85],"card_choices":[{"not_picked":["StSShapeShifter:OakBlade","StSShapeShifter:MonkeyForm"],"picked":"StSShapeShifter:PoisonIvy","floor":1},{"not_picked":["StSShapeShifter:Rabid","StSShapeShifter:FlowerShield"],"picked":"StSShapeShifter:ShiftingStrike","floor":2},{"not_picked":["StSShapeShifter:RockSlide","StSShapeShifter:Sapling","StSShapeShifter:Consume"],"picked":"SKIP","floor":3},{"not_picked":["StSShapeShifter:BloomingSlash","StSShapeShifter:BarkSkin"],"picked":"StSShapeShifter:DeerForm","floor":4}],"player_experience":128784,"relics_obtained":[],"event_choices":[],"is_beta":false,"boss_relics":[],"items_purged_floors":[5],"is_endless":false,"potions_floor_spawned":[3,4],"killed_by":"Gremlin Nob","ascension_level":0}}