{"host":"6ulps5ednfgqn0to","time":1613729347,"event":{"mods":["AchievementEnabler","BaseMod","Colored Map","Highlight Path","Minty Spire (QoL Compilation)","Relic Sorter","Relic Stats","StSLib"],"gold_per_floor":[110,121,121,296,148,186,186,202,202,241,266,266,281,316,316,440,440,480,70,116,154,154,154,187,212,212],"floor_reached":25,"language":"ENG","playtime":931,"items_purged":["Doubt"],"score":306,"play_id":"22157e27-2184-435b-8769-d59034dc8bee","local_time":"20210219120907","is_ascension_mode":true,"campfire_choices":[{"data":"Eruption","floor":7,"key":"SMITH"},{"data":"Conclude","floor":12,"key":"SMITH"},{"data":"CutThroughFate","floor":15,"key":"SMITH"},{"floor":23,"key":"REST"}],"circlet_count":0,"master_deck":["Strike_P","Strike_P","Strike_P","Strike_P","Defend_P","Defend_P","Defend_P","Defend_P","Eruption+1","Vigilance","Conclude+1","Prostrate","Consecrate","CutThroughFate+1","MentalFortress","Crescendo","Halt","BowlingBash","ClearTheMind","Wish","CrushJoints","FlurryOfBlows","Prostrate","Prostrate+1","WheelKick"],"relics":["PureWater","NeowsBlessing","Golden Idol","Sundial","Omamori","Ancient Tea Set","Centennial Puzzle","Black Star","White Beast Statue","ClockworkSouvenir","StoneCalendar","Matryoshka"],"acts_visited":["Exordium","TheCity"],"potions_floor_usage":[20,21,24],"damage_taken":[{"damage":0,"enemies":"Cultist","floor":1,"turns":1},{"damage":0,"enemies":"Jaw Worm","floor":2,"turns":1},{"damage":0,"enemies":"Gremlin Nob","floor":6,"turns":1},{"damage":5,"enemies":"Small Slimes","floor":8,"turns":3},{"damage":0,"enemies":"3 Sentries","floor":10,"turns":3},{"damage":0,"enemies":"Looter","floor":11,"turns":3},{"damage":0,"enemies":"Exordium Thugs","floor":13,"turns":1},{"damage":4,"enemies":"Gremlin Nob","floor":14,"turns":3},{"damage":51,"enemies":"Hexaghost","floor":16,"turns":8},{"damage":18,"enemies":"Chosen","floor":18,"turns":5},{"damage":20,"enemies":"2 Thieves","floor":20,"turns":3},{"damage":16,"enemies":"3 Cultists","floor":21,"turns":4},{"damage":17,"enemies":"Book of Stabbing","floor":24,"turns":4},{"damage":18,"enemies":"Snecko","floor":25,"turns":4}],"seed_played":"9054106628930902050","potions_obtained":[{"floor":1,"key":"Energy Potion"},{"floor":6,"key":"DuplicationPotion"},{"floor":8,"key":"SkillPotion"},{"floor":20,"key":"AttackPotion"},{"floor":21,"key":"SkillPotion"},{"floor":24,"key":"DuplicationPotion"}],"is_trial":false,"path_per_floor":["M","M","?","?","$","E","R","M","T","E","M","R","M","E","R","B",null,"M","$","M","M","?","R","E","M"],"character_chosen":"WATCHER","items_purchased":["Prostrate","Consecrate","FlurryOfBlows","White Beast Statue","ClockworkSouvenir"],"campfire_rested":1,"item_purchase_floors":[5,5,19,19,19],"current_hp_per_floor":[72,72,67,67,67,67,67,62,62,62,62,62,62,58,58,7,67,49,49,29,13,13,33,16,0,0],"gold":212,"neow_bonus":"THREE_ENEMY_KILL","is_daily":false,"chose_seed":false,"campfire_upgraded":3,"win_rate":0.0,"timestamp":1613729347,"path_taken":["M","M","?","?","$","E","R","M","T","E","M","R","M","E","R","BOSS","M","$","M","M","?","R","E","M"],"items_purchased_type":["Card","Card","Card","Relic","Relic"],"build_version":"2020-12-22","purchased_purges":1,"victory":false,"max_hp_per_floor":[72,72,67,67,67,67,67,67,67,67,67,67,67,67,67,67,67,67,67,67,67,67,67,67,67,67],"relic_stats":{"Centennial Puzzle":[18],"counters":[14,44],"Golden Idol":76,"Sundial":[4],"StoneCalendar":[0],"Black Star":1,"obtain_stats":[{"Centennial Puzzle":14,"Matryoshka":24,"NeowsBlessing":0,"Golden Idol":3,"Sundial":6,"StoneCalendar":24,"Omamori":9,"Black Star":17,"PureWater":0,"Ancient Tea Set":10,"White Beast Statue":19,"ClockworkSouvenir":19},{"Centennial Puzzle":8,"Matryoshka":13,"NeowsBlessing":0,"Golden Idol":2,"Sundial":3,"StoneCalendar":13,"Omamori":4,"Black Star":9,"PureWater":0,"Ancient Tea Set":5,"White Beast Statue":10,"ClockworkSouvenir":10},{"Centennial Puzzle":16,"Matryoshka":40,"NeowsBlessing":0,"Golden Idol":2,"Sundial":3,"StoneCalendar":40,"Omamori":6,"Black Star":24,"PureWater":0,"Ancient Tea Set":9,"White Beast Statue":29,"ClockworkSouvenir":29}]},"card_choices":[{"not_picked":["WreathOfFlame","InnerPeace"],"picked":"Conclude","floor":1},{"not_picked":["JustLucky","FlyingSleeves","EmptyFist"],"picked":"SKIP","floor":2},{"not_picked":["MentalFortress","WreathOfFlame"],"picked":"CutThroughFate","floor":6},{"not_picked":["Adaptation","WaveOfTheHand"],"picked":"MentalFortress","floor":8},{"not_picked":["Protect","FlurryOfBlows"],"picked":"Crescendo","floor":10},{"not_picked":["FlyingSleeves","FlurryOfBlows"],"picked":"Halt","floor":11},{"not_picked":["Establishment","SashWhip"],"picked":"BowlingBash","floor":13},{"not_picked":["Study","SpiritShield"],"picked":"ClearTheMind","floor":14},{"not_picked":["Alpha","Ragnarok"],"picked":"Wish","floor":16},{"not_picked":["Crescendo+1","FlurryOfBlows"],"picked":"CrushJoints","floor":18},{"not_picked":["FearNoEvil","Worship"],"picked":"Prostrate","floor":20},{"not_picked":["BowlingBash","JustLucky"],"picked":"Prostrate+1","floor":21},{"not_picked":["DeusExMachina","Study"],"picked":"WheelKick","floor":24}],"player_experience":61562,"relics_obtained":[{"floor":6,"key":"Sundial"},{"floor":9,"key":"Omamori"},{"floor":10,"key":"Ancient Tea Set"},{"floor":14,"key":"Centennial Puzzle"},{"floor":24,"key":"StoneCalendar"},{"floor":24,"key":"Matryoshka"}],"event_choices":[{"damage_healed":0,"gold_gain":0,"player_choice":"Lose Max HP","damage_taken":0,"relics_obtained":["Golden Idol"],"max_hp_gain":0,"max_hp_loss":5,"event_name":"Golden Idol","floor":3,"gold_loss":0},{"damage_healed":0,"gold_gain":175,"player_choice":"AGREE","damage_taken":0,"max_hp_gain":0,"max_hp_loss":0,"event_name":"Liars Game","floor":4,"gold_loss":0,"cards_obtained":["Doubt"]},{"damage_healed":0,"gold_gain":0,"player_choice":"Ignored","damage_taken":0,"max_hp_gain":0,"max_hp_loss":0,"event_name":"Vampires","floor":22,"gold_loss":0}],"is_beta":false,"boss_relics":[{"not_picked":["SlaversCollar","VioletLotus"],"picked":"Black Star"}],"items_purged_floors":[5],"is_endless":false,"potions_floor_spawned":[1,6,8,11,16,20,21,24],"killed_by":"Snecko","ascension_level":1}}