{"host":"f0gpob8hq9vgebej","time":1613727012,"event":{"mods":["AchievementEnabler","BaseMod","Minty Spire (QoL Compilation)","Quick Restart","SuperFastMode"],"gold_per_floor":[116,41,41,53,65,65,83,83,83,8,23,39,56,87,87,87,87],"floor_reached":16,"language":"KOR","playtime":374,"items_purged":["Strike_G"],"score":192,"play_id":"74552bc4-d361-40b0-bda5-2a744a50d658","local_time":"20210219183012","is_ascension_mode":true,"campfire_choices":[{"data":"Poisoned Stab","floor":6,"key":"SMITH"},{"data":"Footwork","floor":8,"key":"SMITH"},{"data":"Dagger Spray","floor":15,"key":"SMITH"}],"circlet_count":0,"master_deck":["AscendersBane","Strike_G","Strike_G","Strike_G","Defend_G","Defend_G","Defend_G","Defend_G","Defend_G","Survivor","Neutralize","Poisoned Stab+1","Quick Slash","Footwork+1","Burst","Cloak And Dagger","Slice","Dagger Spray+1"],"relics":["Ring of the Snake","NeowsBlessing","FaceOfCleric","Gremlin Horn","Mummified Hand"],"acts_visited":["Exordium"],"potions_floor_usage":[13],"damage_taken":[{"damage":0,"enemies":"Small Slimes","floor":1,"turns":1},{"damage":0,"enemies":"Jaw Worm","floor":4,"turns":1},{"damage":0,"enemies":"Cultist","floor":5,"turns":1},{"damage":6,"enemies":"Exordium Wildlife","floor":7,"turns":4},{"damage":0,"enemies":"2 Fungi Beasts","floor":11,"turns":4},{"damage":1,"enemies":"Red Slaver","floor":12,"turns":6},{"damage":6,"enemies":"Large Slime","floor":13,"turns":6},{"damage":25,"enemies":"3 Sentries","floor":14,"turns":16},{"damage":21,"enemies":"Slime Boss","floor":16,"turns":4}],"seed_played":"4057130459080703244","potions_obtained":[{"floor":1,"key":"SmokeBomb"},{"floor":5,"key":"Explosive Potion"}],"is_trial":false,"path_per_floor":["M","?","?","M","M","R","M","R","T","$","M","M","M","E","R","B"],"character_chosen":"THE_SILENT","items_purchased":[],"campfire_rested":0,"item_purchase_floors":[],"current_hp_per_floor":[59,59,59,60,61,61,56,56,56,56,57,57,52,28,28,7,7],"gold":87,"neow_bonus":"THREE_ENEMY_KILL","is_daily":false,"chose_seed":false,"campfire_upgraded":3,"win_rate":0.0,"timestamp":1613727012,"path_taken":["M","?","?","M","?","R","M","R","T","$","M","M","M","E","R","BOSS"],"items_purchased_type":[],"build_version":"2020-12-22","purchased_purges":1,"victory":false,"max_hp_per_floor":[66,66,66,67,68,68,69,69,69,69,70,71,72,73,73,73,73],"card_choices":[{"not_picked":["Underhanded Strike","Acrobatics"],"picked":"Poisoned Stab","floor":1},{"not_picked":["Prepared","Acrobatics"],"picked":"Quick Slash","floor":4},{"not_picked":["Poisoned Stab","Quick Slash","Flying Knee"],"picked":"SKIP","floor":5},{"not_picked":["Crippling Poison","Flying Knee"],"picked":"Footwork","floor":7},{"not_picked":["Underhanded Strike","Bane"],"picked":"Burst","floor":11},{"not_picked":["Dodge and Roll","Flying Knee"],"picked":"Cloak And Dagger","floor":12},{"not_picked":["Flechettes","Bane"],"picked":"Slice","floor":13},{"not_picked":["Cloak And Dagger","Outmaneuver"],"picked":"Dagger Spray","floor":14}],"player_experience":389752,"relics_obtained":[{"floor":9,"key":"Gremlin Horn"},{"floor":14,"key":"Mummified Hand"}],"event_choices":[{"cards_removed":["Strike_G"],"damage_healed":0,"gold_gain":0,"player_choice":"Card Removal","damage_taken":0,"max_hp_gain":0,"max_hp_loss":0,"event_name":"The Cleric","floor":2,"gold_loss":75},{"damage_healed":0,"gold_gain":0,"player_choice":"Trade","damage_taken":0,"relics_obtained":["FaceOfCleric"],"max_hp_gain":0,"max_hp_loss":0,"event_name":"FaceTrader","floor":3,"gold_loss":0}],"is_beta":false,"boss_relics":[],"items_purged_floors":[10],"is_endless":false,"potions_floor_spawned":[1,5,7,12],"killed_by":"Slime Boss","ascension_level":17}}