{"host":"4tf6m7aukoo0nksr","time":1613727384,"event":{"mods":["AchievementEnabler","BaseMod","Better Vampires","Colored Map","Colored Powertips","Minty Spire (QoL Compilation)","Permanent Neow","StSLib","SuperFastMode","The Marked","Waifu the Spire"],"gold_per_floor":[111,61,76,94,112,146,146,158,158,191,191,116,132,207,207,207,207],"floor_reached":16,"language":"ZHS","playtime":458,"items_purged":["Strike_P"],"score":137,"play_id":"b1533bb0-6dbf-4300-b162-9fbde9be93a1","local_time":"20210219173624","is_ascension_mode":false,"campfire_choices":[{"floor":7.0,"key":"REST"},{"floor":15,"key":"REST"}],"circlet_count":0,"master_deck":["Strike_P","Strike_P","Strike_P","Defend_P","Defend_P","Defend_P","Eruption","Vigilance","ConjureBlade","Evaluate","Protect","DeceiveReality","FlurryOfBlows","Adaptation"],"relics":["PureWater","StrikeDummy","Girya","WingedGreaves","Question Card"],"acts_visited":["Exordium"],"potions_floor_usage":[10,16],"damage_taken":[{"damage":14.0,"enemies":"Small Slimes","floor":1.0,"turns":3.0},{"damage":0.0,"enemies":"Cultist","floor":3.0,"turns":2.0},{"damage":5.0,"enemies":"Jaw Worm","floor":4.0,"turns":5.0},{"damage":1.0,"enemies":"2 Fungi Beasts","floor":5.0,"turns":4.0},{"damage":26.0,"enemies":"3 Sentries","floor":6.0,"turns":10.0},{"damage":0.0,"enemies":"3 Louse","floor":8.0,"turns":3.0},{"damage":0,"enemies":"Gremlin Nob","floor":10,"turns":2},{"damage":0,"enemies":"Large Slime","floor":13,"turns":9},{"damage":0,"enemies":"Slime Boss","floor":16,"turns":5}],"seed_played":"5987034698767595703","potions_obtained":[{"floor":1.0,"key":"Dexterity Potion"},{"floor":6.0,"key":"StancePotion"},{"floor":10,"key":"SteroidPotion"}],"is_trial":false,"path_per_floor":["M","?","M","M","M","E","R","M","T","E","?","$","M","?","R","B"],"character_chosen":"WATCHER","items_purchased":[],"campfire_rested":2,"item_purchase_floors":[],"current_hp_per_floor":[37,37,37,32,31,5,26,26,26,26,26,26,26,15,36,36,36],"gold":207,"neow_bonus":"THREE_RARE_CARDS","is_daily":false,"chose_seed":false,"campfire_upgraded":0,"win_rate":0.0,"timestamp":1613727384,"path_taken":["M","?","M","M","M","E","R","M","T","E","?","$","?","?","R","BOSS"],"items_purchased_type":[],"build_version":"2020-12-22","purchased_purges":1,"victory":false,"max_hp_per_floor":[72,72,72,72,72,72,72,72,72,72,72,72,72,72,72,72,72],"card_choices":[{"not_picked":["SpiritShield","Wish"],"picked":"ConjureBlade","floor":0.0},{"not_picked":["InnerPeace","Pray"],"picked":"Evaluate","floor":1.0},{"not_picked":["EmptyBody","Swivel","FollowUp"],"picked":"SKIP","floor":3.0},{"not_picked":["WaveOfTheHand","Perseverance"],"picked":"Protect","floor":4.0},{"not_picked":["WaveOfTheHand","CrushJoints"],"picked":"DeceiveReality","floor":5.0},{"not_picked":["Study","Collect"],"picked":"FlurryOfBlows","floor":6.0},{"not_picked":["WaveOfTheHand","EmptyFist","CutThroughFate"],"picked":"SKIP","floor":8.0},{"not_picked":["ThirdEye","Vengeance","ClearTheMind"],"picked":"SKIP","floor":10},{"not_picked":["EmptyFist","ConjureBlade","Fasting2"],"picked":"Adaptation","floor":13}],"player_experience":115906,"relics_obtained":[{"floor":6.0,"key":"StrikeDummy"},{"floor":9.0,"key":"Girya"},{"floor":10,"key":"WingedGreaves"}],"event_choices":[{"cards_removed":["Defend_P"],"damage_healed":0.0,"max_hp_gain":0.0,"max_hp_loss":0.0,"gold_gain":0.0,"event_name":"The Cleric","player_choice":"Card Removal","floor":2.0,"gold_loss":50.0,"damage_taken":0.0},{"damage_healed":0,"gold_gain":0,"player_choice":"Gave Potion","damage_taken":0,"relics_obtained":["Question Card"],"max_hp_gain":0,"max_hp_loss":0,"event_name":"WeMeetAgain","floor":11,"gold_loss":0},{"damage_healed":0,"gold_gain":75,"player_choice":"Gather Gold","damage_taken":11,"max_hp_gain":0,"max_hp_loss":0,"event_name":"World of Goop","floor":14,"gold_loss":0}],"is_beta":false,"boss_relics":[],"items_purged_floors":[12],"is_endless":false,"potions_floor_spawned":[1,6,10],"killed_by":"Slime Boss","ascension_level":0}}