{"host":"4gkev1dtxxhiue3x","time":1613758342,"event":{"mods":["AchievementEnabler","BaseMod","Better Altar","Better Match","Better Note","Better Sensory Stone","Better Skull","Better Third Choice","Colored Powertips","Downfall","Friendly Minions","Hermit","Minty Spire (QoL Compilation)","Relic Stats","Robot Space Explorer","Shop Mod","StSLib","The Construct","The Disciple","The Hierophant"],"gold_per_floor":[112,39,39,39,39,71,71,96,96,111,126,126,156,168,168,265,265,280,280,296,142,157,157,157,157],"floor_reached":24,"language":"ENG","playtime":2004,"items_purged":["Shame"],"score":397,"play_id":"440007fc-09eb-43ab-9990-7c0dac8d5531","local_time":"20210219191222","is_ascension_mode":true,"campfire_choices":[{"data":"Inflame","floor":7,"key":"SMITH"},{"data":"Feed","floor":12,"key":"SMITH"},{"data":"Heavy Blade","floor":15,"key":"SMITH"},{"floor":23,"key":"REST"}],"circlet_count":0,"master_deck":["Strike_R","Strike_R","Strike_R","Strike_R","Strike_R","Defend_R","Defend_R","Defend_R","Defend_R","Bash","Cleave","Inflame+1","Night Terror+1","Intimidate","Intimidate","Feed+1","Shrug It Off","Brutality","Heavy Blade+1","Corruption","Pommel Strike","Sentinel","Rupture","Dark Embrace"],"relics":["Burning Blood","NeowsBlessing","Mango","Tiny Chest","MealTicket","Gremlin Horn","Centennial Puzzle","SlaversCollar","Lantern"],"acts_visited":["Exordium","TheCity"],"potions_floor_usage":[16,16,22,22],"damage_taken":[{"damage":0,"enemies":"Jaw Worm","floor":1,"turns":1},{"damage":0,"enemies":"Lagavulin","floor":6,"turns":1},{"damage":0,"enemies":"3 Sentries","floor":8,"turns":1},{"damage":4,"enemies":"2 Louse","floor":10,"turns":3},{"damage":11,"enemies":"Small Slimes","floor":11,"turns":3},{"damage":25,"enemies":"Lagavulin","floor":13,"turns":8},{"damage":7,"enemies":"Blue Slaver","floor":14,"turns":4},{"damage":65,"enemies":"The Guardian","floor":16,"turns":11},{"damage":35,"enemies":"Shell Parasite","floor":18,"turns":6},{"damage":28,"enemies":"3 Byrds","floor":20,"turns":5},{"damage":58,"enemies":"3 Cultists","floor":22,"turns":5},{"damage":66,"enemies":"Book of Stabbing","floor":24,"turns":5}],"seed_played":"-4902740541364954549","potions_obtained":[{"floor":6,"key":"bronze:BurnAndBuffPotion"},{"floor":10,"key":"SkillPotion"},{"floor":11,"key":"SteroidPotion"},{"floor":18,"key":"FearPotion"}],"is_trial":false,"path_per_floor":["M","$","?","?","$","E","R","E","T","M","M","R","E","M","R","B",null,"M","?","M","$","M","R","E"],"character_chosen":"IRONCLAD","items_purchased":["Inflame","Rupture"],"campfire_rested":1,"item_purchase_floors":[2,21],"current_hp_per_floor":[80,80,77,77,77,83,83,89,89,91,89,89,74,77,77,22,109,80,80,62,77,29,64,0,0],"gold":157,"neow_bonus":"THREE_ENEMY_KILL","is_daily":false,"chose_seed":false,"campfire_upgraded":3,"win_rate":0.0,"timestamp":1613758342,"path_taken":["M","$","?","?","$","E","R","E","T","M","M","R","E","M","R","BOSS","M","?","M","$","M","R","E"],"items_purchased_type":["Card","Card"],"build_version":"2020-12-22","purchased_purges":1,"victory":false,"max_hp_per_floor":[80,80,94,94,94,94,94,94,94,94,97,97,101,105,105,109,109,109,109,113,113,117,117,117,117],"relic_stats":{"Centennial Puzzle":[18],"Gremlin Horn":[6,6],"counters":[12,53],"Tiny Chest":0,"MealTicket":15,"obtain_stats":[{"SlaversCollar":17,"Centennial Puzzle":13,"Lantern":19,"NeowsBlessing":0,"Gremlin Horn":9,"Mango":3,"Tiny Chest":6,"MealTicket":8,"Burning Blood":0},{"SlaversCollar":8,"Centennial Puzzle":6,"Lantern":9,"NeowsBlessing":0,"Gremlin Horn":3,"Mango":1,"Tiny Chest":2,"MealTicket":3,"Burning Blood":0},{"SlaversCollar":32,"Centennial Puzzle":17,"Lantern":38,"NeowsBlessing":0,"Gremlin Horn":3,"Mango":1,"Tiny Chest":2,"MealTicket":3,"Burning Blood":0}],"Burning Blood":60},"card_choices":[{"not_picked":["Clash","Clothesline"],"picked":"Cleave","floor":1},{"not_picked":["True Grit","Headbutt"],"picked":"Intimidate","floor":6},{"not_picked":["Rage","Anger"],"picked":"Intimidate","floor":8},{"not_picked":["Armaments","Power Through"],"picked":"Feed","floor":10},{"not_picked":["Clash","Anger"],"picked":"Shrug It Off","floor":11},{"not_picked":["Anger","Carnage"],"picked":"Brutality","floor":13},{"not_picked":["Second Wind","Spot Weakness"],"picked":"Heavy Blade","floor":14},{"not_picked":["Impervious","Feed"],"picked":"Corruption","floor":16},{"not_picked":["Combust","True Grit"],"picked":"Pommel Strike","floor":18},{"not_picked":["Sword Boomerang","Twin Strike+1"],"picked":"Sentinel","floor":20},{"not_picked":["Warcry","Armaments+1"],"picked":"Dark Embrace","floor":22}],"player_experience":200491,"relics_obtained":[{"floor":6,"key":"Tiny Chest"},{"floor":8,"key":"MealTicket"},{"floor":9,"key":"Gremlin Horn"},{"floor":13,"key":"Centennial Puzzle"}],"event_choices":[{"damage_healed":0,"gold_gain":0,"player_choice":"Leave","damage_taken":0,"max_hp_gain":0,"max_hp_loss":0,"event_name":"The Cleric","floor":4,"gold_loss":0},{"damage_healed":0,"gold_gain":0,"player_choice":"Stole Relic","damage_taken":0,"relics_obtained":["Lantern"],"max_hp_gain":0,"max_hp_loss":0,"event_name":"Addict","floor":19,"gold_loss":0,"cards_obtained":["Shame"]}],"is_beta":false,"boss_relics":[{"not_picked":["Black Blood","bronze:MakeshiftBattery"],"picked":"SlaversCollar"}],"items_purged_floors":[21],"is_endless":false,"potions_floor_spawned":[6,10,11,18],"killed_by":"Book of Stabbing","ascension_level":4}}