{"host":"v86vpwf004p2esb7","time":1613726332,"event":{"mods":["AchievementEnabler","BaseMod","BetterRewards","Colored Powertips","Minty Spire (QoL Compilation)","Quick Restart","StSLib","Transform Curses"],"gold_per_floor":[111,111,134,155,176,176,190,190,217,270,295,295,318,368,368,498,525,555,191,191,225,259,301,301,301,301,301,60,105,105,147,147,287,287,323,323,365,146,146,146,211,211,299,326,375,413,447,483,492,492,492],"floor_reached":50,"language":"ENG","playtime":2258,"items_purged":[],"score":878,"play_id":"d88c95ee-29d5-4cb6-a241-bee3fbab2c72","local_time":"20210219011852","is_ascension_mode":true,"campfire_choices":[{"data":"Apotheosis","floor":6,"key":"SMITH"},{"floor":8,"key":"REST"},{"floor":15,"key":"REST"},{"floor":24,"key":"REST"},{"floor":27,"key":"REST"},{"data":"Cloak And Dagger","floor":30,"key":"SMITH"},{"floor":32,"key":"RECALL"},{"data":"Storm of Steel","floor":40,"key":"SMITH"},{"floor":42,"key":"REST"},{"floor":49,"key":"REST"}],"circlet_count":0,"master_deck":["Strike_G","Strike_G","Strike_G","Defend_G","Defend_G","Defend_G+1","Defend_G","Survivor","Neutralize+1","Apotheosis+1","Bane","Noxious Fumes","Deadly Poison","Deflect","Dagger Spray","Flash of Steel","Accuracy","Accuracy","Setup","Backstab","Poisoned Stab","Noxious Fumes","Footwork","Blade Dance","Well Laid Plans","Storm of Steel+1","Setup+1","Backflip+1","Envenom+1","Cloak And Dagger+1","Noxious Fumes","Bane","Infinite Blades+1","Finisher+1","Caltrops+1","Bane+1","Catalyst","Adrenaline","Deadly Poison+1","Caltrops+1","Cloak And Dagger+1","Venomology","Infinite Blades+1","Outmaneuver+1","Decay","Mayhem+1","Transmutation","Dramatic Entrance","Terror+1","Dagger Spray+1","Choke+1","Blade Dance","Blade Dance","Burst"],"relics":["Ring of the Snake","Blood Vial","Juzu Bracelet","Black Star","Golden Idol","Vajra","CeramicFish","Anchor","Nunchaku","Astrolabe","MealTicket","Orichalcum","Pantograph","Turnip","Pocketwatch","Prayer Wheel","Mummified Hand","Regal Pillow","Frozen Egg 2","Cursed Key","Oddly Smooth Stone","Thread and Needle","The Courier","Pen Nib","InkBottle","Dream Catcher","Singing Bowl"],"acts_visited":["Exordium","TheCity","TheBeyond"],"potions_floor_usage":[7,13,14,14,14,14,16,21,22,23,25,33,33,45,46,47,48,50,50,50,50],"damage_taken":[{"damage":2,"enemies":"Jaw Worm","floor":1,"turns":4},{"damage":1,"enemies":"Small Slimes","floor":3,"turns":4},{"damage":0,"enemies":"Cultist","floor":4,"turns":4},{"damage":0,"enemies":"Lots of Slimes","floor":5,"turns":2},{"damage":26,"enemies":"Exordium Wildlife","floor":7,"turns":5},{"damage":34,"enemies":"3 Sentries","floor":10,"turns":7},{"damage":1,"enemies":"2 Fungi Beasts","floor":11,"turns":3},{"damage":0,"enemies":"Looter","floor":13,"turns":2},{"damage":10,"enemies":"Lagavulin","floor":14,"turns":5},{"damage":8,"enemies":"Hexaghost","floor":16,"turns":8},{"damage":6,"enemies":"3 Byrds","floor":18,"turns":4},{"damage":18,"enemies":"Spheric Guardian","floor":21,"turns":4},{"damage":16,"enemies":"Snecko","floor":22,"turns":4},{"damage":20,"enemies":"Slavers","floor":23,"turns":4},{"damage":0,"enemies":"Snake Plant","floor":25,"turns":1},{"damage":23,"enemies":"Gremlin Leader","floor":29,"turns":6},{"damage":4,"enemies":"Cultist and Chosen","floor":31,"turns":4},{"damage":44,"enemies":"Automaton","floor":33,"turns":5},{"damage":5,"enemies":"3 Shapes","floor":35,"turns":3},{"damage":4,"enemies":"Orb Walker","floor":37,"turns":3},{"damage":31,"enemies":"2 Orb Walkers","floor":41,"turns":4},{"damage":0,"enemies":"Giant Head","floor":45,"turns":5},{"damage":4,"enemies":"Jaw Worm Horde","floor":46,"turns":4},{"damage":7,"enemies":"Nemesis","floor":47,"turns":5},{"damage":0,"enemies":"Transient","floor":48,"turns":5},{"damage":100,"enemies":"Awakened One","floor":50,"turns":6}],"seed_played":"-4666034539134236880","potions_obtained":[{"floor":4,"key":"LiquidMemories"},{"floor":5,"key":"Regen Potion"},{"floor":10,"key":"Poison Potion"},{"floor":11,"key":"EntropicBrew"},{"floor":14,"key":"ColorlessPotion"},{"floor":21,"key":"DuplicationPotion"},{"floor":22,"key":"Fire Potion"},{"floor":23,"key":"SmokeBomb"},{"floor":29,"key":"Block Potion"},{"floor":31,"key":"AttackPotion"},{"floor":33,"key":"GhostInAJar"},{"floor":37,"key":"SteroidPotion"},{"floor":46,"key":"Fire Potion"},{"floor":48,"key":"Regen Potion"}],"is_trial":false,"path_per_floor":["M","?","M","M","M","R","M","R","T","E","M","?","M","E","R","B",null,"M","$","?","M","M","E","R","M","T","R","$","E","R","M","R","B",null,"M","?","M","$","?","R","?","R","T","?","E","M","E","M","R","B"],"character_chosen":"THE_SILENT","items_purchased":["Apotheosis","Bane","Blood Vial","Noxious Fumes","Juzu Bracelet","Deadly Poison","Deflect","Dagger Spray","Flash of Steel","MealTicket","Orichalcum","Noxious Fumes","Mummified Hand","Infinite Blades+1","Oddly Smooth Stone"],"campfire_rested":6,"item_purchase_floors":[0,0,0,0,0,0,0,0,0,19,19,19,28,38,38],"current_hp_per_floor":[38,38,39,41,43,43,33,54,54,22,23,9,11,3,24,18,57,53,53,53,37,23,5,26,28,28,49,64,43,43,41,41,24,59,56,56,54,69,69,69,39,70,70,60,62,60,57,59,72,0,0],"gold":492,"neow_bonus":"","is_daily":false,"chose_seed":false,"campfire_upgraded":3,"win_rate":0.0,"timestamp":1613726332,"path_taken":["M","?","M","M","M","R","M","R","T","E","M","?","M","E","R","BOSS","M","$","?","M","M","E","R","M","T","R","$","E","R","M","R","BOSS","M","?","M","$","?","R","?","R","T","?","E","M","E","M","R","BOSS"],"items_purchased_type":["Card","Card","Relic","Card","Relic","Card","Card","Card","Card","Relic","Relic","Card","Relic","Card","Relic"],"build_version":"2020-12-22","purchased_purges":0,"victory":false,"max_hp_per_floor":[70,70,70,70,70,70,70,70,70,70,70,70,70,70,70,70,70,70,70,70,70,70,70,70,70,70,70,70,70,70,70,70,70,70,70,70,70,70,70,70,70,70,70,70,70,70,72,72,72,72,72],"card_choices":[{"not_picked":["Caltrops","Slice"],"picked":"Accuracy","floor":1},{"not_picked":["Calculated Gamble","Acrobatics"],"picked":"Accuracy","floor":3},{"not_picked":["Reflex","Eviscerate"],"picked":"Setup","floor":4},{"not_picked":["Underhanded Strike","Acrobatics"],"picked":"Backstab","floor":5},{"not_picked":["Backflip","Tactician"],"picked":"Poisoned Stab","floor":7},{"not_picked":["Well Laid Plans","Masterful Stab"],"picked":"Noxious Fumes","floor":10},{"not_picked":["Expertise","Terror"],"picked":"Footwork","floor":11},{"not_picked":["Skewer","Flying Knee"],"picked":"Blade Dance","floor":13},{"not_picked":["Choke","Backflip"],"picked":"Well Laid Plans","floor":14},{"not_picked":["Phantasmal Killer","Corpse Explosion"],"picked":"Storm of Steel","floor":16},{"not_picked":["Leg Sweep","Well Laid Plans"],"picked":"Cloak And Dagger","floor":18},{"not_picked":["Backflip+1","Concentrate"],"picked":"Bane","floor":21},{"not_picked":["Slice","Flying Knee"],"picked":"Infinite Blades+1","floor":22},{"not_picked":["Deflect","Eviscerate+1"],"picked":"Finisher+1","floor":23},{"not_picked":["Acrobatics","Escape Plan+1"],"picked":"Caltrops+1","floor":29},{"not_picked":["Poisoned Stab","Sucker Punch"],"picked":"Bane+1","floor":31},{"not_picked":["Blur","Caltrops+1"],"picked":"Catalyst","floor":31},{"not_picked":["Wraith Form v2+1","Storm of Steel"],"picked":"Adrenaline","floor":33},{"not_picked":["Choke","Flying Knee+1"],"picked":"Deadly Poison+1","floor":35},{"not_picked":["Well Laid Plans+1","Acrobatics+1"],"picked":"Caltrops+1","floor":35},{"not_picked":["Acrobatics+1","Dagger Spray+1"],"picked":"Cloak And Dagger","floor":37},{"not_picked":["Setup+1","Slice"],"picked":"Venomology","floor":37},{"not_picked":["Dagger Throw+1","Slice"],"picked":"Outmaneuver+1","floor":41},{"not_picked":["Master of Strategy","Secret Technique"],"picked":"Mayhem+1","floor":44},{"not_picked":["Thinking Ahead","Trip"],"picked":"Transmutation","floor":44},{"not_picked":["Panacea","Discovery"],"picked":"Dramatic Entrance","floor":44},{"not_picked":["Dagger Throw","Deflect+1"],"picked":"Terror+1","floor":45},{"not_picked":["Prepared","Calculated Gamble+1"],"picked":"Dagger Spray+1","floor":46},{"not_picked":["Corpse Explosion","Acrobatics"],"picked":"Choke+1","floor":46},{"not_picked":["Deflect","Die Die Die","Slice+1"],"picked":"Singing Bowl","floor":47},{"not_picked":["Flying Knee+1","Dagger Spray+1"],"picked":"Blade Dance","floor":48},{"not_picked":["Noxious Fumes+1","Outmaneuver+1"],"picked":"Blade Dance","floor":48},{"not_picked":["PiercingWail","Skewer"],"picked":"Burst","floor":49}],"player_experience":290912,"relics_obtained":[{"floor":10,"key":"Vajra"},{"floor":10,"key":"CeramicFish"},{"floor":14,"key":"Anchor"},{"floor":14,"key":"Nunchaku"},{"floor":23,"key":"Turnip"},{"floor":23,"key":"Pocketwatch"},{"floor":26,"key":"Prayer Wheel"},{"floor":29,"key":"Regal Pillow"},{"floor":29,"key":"Frozen Egg 2"},{"floor":41,"key":"Thread and Needle"},{"floor":43,"key":"The Courier"},{"floor":45,"key":"Pen Nib"},{"floor":45,"key":"InkBottle"},{"floor":47,"key":"Dream Catcher"},{"floor":47,"key":"Singing Bowl"}],"event_choices":[{"damage_healed":0,"gold_gain":0,"player_choice":"Take Wound","damage_taken":0,"relics_obtained":["Golden Idol"],"max_hp_gain":0,"max_hp_loss":0,"event_name":"Golden Idol","floor":2,"gold_loss":0,"cards_obtained":["Injury"]},{"damage_healed":0,"gold_gain":0,"player_choice":"Entered Light","damage_taken":14,"max_hp_gain":0,"max_hp_loss":0,"event_name":"Shining Light","floor":12,"gold_loss":0,"cards_upgraded":["Neutralize","Defend_G"]},{"damage_healed":0,"gold_gain":0,"player_choice":"Opened","damage_taken":0,"relics_obtained":["Pantograph"],"max_hp_gain":0,"max_hp_loss":0,"event_name":"The Mausoleum","floor":20,"gold_loss":0},{"cards_removed":["Strike_G"],"damage_healed":0,"gold_gain":0,"player_choice":"Purged","damage_taken":0,"max_hp_gain":0,"max_hp_loss":0,"event_name":"Purifier","floor":36,"gold_loss":0},{"damage_healed":0,"gold_gain":0,"player_choice":"Forge","damage_taken":0,"max_hp_gain":0,"max_hp_loss":0,"event_name":"Accursed Blacksmith","floor":39,"gold_loss":0,"cards_upgraded":["Cloak And Dagger"]},{"damage_healed":0,"gold_gain":0,"player_choice":"Fight","damage_taken":0,"max_hp_gain":0,"max_hp_loss":0,"event_name":"Mysterious Sphere","floor":41,"gold_loss":0},{"damage_healed":0,"gold_gain":0,"player_choice":"Memory 3","damage_taken":10,"max_hp_gain":0,"max_hp_loss":0,"event_name":"SensoryStone","floor":44,"gold_loss":0}],"is_beta":false,"boss_relics":[{"not_picked":["Runic Dome","SacredBark"],"picked":"Astrolabe"},{"not_picked":["Busted Crown","Runic Pyramid"],"picked":"Cursed Key"}],"items_purged_floors":[],"is_endless":false,"potions_floor_spawned":[4,5,10,11,14,21,22,23,29,31,33,37,46,48],"killed_by":"Awakened One","ascension_level":5}}