{"host":"ibckqdmmf9y74ymf","time":1613744562,"event":{"mods":["2.2 Compatiblity","BaseMod","Colored Map","Curses Come First","Highlight Path","Minty Spire (QoL Compilation)","Quick Restart","Rare Cards Sparkle","Relic Stats","StSLib"],"gold_per_floor":[13,25,44,44,44,44,44],"floor_reached":6,"language":"ENG","playtime":233,"items_purged":[],"score":72,"play_id":"85c3c082-f9d9-4cc9-9c12-2dcce9d02858","local_time":"20210219152242","is_ascension_mode":true,"campfire_choices":[],"circlet_count":0,"master_deck":["AscendersBane","Strike_G","Strike_G","Strike_G","Strike_G","Strike_G","Defend_G","Defend_G+1","Defend_G","Defend_G","Defend_G","Survivor","Neutralize","Escape Plan+1","Dagger Throw","Dash"],"relics":["Ring of the Snake","Calipers"],"acts_visited":["Exordium"],"potions_floor_usage":[],"damage_taken":[{"damage":0,"enemies":"2 Louse","floor":1,"turns":4},{"damage":3,"enemies":"Jaw Worm","floor":2,"turns":10},{"damage":7,"enemies":"Small Slimes","floor":3,"turns":4},{"damage":44,"enemies":"Gremlin Nob","floor":6,"turns":4}],"seed_played":"3962977914615109331","potions_obtained":[{"floor":1,"key":"Ancient Potion"},{"floor":3,"key":"Explosive Potion"}],"is_trial":false,"path_per_floor":["M","M","M","?","?","E"],"character_chosen":"THE_SILENT","items_purchased":[],"campfire_rested":0,"item_purchase_floors":[],"current_hp_per_floor":[59,56,49,29,34,0,0],"gold":44,"neow_bonus":"ONE_RARE_RELIC","is_daily":false,"chose_seed":false,"campfire_upgraded":0,"win_rate":0.0,"timestamp":1613744562,"path_taken":["M","M","M","?","?","E"],"items_purchased_type":[],"build_version":"2020-12-22","purchased_purges":0,"victory":false,"max_hp_per_floor":[66,66,66,66,71,71,71],"relic_stats":{"counters":[4,22],"obtain_stats":[{"Calipers":0,"Ring of the Snake":0},{"Calipers":0,"Ring of the Snake":0},{"Calipers":0,"Ring of the Snake":0}],"Ring of the Snake":[8]},"card_choices":[{"not_picked":["PiercingWail","Catalyst"],"picked":"Escape Plan","floor":1},{"not_picked":["Dagger Spray","Poisoned Stab"],"picked":"Dagger Throw","floor":2},{"not_picked":["Dagger Spray","Cloak And Dagger"],"picked":"Dash","floor":3}],"player_experience":744450,"relics_obtained":[],"event_choices":[{"damage_healed":0,"gold_gain":0,"player_choice":"Entered Light","damage_taken":20,"max_hp_gain":0,"max_hp_loss":0,"event_name":"Shining Light","floor":4,"gold_loss":0,"cards_upgraded":["Defend_G","Escape Plan"]},{"damage_healed":0,"gold_gain":0,"player_choice":"Donut","damage_taken":0,"max_hp_gain":5,"max_hp_loss":0,"event_name":"Big Fish","floor":5,"gold_loss":0}],"is_beta":false,"boss_relics":[],"items_purged_floors":[],"is_endless":false,"potions_floor_spawned":[1,3],"killed_by":"Gremlin Nob","ascension_level":20}}