{"host":"xkc7tfemhzdc5j5t","time":1613738557,"event":{"mods":["AchievementEnabler","Act Like it!","BaseMod","BetterRewards","Colored Map","Colored Powertips","Downfall","Gensokyo","Hallownest","Hermit","Highlight Path","Infinite Spire","Marisa£®ÏF”Í°°ƒß¿Ì…≥£©","Minty Spire (QoL Compilation)","Prisma Mod","Quick Restart","Reimu£®≤©¿ˆ¡È√Œ£©","Replay The Spire","Shop Mod","StSLib","SuperFastMode","The Bug Knight","The Construct","The Cursed","The Disciple","The Hierophant","The Jungle","The Necromancer","The Runesmith","The Servant 0.9.4","Youmu£®ªÍ∆«—˝√Œ£©"],"gold_per_floor":[99,115,135,45,5,40,40,40,215,365,378,378,390,408,420,517,517,517,534,534,544,561,588,588,588,588,588],"floor_reached":25,"language":"ZHS","playtime":1805,"items_purged":["hexamod:Strike"],"score":234,"play_id":"c8683368-e0ad-4517-aaa3-36d5ec78c81e","local_time":"20210219204237","is_ascension_mode":true,"campfire_choices":[{"data":"hexamod:Float","floor":1,"key":"SMITH"},{"data":"hexamod:AdvancingGuard","floor":8,"key":"SMITH"},{"data":"hexamod:BacktrackSmack","floor":12,"key":"SMITH"},{"data":"hexamod:WildfireWeapon","floor":18,"key":"SMITH"}],"circlet_count":0,"master_deck":["hexamod:Strike","hexamod:Strike","hexamod:Defend","hexamod:Sear","hexamod:Float+1","hexamod:ShieldOfDarkness","hexamod:SpectersWail","hexamod:AdvancingGuard+1","hexamod:Hexaguard+1","hexamod:TimeWarp","hexamod:Hexaguard+1","Doubt","downfall:Icky","hexamod:BacktrackSmack+1","hexamod:BacktrackSmack","hexamod:StepThrough+1","hexamod:EmpoweredFlame","hexamod:WildfireWeapon+1","hexamod:TimeWarp+1","hexamod:ExtraCrispy+1","hexamod:SuperheatedStrike+1","hexamod:ThirdSeal","hexamod:FirstSeal"],"relics":["hexamod:SpiritBrand","Toy Ornithopter","Replay:Baseball","Astrolabe","War Paint","Toxic Egg 2"],"acts_visited":["Exordium","TheCity"],"potions_floor_usage":[16],"damage_taken":[{"damage":1,"enemies":"Cultist","floor":2,"turns":3},{"damage":0,"enemies":"2 Louse","floor":3,"turns":2},{"damage":5,"enemies":"downfall:FleeingMerchant","floor":4,"turns":4},{"damage":0,"enemies":"downfall:FleeingMerchant","floor":5,"turns":4},{"damage":16,"enemies":"Gremlin Nob","floor":6,"turns":5},{"damage":0,"enemies":"Jaw Worm","floor":11,"turns":3},{"damage":0,"enemies":"Gremlin Gang","floor":13,"turns":3},{"damage":0,"enemies":"3 Louse","floor":14,"turns":3},{"damage":6,"enemies":"Exordium Wildlife","floor":15,"turns":4},{"damage":33,"enemies":"DF_ARCHETYPE_STREAMLINE","floor":16,"turns":9},{"damage":0,"enemies":"Chosen","floor":19,"turns":3},{"damage":0,"enemies":"3 Byrds","floor":21,"turns":4},{"damage":7,"enemies":"Centurion and Healer","floor":22,"turns":5},{"damage":18,"enemies":"Gremlin Leader","floor":23,"turns":4},{"damage":25,"enemies":"Snake Plant","floor":25,"turns":3}],"seed_played":"-8208717223229431245","potions_obtained":[{"floor":2,"key":"Block Potion"},{"floor":11,"key":"SteroidPotion"},{"floor":13,"key":"Slimebound:ThreeZeroPotion"},{"floor":14,"key":"AttackPotion"},{"floor":23,"key":"GamblersBrew"}],"is_trial":false,"path_per_floor":["R","M","M","$","$","E","T","R","?","?","M","R","M","M","M","B",null,"R","M","?","M","M","E","T","M"],"character_chosen":"THE_SPIRIT","items_purchased":["hexamod:Hexaguard"],"campfire_rested":0,"item_purchase_floors":[5],"current_hp_per_floor":[70,69,69,64,64,48,48,48,48,48,48,48,48,48,42,14,70,70,70,70,70,63,45,45,20,20,20],"gold":588,"neow_bonus":"TRANSFORM_CARD","is_daily":false,"chose_seed":false,"campfire_upgraded":4,"win_rate":0.0,"timestamp":1613738557,"path_taken":["R","M","M","?","$","E","T","R","?","?","M","R","M","M","M","BOSS","R","M","?","M","?","E","T","M"],"items_purchased_type":["Card"],"build_version":"2020-12-22","purchased_purges":1,"victory":false,"max_hp_per_floor":[70,70,70,70,70,70,70,70,70,70,70,70,70,70,70,70,70,70,70,70,70,70,70,70,70,70,70],"card_choices":[{"not_picked":["hexamod:Firestarter","hexamod:HeatMetal"],"picked":"hexamod:SpectersWail","floor":2},{"not_picked":["hexamod:ShieldOfDarkness","hexamod:NightmareGuise"],"picked":"hexamod:AdvancingGuard","floor":3},{"not_picked":["hexamod:SpectersWail","hexamod:RadiantFlame"],"picked":"hexamod:Hexaguard","floor":4},{"not_picked":["hexamod:SpectralSpark","hexamod:ChargedBarrage"],"picked":"hexamod:TimeWarp","floor":5},{"not_picked":["hexamod:NightmareGuise","hexamod:InspiringFlames","hexamod:Incineration"],"picked":"SKIP","floor":6},{"not_picked":["hexamod:InspiringFlames","hexamod:BurningTouch"],"picked":"hexamod:BacktrackSmack","floor":11},{"not_picked":["hexamod:NightmareStrike","hexamod:Firestarter"],"picked":"hexamod:BacktrackSmack","floor":13},{"not_picked":["hexamod:RecurringNightmare","hexamod:SoulSteal"],"picked":"hexamod:StepThrough","floor":14},{"not_picked":["hexamod:Rewind","hexamod:FastForward"],"picked":"hexamod:EmpoweredFlame","floor":15},{"not_picked":["hexamod:GiftsFromTheDead","hexamod:GhostOfSpirePresent"],"picked":"hexamod:WildfireWeapon","floor":16},{"not_picked":["hexamod:HeatCrush","hexamod:NightmareGuise+1","hexamod:NightmareStrike"],"picked":"SKIP","floor":19},{"not_picked":["hexamod:RadiantFlame","hexamod:PhantomFireball"],"picked":"hexamod:ThirdSeal","floor":21},{"not_picked":["hexamod:HeatCrush","hexamod:ThirdSeal"],"picked":"hexamod:FirstSeal","floor":22},{"not_picked":["hexamod:AdvancingGuard","hexamod:Again","hexamod:NightmareStrike"],"picked":"SKIP","floor":23}],"player_experience":778752,"relics_obtained":[{"floor":6,"key":"Toy Ornithopter"},{"floor":7,"key":"Replay:Baseball"},{"floor":23,"key":"War Paint"},{"floor":24,"key":"Toxic Egg 2"}],"event_choices":[{"damage_healed":0,"gold_gain":0,"player_choice":"Forge","damage_taken":0,"max_hp_gain":0,"max_hp_loss":0,"event_name":"Accursed Blacksmith","floor":20,"gold_loss":0,"cards_upgraded":["hexamod:StepThrough"]}],"is_beta":false,"boss_relics":[{"not_picked":["Runesmith:UraniumAnvil","SlaversCollar"],"picked":"Astrolabe"}],"items_purged_floors":[4],"is_endless":false,"potions_floor_spawned":[2,11,13,14,15,23],"killed_by":"Snake Plant","ascension_level":1}}