{"host":"72n3jwtrlpjobydj","time":1613705322,"event":{"mods":["AchievementEnabler","BaseMod","CapriCore","DeckTracker","Hermit","Koishi","KomeijiMod","Lobotomy","Marisa£¨Ùöéë¡¡Øª×âÞÞ£©","Minty Spire (QoL Compilation)","Permanent Neow","StSLib","SuperFastMode","The Cursed","The Hierophant","The Immortal"],"gold_per_floor":[116,128,31,31,31,31,51,84,84,84,101,112,130,141,141,244,244,261,111,111,111,111,111],"floor_reached":22,"language":"KOR","playtime":964,"items_purged":["Strike_P"],"score":186,"play_id":"00177f43-b35f-4050-b167-736a6df51b79","local_time":"20210219122842","is_ascension_mode":false,"campfire_choices":[{"floor":6,"key":"REST"},{"floor":10,"key":"REST"},{"floor":15,"key":"REST"}],"circlet_count":0,"master_deck":["Strike_P","Strike_P","Strike_P","Defend_P","Defend_P","Defend_P","Defend_P","Eruption","Vigilance","Adaptation","TalkToTheHand+1","Halt","Lonely"],"relics":["PureWater","NeowsBlessing","Molten Egg 2","Bag of Preparation","Meat on the Bone","VioletLotus","Orichalcum"],"acts_visited":["Exordium","TheCity"],"potions_floor_usage":[8,13,16,16],"damage_taken":[{"damage":0,"enemies":"Small Slimes","floor":1,"turns":1},{"damage":0,"enemies":"2 Louse","floor":2,"turns":1},{"damage":0,"enemies":"Cultist","floor":7,"turns":1},{"damage":20,"enemies":"Gremlin Nob","floor":8,"turns":5},{"damage":14,"enemies":"Exordium Thugs","floor":11,"turns":3},{"damage":16,"enemies":"Large Slime","floor":12,"turns":8},{"damage":28,"enemies":"Gremlin Gang","floor":13,"turns":6},{"damage":0,"enemies":"Blue Slaver","floor":14,"turns":4},{"damage":36,"enemies":"The Guardian","floor":16,"turns":17},{"damage":61,"enemies":"3 Byrds","floor":18,"turns":9},{"damage":27,"enemies":"Spheric Guardian","floor":22,"turns":5}],"seed_played":"-3916426516726186430","potions_obtained":[{"floor":2,"key":"Block Potion"},{"floor":7,"key":"Regen Potion"},{"floor":12,"key":"SteroidPotion"},{"floor":13,"key":"SkillPotion"}],"is_trial":false,"path_per_floor":["M","M","$","?","?","R","M","E","T","R","M","M","M","M","R","B",null,"M","$","?","?","M"],"character_chosen":"WATCHER","items_purchased":["Halt","Orichalcum"],"campfire_rested":3,"item_purchase_floors":[3,19],"current_hp_per_floor":[72,72,72,65,70,72,72,52,52,72,58,42,26,38,59,35,72,23,23,23,23,0,0],"gold":111,"neow_bonus":"THREE_ENEMY_KILL","is_daily":false,"chose_seed":false,"campfire_upgraded":0,"win_rate":0.0,"timestamp":1613705322,"path_taken":["M","M","$","?","?","R","M","E","T","R","M","?","M","M","R","BOSS","M","$","?","?","M"],"items_purchased_type":["Card","Relic"],"build_version":"2020-12-22","purchased_purges":1,"victory":false,"max_hp_per_floor":[72,72,72,72,72,72,72,72,72,72,72,72,72,72,72,72,72,72,72,72,72,72,72],"card_choices":[{"not_picked":["JustLucky","CutThroughFate","CrushJoints"],"picked":"SKIP","floor":1},{"not_picked":["JustLucky","ThirdEye"],"picked":"Adaptation","floor":2},{"not_picked":["ThirdEye","DevaForm"],"picked":"TalkToTheHand+1","floor":7},{"not_picked":["ClearTheMind","WreathOfFlame","Crescendo"],"picked":"SKIP","floor":8},{"not_picked":["BowlingBash+1","Vengeance","WindmillStrike+1"],"picked":"SKIP","floor":11},{"not_picked":["WaveOfTheHand","BowlingBash+1","Evaluate"],"picked":"SKIP","floor":12},{"not_picked":["Wallop+1","JustLucky+1"],"picked":"Halt","floor":13},{"not_picked":["CrushJoints+1","FollowUp+1","EmptyFist+1"],"picked":"SKIP","floor":14},{"not_picked":["FlurryOfBlows+1","Nirvana","Crescendo"],"picked":"SKIP","floor":18}],"player_experience":85224,"relics_obtained":[{"floor":8,"key":"Bag of Preparation"},{"floor":9,"key":"Meat on the Bone"}],"event_choices":[{"damage_healed":0,"gold_gain":0,"player_choice":"Success","damage_taken":7,"relics_obtained":["Molten Egg 2"],"max_hp_gain":0,"max_hp_loss":0,"event_name":"Scrap Ooze","floor":4,"gold_loss":0},{"cards_removed":["Halt"],"damage_healed":5,"gold_gain":0,"player_choice":"Offered Common","damage_taken":0,"max_hp_gain":0,"max_hp_loss":0,"event_name":"Bonfire Elementals","floor":5,"gold_loss":0},{"cards_removed":["Halt"],"damage_healed":5,"gold_gain":0,"player_choice":"Offered Special","damage_taken":0,"max_hp_gain":0,"max_hp_loss":0,"event_name":"Bonfire Elementals","floor":5,"gold_loss":0},{"damage_healed":0,"gold_gain":0,"player_choice":"Smashed Altar","damage_taken":0,"max_hp_gain":0,"max_hp_loss":0,"event_name":"Forgotten Altar","floor":20,"gold_loss":0,"cards_obtained":["Decay"]},{"damage_healed":0,"gold_gain":0,"cards_transformed":["Decay"],"player_choice":"Transformed","damage_taken":0,"max_hp_gain":0,"max_hp_loss":0,"event_name":"Transmorgrifier","floor":21,"gold_loss":0,"cards_obtained":["Lonely"]}],"is_beta":false,"boss_relics":[{"not_picked":["Snecko Eye","Runic Pyramid"],"picked":"VioletLotus"}],"items_purged_floors":[3],"is_endless":false,"potions_floor_spawned":[2,7,12,13],"killed_by":"Spheric Guardian","ascension_level":0}}