{"host":"0fupymmp6wdjyqoi","time":1613743911,"event":{"mods":["BaseMod","Bestiary","Clockwork Mod","Conspire","Downfall","GifTheSpireLib","Hubris","Infinite Spire","Minty Spire (QoL Compilation)","Replay The Spire","StSLib","The Construct","The Senshi"],"gold_per_floor":[110,110,110,110,110,110,130,160,160,191,191,141,141,159,183,183,183,183,183],"floor_reached":18,"language":"ENG","playtime":1686,"items_purged":["conspire:GhostlyStrike"],"score":141,"play_id":"a60aeaf0-2ebb-4bc0-9ba7-d5f1e45a60be","local_time":"20210219151151","is_ascension_mode":false,"campfire_choices":[{"floor":9,"key":"REST"},{"data":"Crippling Poison","floor":13,"key":"SMITH"},{"floor":17,"key":"REST"}],"circlet_count":0,"master_deck":["conspire:GhostlyStrike","conspire:GhostlyStrike","conspire:GhostlyStrike","conspire:GhostlyDefend","conspire:GhostlyDefend","conspire:GhostlyDefend+1","conspire:GhostlyDefend","Survivor","Neutralize","Cloak And Dagger","Poisoned Stab+1","Crippling Poison+1","Underhanded Strike","Reflex"],"relics":["Empty Cage","infinitespire:Cubic Diamond","infinitespire:BottledMercury","Smiling Mask","hubris:SphereOfDissonance","infinitespire:WardingShard","Juzu Bracelet"],"acts_visited":["Exordium"],"potions_floor_usage":[10,10],"damage_taken":[{"damage":0,"enemies":"conspire:RoseBush","floor":1,"turns":3},{"damage":0,"enemies":"2 Louse","floor":7,"turns":3},{"damage":38,"enemies":"Gremlin Nob","floor":8,"turns":5},{"damage":12,"enemies":"Lagavulin","floor":10,"turns":8},{"damage":0,"enemies":"Jaw Worm","floor":14,"turns":3},{"damage":51,"enemies":"Slime Boss","floor":18,"turns":13}],"seed_played":"-7887659808487467141","potions_obtained":[{"floor":1,"key":"sneckomod:MuddlingPotion"},{"floor":7,"key":"Guardian:BlockOnCardUsePotion"},{"floor":10,"key":"Languid Potion"},{"floor":14,"key":"SneckoOil"}],"is_trial":false,"path_per_floor":["M","?","?","PTL","PTL","?","M","E","R","E","T","$","R","M","T","?","R","B"],"character_chosen":"THE_SILENT","items_purchased":[],"campfire_rested":2,"item_purchase_floors":[],"current_hp_per_floor":[70,70,70,70,70,70,70,32,53,41,41,41,41,41,41,30,51,0,0],"gold":183,"neow_bonus":"BOSS_RELIC","is_daily":false,"chose_seed":false,"campfire_upgraded":1,"win_rate":0.0,"timestamp":1613743911,"path_taken":["M","?","?","PTL","PTL","?","M","E","R","E","T","$","R","?","?","?","R","BOSS"],"items_purchased_type":[],"build_version":"2020-12-22","purchased_purges":1,"victory":false,"max_hp_per_floor":[70,70,70,70,70,70,70,70,70,70,70,70,70,70,70,70,70,70,70],"card_choices":[{"not_picked":["Acrobatics","Hidden Blade"],"picked":"Cloak And Dagger","floor":1},{"not_picked":["Predator","Escape Plan"],"picked":"Poisoned Stab","floor":7},{"not_picked":["Blade Dance","hubris:Sniper"],"picked":"Crippling Poison","floor":8},{"not_picked":["Dagger Spray","Die Die Die"],"picked":"Underhanded Strike","floor":10},{"not_picked":["Infinite Blades","Deflect"],"picked":"Reflex","floor":14}],"player_experience":48332,"relics_obtained":[{"floor":3,"key":"infinitespire:BottledMercury"},{"floor":8,"key":"Smiling Mask"},{"floor":10,"key":"hubris:SphereOfDissonance"},{"floor":11,"key":"infinitespire:WardingShard"},{"floor":15,"key":"Juzu Bracelet"}],"event_choices":[{"damage_healed":0,"gold_gain":0,"player_choice":"Agree","damage_taken":0,"max_hp_gain":0,"max_hp_loss":0,"event_name":"conspire:LoneGhost","floor":6,"gold_loss":0},{"damage_healed":0,"gold_gain":0,"player_choice":"Entered Light","damage_taken":14,"max_hp_gain":0,"max_hp_loss":0,"event_name":"Shining Light","floor":16,"gold_loss":0,"cards_upgraded":["Poisoned Stab","conspire:GhostlyDefend"]}],"is_beta":false,"boss_relics":[],"items_purged_floors":[12],"is_endless":false,"potions_floor_spawned":[1,7,10,14],"killed_by":"Slime Boss","ascension_level":0}}