{"host":"s1zmgfx0020qwdb2","time":1613768356,"event":{"mods":["AchievementEnabler","BaseMod","BetterRewards","Colored Map","Colored Powertips","Minty Spire (QoL Compilation)","StSLib","Together in Spire"],"gold_per_floor":[111,121,131,231,241,241,268,268,291,291,317,334,347,382,382,482,482,495,72,72,83,99,99,127,146,199,199,199,199,199,225,225,326,326,336,356,4,51,63,88,88,118,144,164,174,194,222,222,222],"floor_reached":48,"language":"DEU","playtime":3022,"items_purged":[],"score":632,"play_id":"f38b9cf2-ab66-4d7d-881c-acc522e94be2","local_time":"20210219215916","is_ascension_mode":false,"campfire_choices":[{"data":"Barrage","floor":6,"key":"SMITH"},{"floor":8,"key":"REST"},{"floor":15,"key":"REST"},{"data":"Loop","floor":23,"key":"SMITH"},{"floor":27,"key":"REST"},{"floor":29,"key":"REST"},{"data":"RitualDagger","floor":32,"key":"SMITH"},{"floor":41,"key":"REST"}],"circlet_count":0,"master_deck":["Strike_B","Strike_B+1","Strike_B+1","Defend_B","Defend_B","Defend_B","Zap","Dualcast","Dark Shackles","Conserve Battery","Skim","Barrage+1","Leap","Streamline","Decay","Redo","Seek","BootSequence","Tempest","Electrodynamics","Genetic Algorithm","Mayhem","Loop+1","Barrage+1","Necronomicurse","Coolheaded+1","Stack","Rip and Tear+1","Ball Lightning+1","RitualDagger+1","Go for the Eyes+1","Thunder Strike","Defragment+1","Ball Lightning","Streamline","BootSequence+1","Doom and Gloom","Beam Cell","Storm+1","Barrage","Sweeping Beam","Rebound","Conserve Battery"],"relics":["Cracked Core","Bronze Scales","Pen Nib","Regal Pillow","Turnip","Empty Cage","DollysMirror","Necronomicon","FossilizedHelix","PreservedInsect","Gremlin Horn","Pantograph","Nuclear Battery","Runic Capacitor","Ancient Tea Set","Bird Faced Urn","Whetstone","Vajra","Anchor","Mummified Hand"],"acts_visited":["Exordium","TheCity","TheBeyond"],"potions_floor_usage":[24,24,36],"damage_taken":[{"damage":0,"enemies":"Cultist","floor":1,"turns":1},{"damage":1,"enemies":"2 Louse","floor":2,"turns":1},{"damage":0,"enemies":"Small Slimes","floor":3,"turns":1},{"damage":12,"enemies":"Blue Slaver","floor":5,"turns":1},{"damage":4,"enemies":"3 Sentries","floor":7,"turns":3},{"damage":17,"enemies":"Lagavulin","floor":11,"turns":4},{"damage":2,"enemies":"Large Slime","floor":12,"turns":3},{"damage":7,"enemies":"3 Louse","floor":13,"turns":2},{"damage":11,"enemies":"3 Sentries","floor":14,"turns":3},{"damage":0,"enemies":"Hexaghost","floor":16,"turns":2},{"damage":0,"enemies":"3 Byrds","floor":18,"turns":2},{"damage":9,"enemies":"Spheric Guardian","floor":21,"turns":3},{"damage":5,"enemies":"Chosen and Byrds","floor":22,"turns":2},{"damage":41,"enemies":"Slavers","floor":24,"turns":5},{"damage":0,"enemies":"Centurion and Healer","floor":25,"turns":3},{"damage":0,"enemies":"Book of Stabbing","floor":31,"turns":1},{"damage":0,"enemies":"Collector","floor":33,"turns":2},{"damage":0,"enemies":"3 Shapes","floor":35,"turns":2},{"damage":0,"enemies":"Orb Walker","floor":36,"turns":2},{"damage":21,"enemies":"2 Orb Walkers","floor":38,"turns":4},{"damage":40,"enemies":"Sphere and 2 Shapes","floor":39,"turns":2},{"damage":2,"enemies":"Giant Head","floor":40,"turns":5},{"damage":0,"enemies":"Reptomancer","floor":42,"turns":3},{"damage":0,"enemies":"Maw","floor":44,"turns":4},{"damage":0,"enemies":"Jaw Worm Horde","floor":45,"turns":1},{"damage":0,"enemies":"Spire Growth","floor":46,"turns":2},{"damage":0,"enemies":"Giant Head","floor":47,"turns":5},{"damage":197,"enemies":"Transient","floor":48,"turns":4}],"seed_played":"1181874294249135212","potions_obtained":[{"floor":1,"key":"FocusPotion"},{"floor":5,"key":"BlessingOfTheForge"},{"floor":7,"key":"SpeedPotion"},{"floor":11,"key":"PowerPotion"},{"floor":22,"key":"CultistPotion"},{"floor":24,"key":"FairyPotion"},{"floor":33,"key":"SteroidPotion"},{"floor":35,"key":"Fruit Juice"},{"floor":38,"key":"EssenceOfDarkness"}],"is_trial":false,"path_per_floor":["M","M","M","?","M","R","E","R","T","?","E","M","M","E","R","B",null,"M","$","?","M","M","R","E","M","T","R","?","R","T","E","R","B",null,"M","M","$","?","M","E","R","E","T","M","M","M","E","M"],"character_chosen":"DEFECT","items_purchased":["Mayhem","Loop","DollysMirror","Runic Capacitor","Ancient Tea Set","Streamline"],"campfire_rested":5,"item_purchase_floors":[19,19,19,37,37,37],"current_hp_per_floor":[75,74,74,74,62,62,58,75,75,75,58,56,49,38,75,75,75,75,75,59,50,45,45,4,4,4,41,35,72,72,72,72,75,75,75,80,80,59,23,29,68,72,72,76,78,80,80,0,0],"gold":222,"neow_bonus":"RANDOM_COLORLESS","is_daily":false,"chose_seed":false,"campfire_upgraded":3,"win_rate":0.0,"timestamp":1613768356,"path_taken":["M","M","M","?","?","R","E","R","T","?","E","?","M","E","R","BOSS","M","$","?","M","M","R","E","M","T","R","?","R","?","E","R","BOSS","M","M","$","?","M","E","R","E","T","M","M","M","E","M"],"items_purchased_type":["Card","Card","Relic","Relic","Relic","Card"],"build_version":"2020-12-22","purchased_purges":0,"victory":false,"max_hp_per_floor":[75,75,75,75,75,75,75,75,75,75,75,75,75,75,75,75,75,75,75,75,75,75,75,75,75,75,75,75,75,75,75,75,75,75,75,80,80,80,80,80,80,80,80,80,80,80,80,80,80],"card_choices":[{"not_picked":["PanicButton","Mind Blast"],"picked":"Dark Shackles","floor":0},{"not_picked":["Double Energy","Rebound"],"picked":"Conserve Battery","floor":1},{"not_picked":["Steam","Scrape"],"picked":"Skim","floor":2},{"not_picked":["Aggregate","Streamline"],"picked":"Barrage","floor":3},{"not_picked":["Steam","Aggregate"],"picked":"Leap","floor":5},{"not_picked":["Compile Driver","Reinforced Body"],"picked":"Streamline","floor":7},{"not_picked":["Turbo","Fusion"],"picked":"Redo","floor":11},{"not_picked":["Skim","Chill"],"picked":"Seek","floor":12},{"not_picked":["Steam","Steam Power"],"picked":"BootSequence","floor":13},{"not_picked":["Rip and Tear","Go for the Eyes"],"picked":"Tempest","floor":14},{"not_picked":["Core Surge","Multi-Cast"],"picked":"Electrodynamics","floor":16},{"not_picked":["Ball Lightning+1","Defragment+1"],"picked":"Genetic Algorithm","floor":18},{"not_picked":["Heatsinks","Hello World"],"picked":"Coolheaded+1","floor":21},{"not_picked":["Gash","Leap"],"picked":"Stack","floor":22},{"not_picked":["Leap","Hello World"],"picked":"Rip and Tear+1","floor":24},{"not_picked":["Scrape+1","Barrage"],"picked":"Ball Lightning+1","floor":25},{"not_picked":["Recycle","Coolheaded"],"picked":"Go for the Eyes+1","floor":31},{"not_picked":["Electrodynamics","Echo Form"],"picked":"Thunder Strike","floor":33},{"not_picked":["Consume","Static Discharge+1"],"picked":"Defragment+1","floor":35},{"not_picked":["Conserve Battery","Turbo"],"picked":"Ball Lightning","floor":36},{"not_picked":["Recycle","Hologram"],"picked":"BootSequence+1","floor":38},{"not_picked":["Gash+1","Seek"],"picked":"Doom and Gloom","floor":39},{"not_picked":["Hologram","Skim"],"picked":"Beam Cell","floor":40},{"not_picked":["Thunder Strike","Heatsinks+1"],"picked":"Storm+1","floor":42},{"not_picked":["Leap","Steam"],"picked":"Barrage","floor":44},{"not_picked":["Leap+1","Blizzard+1"],"picked":"Sweeping Beam","floor":45},{"not_picked":["Creative AI","Steam"],"picked":"Rebound","floor":46},{"not_picked":["Recycle","White Noise+1"],"picked":"Conserve Battery","floor":47}],"player_experience":33276,"relics_obtained":[{"floor":7,"key":"Bronze Scales"},{"floor":9,"key":"Pen Nib"},{"floor":11,"key":"Regal Pillow"},{"floor":14,"key":"Turnip"},{"floor":20,"key":"Necronomicon"},{"floor":24,"key":"FossilizedHelix"},{"floor":26,"key":"PreservedInsect"},{"floor":30,"key":"Gremlin Horn"},{"floor":31,"key":"Pantograph"},{"floor":38,"key":"Bird Faced Urn"},{"floor":40,"key":"Whetstone"},{"floor":42,"key":"Vajra"},{"floor":43,"key":"Anchor"},{"floor":47,"key":"Mummified Hand"}],"event_choices":[{"damage_healed":0,"gold_gain":100,"player_choice":"Pray","damage_taken":0,"max_hp_gain":0,"max_hp_loss":0,"event_name":"Golden Shrine","floor":4,"gold_loss":0},{"damage_healed":0,"gold_gain":0,"player_choice":"Cursed","damage_taken":0,"max_hp_gain":0,"max_hp_loss":0,"event_name":"Wheel of Change","floor":10,"gold_loss":0,"cards_obtained":["Decay"]},{"damage_healed":0,"gold_gain":0,"player_choice":"Obtained Book","damage_taken":16,"max_hp_gain":0,"max_hp_loss":0,"event_name":"Cursed Tome","floor":20,"gold_loss":0},{"damage_healed":0,"gold_gain":0,"player_choice":"Joined the Cult","damage_taken":6,"max_hp_gain":0,"max_hp_loss":0,"event_name":"Nest","floor":28,"gold_loss":0,"cards_obtained":["RitualDagger"]},{"damage_healed":0,"gold_gain":0,"player_choice":"Fight","damage_taken":0,"max_hp_gain":0,"max_hp_loss":0,"event_name":"Mysterious Sphere","floor":38,"gold_loss":0}],"is_beta":false,"boss_relics":[{"not_picked":["Cursed Key","Runic Dome"],"picked":"Empty Cage"},{"not_picked":["Sozu","Velvet Choker"],"picked":"Nuclear Battery"}],"items_purged_floors":[],"is_endless":false,"potions_floor_spawned":[1,5,7,11,12,16,18,22,24,33,35,38,39,42,47],"killed_by":"Transient","ascension_level":0}}