{"host":"2c84cb4cp1emursg","time":1613704899,"event":{"mods":["Act Like it!","BaseMod","Better Third Choice","Bossed Relics","Downfall","Hermit","Mimic Mod","Minty Spire (QoL Compilation)","Permanent Neow","StSLib"],"gold_per_floor":[0,175,175,11,27,27,27,43,143,167,187,205,237,247,258,258,258,258],"floor_reached":16,"language":"ENG","playtime":847,"items_purged":[],"score":102,"play_id":"91cff47f-4abb-4804-b3c2-5b15b9055c95","local_time":"20210218202139","is_ascension_mode":false,"campfire_choices":[{"data":"sneckomod:Unknown","floor":1,"key":"SMITH"},{"floor":6,"key":"RECALL"}],"circlet_count":0,"master_deck":["sneckomod:Strike","sneckomod:Strike","sneckomod:Strike","sneckomod:Defend","sneckomod:Defend","sneckomod:Defend","sneckomod:TailWhip","sneckomod:SnekBite","sneckomod:Unknown+1","sneckomod:Unknown","Doubt","sneckomod:Unknown1Cost","sneckomod:WideSting","sneckomod:SnekBeam","sneckomod:SnakeSap","sneckomod:UnknownBlock","sneckomod:DiceCrush","sneckomod:UnknownUncommonPower","sneckomod:UnknownExhaust"],"relics":["sneckomod:SneckoSoul","Gambling Chip","sneckomod:LoadedDie","Slimebound:StickyStick","Odd Mushroom","Smiling Mask"],"acts_visited":["Exordium"],"potions_floor_usage":[10,13,13,16],"damage_taken":[{"damage":0,"enemies":"downfall:FleeingMerchant","floor":4,"turns":4},{"damage":8,"enemies":"Jaw Worm","floor":5,"turns":3},{"damage":2,"enemies":"2 Louse","floor":8,"turns":2},{"damage":13,"enemies":"The Mushroom Lair","floor":10,"turns":3},{"damage":0,"enemies":"Cultist","floor":11,"turns":2},{"damage":11,"enemies":"Blue Slaver","floor":12,"turns":3},{"damage":23,"enemies":"Lagavulin","floor":13,"turns":5},{"damage":6,"enemies":"Large Slime","floor":14,"turns":5},{"damage":0,"enemies":"2 Fungi Beasts","floor":15,"turns":3},{"damage":29,"enemies":"WA_ARCHETYPE_RETAIN","floor":16,"turns":4}],"seed_played":"-2239801472847987774","potions_obtained":[{"floor":3,"key":"LiquidMemories"},{"floor":3,"key":"GamblersBrew"},{"floor":3,"key":"CultistPotion"},{"floor":10,"key":"ColorlessPotion"},{"floor":11,"key":"LiquidMemories"},{"floor":13,"key":"SmokeBomb"}],"is_trial":false,"path_per_floor":["R","?","?","$","M","R","T","M","?","?","M","M","E","M","M","B"],"character_chosen":"THE_SNECKO","items_purchased":["sneckomod:LoadedDie"],"campfire_rested":0,"item_purchase_floors":[4],"current_hp_per_floor":[90,90,90,90,82,82,82,80,80,67,67,56,33,27,27,0,0,0],"gold":258,"neow_bonus":"ONE_RARE_RELIC","is_daily":false,"chose_seed":false,"campfire_upgraded":1,"win_rate":0.0,"timestamp":1613704899,"path_taken":["R","?","?","$","M","R","T","?","?","?","M","M","E","M","M","BOSS"],"items_purchased_type":["Relic"],"build_version":"2020-12-22","purchased_purges":0,"victory":false,"max_hp_per_floor":[90,90,90,90,90,90,90,90,90,90,90,90,90,90,90,90,90,90],"card_choices":[{"not_picked":["sneckomod:DiceCrush","sneckomod:UnknownCommonAttack"],"picked":"sneckomod:Unknown1Cost","floor":4},{"not_picked":["sneckomod:SoulDraw","sneckomod:UnknownBlock"],"picked":"sneckomod:WideSting","floor":5},{"not_picked":["sneckomod:UnknownCommonSkill","sneckomod:UnknownUncommonSkill"],"picked":"sneckomod:SnekBeam","floor":8},{"not_picked":["sneckomod:QuickMove","sneckomod:UnknownCommonAttack"],"picked":"sneckomod:SnakeSap","floor":10},{"not_picked":["sneckomod:MasterEye","sneckomod:UnknownDraw"],"picked":"sneckomod:UnknownBlock","floor":11},{"not_picked":["sneckomod:DiceBlock","sneckomod:QuickMove"],"picked":"sneckomod:DiceCrush","floor":12},{"not_picked":["sneckomod:Unknown3Cost","sneckomod:UnknownVulnerable","sneckomod:UnknownDraw"],"picked":"SKIP","floor":13},{"not_picked":["sneckomod:RainOfDice","sneckomod:QuickMove"],"picked":"sneckomod:UnknownUncommonPower","floor":14},{"not_picked":["sneckomod:Nope","sneckomod:UnknownBlock"],"picked":"sneckomod:UnknownExhaust","floor":15}],"player_experience":662689,"relics_obtained":[{"floor":7,"key":"Slimebound:StickyStick"},{"floor":10,"key":"Odd Mushroom"},{"floor":13,"key":"Smiling Mask"}],"event_choices":[{"damage_healed":0,"gold_gain":0,"player_choice":"Got Potions","damage_taken":0,"max_hp_gain":0,"max_hp_loss":0,"event_name":"Lab","floor":3,"gold_loss":0},{"damage_healed":0,"gold_gain":0,"player_choice":"Fought Mushrooms","damage_taken":0,"max_hp_gain":0,"max_hp_loss":0,"event_name":"Mushrooms","floor":10,"gold_loss":0}],"is_beta":false,"boss_relics":[],"items_purged_floors":[],"is_endless":false,"potions_floor_spawned":[10,11,12,13],"killed_by":"WA_ARCHETYPE_RETAIN","ascension_level":0}}