{"host":"lgow17wc5wawziz1","time":1613748388,"event":{"mods":["AchievementEnabler","Act Like it!","Aspiration","BaseMod","Better Third Choice","Colored Map","Colored Powertips","Gensokyo","Hubris","Minty Spire (QoL Compilation)","MostiFishMod","Permanent Neow","Quick Restart","Replay The Spire","StSLib","SuperFastMode","¡¼?Úª?ø«¡½REMEMod"],"gold_per_floor":[116,135,148,8,27,62,372,405,431,431,445,478,478,519,519,685,735,755,755,245,318,352,408,408,461,461,523,523,523,599,42,42,932,932,983,1019,1054,121,1735,1735,692,1311,1311,1352,1366,1806,886,913,913,2164],"floor_reached":51,"language":"KOR","playtime":2245,"items_purged":["Writhe"],"score":1671,"play_id":"2c22c209-478d-4c3e-96f9-1a66e6271583","local_time":"20210220002627","is_ascension_mode":true,"campfire_choices":[{"data":"MostiFishMod:ForestofLight","floor":15,"key":"SMITH"},{"data":"MostiFishMod:ElfcollectionBox","floor":24,"key":"SMITH"},{"data":"Capacitor","floor":28,"key":"SMITH"},{"data":"MostiFishMod:StrandedSiren","floor":32,"key":"SMITH"},{"data":"Double Energy","floor":40,"key":"SMITH"},{"data":"MostiFishMod:DeathFromBelow","floor":49,"key":"SMITH"}],"circlet_count":0,"master_deck":["AscendersBane","Strike_B","Defend_B","Defend_B","Defend_B","Defend_B+1","Zap","Dualcast","MostiFishMod:ForestofLight+1","BasicCrystalCard","Ball Lightning","Barrage","Hologram+1","Conserve Battery","Melter","Auto Shields","Sweeping Beam","Underhanded Strike","Dagger Throw","Bane","Coolheaded","aspiration:Polymerization","Sweeping Beam","Buffer","Undo","MostiFishMod:StrandedSiren+1","MostiFishMod:ElfcollectionBox+1","Double Energy+1","ReplayTheSpireMod:System Scan","Compile Driver+1","Conserve Battery","Capacitor+1","FIFO Queue","Coolheaded","Gensokyo:MonkeysPaw","Electrodynamics","Coolheaded","MostiFishMod:DeathFromBelow+1","Double Energy+1","Beam Cell+1","Gensokyo:SevenSchoolMysteries","Gensokyo:Doppelganger","Gensokyo:TarnishedGold","Gensokyo:LockedMedkit","Glacier+1","BootSequence+1","Meteor Strike+1","Turbo+1","Skim","Recycle","REME_FirmDetermination","REME_FirmDetermination","Coolheaded","Panic Button+1"],"relics":["Cracked Core","REME_ComplimentaryCards","DaveBox","Civilization","Durian","SynthV:TestCard","Vajra","Regal Pillow","ReplayFunnel","Thread and Needle","Tiny Chest","REME_ArchaeologicalTools","hubris:FruitBowl","Tiny House","Bottled Lightning","Shuriken","hubris:Metronome","hubris:MedicalManual","WingedGreaves","REME_LimitBreaker","Runic Capacitor","OrangePellets","ChiXiaoBlade","BrkXgEgg","Frozen Eye","hubris:64BitClover","CombinedTypeHook","TheAbacus","Bottled Flame","Blue Doll","Mirror","MetatronsCube","Oddly Smooth Stone"],"acts_visited":["Gensokyo:Gensokyo","Gensokyo:Gensokyoer","Gensokyo:Gensokyoest"],"potions_floor_usage":[33],"damage_taken":[{"damage":9.0,"enemies":"Gensokyo:2_Kodama","floor":1.0,"turns":3.0},{"damage":5.0,"enemies":"Gensokyo:3_Fairies","floor":2.0,"turns":3.0},{"damage":8.0,"enemies":"Gensokyo:Gryphon","floor":3.0,"turns":2.0},{"damage":6.0,"enemies":"Gensokyo:Kitsune","floor":5.0,"turns":4.0},{"damage":34.0,"enemies":"Gensokyo:Cirno","floor":6.0,"turns":9.0},{"damage":12.0,"enemies":"Gensokyo:Gryphon_and_Rabbit","floor":7.0,"turns":4.0},{"damage":0.0,"enemies":"Gensokyo:Mamizou","floor":8.0,"turns":4.0},{"damage":0.0,"enemies":"Gensokyo:VengefulSpirit","floor":11.0,"turns":2.0},{"damage":0.0,"enemies":"Gensokyo:Cirno","floor":12.0,"turns":4.0},{"damage":0,"enemies":"Gensokyo:LivingMonolith","floor":14,"turns":1},{"damage":0,"enemies":"Gensokyo:Kokoro","floor":16,"turns":5},{"damage":0,"enemies":"Gensokyo:Chomper","floor":18,"turns":3},{"damage":0,"enemies":"Gensokyo:2_Gloops","floor":22,"turns":2},{"damage":0,"enemies":"Gensokyo:Reisen","floor":23,"turns":4},{"damage":0,"enemies":"Gensokyo:Slime_Group","floor":25,"turns":1},{"damage":0,"enemies":"Gensokyo:Tenshi","floor":27,"turns":1},{"damage":0,"enemies":"Gensokyo:Koishi","floor":30,"turns":6},{"damage":153,"enemies":"Gensokyo:Eternal_Rivals","floor":33,"turns":11},{"damage":0,"enemies":"Gensokyo:AncientGuardian","floor":35,"turns":1},{"damage":0,"enemies":"Gensokyo:3_Boulders","floor":36,"turns":1},{"damage":0,"enemies":"Gensokyo:SeedOfUnknown","floor":37,"turns":3},{"damage":83,"enemies":"Gensokyo:AtlasGolem","floor":39,"turns":5},{"damage":45,"enemies":"Gensokyo:3_Boulders","floor":42,"turns":1},{"damage":9,"enemies":"Gensokyo:Kasen","floor":44,"turns":3},{"damage":0,"enemies":"Gensokyo:SeedOfUnknown","floor":45,"turns":2},{"damage":29,"enemies":"Gensokyo:Marisa","floor":46,"turns":3},{"damage":0,"enemies":"Gensokyo:AtlasGolem","floor":48,"turns":3},{"damage":5,"enemies":"Gensokyo:Shinki","floor":50,"turns":7}],"seed_played":"-8129720108680715328","potions_obtained":[{"floor":3.0,"key":"Ancient Potion"},{"floor":7.0,"key":"SpeedPotion"},{"floor":8.0,"key":"Explosive Potion"},{"floor":14,"key":"Weak Potion"},{"floor":33,"key":"Regen Potion"}],"is_trial":false,"path_per_floor":["M","M","M","COS","M","E","M","E","T","?","M","E","$","M","R","B",null,"M","?","$","T","M","E","R","M","T","E","R","?","E","COS","R","B",null,"M","M","M","COS","M","R","$","M","T","E","M","E","$","M","R","B",null],"character_chosen":"DEFECT","items_purchased":["hubris:FruitBowl","Bottled Lightning","MostiFishMod:ElfcollectionBox","Double Energy","hubris:64BitClover","CombinedTypeHook","TheAbacus","BootSequence+1","Meteor Strike+1","MetatronsCube","REME_FirmDetermination","Coolheaded"],"campfire_rested":0,"item_purchase_floors":[13,20,20,20,41,41,41,41,41,47,47,47],"current_hp_per_floor":[66,63,58,58,56,26,19,24,24,24,29,34,15,22,22,29,111,118,118,118,118,125,132,132,139,139,170,170,170,177,177,177,31,147,154,161,168,168,92,92,92,54,54,52,59,37,37,44,44,46],"gold":2164,"neow_bonus":"ONE_RARE_RELIC","is_daily":false,"chose_seed":false,"campfire_upgraded":6,"win_rate":0.0,"timestamp":1613748387,"path_taken":["M","M","M","COS","M","E","M","E","T","?","M","E","?","M","R","BOSS","M","?","$","?","M","E","R","?","T","E","R","?","E","COS","R","BOSS","M","M","M","COS","M","R","$","M","T","E","M","E","$","M","R","BOSS"],"items_purchased_type":["Relic","Relic","Card","Card","Relic","Relic","Relic","Card","Card","Relic","Card","Card"],"build_version":"2020-12-22","purchased_purges":1,"victory":true,"max_hp_per_floor":[82,84,87,87,91,95,100,105,105,105,110,115,115,122,122,129,136,143,143,143,143,150,157,157,164,164,171,171,171,178,178,178,185,185,192,199,206,206,213,213,213,220,220,227,234,241,241,248,248,255],"card_choices":[{"not_picked":["Melter","Compile Driver"],"picked":"BasicCrystalCard","floor":1.0},{"not_picked":["Leap","Stack","Recycle","hubris:Ukulele"],"picked":"Ball Lightning","floor":2.0},{"not_picked":["Heatsinks","Redo","Glacier","Gash"],"picked":"Barrage","floor":3.0},{"not_picked":["ReplayTheSpireMod:Repulse+1","ReplayTheSpireMod:Calculation Training+1","MostiFishMod:FluxCapactior+1","Skim+1"],"picked":"Hologram+1","floor":5.0},{"not_picked":["Steam","Barrage","Ball Lightning","Blizzard"],"picked":"Conserve Battery","floor":5.0},{"not_picked":["Hello World","Redo","Barrage","Force Field"],"picked":"Melter","floor":6.0},{"not_picked":["BasicCrystalCard","MostiFishMod:Prepare","Rebound","ReplayTheSpireMod:Reroute Power"],"picked":"Auto Shields","floor":7.0},{"not_picked":["Heatsinks","Mirror Shield","Ball Lightning","Conserve Battery"],"picked":"Sweeping Beam","floor":8.0},{"not_picked":["Beam Cell","ReplayTheSpireMod:Repulse","Aggregate","ReplaySolidLightProjector"],"picked":"Coolheaded","floor":11.0},{"not_picked":["Hologram","ReplayTheSpireMod:Reroute Power","Melter","Buffer"],"picked":"aspiration:Polymerization","floor":12.0},{"not_picked":["MostiFishMod:PushDownKick","Beam Cell","MostiFishMod:LinkProtocol","Steam Power"],"picked":"Sweeping Beam","floor":14},{"not_picked":["Rainbow","MostiFishMod:DawningShadow","MostiFishMod:Distribution","All For One"],"picked":"Buffer","floor":16},{"not_picked":["REME_Compress","Gash","Sweeping Beam","Barrage"],"picked":"Undo","floor":17},{"not_picked":["FTL+1","BasicCrystalCard","Gash","Stack+1"],"picked":"Chill","floor":18},{"not_picked":["REME_SelfUpgrade","Go for the Eyes","Beam Cell","Panic Button"],"picked":"ReplayTheSpireMod:System Scan","floor":22},{"not_picked":["Redo","Hyperbeam","Streamline","Panic Button"],"picked":"Compile Driver+1","floor":23},{"not_picked":["Redo","Sweeping Beam","MostiFishMod:GatherIntelligence","ReplayTheSpireMod:GoodbyeWorld+1"],"picked":"Conserve Battery","floor":25},{"not_picked":["Redo+1","Streamline","BasicCrystalCard+1","Lockon"],"picked":"Capacitor","floor":27},{"not_picked":["Multi-Cast","Auto Shields+1","MostiFishMod:IceShield","hubris:SpecializedCircuitry"],"picked":"Coolheaded","floor":30},{"not_picked":["ReplayRNGCard","MostiFishMod:Exploitation","REME_Shoggoth","Echo Form"],"picked":"Electrodynamics","floor":33},{"not_picked":["Redo+1","ReplayTheSpireMod:Repulse+1","Self Repair","Gash"],"picked":"Coolheaded","floor":35},{"not_picked":["Biased Cognition","Echo Form","Meteor Strike","Creative AI"],"picked":"MostiFishMod:DeathFromBelow","floor":36},{"not_picked":["Gash+1","Go for the Eyes+1","Streamline+1","ReplayTheSpireMod:Repulse"],"picked":"Double Energy+1","floor":36},{"not_picked":["Panic Button","Conserve Battery","Ball Lightning","Gash+1"],"picked":"Beam Cell+1","floor":37},{"not_picked":["Consume","hubris:SpecializedCircuitry+1","Coolheaded","Defragment+1"],"picked":"Glacier+1","floor":39},{"not_picked":["Go for the Eyes+1","Cold Snap+1","Force Field+1","hubris:PowerSurge+1"],"picked":"Turbo+1","floor":42},{"not_picked":["Chaos+1","Conserve Battery","Redo","MostiFishMod:GatherIntelligence","REME_Whirling"],"picked":"SKIP","floor":44},{"not_picked":["Coolheaded","ReplayTheSpireMod:System Scan+1","MostiFishMod:PushDownKick","Chaos"],"picked":"Skim","floor":45},{"not_picked":["MostiFishMod:PushDownKick+1","BasicCrystalCard","REME_ForAll+1","MostiFishMod:FluxCapactior"],"picked":"Recycle","floor":46},{"not_picked":["Rip and Tear+1","Barrage+1","Go for the Eyes+1","Sweeping Beam+1"],"picked":"Panic Button+1","floor":48},{"not_picked":["Streamline+1","Redo","Loop","hubris:PowerSurge","FTL+1"],"picked":"SKIP","floor":48}],"player_experience":331453,"relics_obtained":[{"floor":1.0,"key":"SynthV:TestCard"},{"floor":6.0,"key":"Regal Pillow"},{"floor":8.0,"key":"Thread and Needle"},{"floor":9.0,"key":"Tiny Chest"},{"floor":12.0,"key":"REME_ArchaeologicalTools"},{"floor":21,"key":"Shuriken"},{"floor":23,"key":"hubris:Metronome"},{"floor":26,"key":"hubris:MedicalManual"},{"floor":27,"key":"REME_LimitBreaker"},{"floor":43,"key":"Bottled Flame"},{"floor":44,"key":"Blue Doll"},{"floor":46,"key":"Mirror"}],"event_choices":[],"is_beta":false,"boss_relics":[{"not_picked":["hubris:VirtuousBlindfold","RhineCircuit"],"picked":"Tiny House"},{"not_picked":["Painkiller Herb","JellyFishMachine"],"picked":"ChiXiaoBlade"}],"items_purged_floors":[41],"is_endless":false,"potions_floor_spawned":[3,7,8,12,14,16,18,25,30,33,35,39,42,44,45],"ascension_level":10}}