{"host":"syfsfjmzue8y1a6l","time":1613726085,"event":{"mods":["AchievementEnabler","BaseMod","Colored Map","DeckTracker","Minty Spire (QoL Compilation)","Permanent Neow","SuperFastMode"],"gold_per_floor":[110,210,220,235,245,277,277,202,256,256,268,284,316,38,38,140,140,153,153,26,37,37,69,69,88,158,170,170,170],"floor_reached":28,"language":"KOR","playtime":5366,"items_purged":["Strike_P","Defend_P","Defend_P"],"score":250,"play_id":"f087f35f-f067-4268-aad8-e7b4190af754","local_time":"20210219181445","is_ascension_mode":false,"campfire_choices":[{"data":"Eruption","floor":10.0,"key":"SMITH"},{"data":"Adaptation","floor":15.0,"key":"SMITH"},{"floor":24,"key":"REST"}],"circlet_count":0,"master_deck":["Strike_P","Strike_P","Strike_P","Defend_P+1","Eruption+1","Vigilance+1","Adaptation+1","MentalFortress","MentalFortress"],"relics":["PureWater","Lantern","HornCleat","Bag of Marbles","Smiling Mask","Dream Catcher","VioletLotus","War Paint"],"acts_visited":["Exordium","TheCity"],"potions_floor_usage":[28],"damage_taken":[{"damage":4.0,"enemies":"Small Slimes","floor":1.0,"turns":5.0},{"damage":0.0,"enemies":"Cultist","floor":3.0,"turns":2.0},{"damage":0.0,"enemies":"Jaw Worm","floor":4.0,"turns":3.0},{"damage":0.0,"enemies":"Exordium Wildlife","floor":5.0,"turns":4.0},{"damage":11.0,"enemies":"Lagavulin","floor":6.0,"turns":7.0},{"damage":0.0,"enemies":"2 Fungi Beasts","floor":11.0,"turns":3.0},{"damage":23.0,"enemies":"Large Slime","floor":12.0,"turns":7.0},{"damage":2.0,"enemies":"Gremlin Nob","floor":13.0,"turns":4.0},{"damage":31.0,"enemies":"The Guardian","floor":16.0,"turns":10.0},{"damage":3.0,"enemies":"3 Byrds","floor":18.0,"turns":6.0},{"damage":5,"enemies":"Chosen","floor":21,"turns":3},{"damage":44,"enemies":"Slavers","floor":23,"turns":7},{"damage":2,"enemies":"Snecko","floor":25,"turns":5},{"damage":21,"enemies":"Chosen and Byrds","floor":27,"turns":6},{"damage":12,"enemies":"Cultist and Chosen","floor":28,"turns":1}],"seed_played":"230853720274041761","potions_obtained":[{"floor":1.0,"key":"Energy Potion"},{"floor":4.0,"key":"Block Potion"},{"floor":6.0,"key":"SneckoOil"},{"floor":12.0,"key":"LiquidMemories"},{"floor":13.0,"key":"FearPotion"},{"floor":23,"key":"AttackPotion"},{"floor":27,"key":"AttackPotion"}],"is_trial":false,"path_per_floor":["M","?","M","M","M","E","?","$","T","R","M","M","E","$","R","B",null,"M","?","$","M","?","E","R","M","T","M","M"],"character_chosen":"WATCHER","items_purchased":["Adaptation","Dream Catcher","MentalFortress"],"campfire_rested":1,"item_purchase_floors":[14,14,20],"current_hp_per_floor":[68,68,68,68,68,57,57,57,57,57,57,34,32,32,32,1,72,69,69,69,64,51,7,30,28,28,7,0,0],"gold":170,"neow_bonus":"RANDOM_COMMON_RELIC","is_daily":false,"chose_seed":false,"campfire_upgraded":2,"win_rate":0.0,"timestamp":1613726085,"path_taken":["M","?","M","M","?","E","?","$","T","R","M","M","E","$","R","BOSS","M","?","$","M","?","E","R","M","T","?","M"],"items_purchased_type":["Card","Relic","Card"],"build_version":"2020-12-22","purchased_purges":3,"victory":false,"max_hp_per_floor":[72,72,72,72,72,72,72,72,72,72,72,72,72,72,72,72,72,72,72,72,72,77,77,77,77,77,77,77,77],"card_choices":[{"not_picked":["CarveReality","EmptyMind","ForeignInfluence"],"picked":"SKIP","floor":1.0},{"not_picked":["ClearTheMind","Prostrate","Collect"],"picked":"SKIP","floor":3.0},{"not_picked":["CutThroughFate","Consecrate","ForeignInfluence"],"picked":"SKIP","floor":4.0},{"not_picked":["WheelKick","Sanctity","Crescendo"],"picked":"SKIP","floor":5.0},{"not_picked":["ConjureBlade","Prostrate","Halt"],"picked":"SKIP","floor":6.0},{"not_picked":["Evaluate","Vengeance","InnerPeace"],"picked":"SKIP","floor":11.0},{"not_picked":["Meditate","ClearTheMind","Evaluate"],"picked":"SKIP","floor":12.0},{"not_picked":["ThirdEye","FlyingSleeves","SashWhip"],"picked":"SKIP","floor":13.0},{"not_picked":["FollowUp","PathToVictory+1","EmptyFist"],"picked":"SKIP","floor":18.0},{"not_picked":["Prostrate","ClearTheMind"],"picked":"MentalFortress","floor":21},{"not_picked":["Crescendo","LikeWater+1","Consecrate"],"picked":"SKIP","floor":23},{"not_picked":["Fasting2","CrushJoints","Halt+1"],"picked":"SKIP","floor":25},{"not_picked":["Ragnarok","ClearTheMind","MentalFortress+1"],"picked":"SKIP","floor":27}],"player_experience":152776,"relics_obtained":[{"floor":6.0,"key":"HornCleat"},{"floor":9.0,"key":"Bag of Marbles"},{"floor":13.0,"key":"Smiling Mask"},{"floor":23,"key":"War Paint"}],"event_choices":[{"damage_healed":0.0,"max_hp_gain":0.0,"max_hp_loss":0.0,"gold_gain":100.0,"event_name":"Golden Shrine","player_choice":"Pray","floor":2.0,"gold_loss":0.0,"damage_taken":0.0},{"cards_removed":["Defend_P"],"damage_healed":0.0,"max_hp_gain":0.0,"max_hp_loss":0.0,"gold_gain":0.0,"event_name":"Living Wall","player_choice":"Forget","floor":7.0,"gold_loss":0.0,"damage_taken":0.0},{"damage_healed":0.0,"max_hp_gain":0.0,"max_hp_loss":0.0,"gold_gain":0.0,"event_name":"Cursed Tome","player_choice":"Ignored","floor":19.0,"gold_loss":0.0,"damage_taken":0.0},{"damage_healed":0,"gold_gain":0,"player_choice":"Shed Blood","damage_taken":18,"max_hp_gain":5,"max_hp_loss":0,"event_name":"Forgotten Altar","floor":22,"gold_loss":0}],"is_beta":false,"boss_relics":[{"not_picked":["SlaversCollar","SacredBark"],"picked":"VioletLotus"}],"items_purged_floors":[8,14,20],"is_endless":false,"potions_floor_spawned":[1,4,6,12,13,23,27],"killed_by":"Cultist and Chosen","ascension_level":0}}