{"host":"9bcwdp8h7kwcxx90","time":1613740024,"event":{"mods":["2.2 Compatiblity","BaseMod","Colored Map","Colored Powertips","Downfall","Infinite Spire","Minty Spire (QoL Compilation)","Permanent Neow","Quick Restart","Random Character Button","Relic Sorter","Relic Stats","Shop Mod","StSLib","Unknown Chances"],"gold_per_floor":[99,109,58,58,77,88,111,11,40,60,90,90,108,142,157,255,255,255,269,287,287,303,333,356,356,371,406,406,406,406],"floor_reached":28,"language":"ENG","playtime":2231,"items_purged":[],"score":307,"play_id":"2be3c05c-ae9f-42b8-a1e1-4dd5c697fbee","local_time":"20210219070704","is_ascension_mode":true,"campfire_choices":[{"floor":1.0,"key":"RECALL"},{"data":"Guardian:FloatingOrbs","floor":8.0,"key":"SMITH"},{"data":"Guardian:SentryBeam","floor":12.0,"key":"SMITH"},{"data":"Guardian:FloatingOrbs","floor":18.0,"key":"SMITH"},{"data":"Guardian:AncientConstruct","floor":25,"key":"SMITH"}],"circlet_count":0,"master_deck":["Guardian:Strike_Guardian","Guardian:Strike_Guardian+1","Guardian:Strike_Guardian","Guardian:Defend_Guardian+1","Guardian:Defend_Guardian","Guardian:Defend_Guardian","Guardian:CurlUp","Guardian:TwinSlam","Guardian:WalkerClaw+1","Guardian:FloatingOrbs+1","Guardian:VentSteam","Guardian:SentryBeam+1","Guardian:FloatingOrbs+1","Guardian:AncientConstruct+1","Guardian:Gem_Purple"],"relics":["Guardian:ModeShifter","Pen Nib","downfall:HeartBlessingRed","Ancient Tea Set","infinitespire:WardingShard","Pantograph","Guardian:StasisSlotReductionRelic","Spirit Poop","Eternal Feather","Bag of Preparation","Oddly Smooth Stone"],"acts_visited":["Exordium","TheCity"],"potions_floor_usage":[23,27],"damage_taken":[{"damage":1.0,"enemies":"Small Slimes","floor":2.0,"turns":4.0},{"damage":5.0,"enemies":"downfall:FleeingMerchant","floor":3.0,"turns":4.0},{"damage":0.0,"enemies":"2 Louse","floor":5.0,"turns":2.0},{"damage":0.0,"enemies":"Cultist","floor":6.0,"turns":3.0},{"damage":17.0,"enemies":"Gremlin Nob","floor":9.0,"turns":4.0},{"damage":0.0,"enemies":"3 Louse","floor":10.0,"turns":1.0},{"damage":10.0,"enemies":"Lagavulin","floor":11.0,"turns":4.0},{"damage":7.0,"enemies":"Gremlin Gang","floor":13.0,"turns":3.0},{"damage":3.0,"enemies":"3 Sentries","floor":14.0,"turns":5.0},{"damage":5.0,"enemies":"2 Fungi Beasts","floor":15.0,"turns":4.0},{"damage":10.0,"enemies":"IC_STATUS_ARCHETYPE","floor":16.0,"turns":5.0},{"damage":14.0,"enemies":"Shell Parasite","floor":19.0,"turns":2.0},{"damage":12.0,"enemies":"Chosen","floor":20.0,"turns":4.0},{"damage":11,"enemies":"3 Cultists","floor":22,"turns":4},{"damage":27,"enemies":"Slavers","floor":23,"turns":4},{"damage":2,"enemies":"Cultist and Chosen","floor":26,"turns":3},{"damage":11,"enemies":"Gremlin Leader","floor":27,"turns":3},{"damage":0,"enemies":"downfall:FleeingMerchant","floor":28,"turns":2}],"seed_played":"-5276937642892843621","potions_obtained":[{"floor":2.0,"key":"Explosive Potion"},{"floor":5.0,"key":"Explosive Potion"},{"floor":9.0,"key":"Guardian:StasisDiscoveryPotion"},{"floor":10.0,"key":"Weak Potion"},{"floor":11.0,"key":"EssenceOfSteel"},{"floor":19.0,"key":"Ancient Potion"},{"floor":22,"key":"Ancient Potion"},{"floor":23,"key":"champ:CounterPotion"}],"is_trial":false,"path_per_floor":["R","M","$","?","M","M","T","R","E","M","E","R","M","E","M","B",null,"R","M","M","?","M","E","T","R","M","E","$"],"character_chosen":"GUARDIAN","items_purchased":["Guardian:FloatingOrbs"],"campfire_rested":0,"item_purchase_floors":[3],"current_hp_per_floor":[72,71,66,66,66,66,66,66,49,49,39,39,32,29,24,39,72,72,58,46,46,35,8,8,17,15,4,4,4,4],"gold":406,"neow_bonus":"REMOVE_TWO","is_daily":false,"chose_seed":false,"campfire_upgraded":4,"win_rate":0.0,"timestamp":1613740024,"path_taken":["R","M","$","?","M","M","T","R","E","M","E","R","M","E","M","BOSS","R","M","M","?","M","E","T","R","?","E","$"],"items_purchased_type":["Card"],"build_version":"2020-12-22","purchased_purges":0,"victory":false,"max_hp_per_floor":[72,72,72,72,72,72,72,72,72,72,72,72,72,72,72,72,72,72,72,72,72,72,72,72,72,72,72,72,72,72],"relic_stats":{"counters":[18,61],"Pantograph":25,"Eternal Feather":9,"Pen Nib":[11],"Bag of Preparation":[6],"obtain_stats":[{"Guardian:StasisSlotReductionRelic":17,"downfall:HeartBlessingRed":8,"infinitespire:WardingShard":11,"Pantograph":14,"Guardian:ModeShifter":0,"Spirit Poop":21,"Oddly Smooth Stone":27,"Eternal Feather":23,"Pen Nib":7,"Bag of Preparation":24,"Ancient Tea Set":9},{"Guardian:StasisSlotReductionRelic":11,"downfall:HeartBlessingRed":4,"infinitespire:WardingShard":7,"Pantograph":9,"Guardian:ModeShifter":0,"Spirit Poop":13,"Oddly Smooth Stone":17,"Eternal Feather":15,"Pen Nib":4,"Bag of Preparation":15,"Ancient Tea Set":5},{"Guardian:StasisSlotReductionRelic":39,"downfall:HeartBlessingRed":13,"infinitespire:WardingShard":22,"Pantograph":30,"Guardian:ModeShifter":0,"Spirit Poop":45,"Oddly Smooth Stone":59,"Eternal Feather":53,"Pen Nib":13,"Bag of Preparation":53,"Ancient Tea Set":17}]},"card_choices":[{"not_picked":["Guardian:CrystalBeam","Guardian:PiercingHide"],"picked":"Guardian:WalkerClaw","floor":2.0},{"not_picked":["Guardian:GemFire","Guardian:RollAttack","Guardian:Incinerate"],"picked":"SKIP","floor":3.0},{"not_picked":["Guardian:CrystalBeam","Guardian:ChargeCore"],"picked":"Guardian:VentSteam","floor":5.0},{"not_picked":["Guardian:CrystalBeam","Guardian:Gem_Green"],"picked":"Guardian:Gem_Red","floor":6.0},{"not_picked":["Guardian:VentSteam","Guardian:PrimingBeam"],"picked":"Guardian:SentryBeam","floor":9.0},{"not_picked":["Guardian:TimeCapacitor","Guardian:Gem_Blue"],"picked":"Guardian:Gem_Cyan","floor":10.0},{"not_picked":["Guardian:WalkerClaw","Guardian:StasisStrike"],"picked":"Guardian:Gem_Fragmented","floor":11.0},{"not_picked":["Guardian:CrystalBeam","Guardian:RollAttack"],"picked":"Guardian:Gem_Red","floor":13.0},{"not_picked":["Guardian:Reroute","Guardian:BodySlam"],"picked":"Guardian:FloatingOrbs","floor":14.0},{"not_picked":["Guardian:Gem_Cyan","Guardian:RollAttack","Guardian:Reroute"],"picked":"SKIP","floor":15.0},{"not_picked":["Guardian:Gem_Orange","Guardian:SphericShield"],"picked":"Guardian:AncientConstruct","floor":16.0},{"not_picked":["Guardian:BronzeArmor","Guardian:Gem_Purple","Guardian:SpikerProtocol+1"],"picked":"SKIP","floor":19.0},{"not_picked":["Guardian:Orbwalk","Guardian:FuturePlans","Guardian:DecasProtection"],"picked":"SKIP","floor":20.0},{"not_picked":["Guardian:ShieldSpikes+1","Guardian:ShieldCharger+1"],"picked":"Guardian:Gem_Red","floor":22},{"not_picked":["Guardian:Gem_Red","Guardian:TimeSifter"],"picked":"Guardian:Gem_Purple","floor":23},{"not_picked":["Guardian:Reroute","Guardian:Gem_Green","Guardian:Planning+1"],"picked":"SKIP","floor":26},{"not_picked":["Guardian:Reroute","Guardian:Gem_Green","Guardian:Planning+1"],"picked":"SKIP","floor":26},{"not_picked":["Guardian:CrystalBeam","Guardian:Gem_Lightblue","Guardian:PrimingBeam"],"picked":"SKIP","floor":27}],"player_experience":307519,"relics_obtained":[{"floor":7.0,"key":"Pen Nib"},{"floor":9.0,"key":"Ancient Tea Set"},{"floor":11.0,"key":"infinitespire:WardingShard"},{"floor":14.0,"key":"Pantograph"},{"floor":23,"key":"Eternal Feather"},{"floor":24,"key":"Bag of Preparation"},{"floor":27,"key":"Oddly Smooth Stone"}],"event_choices":[{"cards_removed":["downfall:Malfunctioning"],"damage_healed":0.0,"max_hp_gain":0.0,"max_hp_loss":0.0,"gold_gain":0.0,"event_name":"Bonfire Elementals","player_choice":"Offered Curse","floor":21.0,"gold_loss":0.0,"damage_taken":0.0,"relics_obtained":["Spirit Poop"]}],"is_beta":false,"boss_relics":[{"not_picked":["Velvet Choker","Tiny House"],"picked":"Guardian:StasisSlotReductionRelic"}],"items_purged_floors":[],"is_endless":false,"potions_floor_spawned":[2,5,9,10,11,19,22,23],"killed_by":"downfall:FleeingMerchant","ascension_level":2}}