{"host":"pjgcdp3h1plnbocs","time":1613695620,"event":{"mods":["AchievementEnabler","BaseMod","Colored Map","Downfall","Highlight Path","Minty Spire (QoL Compilation)","StSLib"],"gold_per_floor":[117,133,145,70,70,99,99,134,188,217,237,237,187,236,236,334,334,347,361,361,378,397,397,424,439,439,465,465,478,231,330,330,431,431,446,73,89,103,157,184,184,200,226,226,237,237,264,279,279,279,279,279,42,67,67,67],"floor_reached":55,"language":"ENG","playtime":1392,"items_purged":["Strike_R","Strike_R","Strike_R","Defend_R+1"],"score":953,"play_id":"a0be124d-5084-4bba-9de4-ac6b6cd33d89","local_time":"20210219014700","is_ascension_mode":true,"campfire_choices":[{"data":"Inflame","floor":7.0,"key":"SMITH"},{"data":"Bash","floor":12.0,"key":"SMITH"},{"floor":15.0,"key":"REST"},{"data":"Limit Break","floor":23.0,"key":"SMITH"},{"data":"Whirlwind","floor":28.0,"key":"SMITH"},{"floor":32.0,"key":"RECALL"},{"data":"Inflame","floor":41.0,"key":"SMITH"},{"data":"Defend_R","floor":49,"key":"SMITH"},{"data":"Defend_R","floor":52,"key":"SMITH"}],"circlet_count":0,"master_deck":["Strike_R","Defend_R+1","Defend_R+1","Defend_R+1","Bash+1","Cleave","Inflame+1","Whirlwind+1","Inflame+1","Limit Break+1","Shrug It Off+1","Heavy Blade+1","Shrug It Off+1","Pommel Strike+1","Flash of Steel+1"],"relics":["Burning Blood","Vajra","Molten Egg 2","Bronze Scales","Bag of Preparation","Shuriken","Lantern","Philosopher\u0027s Stone","Paper Frog","Meat on the Bone","Slimebound:StickyStick","Chemical X","Black Star","Gremlin Horn","Turnip","Bottled Tornado","Strawberry","War Paint","Torii","Art of War","Centennial Puzzle"],"acts_visited":["Exordium","TheCity","TheBeyond","TheEnding"],"potions_floor_usage":[55,55,55],"damage_taken":[{"damage":0.0,"enemies":"Cultist","floor":1.0,"turns":2.0},{"damage":7.0,"enemies":"Small Slimes","floor":2.0,"turns":3.0},{"damage":6.0,"enemies":"2 Louse","floor":3.0,"turns":2.0},{"damage":30.0,"enemies":"Lagavulin","floor":6.0,"turns":7.0},{"damage":32.0,"enemies":"Gremlin Nob","floor":8.0,"turns":4.0},{"damage":30.0,"enemies":"Lagavulin","floor":10.0,"turns":6.0},{"damage":9.0,"enemies":"Blue Slaver","floor":11.0,"turns":4.0},{"damage":31.0,"enemies":"The Guardian","floor":16.0,"turns":11.0},{"damage":14.0,"enemies":"Chosen","floor":18.0,"turns":3.0},{"damage":13.0,"enemies":"Shell Parasite","floor":19.0,"turns":3.0},{"damage":7.0,"enemies":"3 Cultists","floor":21.0,"turns":3.0},{"damage":0.0,"enemies":"Centurion and Healer","floor":22.0,"turns":3.0},{"damage":33.0,"enemies":"Gremlin Leader","floor":24.0,"turns":3.0},{"damage":7.0,"enemies":"Sentry and Sphere","floor":25.0,"turns":3.0},{"damage":19.0,"enemies":"Book of Stabbing","floor":27.0,"turns":4.0},{"damage":0.0,"enemies":"Snecko","floor":29.0,"turns":2.0},{"damage":26.0,"enemies":"Automaton","floor":33.0,"turns":5.0},{"damage":0.0,"enemies":"3 Shapes","floor":35.0,"turns":3.0},{"damage":2.0,"enemies":"Orb Walker","floor":37.0,"turns":2.0},{"damage":0.0,"enemies":"Maw","floor":38.0,"turns":3.0},{"damage":23.0,"enemies":"2 Orb Walkers","floor":39.0,"turns":2.0},{"damage":18.0,"enemies":"Reptomancer","floor":40.0,"turns":3.0},{"damage":19,"enemies":"Writhing Mass","floor":42,"turns":2},{"damage":0,"enemies":"3 Darklings","floor":45,"turns":1},{"damage":3,"enemies":"Giant Head","floor":47,"turns":4},{"damage":1,"enemies":"Sphere and 2 Shapes","floor":48,"turns":2},{"damage":36,"enemies":"Donu and Deca","floor":50,"turns":5},{"damage":50,"enemies":"Shield and Spear","floor":54,"turns":3},{"damage":57,"enemies":"The Heart","floor":55,"turns":2}],"seed_played":"5292525445200765558","potions_obtained":[{"floor":3.0,"key":"BlessingOfTheForge"},{"floor":6.0,"key":"ColorlessPotion"},{"floor":10.0,"key":"Regen Potion"},{"floor":18.0,"key":"champ:CounterPotion"},{"floor":29.0,"key":"PowerPotion"},{"floor":33.0,"key":"PowerPotion"}],"is_trial":false,"path_per_floor":["M","M","M","$","?","E","R","E","T","E","M","R","?","T","R","B",null,"M","M","?","M","M","R","E","M","T","E","R","M","$","?","R","B",null,"M","$","M","M","?","E","R","M","T","?","M","?","E","M","R","B",null,"R","$","E","B"],"character_chosen":"IRONCLAD","items_purchased":["Chemical X","Gremlin Horn","Flash of Steel+1"],"campfire_rested":1,"item_purchase_floors":[30,36,53],"current_hp_per_floor":[80,79,79,79,84,60,60,34,34,10,7,7,7,7,32,7,66,58,51,51,50,56,56,29,28,28,39,39,57,57,57,57,49,76,82,82,85,85,68,63,63,62,62,62,68,68,71,76,76,58,80,80,80,48,0,0],"gold":67,"neow_bonus":"RANDOM_COMMON_RELIC","is_daily":false,"chose_seed":false,"campfire_upgraded":7,"win_rate":0.0,"timestamp":1613695620,"path_taken":["M","?","?","$","?","E","R","E","T","E","M","R","?","?","R","BOSS","M","M","?","M","M","R","E","M","T","E","R","M","$","?","R","BOSS","M","$","M","M","?","E","R","M","T","?","M","?","E","M","R","BOSS","R","$","E","BOSS"],"items_purchased_type":["Relic","Relic","Card"],"build_version":"2020-12-22","purchased_purges":4,"victory":false,"max_hp_per_floor":[80,80,80,80,85,85,85,85,85,85,85,85,85,85,85,85,85,85,85,85,85,85,85,85,85,85,85,85,85,85,85,85,85,85,85,85,85,85,85,92,92,92,92,92,92,87,87,87,87,87,87,87,87,87,87,87],"card_choices":[{"not_picked":["Clothesline","Burning Pact"],"picked":"Cleave","floor":1.0},{"not_picked":["Perfected Strike","Iron Wave"],"picked":"Inflame","floor":2.0},{"not_picked":["Second Wind","Flex"],"picked":"Whirlwind","floor":3.0},{"not_picked":["Shrug It Off","Armaments","Wild Strike+1"],"picked":"SKIP","floor":6.0},{"not_picked":["Intimidate","Berserk"],"picked":"Inflame","floor":8.0},{"not_picked":["True Grit","Sentinel","Iron Wave+1"],"picked":"SKIP","floor":10.0},{"not_picked":["Body Slam+1","Havoc","Metallicize"],"picked":"SKIP","floor":11.0},{"not_picked":["Barricade","Juggernaut"],"picked":"Limit Break","floor":16.0},{"not_picked":["Iron Wave+1","Flex"],"picked":"Shrug It Off+1","floor":18.0},{"not_picked":["Feel No Pain","Havoc","Spot Weakness"],"picked":"SKIP","floor":19.0},{"not_picked":["Disarm","Spot Weakness"],"picked":"Heavy Blade+1","floor":21.0},{"not_picked":["Body Slam+1","Whirlwind+1","Bloodletting"],"picked":"SKIP","floor":22.0},{"not_picked":["Burning Pact","Perfected Strike+1","Havoc"],"picked":"SKIP","floor":24.0},{"not_picked":["Spot Weakness+1","Evolve","Seeing Red"],"picked":"SKIP","floor":25.0},{"not_picked":["Iron Wave+1","Clothesline+1","Twin Strike+1"],"picked":"SKIP","floor":27.0},{"not_picked":["Ghostly Armor+1","Searing Blow+1","Perfected Strike+1"],"picked":"SKIP","floor":29.0},{"not_picked":["Headbutt+1","Hemokinesis+1","Sword Boomerang+1"],"picked":"SKIP","floor":35.0},{"not_picked":["Clash+1","Burning Pact","Metallicize"],"picked":"SKIP","floor":37.0},{"not_picked":["Flex+1","Feel No Pain+1"],"picked":"Shrug It Off+1","floor":38.0},{"not_picked":["Havoc","Reckless Charge+1","Iron Wave+1"],"picked":"SKIP","floor":40.0},{"not_picked":["Shrug It Off","Seeing Red+1","Body Slam+1"],"picked":"SKIP","floor":42},{"not_picked":["Warcry","Flex","Cleave+1"],"picked":"SKIP","floor":45},{"not_picked":["Sword Boomerang+1","Wild Strike+1"],"picked":"Pommel Strike+1","floor":47},{"not_picked":["Flex","Disarm","Fiend Fire+1"],"picked":"SKIP","floor":48},{"not_picked":["Seeing Red","Whirlwind+1","Blood for Blood+1"],"picked":"SKIP","floor":54}],"player_experience":248943,"relics_obtained":[{"floor":6.0,"key":"Molten Egg 2"},{"floor":8.0,"key":"Bronze Scales"},{"floor":9.0,"key":"Bag of Preparation"},{"floor":10.0,"key":"Shuriken"},{"floor":14.0,"key":"Lantern"},{"floor":24.0,"key":"Paper Frog"},{"floor":26.0,"key":"Meat on the Bone"},{"floor":27.0,"key":"Slimebound:StickyStick"},{"floor":39.0,"key":"Turnip"},{"floor":40.0,"key":"Bottled Tornado"},{"floor":40.0,"key":"Strawberry"},{"floor":47,"key":"War Paint"},{"floor":47,"key":"Torii"},{"floor":54,"key":"Art of War"},{"floor":54,"key":"Centennial Puzzle"}],"event_choices":[{"damage_healed":0.0,"max_hp_gain":5.0,"max_hp_loss":0.0,"gold_gain":0.0,"event_name":"Big Fish","player_choice":"Donut","floor":5.0,"gold_loss":0.0,"damage_taken":0.0},{"cards_removed":["Strike_R"],"damage_healed":0.0,"max_hp_gain":0.0,"max_hp_loss":0.0,"gold_gain":0.0,"event_name":"The Cleric","player_choice":"Card Removal","floor":13.0,"gold_loss":50.0,"damage_taken":0.0},{"damage_healed":0.0,"max_hp_gain":0.0,"max_hp_loss":0.0,"gold_gain":0.0,"event_name":"Ghosts","player_choice":"Ignored","floor":20.0,"gold_loss":0.0,"damage_taken":0.0},{"damage_healed":0.0,"max_hp_gain":0.0,"max_hp_loss":0.0,"gold_gain":99.0,"event_name":"Nest","player_choice":"Stole From Cult","floor":31.0,"gold_loss":0.0,"damage_taken":0.0},{"damage_healed":0.0,"max_hp_gain":0.0,"max_hp_loss":0.0,"gold_gain":0.0,"event_name":"Mysterious Sphere","player_choice":"Fight","floor":39.0,"gold_loss":0.0,"damage_taken":0.0},{"damage_healed":0,"gold_gain":0,"player_choice":"Memory 1","damage_taken":0,"max_hp_gain":0,"max_hp_loss":0,"event_name":"SensoryStone","floor":44,"gold_loss":0},{"damage_healed":0,"gold_gain":0,"player_choice":"Max HP","damage_taken":0,"max_hp_gain":0,"max_hp_loss":5,"event_name":"Winding Halls","floor":46,"gold_loss":0}],"is_beta":false,"boss_relics":[{"not_picked":["Astrolabe","Mark of Pain"],"picked":"Philosopher\u0027s Stone"},{"not_picked":["Runic Pyramid","expansioncontent:StudyCardRelic"],"picked":"Black Star"}],"items_purged_floors":[4,30,36,53],"is_endless":false,"potions_floor_spawned":[3,6,10,11,18,24,29,33,35,40,47],"killed_by":"The Heart","ascension_level":5}}