{"host":"jz4ul6vrcxqkcr33","time":1613766750,"event":{"mods":["BaseMod","Minty Spire (QoL Compilation)","StSLib"],"gold_per_floor":[119,119,139,157,174,202,202,221,221,240,254,285,137,150,150,247,247,262,75,91,91,107,107,31,31,31],"floor_reached":25,"language":"ENG","playtime":993,"items_purged":[],"score":336,"play_id":"78dbe220-3fb9-4e1b-8d6c-4b38a3be67cd","local_time":"20210219153230","is_ascension_mode":true,"campfire_choices":[{"floor":7,"key":"REST"},{"floor":15,"key":"REST"},{"floor":23,"key":"REST"}],"circlet_count":0,"master_deck":["AscendersBane","Zap","Dualcast","Conserve Battery","Tempest","FTL","Rebound","Stack","Hello World","Compile Driver","White Noise","Rip and Tear","Storm","Coolheaded","Force Field","Sunder","Hyperbeam+1","Storm","Doom and Gloom","All For One","Ball Lightning","Chill","Double Energy","Rainbow","Chaos","Beam Cell","Genetic Algorithm","Defragment","Streamline","Reinforced Body","Steam+1","Auto Shields"],"relics":["Busted Crown","InkBottle","Boot","Toy Ornithopter","Bottled Flame","Pandora\u0027s Box"],"acts_visited":["Exordium","TheCity"],"potions_floor_usage":[6,12,16,16,25,25],"damage_taken":[{"damage":9,"enemies":"2 Louse","floor":1,"turns":3},{"damage":1,"enemies":"Cultist","floor":3,"turns":4},{"damage":2,"enemies":"Jaw Worm","floor":4,"turns":3},{"damage":15,"enemies":"Lots of Slimes","floor":5,"turns":4},{"damage":8,"enemies":"Gremlin Nob","floor":6,"turns":3},{"damage":5,"enemies":"3 Louse","floor":8,"turns":3},{"damage":2,"enemies":"Blue Slaver","floor":10,"turns":5},{"damage":19,"enemies":"Exordium Thugs","floor":11,"turns":5},{"damage":20,"enemies":"Lagavulin","floor":12,"turns":5},{"damage":12,"enemies":"Looter","floor":14,"turns":3},{"damage":12,"enemies":"Hexaghost","floor":16,"turns":12},{"damage":23,"enemies":"3 Byrds","floor":18,"turns":4},{"damage":14,"enemies":"2 Thieves","floor":20,"turns":3},{"damage":12,"enemies":"Chosen and Byrds","floor":22,"turns":6},{"damage":46,"enemies":"Slavers","floor":25,"turns":3}],"seed_played":"-1971510604854237660","potions_obtained":[{"floor":3,"key":"Fire Potion"},{"floor":6,"key":"LiquidMemories"},{"floor":8,"key":"Strength Potion"},{"floor":14,"key":"SteroidPotion"},{"floor":18,"key":"Strength Potion"},{"floor":22,"key":"Explosive Potion"}],"is_trial":false,"path_per_floor":["M","?","M","M","M","E","R","M","T","M","M","E","$","M","R","B",null,"M","$","M","?","M","R","$","E"],"character_chosen":"DEFECT","items_purchased":["Storm","Coolheaded","Force Field","Genetic Algorithm","Defragment","Streamline","Auto Shields"],"campfire_rested":3,"item_purchase_floors":[13,13,13,19,19,19,24],"current_hp_per_floor":[59,59,58,56,41,33,55,50,50,48,29,14,14,2,24,22,62,39,39,25,25,13,35,35,0,0],"gold":31,"neow_bonus":"BOSS_RELIC","is_daily":false,"chose_seed":false,"campfire_upgraded":0,"win_rate":0.0,"timestamp":1613766750,"path_taken":["M","?","M","M","M","E","R","M","T","?","?","E","$","M","R","BOSS","M","$","M","?","M","R","?","E"],"items_purchased_type":["Card","Card","Card","Card","Card","Card","Card"],"build_version":"2020-12-13","purchased_purges":0,"victory":false,"max_hp_per_floor":[75,75,75,75,75,75,75,75,75,75,75,75,75,75,75,75,75,75,75,75,75,75,75,75,75,75],"card_choices":[{"not_picked":[],"picked":"Conserve Battery","floor":1},{"not_picked":[],"picked":"Tempest","floor":3},{"not_picked":[],"picked":"FTL","floor":4},{"not_picked":[],"picked":"Rebound","floor":5},{"not_picked":[],"picked":"Stack","floor":6},{"not_picked":[],"picked":"Hello World","floor":8},{"not_picked":[],"picked":"Compile Driver","floor":10},{"not_picked":[],"picked":"White Noise","floor":11},{"not_picked":[],"picked":"Rip and Tear","floor":12},{"not_picked":[],"picked":"Sunder","floor":14},{"not_picked":[],"picked":"Hyperbeam","floor":16},{"not_picked":[],"picked":"Beam Cell","floor":18},{"not_picked":[],"picked":"Reinforced Body","floor":20},{"not_picked":[],"picked":"Steam+1","floor":22}],"player_experience":255949,"relics_obtained":[{"floor":2,"key":"InkBottle"},{"floor":6,"key":"Boot"},{"floor":9,"key":"Toy Ornithopter"},{"floor":12,"key":"Bottled Flame"}],"event_choices":[{"damage_healed":0,"gold_gain":0,"player_choice":"Relic","damage_taken":0,"max_hp_gain":0,"max_hp_loss":0,"event_name":"Wheel of Change","floor":2,"gold_loss":0},{"damage_healed":0,"gold_gain":0,"player_choice":"Upgraded","damage_taken":0,"max_hp_gain":0,"max_hp_loss":0,"event_name":"Upgrade Shrine","floor":21,"gold_loss":0,"cards_upgraded":["Hyperbeam"]}],"is_beta":false,"boss_relics":[{"not_picked":["Inserter","Tiny House"],"picked":"Pandora\u0027s Box"}],"items_purged_floors":[],"is_endless":false,"potions_floor_spawned":[3,6,8,10,11,14,18,22],"killed_by":"Slavers","ascension_level":11}}