{"host":"e8rlfedn69rz2s07","time":1613751770,"event":{"mods":["AchievementEnabler","BaseMod","Minty Spire (QoL Compilation)","Permanent Neow","Relic Stats"],"gold_per_floor":[363,363,181,19,32,32,64,64,64,64,82,82,82,82,82,154,154,173,186,186,202,202,202],"floor_reached":22,"language":"ENG","playtime":555,"items_purged":[],"score":346,"play_id":"39a187fb-5cb5-4bf3-9d97-0fad38700bf9","local_time":"20210219182250","is_ascension_mode":true,"campfire_choices":[{"data":"Searing Blow","floor":6,"key":"SMITH"},{"floor":10,"key":"REST"},{"data":"Apotheosis","floor":13,"key":"SMITH"},{"data":"Searing Blow+1","floor":15,"key":"SMITH"}],"circlet_count":0,"master_deck":["AscendersBane","Strike_R","Strike_R","Strike_R+1","Strike_R","Defend_R","Defend_R+1","Defend_R","Defend_R","Bash","Metallicize","Apotheosis+1","Fiend Fire","Searing Blow+2","Whirlwind","Spot Weakness","Disarm","Shockwave","Fiend Fire","Power Through"],"relics":["Burning Blood","Dream Catcher","Regal Pillow","Gremlin Horn","Velvet Choker"],"acts_visited":["Exordium","TheCity"],"potions_floor_usage":[7,21,22],"damage_taken":[{"damage":5,"enemies":"2 Louse","floor":1,"turns":3},{"damage":0,"enemies":"Cultist","floor":5,"turns":2},{"damage":46,"enemies":"Gremlin Nob","floor":7,"turns":5},{"damage":2,"enemies":"Small Slimes","floor":11,"turns":3},{"damage":2,"enemies":"Hexaghost","floor":16,"turns":10},{"damage":5,"enemies":"Chosen","floor":18,"turns":4},{"damage":35,"enemies":"2 Thieves","floor":19,"turns":4},{"damage":27,"enemies":"Shelled Parasite and Fungi","floor":21,"turns":5},{"damage":18,"enemies":"Snake Plant","floor":22,"turns":2}],"seed_played":"6509919957559903092","potions_obtained":[{"floor":5,"key":"SteroidPotion"},{"floor":16,"key":"Explosive Potion"},{"floor":18,"key":"SteroidPotion"},{"floor":19,"key":"CultistPotion"},{"floor":20,"key":"Block Potion"}],"is_trial":false,"path_per_floor":["M","?","$","$","M","R","E","?","T","R","M","T","R","?","R","B",null,"M","M","?","M","M"],"character_chosen":"IRONCLAD","items_purchased":["Apotheosis","Fiend Fire","Searing Blow"],"campfire_rested":1,"item_purchase_floors":[3,4,4],"current_hp_per_floor":[51,51,51,51,57,57,17,17,17,54,58,58,58,35,35,39,66,67,38,38,17,0,0],"gold":202,"neow_bonus":"TWO_FIFTY_GOLD","is_daily":false,"chose_seed":false,"campfire_upgraded":3,"win_rate":0.0,"timestamp":1613751770,"path_taken":["M","?","?","$","M","R","E","?","T","R","M","?","R","?","R","BOSS","M","M","?","M","?"],"items_purchased_type":["Card","Card","Card"],"build_version":"2020-12-22","purchased_purges":0,"victory":false,"max_hp_per_floor":[75,75,75,75,75,75,75,75,75,75,75,75,75,75,75,75,75,75,75,75,75,75,75],"relic_stats":{"Dream Catcher":1,"Regal Pillow":15,"Gremlin Horn":[2,2],"counters":[9,38],"obtain_stats":[{"Dream Catcher":7,"Regal Pillow":9,"Gremlin Horn":12,"Velvet Choker":17,"Burning Blood":0},{"Dream Catcher":3,"Regal Pillow":3,"Gremlin Horn":4,"Velvet Choker":5,"Burning Blood":0},{"Dream Catcher":10,"Regal Pillow":10,"Gremlin Horn":13,"Velvet Choker":23,"Burning Blood":0}],"Burning Blood":48},"card_choices":[{"not_picked":["Iron Wave","Anger"],"picked":"Metallicize","floor":1},{"not_picked":["Intimidate","Dark Embrace"],"picked":"Whirlwind","floor":5},{"not_picked":["Heavy Blade","Sever Soul"],"picked":"Spot Weakness","floor":7},{"not_picked":["Havoc","Cleave"],"picked":"Disarm","floor":10},{"not_picked":["Inflame","Blood for Blood"],"picked":"Shockwave","floor":11},{"not_picked":["Berserk","Juggernaut"],"picked":"Fiend Fire","floor":16},{"not_picked":["Warcry","Headbutt","Thunderclap"],"picked":"SKIP","floor":18},{"not_picked":["Iron Wave","Heavy Blade+1"],"picked":"Power Through","floor":19},{"not_picked":["Inflame","Twin Strike","Carnage"],"picked":"SKIP","floor":21}],"player_experience":1100525,"relics_obtained":[{"floor":7,"key":"Dream Catcher"},{"floor":9,"key":"Regal Pillow"},{"floor":12,"key":"Gremlin Horn"}],"event_choices":[{"cards_removed":["Strike_R"],"damage_healed":0,"gold_gain":0,"player_choice":"Offered Basic","damage_taken":0,"max_hp_gain":0,"max_hp_loss":0,"event_name":"Bonfire Elementals","floor":2,"gold_loss":0},{"damage_healed":0,"gold_gain":0,"player_choice":"Ignored","damage_taken":0,"max_hp_gain":0,"max_hp_loss":0,"event_name":"Liars Game","floor":8,"gold_loss":0},{"damage_healed":0,"gold_gain":0,"player_choice":"Entered Light","damage_taken":23,"max_hp_gain":0,"max_hp_loss":0,"event_name":"Shining Light","floor":14,"gold_loss":0,"cards_upgraded":["Defend_R","Strike_R"]},{"damage_healed":0,"gold_gain":0,"player_choice":"Got Potions","damage_taken":0,"max_hp_gain":0,"max_hp_loss":0,"event_name":"Lab","floor":20,"gold_loss":0}],"is_beta":false,"boss_relics":[{"not_picked":["Busted Crown","Tiny House"],"picked":"Velvet Choker"}],"items_purged_floors":[],"is_endless":false,"potions_floor_spawned":[5,16,18,19],"killed_by":"Snake Plant","ascension_level":18}}