{"host":"f5n4tidiz2n5sooh","time":1613702689,"event":{"mods":["BaseMod","Colored Map","Minty Spire (QoL Compilation)","Relic Stats","StSLib"],"gold_per_floor":[117,135,147,32,32,63,63,93,119,152,163,238,255,22,22,99,99,113,113,113,132,149,149,149,149],"floor_reached":24,"language":"ENG","playtime":954,"items_purged":["Strike_R","Strike_R"],"score":432,"play_id":"e3ba6286-8481-4c88-91e2-712b1cd16f0a","local_time":"20210218204449","is_ascension_mode":true,"campfire_choices":[{"floor":7,"key":"REST"},{"floor":15,"key":"REST"},{"floor":23,"key":"REST"}],"circlet_count":0,"master_deck":["AscendersBane","Strike_R","Defend_R","Defend_R","Defend_R","Defend_R","Bash","Iron Wave","Blood for Blood","Fiend Fire","Flame Barrier","Hemokinesis","Carnage","Flame Barrier","Inflame","Corruption","Second Wind","Sever Soul","Shockwave","Shrug It Off"],"relics":["Fusion Hammer","Letter Opener","MealTicket","Sundial","Oddly Smooth Stone","Pen Nib","SlaversCollar"],"acts_visited":["Exordium","TheCity"],"potions_floor_usage":[8,13,13,16,16,24],"damage_taken":[{"damage":0,"enemies":"Cultist","floor":1,"turns":3},{"damage":2,"enemies":"Jaw Worm","floor":2,"turns":3},{"damage":0,"enemies":"Small Slimes","floor":3,"turns":4},{"damage":18,"enemies":"Lagavulin","floor":6,"turns":7},{"damage":5,"enemies":"Gremlin Nob","floor":8,"turns":3},{"damage":46,"enemies":"3 Sentries","floor":10,"turns":10},{"damage":0,"enemies":"3 Louse","floor":11,"turns":3},{"damage":10,"enemies":"Red Slaver","floor":13,"turns":2},{"damage":20,"enemies":"Slime Boss","floor":16,"turns":6},{"damage":6,"enemies":"3 Byrds","floor":18,"turns":3},{"damage":12,"enemies":"Shell Parasite","floor":21,"turns":4},{"damage":38,"enemies":"Chosen and Byrds","floor":22,"turns":6},{"damage":52,"enemies":"Gremlin Leader","floor":24,"turns":4}],"seed_played":"5770345561651681423","potions_obtained":[{"floor":2,"key":"Fruit Juice"},{"floor":6,"key":"Fire Potion"},{"floor":11,"key":"Energy Potion"},{"floor":13,"key":"Regen Potion"},{"floor":16,"key":"FearPotion"},{"floor":18,"key":"BloodPotion"}],"is_trial":false,"path_per_floor":["M","M","M","$","T","E","R","E","T","E","M","?","M","$","R","B",null,"M","?","?","M","M","R","E"],"character_chosen":"IRONCLAD","items_purchased":["Flame Barrier","Inflame","AttackPotion"],"campfire_rested":3,"item_purchase_floors":[4,14,14],"current_hp_per_floor":[68,66,66,66,66,48,70,65,65,19,19,8,3,18,42,37,69,63,63,51,39,1,25,0,0],"gold":149,"neow_bonus":"BOSS_RELIC","is_daily":false,"chose_seed":false,"campfire_upgraded":0,"win_rate":0.0,"timestamp":1613702689,"path_taken":["M","M","?","$","?","E","R","E","T","E","M","?","M","$","R","BOSS","M","?","?","M","?","R","E"],"items_purchased_type":["Card","Card","Potion"],"build_version":"2020-12-22","purchased_purges":2,"victory":false,"max_hp_per_floor":[75,75,75,75,75,75,75,75,75,75,75,75,80,80,80,80,80,80,80,80,80,80,80,80,80],"relic_stats":{"counters":[13,58],"Sundial":[4],"MealTicket":15,"Pen Nib":[4],"Letter Opener":[0],"obtain_stats":[{"SlaversCollar":17,"Sundial":8,"Oddly Smooth Stone":9,"MealTicket":6,"Fusion Hammer":0,"Pen Nib":10,"Letter Opener":5,"Burning Blood":0},{"SlaversCollar":9,"Sundial":5,"Oddly Smooth Stone":5,"MealTicket":4,"Fusion Hammer":0,"Pen Nib":6,"Letter Opener":3,"Burning Blood":0},{"SlaversCollar":41,"Sundial":20,"Oddly Smooth Stone":20,"MealTicket":17,"Fusion Hammer":0,"Pen Nib":30,"Letter Opener":10,"Burning Blood":0}]},"card_choices":[{"not_picked":["Shrug It Off","Havoc"],"picked":"Iron Wave","floor":1},{"not_picked":["Iron Wave","Seeing Red"],"picked":"Blood for Blood","floor":2},{"not_picked":["Headbutt","Fire Breathing"],"picked":"Fiend Fire","floor":3},{"not_picked":["Anger","Sword Boomerang"],"picked":"Hemokinesis","floor":6},{"not_picked":["Clash","Berserk","Ghostly Armor"],"picked":"SKIP","floor":8},{"not_picked":["Clash","Iron Wave","Reckless Charge"],"picked":"SKIP","floor":10},{"not_picked":["Metallicize","Wild Strike"],"picked":"Carnage","floor":11},{"not_picked":["Perfected Strike","Anger"],"picked":"Flame Barrier","floor":13},{"not_picked":["Demon Form","Limit Break"],"picked":"Corruption","floor":16},{"not_picked":["Carnage","Ghostly Armor"],"picked":"Second Wind","floor":18},{"not_picked":["Heavy Blade","Blood for Blood","Seeing Red"],"picked":"SKIP","floor":21},{"not_picked":["Clash+1","Pommel Strike+1"],"picked":"Shrug It Off","floor":22}],"player_experience":2056170,"relics_obtained":[{"floor":5,"key":"Letter Opener"},{"floor":6,"key":"MealTicket"},{"floor":8,"key":"Sundial"},{"floor":9,"key":"Oddly Smooth Stone"},{"floor":10,"key":"Pen Nib"}],"event_choices":[{"damage_healed":0,"gold_gain":75,"player_choice":"Gather Gold","damage_taken":11,"max_hp_gain":0,"max_hp_loss":0,"event_name":"World of Goop","floor":12,"gold_loss":0},{"damage_healed":0,"gold_gain":0,"cards_transformed":["Strike_R","Strike_R"],"player_choice":"Became Test Subject","damage_taken":0,"max_hp_gain":0,"max_hp_loss":0,"event_name":"Drug Dealer","floor":19,"gold_loss":0,"cards_obtained":["Sever Soul","Shockwave"]},{"damage_healed":0,"gold_gain":0,"player_choice":"Damaged","damage_taken":12,"max_hp_gain":0,"max_hp_loss":0,"event_name":"Wheel of Change","floor":20,"gold_loss":0}],"is_beta":false,"boss_relics":[{"not_picked":["Ectoplasm","Mark of Pain"],"picked":"SlaversCollar"}],"items_purged_floors":[4,14],"is_endless":false,"potions_floor_spawned":[2,6,11,13,16,18],"killed_by":"Gremlin Leader","ascension_level":20}}