{"host":"ie50qk0ts9eskyyo","time":1613709489,"event":{"mods":["BaseMod","Colored Map","Downfall","Highlight Path","Hubris","Infinite Spire","Minty Spire (QoL Compilation)","Replay The Spire","StSLib","The Jungle"],"gold_per_floor":[99,117,117,134,151,183,207,218,118,130,145,165,165,184,198,198,198,198],"floor_reached":16,"language":"ENG","playtime":1231,"items_purged":[],"score":108,"play_id":"c2fcfcea-f4e3-45c8-acd8-3bae05a2e9d7","local_time":"20210218233809","is_ascension_mode":false,"campfire_choices":[{"floor":1.0,"key":"RECALL"},{"data":"champ:Lariat","floor":9.0,"key":"SMITH"},{"data":"champ:FaceSlap","floor":13,"key":"SMITH"}],"circlet_count":0,"master_deck":["champ:Strike","champ:Strike","champ:Strike","champ:Defend","champ:Defend","champ:Defend","champ:Defend","champ:Execute","champ:Taunt","champ:DefensiveShout","champ:GutPunch","champ:StanceDance","champ:Lariat+1","champ:ShieldWall","champ:FaceSlap+1","champ:RapidStrikes","champ:FancyFootwork","champ:BringItOn"],"relics":["champ:ChampionCrown","Replay:Mystery Machine","Orichalcum","downfall:HeartBlessingRed"],"acts_visited":["Exordium"],"potions_floor_usage":[15],"damage_taken":[{"damage":25.0,"enemies":"Cultist","floor":2.0,"turns":4.0},{"damage":10.0,"enemies":"2 Louse","floor":4.0,"turns":3.0},{"damage":22.0,"enemies":"Jaw Worm","floor":5.0,"turns":4.0},{"damage":93.0,"enemies":"Lagavulin","floor":6.0,"turns":9.0},{"damage":35.0,"enemies":"2 Fungi Beasts","floor":8.0,"turns":3.0},{"damage":43.0,"enemies":"downfall:LooterAlt","floor":10.0,"turns":4.0},{"damage":29.0,"enemies":"Exordium Thugs","floor":11.0,"turns":4.0},{"damage":16,"enemies":"Blue Slaver","floor":12,"turns":3},{"damage":11,"enemies":"Large Slime","floor":14,"turns":4},{"damage":12,"enemies":"Gremlin Gang","floor":15,"turns":3},{"damage":39,"enemies":"WA_ARCHETYPE_RETAIN","floor":16,"turns":6}],"seed_played":"-1752473367753827399","potions_obtained":[{"floor":5.0,"key":"SteroidPotion"},{"floor":6.0,"key":"BlessingOfTheForge"},{"floor":8.0,"key":"Elixir"},{"floor":15,"key":"GamblersBrew"}],"is_trial":false,"path_per_floor":["R_BF","M","?","M","M","E","T","M","R","M","M","M","R","M","M","B"],"character_chosen":"THE_CHAMP","items_purchased":[],"campfire_rested":0,"item_purchase_floors":[],"current_hp_per_floor":[99,94,94,94,92,44,44,34,34,30,20,14,14,13,13,0,0,0],"gold":198,"neow_bonus":"TEN_PERCENT_HP_BONUS","is_daily":false,"chose_seed":false,"campfire_upgraded":2,"win_rate":0.0,"timestamp":1613709489,"path_taken":["R_BF","M","?","M","M","E","T","M","R","?","M","M","R","M","M","BOSS"],"items_purchased_type":[],"build_version":"2020-12-22","purchased_purges":0,"victory":false,"max_hp_per_floor":[99,99,99,99,99,99,99,99,99,99,99,99,99,99,99,99,99,99],"card_choices":[{"not_picked":["champ:BringItOn","champ:CrownThrow"],"picked":"champ:DefensiveShout","floor":2.0},{"not_picked":["champ:BringItOn","champ:HeartStrike"],"picked":"champ:GutPunch","floor":4.0},{"not_picked":["champ:Circumvent","champ:BringItOn"],"picked":"champ:StanceDance","floor":5.0},{"not_picked":["champ:PerfectedStrike","champ:RecklessLeap"],"picked":"champ:Lariat","floor":6.0},{"not_picked":["champ:FlashCut","champ:PerfectedStrike"],"picked":"champ:ShieldWall","floor":8.0},{"not_picked":["champ:DefensiveShout","champ:RapidStrikes"],"picked":"champ:FaceSlap","floor":10.0},{"not_picked":["champ:EnGarde","champ:DancingMaster"],"picked":"champ:RapidStrikes","floor":11},{"not_picked":["champ:Circumvent","champ:EndlessRage"],"picked":"champ:FancyFootwork","floor":12},{"not_picked":["champ:GutPunch","champ:CrownThrow"],"picked":"champ:BringItOn","floor":14},{"not_picked":["champ:BringItOn","champ:BerserkersShout","champ:FanOfKnives"],"picked":"SKIP","floor":15}],"player_experience":22400,"relics_obtained":[{"floor":6.0,"key":"Replay:Mystery Machine"},{"floor":7.0,"key":"Orichalcum"}],"event_choices":[{"cards_removed":["champ:Strike"],"damage_healed":0.0,"max_hp_gain":0.0,"max_hp_loss":0.0,"gold_gain":0.0,"event_name":"Bonfire Elementals","player_choice":"Offered Basic","floor":3.0,"gold_loss":0.0,"damage_taken":0.0}],"is_beta":false,"boss_relics":[],"items_purged_floors":[],"is_endless":false,"potions_floor_spawned":[5,6,8,10,15],"killed_by":"WA_ARCHETYPE_RETAIN","ascension_level":0}}