{"host":"jm9833yuloeli2yd","time":1613698041,"event":{"mods":["BaseMod","Better Altar","Better Match","Better Note","Better Sensory Stone","Better Skull","Better Third Choice","Better Vampires","BetterRewards","Colored Map","Colored Powertips","DeckTracker","Minty Spire (QoL Compilation)","Permanent Neow","Quick Restart","StSLib","SuperFastMode"],"gold_per_floor":[118,136,151,161,177,177,204,204,204,238,6,6,6,0,0,0,0],"floor_reached":16,"language":"ENG","playtime":308,"items_purged":[],"score":320,"play_id":"1f6142fa-2472-4a2d-9752-1b497debcf24","local_time":"20210218202721","is_ascension_mode":true,"campfire_choices":[{"floor":6,"key":"REST"},{"floor":8,"key":"REST"},{"floor":13,"key":"REST"},{"data":"Zap","floor":15,"key":"SMITH"}],"circlet_count":0,"master_deck":["AscendersBane","Strike_B","Strike_B","Strike_B","Strike_B","Defend_B","Defend_B","Defend_B","Defend_B","Zap+1","Dualcast","Conserve Battery","Compile Driver","Gash","Go for the Eyes","Glacier","Steam","Finesse","Glacier"],"relics":["Cracked Core","Kunai","Runic Capacitor","Mummified Hand","StoneCalendar","Singing Bowl"],"acts_visited":[],"potions_floor_usage":[10,16],"damage_taken":[{"damage":7,"enemies":"Small Slimes","floor":1,"turns":3},{"damage":3,"enemies":"2 Louse","floor":2,"turns":3},{"damage":5,"enemies":"Jaw Worm","floor":3,"turns":3},{"damage":5,"enemies":"3 Louse","floor":4,"turns":4},{"damage":4,"enemies":"Blue Slaver","floor":5,"turns":4},{"damage":38,"enemies":"Lagavulin","floor":7,"turns":9},{"damage":27,"enemies":"3 Sentries","floor":10,"turns":7},{"damage":24,"enemies":"Slime Boss","floor":16,"turns":6}],"seed_played":"2163756631851689944","potions_obtained":[{"floor":5,"key":"LiquidBronze"},{"floor":7,"key":"Energy Potion"}],"is_trial":false,"path_per_floor":["M","M","M","M","M","R","E","R","T","E","$","?","R","?","R","B"],"character_chosen":"DEFECT","items_purchased":["Kunai","Runic Capacitor","Finesse","Glacier","FocusPotion"],"campfire_rested":3,"item_purchase_floors":[0,0,11,11,11],"current_hp_per_floor":[43,40,35,30,26,47,9,30,30,3,3,3,24,24,24,0,0],"gold":0,"neow_bonus":"","is_daily":false,"chose_seed":false,"campfire_upgraded":1,"win_rate":0.0,"timestamp":1613698041,"path_taken":["M","M","M","M","M","R","E","R","T","E","$","?","R","?","R","BOSS"],"items_purchased_type":["Relic","Relic","Card","Card","Potion"],"build_version":"2020-12-22","purchased_purges":0,"victory":false,"max_hp_per_floor":[71,71,71,71,71,71,71,71,71,71,71,71,71,71,71,71,71],"card_choices":[{"not_picked":["Redo","Streamline"],"picked":"Conserve Battery","floor":1},{"not_picked":["Undo","Storm","Leap"],"picked":"SKIP","floor":2},{"not_picked":["Hologram","Chaos"],"picked":"Compile Driver","floor":3},{"not_picked":["Barrage","Conserve Battery"],"picked":"Gash","floor":4},{"not_picked":["Heatsinks","Steam"],"picked":"Go for the Eyes","floor":5},{"not_picked":["Rip and Tear","Hologram"],"picked":"Glacier","floor":7},{"not_picked":["Stack","Scrape"],"picked":"Steam","floor":10}],"player_experience":1373963,"relics_obtained":[{"floor":7,"key":"Mummified Hand"},{"floor":9,"key":"StoneCalendar"},{"floor":10,"key":"Singing Bowl"}],"event_choices":[{"damage_healed":0,"gold_gain":0,"player_choice":"Ignored","damage_taken":6,"max_hp_gain":0,"max_hp_loss":0,"event_name":"betterThird:BetterSerpent","floor":12,"gold_loss":0},{"damage_healed":0,"gold_gain":0,"player_choice":"Left","damage_taken":0,"max_hp_gain":0,"max_hp_loss":0,"event_name":"betterThird:BetterGoop","floor":14,"gold_loss":6}],"is_beta":false,"boss_relics":[],"items_purged_floors":[],"is_endless":false,"potions_floor_spawned":[5,7],"killed_by":"Slime Boss","ascension_level":20}}