{"host":"fortuna","time":1613748927,"event":{"mods":["100% Spire Juice","Act Like it!","BaseMod","CapriCore","Gensokyo","Hallownest","Koishi","Minty Spire (QoL Compilation)","MostiFishMod","Reimu£®≤©¿ˆ¡È√Œ£©","Relic Stats","StSLib","The Alterego","The Animator","The Bug Knight","The Immortal","The Senshi","Waifu the Spire","Yakumo Yukari mod"],"gold_per_floor":[119,119,119,119,119,154,154,184,184,184,184,215,228,228,228,325,325,344,344,294,294,309,334,334,346,370,82,94,106,151,178,190,297,309,333,345,361,218,218,218,247,259,310,342,359,388,398,398,398,398],"floor_reached":51,"language":"ZHS","playtime":2499,"items_purged":["Strike_Lin:ReiMu","Strike_Lin:ReiMu","Strike_Lin:ReiMu","Strike_Lin:ReiMu","Defend_Lin:ReiMu"],"score":1257,"play_id":"a61f90a6-4f51-4ac4-97bf-c81bfd5ca5ce","local_time":"20210219233527","is_ascension_mode":true,"campfire_choices":[{"data":"Apotheosis","floor":7.0,"key":"SMITH"},{"data":"InherentArray:ReiMu","floor":10.0,"key":"SMITH"},{"data":"FoulBorder2:ReiMu","floor":15.0,"key":"SMITH"},{"data":"KamiRite:ReiMu","floor":24.0,"key":"SMITH"},{"data":"NineCharacters:ReiMu","floor":29.0,"key":"SMITH"},{"data":"Secret Technique","floor":32.0,"key":"SMITH"},{"data":"InherentArray:ReiMu","floor":40,"key":"SMITH"},{"data":"KamiRite:ReiMu","floor":49,"key":"SMITH"}],"circlet_count":0,"master_deck":["Defend_Lin:ReiMu","Defend_Lin:ReiMu","Defend_Lin:ReiMu","NB:ReiMu","Stagnation:ReiMu","MostiFishMod:SupremeArchaeology","InherentArray:ReiMu+1","Secret Technique+1","InherentArray:ReiMu+1","CareerPray:ReiMu","Intuition:ReiMu","Apotheosis+1","KyokaiOfKami:ReiMu","RainPray2:ReiMu","EmergencyTakeOff:ReiMu","TightArray:ReiMu","SubAcupoint:ReiMu","Amulet:ReiMu","CareerPray:ReiMu","Enchanting:ReiMu","FoulBorder2:ReiMu+1","NineCharacters:ReiMu+1","KamiRite:ReiMu+1","Meditation:ReiMu+1","RainPray2:ReiMu","Crusade:ReiMu","TightArray:ReiMu","SafetyPray:ReiMu+1","SpringWay:ReiMu+1","KamiRite:ReiMu+1","OrbThrow:ReiMu+1","Flash of Steel","AirManeuver:ReiMu","Gensokyo:UnhurriedMind+1","YinYang:ReiMu+1","PassingAway:ReiMu+1","SealNeedle:ReiMu","WonderfulDomain:ReiMu+1"],"relics":["FlyPower:ReiMu","DaveBox","SynthV:TestCard","DiscerningMonocle","Regal Pillow","Toy Ornithopter","Chemical X","BionicSphere","theSenshi:FeatherClipsRelic","Dodecahedron","Bag of Preparation","Blood Vial","PreservedInsect","Happy Flower","Sundial","Pen Nib","Lee\u0027s Waffle","ChiXiaoBlade","Singing Bowl","ChiLing","Chi","Ling","Kunai","MawBank","SynthV","Civilization","RuthlessExorcism:ReiMu","Sozu","Akabeko","Dream Catcher","BrkXgEgg","Smiling Mask","theSenshi:SailorFukuRelic","HollowMod:PaleOreRelic","Eternal Feather"],"acts_visited":["Exordium","Gensokyo:Gensokyoer","Gensokyo:Gensokyoest"],"potions_floor_usage":[],"damage_taken":[{"damage":6.0,"enemies":"Small Slimes","floor":1.0,"turns":5.0},{"damage":8.0,"enemies":"Lagavulin","floor":6.0,"turns":8.0},{"damage":18.0,"enemies":"3 Sentries","floor":8.0,"turns":8.0},{"damage":25.0,"enemies":"Gremlin Nob","floor":12.0,"turns":4.0},{"damage":0.0,"enemies":"Jaw Worm","floor":13.0,"turns":3.0},{"damage":1.0,"enemies":"Hexaghost","floor":16.0,"turns":8.0},{"damage":0.0,"enemies":"Gensokyo:Chomper","floor":18.0,"turns":4.0},{"damage":0.0,"enemies":"Gensokyo:AngelMirror","floor":22.0,"turns":4.0},{"damage":2.0,"enemies":"Gensokyo:Tenshi","floor":23.0,"turns":3.0},{"damage":3.0,"enemies":"Gensokyo:Slime_Group","floor":25.0,"turns":2.0},{"damage":5.0,"enemies":"Gensokyo:Koishi","floor":30.0,"turns":4.0},{"damage":2.0,"enemies":"Gensokyo:3_Gloops","floor":31.0,"turns":3.0},{"damage":10.0,"enemies":"Gensokyo:Eternal_Rivals","floor":33.0,"turns":6.0},{"damage":2.0,"enemies":"Gensokyo:3_Bats","floor":35.0,"turns":1.0},{"damage":3,"enemies":"Gensokyo:AncientGuardian","floor":37,"turns":3},{"damage":5,"enemies":"Gensokyo:AncientGuardian","floor":39,"turns":4},{"damage":2,"enemies":"Gensokyo:Doremy","floor":41,"turns":2},{"damage":2,"enemies":"Gensokyo:Dusk_and_Dawn","floor":42,"turns":2},{"damage":2,"enemies":"Gensokyo:Kasen","floor":44,"turns":6},{"damage":9,"enemies":"Gensokyo:Sharpion","floor":45,"turns":3},{"damage":15,"enemies":"Gensokyo:Marisa","floor":46,"turns":3},{"damage":2,"enemies":"Gensokyo:3_Boulders","floor":47,"turns":2},{"damage":2,"enemies":"Gensokyo:Scarlet_Devils","floor":50,"turns":7}],"seed_played":"7421699939357177286","potions_obtained":[{"floor":6.0,"key":"SpeedPotion"},{"floor":13.0,"key":"ZuzhouPotion:ReiMu"},{"floor":23.0,"key":"BottledKami:ReiMu"}],"is_trial":false,"path_per_floor":["M","$","?","$","?","E","R","E","T","R","?","E","M","$","R","B",null,"M","$","?","?","M","E","R","M","T","COS","?","R","E","M","R","B",null,"M","$","M","COS","?","R","E","M","T","E","M","E","M","?","R","B",null],"character_chosen":"REIMU","items_purchased":["Regal Pillow","Toy Ornithopter","Chemical X","Secret Technique","InherentArray:ReiMu","CareerPray:ReiMu","Explosive Potion","Weak Potion","AttackPotion","Intuition:ReiMu","BionicSphere","theSenshi:FeatherClipsRelic","Dodecahedron","Apotheosis","KyokaiOfKami:ReiMu","RainPray2:ReiMu","EmergencyTakeOff:ReiMu","TightArray:ReiMu","SubAcupoint:ReiMu","Strength Potion","Sundial","Pen Nib","Lee\u0027s Waffle","DistilledChaos","NineCharacters:ReiMu","Singing Bowl","ChiLing","RainPray2:ReiMu","Crusade:ReiMu","TightArray:ReiMu","Flash of Steel","Akabeko","Dream Catcher"],"campfire_rested":0,"item_purchase_floors":[2,2,2,2,2,2,2,2,2,2,4,4,4,4,4,4,4,4,4,4,14,14,14,14,14,19,19,19,19,19,36,36,36],"current_hp_per_floor":[53,53,53,53,53,56,56,44,44,44,44,37,45,72,72,72,72,72,72,79,79,81,83,83,83,83,83,83,83,84,88,88,89,92,98,98,103,103,103,103,108,113,113,118,122,122,133,133,137,142],"gold":398,"neow_bonus":"RANDOM_COLORLESS","is_daily":false,"chose_seed":false,"campfire_upgraded":8,"win_rate":0.0,"timestamp":1613748927,"path_taken":["M","$","?","$","?","E","R","E","T","R","?","E","M","$","R","BOSS","M","$","?","?","?","E","R","M","T","COS","?","R","E","M","R","BOSS","M","$","M","COS","?","R","E","M","T","E","M","E","M","?","R","BOSS"],"items_purchased_type":["Relic","Relic","Relic","Card","Card","Card","Potion","Potion","Potion","Card","Relic","Relic","Relic","Card","Card","Card","Card","Card","Card","Potion","Relic","Relic","Relic","Potion","Card","Relic","Relic","Card","Card","Card","Card","Relic","Relic"],"build_version":"2020-12-18","purchased_purges":5,"victory":true,"max_hp_per_floor":[65,65,65,65,65,65,65,65,65,65,65,65,65,72,72,72,72,72,72,79,79,81,83,83,83,83,83,83,83,84,88,88,93,93,98,98,103,103,103,103,108,113,113,118,125,132,137,137,137,142],"relic_stats":{"Regal Pillow":0,"Lee\u0027s Waffle":27,"Happy Flower":[23],"Singing Bowl":8,"counters":[23,91],"Eternal Feather":4,"PreservedInsect":457,"Pen Nib":[11],"Bag of Preparation":[42],"MawBank":120,"Smiling Mask":0,"Blood Vial":9,"Sozu":4,"Dream Catcher":0,"Sundial":[8],"Chemical X":[2],"Kunai":[13],"obtain_stats":[{"Regal Pillow":2,"DaveBox":0,"Singing Bowl":19,"DiscerningMonocle":1,"Chi":19,"SynthV":27,"theSenshi:FeatherClipsRelic":4,"Bag of Preparation":6,"Smiling Mask":41,"Blood Vial":8,"Sozu":34,"Civilization":27,"Frozen Eye":30,"Dream Catcher":36,"Sundial":14,"Chemical X":2,"Kunai":23,"HollowMod:PaleOreRelic":44,"theSenshi:SailorFukuRelic":43,"Lee\u0027s Waffle":14,"Dodecahedron":4,"Happy Flower":12,"Eternal Feather":46,"PreservedInsect":11,"Pen Nib":14,"BrkXgEgg":38,"MawBank":26,"Akabeko":36,"Ling":19,"SynthV:TestCard":1,"BionicSphere":4,"ChiXiaoBlade":17,"FlyPower:ReiMu":0,"Toy Ornithopter":2,"ChiLing":19,"RuthlessExorcism:ReiMu":30},{"Regal Pillow":1,"DaveBox":0,"Singing Bowl":7,"DiscerningMonocle":1,"Chi":7,"SynthV":10,"theSenshi:FeatherClipsRelic":1,"Bag of Preparation":2,"Smiling Mask":17,"Blood Vial":3,"Sozu":13,"Civilization":10,"Frozen Eye":10,"Dream Catcher":14,"Sundial":5,"Chemical X":1,"Kunai":9,"HollowMod:PaleOreRelic":19,"theSenshi:SailorFukuRelic":18,"Lee\u0027s Waffle":5,"Dodecahedron":1,"Happy Flower":4,"Eternal Feather":21,"PreservedInsect":3,"Pen Nib":5,"BrkXgEgg":15,"MawBank":10,"Akabeko":14,"Ling":7,"SynthV:TestCard":1,"BionicSphere":1,"ChiXiaoBlade":6,"FlyPower:ReiMu":0,"Toy Ornithopter":1,"ChiLing":7,"RuthlessExorcism:ReiMu":11},{"Regal Pillow":5,"DaveBox":0,"Singing Bowl":38,"DiscerningMonocle":5,"Chi":38,"SynthV":46,"theSenshi:FeatherClipsRelic":5,"Bag of Preparation":13,"Smiling Mask":68,"Blood Vial":20,"Sozu":58,"Civilization":46,"Frozen Eye":46,"Dream Catcher":59,"Sundial":27,"Chemical X":5,"Kunai":44,"HollowMod:PaleOreRelic":76,"theSenshi:SailorFukuRelic":70,"Lee\u0027s Waffle":27,"Dodecahedron":5,"Happy Flower":24,"Eternal Feather":82,"PreservedInsect":20,"Pen Nib":27,"BrkXgEgg":62,"MawBank":46,"Akabeko":59,"Ling":38,"SynthV:TestCard":5,"BionicSphere":5,"ChiXiaoBlade":34,"FlyPower:ReiMu":0,"Toy Ornithopter":5,"ChiLing":38,"RuthlessExorcism:ReiMu":49}],"Toy Ornithopter":15},"card_choices":[{"not_picked":["Trip","Good Instincts"],"picked":"MostiFishMod:SupremeArchaeology","floor":0.0},{"not_picked":["RainPray2:ReiMu","Revelation:ReiMu"],"picked":"InherentArray:ReiMu","floor":1.0},{"not_picked":["ShadowOfCrow2:ReiMu","LovePray:ReiMu","ForcedLanding:ReiMu","WonderfulDomain:ReiMu"],"picked":"Amulet:ReiMu","floor":6.0},{"not_picked":["FantasyBorder:ReiMu","AlertArray:ReiMu","TightArray:ReiMu","Mountainwind:ReiMu"],"picked":"CareerPray:ReiMu","floor":8.0},{"not_picked":["Intuition:ReiMu","PhosphorusFlame:ReiMu","ShadowOfCrow2:ReiMu","ForcedLanding:ReiMu"],"picked":"Enchanting:ReiMu","floor":12.0},{"not_picked":["OrbThrow:ReiMu","SubcavityInstant:ReiMu","HakureiPhantom:ReiMu","UpKicking:ReiMu"],"picked":"FoulBorder2:ReiMu","floor":13.0},{"not_picked":["HakureiPhantom:ReiMu","CleanRite:ReiMu","YinYang:ReiMu","CeremonyResonance:ReiMu"],"picked":"KamiRite:ReiMu","floor":16.0},{"not_picked":["OrbThrow:ReiMu","YinYangSange:ReiMu","PhosphorusFlame:ReiMu","WonderfulDomain:ReiMu"],"picked":"Meditation:ReiMu+1","floor":18.0},{"not_picked":["Meditation:ReiMu","Intuition:ReiMu","OrbThrow:ReiMu+1","NineCharacters:ReiMu+1","LovePray:ReiMu+1"],"picked":"Singing Bowl","floor":22.0},{"not_picked":["BarrageOfMoneybags:ReiMu","FantasyMoon:ReiMu+1","EmergencyTakeOff:ReiMu","Intuition:ReiMu+1","Shading:ReiMu"],"picked":"Singing Bowl","floor":23.0},{"not_picked":["FantasyMoon:ReiMu","SpreadBorder2:ReiMu+1","AirStrike:ReiMu","NineCharacters:ReiMu"],"picked":"SafetyPray:ReiMu+1","floor":25.0},{"not_picked":["Revelation:ReiMu","CareerPray:ReiMu","UpKicking:ReiMu","PrayRite:ReiMu"],"picked":"SpringWay:ReiMu+1","floor":30.0},{"not_picked":["SubcavityFantasy:ReiMu","OctopathSalyBorderN:ReiMu","PrayRite:ReiMu","Dreaming:ReiMu"],"picked":"KamiRite:ReiMu","floor":33.0},{"not_picked":["SubcavityInstant:ReiMu","PayForSelf:ReiMu","SafetyPray:ReiMu","SpringWay:ReiMu"],"picked":"OrbThrow:ReiMu+1","floor":35.0},{"not_picked":["PhosphorusFlame:ReiMu","SafetyPray:ReiMu+1","Amulet:ReiMu+1","RainPray2:ReiMu+1"],"picked":"AirManeuver:ReiMu","floor":37},{"not_picked":["Gensokyo:Dawn+1","Gensokyo:HouraiInAPot+1"],"picked":"Gensokyo:UnhurriedMind+1","floor":39},{"not_picked":["SafetyPray:ReiMu","ShadowOfCrow2:ReiMu+1","WonderfulDomain:ReiMu+1","CareerPray:ReiMu"],"picked":"YinYang:ReiMu+1","floor":41},{"not_picked":["RainPray2:ReiMu","SubAcupoint:ReiMu","InherentArray:ReiMu+1","Mountainwind:ReiMu"],"picked":"PassingAway:ReiMu+1","floor":42},{"not_picked":["WonderfulDomain:ReiMu+1","Meditation:ReiMu","OrbThrow:ReiMu","Enchanting:ReiMu"],"picked":"SealNeedle:ReiMu","floor":44},{"not_picked":["EmergencyTakeOff:ReiMu+1","KamiSacrifice:ReiMu+1","OrbThrow:ReiMu+1","LearningPray:ReiMu","RainPray2:ReiMu+1"],"picked":"Singing Bowl","floor":45},{"not_picked":["LovePray:ReiMu","SealNeedle:ReiMu","CareerPray:ReiMu+1","Revelation:ReiMu","MikOfLucky:ReiMu+1"],"picked":"Singing Bowl","floor":46},{"not_picked":["SubcavityInstant:ReiMu+1","CareerPray:ReiMu+1","FantasyBorder:ReiMu","PhosphorusFlame:ReiMu+1"],"picked":"WonderfulDomain:ReiMu+1","floor":47}],"player_experience":381900,"relics_obtained":[{"floor":1.0,"key":"SynthV:TestCard"},{"floor":6.0,"key":"Bag of Preparation"},{"floor":8.0,"key":"Blood Vial"},{"floor":12.0,"key":"Happy Flower"},{"floor":23.0,"key":"Kunai"},{"floor":26.0,"key":"MawBank"},{"floor":30.0,"key":"RuthlessExorcism:ReiMu"},{"floor":41,"key":"Smiling Mask"},{"floor":43,"key":"theSenshi:SailorFukuRelic"},{"floor":44,"key":"HollowMod:PaleOreRelic"},{"floor":46,"key":"Eternal Feather"}],"event_choices":[{"damage_healed":0.0,"max_hp_gain":0.0,"max_hp_loss":0.0,"gold_gain":0.0,"event_name":"Liars Game","player_choice":"Ignored","floor":3.0,"gold_loss":0.0,"damage_taken":0.0},{"damage_healed":0.0,"max_hp_gain":0.0,"max_hp_loss":0.0,"gold_gain":0.0,"event_name":"Golden Idol","player_choice":"Ignored","floor":5.0,"gold_loss":0.0,"damage_taken":0.0},{"damage_healed":0.0,"max_hp_gain":0.0,"max_hp_loss":0.0,"gold_gain":0.0,"event_name":"Dead Adventurer","player_choice":"Searched \u00272\u0027 times","floor":11.0,"gold_loss":0.0,"damage_taken":0.0,"relics_obtained":["PreservedInsect"]}],"is_beta":true,"boss_relics":[{"not_picked":["Pandora\u0027s Box","RhineFirstAidKit"],"picked":"ChiXiaoBlade"},{"not_picked":["Transparent","RedLine:ReiMu"],"picked":"Sozu"}],"items_purged_floors":[2,4,14,19,36],"is_endless":false,"potions_floor_spawned":[6,13,16,23,33,41,44,45,46],"ascension_level":6}}