{"host":"10b2ljh1rg6srmxa","time":1613774001,"event":{"mods":["AchievementEnabler","BaseMod","Better Third Choice","Colored Map","Colored Powertips","Conspire","Downfall","Googly Eyes","Highlight Path","Hubris","Infinite Spire","Minty Spire (QoL Compilation)","Replay The Spire","StSLib","The Animator","The Wild Card","everything is the same but u backflip on backflip"],"gold_per_floor":[113,113,127,127,137,164,164,118,118,118,147,172,192,220,220,324,324,340,340,340,255,265,277,277,311,311,343,368,368,396,408,408,511,511,564,564,49,21,21,57,57,105,105,45,58,83,83,98,98,98],"floor_reached":51,"language":"ENG","playtime":4074,"items_purged":["Strike_G"],"score":1262,"play_id":"3535438c-9f3d-4e4d-a8ea-f5a67ecf5603","local_time":"20210219233321","daily_mods":["Vintage","Time Dilation","Flight","DeadlyEvents"],"is_ascension_mode":false,"campfire_choices":[{"data":"Noxious Fumes","floor":7.0,"key":"SMITH"},{"floor":10.0,"key":"REST"},{"floor":15,"key":"REST"},{"data":"Adrenaline","floor":24,"key":"SMITH"},{"data":"Venomology","floor":32,"key":"SMITH"},{"data":"hubris:Fate","floor":41,"key":"SMITH"},{"floor":49,"key":"DIG"}],"circlet_count":0,"master_deck":["Strike_G","Strike_G","Strike_G","Defend_G","Defend_G","Defend_G+1","Defend_G+1","Defend_G+1","Survivor","Neutralize","Noxious Fumes+1","Poisoned Stab","Crippling Poison","Tactician+1","Adrenaline+1","hubris:Fate+1","Venomology+1","Corpse Explosion","Caltrops+1","Backflip+1"],"relics":["Ring of the Snake","Meat on the Bone","Singing Bowl","Vajra","Regal Pillow","Tiny Chest","Ornamental Fan","MealTicket","White Beast Statue","Du-Vu Doll","HornCleat","Philosopher\u0027s Stone","Eternal Feather","The Specimen","War Paint","Ring of the Serpent","The Courier","Snake Skull","Darkstone Periapt","Pen Nib","Omamori","Blue Candle","Happy Flower","Ring of Peace","Ring of Hypnosis","Blood Vial","Strawberry","infinitespire:EvilPickle","Calling Bell","Anchor","Letter Opener","Mango","Gremlin Horn","Strange Spoon","Frozen Egg 2","Toxic Egg 2","Ice Cream","CeramicFish","Question Card","Lantern","Pear","Bronze Scales","ClockworkSouvenir","War Paint","Bird Faced Urn"],"acts_visited":["TheCity","TheBeyond"],"potions_floor_usage":[18,25,27,30,33,33,35,40,45,48,50,50,50],"damage_taken":[{"damage":0.0,"enemies":"Cultist","floor":1.0,"turns":4.0},{"damage":3.0,"enemies":"Jaw Worm","floor":3.0,"turns":5.0},{"damage":0.0,"enemies":"2 Louse","floor":5.0,"turns":3.0},{"damage":30.0,"enemies":"3 Sentries","floor":6.0,"turns":16.0},{"damage":16.0,"enemies":"Lagavulin","floor":11.0,"turns":8.0},{"damage":14.0,"enemies":"Gremlin Nob","floor":12.0,"turns":4.0},{"damage":9.0,"enemies":"Exordium Wildlife","floor":13.0,"turns":4.0},{"damage":8.0,"enemies":"Lagavulin","floor":14.0,"turns":6.0},{"damage":25,"enemies":"The Guardian","floor":16,"turns":11},{"damage":5,"enemies":"3 Byrds","floor":18,"turns":6},{"damage":0,"enemies":"Chosen","floor":22,"turns":4},{"damage":0,"enemies":"Snake Plant","floor":23,"turns":1},{"damage":13,"enemies":"Book of Stabbing","floor":25,"turns":6},{"damage":0,"enemies":"Slavers","floor":27,"turns":1},{"damage":0,"enemies":"conspire:Head Lice","floor":30,"turns":5},{"damage":0,"enemies":"Centurion and Healer","floor":31,"turns":1},{"damage":11,"enemies":"Pondfish","floor":33,"turns":10},{"damage":0,"enemies":"Orb Walker","floor":35,"turns":2},{"damage":0,"enemies":"Giant Head","floor":40,"turns":7},{"damage":0,"enemies":"R_Hoarder","floor":42,"turns":4},{"damage":0,"enemies":"3 Shapes","floor":45,"turns":1},{"damage":0,"enemies":"3 Darklings","floor":48,"turns":2},{"damage":52,"enemies":"conspire:OrnateMirror","floor":50,"turns":7}],"seed_played":"-1136986096737085984","potions_obtained":[{"floor":1.0,"key":"Regen Potion"},{"floor":3.0,"key":"Fire Potion"},{"floor":11.0,"key":"SkillPotion"},{"floor":13.0,"key":"Dexterity Potion"},{"floor":14.0,"key":"GhostInAJar"},{"floor":16,"key":"DuplicationPotion"},{"floor":18,"key":"sneckomod:MuddlingPotion"},{"floor":22,"key":"sneckomod:MuddlingPotion"},{"floor":23,"key":"SpeedPotion"},{"floor":25,"key":"Fruit Juice"},{"floor":27,"key":"Adrenaline Potion"},{"floor":30,"key":"Languid Potion"},{"floor":33,"key":"Strength Potion"},{"floor":45,"key":"SkillPotion"}],"is_trial":true,"path_per_floor":["M","$","M","?","M","E","R","$","T","R","E","E","M","E","R","B",null,"M","T","AVR","?","M","M","R","E","T","E","T","?","E","M","R","B",null,"M","?","$","$","T","E","R","E","T","$","M","T","AVR","M","R_BF","B",null],"character_chosen":"THE_SILENT","items_purchased":["Poisoned Stab","Strange Spoon","Frozen Egg 2","Toxic Egg 2","Caltrops+1"],"campfire_rested":2,"item_purchase_floors":[8,37,37,37,38],"current_hp_per_floor":[70,70,67,67,67,46,46,46,46,70,54,42,45,37,72,47,72,67,67,67,67,67,67,72,59,59,66,66,66,68,77,86,77,102,102,102,102,102,102,104,104,104,104,104,114,114,114,114,114,66],"gold":98,"neow_bonus":"","is_daily":false,"chose_seed":false,"campfire_upgraded":4,"win_rate":0.0,"timestamp":1613774001,"path_taken":["M","?","?","?","?","E","R","$","T","R","?","E","?","?","R","BOSS","M","?","AVR","?","M","?","R","?","T","E","?","?","E","M","R","BOSS","M","?","?","$","?","E","R","?","T","?","?","?","AVR","M","R_BF","BOSS"],"items_purchased_type":["Card","Relic","Relic","Relic","Card"],"build_version":"2020-12-22","purchased_purges":1,"victory":true,"max_hp_per_floor":[70,70,70,70,70,70,70,70,70,70,70,72,72,72,72,72,72,72,72,72,72,72,72,72,72,72,79,79,79,81,88,88,88,102,102,102,102,102,102,104,104,104,104,104,114,114,114,114,114,114],"card_choices":[{"not_picked":["Dodge and Roll","All Out Attack"],"picked":"Noxious Fumes","floor":6.0},{"not_picked":["Glass Knife","Envenom"],"picked":"Crippling Poison","floor":11.0},{"not_picked":["Prepared","Backflip","Catalyst"],"picked":"Singing Bowl","floor":12.0},{"not_picked":["Cloak And Dagger","Catalyst"],"picked":"Tactician","floor":14.0},{"not_picked":["Phantasmal Killer","Tools of the Trade"],"picked":"Adrenaline","floor":16},{"not_picked":["Slice+1","Crippling Poison+1"],"picked":"Venomology","floor":25},{"not_picked":["Well Laid Plans","Outmaneuver","Blade Dance"],"picked":"Singing Bowl","floor":27},{"not_picked":["Noxious Fumes","Replay:Poison Smokescreen+1","Sucker Punch+1"],"picked":"Singing Bowl","floor":30},{"not_picked":["Die Die Die","Venomology"],"picked":"Corpse Explosion","floor":33},{"not_picked":["Skewer","Sucker Punch+1","Hidden Blade+1"],"picked":"Singing Bowl","floor":40},{"not_picked":["hubris:SlightOfHand+1","hubris:Sniper+1"],"picked":"Backflip+1","floor":42}],"player_experience":402468,"relics_obtained":[{"floor":1.0,"key":"Meat on the Bone"},{"floor":3.0,"key":"Singing Bowl"},{"floor":5.0,"key":"Regal Pillow"},{"floor":6.0,"key":"Tiny Chest"},{"floor":9.0,"key":"Ornamental Fan"},{"floor":11.0,"key":"MealTicket"},{"floor":12.0,"key":"White Beast Statue"},{"floor":13.0,"key":"Du-Vu Doll"},{"floor":14.0,"key":"HornCleat"},{"floor":18,"key":"Eternal Feather"},{"floor":19,"key":"The Specimen"},{"floor":22,"key":"Snake Skull"},{"floor":23,"key":"Darkstone Periapt"},{"floor":25,"key":"Pen Nib"},{"floor":26,"key":"Omamori"},{"floor":27,"key":"Blue Candle"},{"floor":28,"key":"Happy Flower"},{"floor":29,"key":"Ring of Peace"},{"floor":29,"key":"Ring of Hypnosis"},{"floor":30,"key":"Blood Vial"},{"floor":31,"key":"Strawberry"},{"floor":34,"key":"Anchor"},{"floor":34,"key":"Letter Opener"},{"floor":34,"key":"Mango"},{"floor":35,"key":"Gremlin Horn"},{"floor":39,"key":"Ice Cream"},{"floor":40,"key":"CeramicFish"},{"floor":42,"key":"Question Card"},{"floor":43,"key":"Lantern"},{"floor":45,"key":"Pear"},{"floor":46,"key":"Bronze Scales"},{"floor":48,"key":"War Paint"},{"floor":49,"key":"Bird Faced Urn"}],"event_choices":[{"damage_healed":0.0,"max_hp_gain":0.0,"max_hp_loss":0.0,"gold_gain":0.0,"event_name":"WeMeetAgain","player_choice":"Gave Potion","floor":4.0,"gold_loss":0.0,"damage_taken":0.0,"relics_obtained":["Vajra"]},{"damage_healed":0,"gold_gain":0,"player_choice":"Obtained Relic","damage_taken":0,"relics_obtained":["The Courier"],"max_hp_gain":0,"max_hp_loss":0,"event_name":"Addict","floor":21,"gold_loss":85},{"cards_removed":["Strike_G"],"damage_healed":0,"gold_gain":0,"player_choice":"Removed Attack","damage_taken":0,"max_hp_gain":0,"max_hp_loss":0,"event_name":"Falling","floor":36,"gold_loss":0}],"is_beta":false,"boss_relics":[{"not_picked":["WristBlade","Coffee Dripper"],"picked":"Philosopher\u0027s Stone"},{"not_picked":["Snecko Eye","Astrolabe"],"picked":"Calling Bell"}],"items_purged_floors":[44],"is_endless":false,"potions_floor_spawned":[1,3,11,13,14,16,18,22,23,25,27,30,31,33,35,40,42,45,48],"ascension_level":0}}