{"host":"s41rn2jhghpwfrvz","time":1613778788,"event":{"mods":["BaseMod","Minty Spire (QoL Compilation)","Quick Restart","Relic Stats","SuperFastMode"],"gold_per_floor":[114,389,68,81,98,133,133,166,166,200,229,229,244,277,277,352,352,352,252,271,271,286,313,31,61,137,137,155,167,167,193,193,270,270,282,296,296,146,71,105,105,140,140,167,191,191,217,232,232,232,232,232,232,57,84,84],"floor_reached":57,"language":"ENG","playtime":1532,"items_purged":["Regret","Cloak And Dagger","Warcry","Wallop+1","Beam Cell+1"],"score":3753,"play_id":"302303c2-4060-4363-9c31-6961c0e0d12f","local_time":"20210220015308","daily_mods":["SealedDeck","Diverse","DeadlyEvents"],"is_ascension_mode":true,"campfire_choices":[{"data":"Whirlwind","floor":7,"key":"SMITH"},{"data":"Turbo","floor":12,"key":"SMITH"},{"data":"Crippling Poison","floor":15,"key":"SMITH"},{"data":"Adrenaline","floor":27,"key":"SMITH"},{"data":"Feel No Pain","floor":30,"key":"SMITH"},{"data":"Reinforced Body","floor":32,"key":"SMITH"},{"floor":41,"key":"RECALL"},{"data":"Backflip","floor":46,"key":"SMITH"},{"data":"Sanctity","floor":49,"key":"SMITH"},{"data":"Second Wind","floor":53,"key":"SMITH"}],"circlet_count":0,"master_deck":["AscendersBane","Whirlwind+1","Crippling Poison+1","Reinforced Body+1","Sanctity+1","Backflip+1","Feel No Pain+1","Turbo+1","Second Wind+1","Adrenaline+1","Blur+1"],"relics":["Burning Blood","Chemical X","Toy Ornithopter","Du-Vu Doll","Letter Opener","Strawberry","Whetstone","Anchor","Runic Dome","PreservedInsect","ClockworkSouvenir","Akabeko","Mercury Hourglass","Regal Pillow","Sozu","Centennial Puzzle","Ancient Tea Set","MealTicket","Art of War","Ice Cream","Bronze Scales"],"acts_visited":["Exordium","TheCity","TheBeyond","TheEnding"],"potions_floor_usage":[8,56,56],"damage_taken":[{"damage":0.0,"enemies":"Jaw Worm","floor":1.0,"turns":4.0},{"damage":0.0,"enemies":"Cultist","floor":4.0,"turns":3.0},{"damage":0.0,"enemies":"Small Slimes","floor":5.0,"turns":1.0},{"damage":68,"enemies":"Gremlin Nob","floor":6,"turns":7},{"damage":0,"enemies":"Lagavulin","floor":8,"turns":5},{"damage":1,"enemies":"3 Sentries","floor":10,"turns":2},{"damage":0,"enemies":"Lagavulin","floor":11,"turns":4},{"damage":0,"enemies":"Blue Slaver","floor":13,"turns":1},{"damage":0,"enemies":"Gremlin Nob","floor":14,"turns":3},{"damage":7,"enemies":"Hexaghost","floor":16,"turns":6},{"damage":0,"enemies":"Spheric Guardian","floor":18,"turns":3},{"damage":0,"enemies":"2 Thieves","floor":20,"turns":2},{"damage":0,"enemies":"Sentry and Sphere","floor":22,"turns":3},{"damage":0,"enemies":"Gremlin Leader","floor":23,"turns":3},{"damage":0,"enemies":"Slavers","floor":25,"turns":1},{"damage":0,"enemies":"Cultist and Chosen","floor":28,"turns":2},{"damage":0,"enemies":"Centurion and Healer","floor":29,"turns":1},{"damage":0,"enemies":"Book of Stabbing","floor":31,"turns":2},{"damage":40,"enemies":"Collector","floor":33,"turns":7},{"damage":0,"enemies":"Orb Walker","floor":35,"turns":2},{"damage":0,"enemies":"3 Darklings","floor":36,"turns":1},{"damage":0,"enemies":"Reptomancer","floor":40,"turns":2},{"damage":0,"enemies":"Nemesis","floor":42,"turns":3},{"damage":0,"enemies":"Giant Head","floor":44,"turns":4},{"damage":0,"enemies":"Reptomancer","floor":47,"turns":3},{"damage":0,"enemies":"Sphere and 2 Shapes","floor":48,"turns":2},{"damage":0,"enemies":"Awakened One","floor":50,"turns":12},{"damage":0,"enemies":"Donu and Deca","floor":51,"turns":5},{"damage":0,"enemies":"Shield and Spear","floor":55,"turns":1},{"damage":18,"enemies":"The Heart","floor":56,"turns":12}],"seed_played":"-850738894681825530","potions_obtained":[{"floor":4.0,"key":"Regen Potion"},{"floor":6,"key":"Dexterity Potion"},{"floor":11,"key":"DuplicationPotion"},{"floor":25,"key":"SpeedPotion"}],"is_trial":true,"path_per_floor":["M","?","$","M","M","E","R","E","T","E","E","R","M","E","R","B",null,"M","$","M","?","M","E","$","E","T","R","M","M","R","E","R","B",null,"M","M","?","$","?","E","R","E","T","E","T","R","E","M","R","B","B",null,"R","$","E","B",null],"character_chosen":"IRONCLAD","items_purchased":["Chemical X","Feel No Pain","ClockworkSouvenir"],"campfire_rested":0,"item_purchase_floors":[3,3,24],"current_hp_per_floor":[74,74,74,75,75,13,13,33,33,45,51,51,57,63,63,62,77,82,82,82,58,64,70,70,76,76,76,82,87,87,87,87,53,79,85,87,87,87,87,87,87,87,87,87,87,87,87,87,87,87,87,87,87,87,87,85],"gold":84,"neow_bonus":"","is_daily":false,"chose_seed":false,"campfire_upgraded":9,"win_rate":0.0,"timestamp":1613778788,"path_taken":["M","?","$","M","M","E","R","E","T","E","?","R","?","E","R","BOSS","M","$","M","?","?","E","?","E","T","R","?","M","R","E","R","BOSS","M","M","?","$","?","E","R","E","T","?","?","R","?","M","R","BOSS","BOSS","R","$","E","BOSS"],"items_purchased_type":["Relic","Card","Relic"],"build_version":"2020-12-22","purchased_purges":5,"victory":true,"max_hp_per_floor":[75,75,75,75,75,75,75,75,75,82,82,82,82,82,82,82,82,82,82,82,87,87,87,87,87,87,87,87,87,87,87,87,87,87,87,87,87,87,87,87,87,87,87,87,87,87,87,87,87,87,87,87,87,87,87,87],"relic_stats":{"Regal Pillow":0,"counters":[30,106],"PreservedInsect":462,"Letter Opener":[371],"Whetstone":["Wallop","Beam Cell"],"Burning Blood":103,"Mercury Hourglass":[252],"Sozu":3,"Centennial Puzzle":[3],"Bronze Scales":[147],"MealTicket":0,"Art of War":[4],"Chemical X":[109],"obtain_stats":[{"Ice Cream":47,"Regal Pillow":31,"PreservedInsect":23,"Letter Opener":9,"Whetstone":11,"Ancient Tea Set":42,"Burning Blood":0,"Akabeko":25,"ClockworkSouvenir":24,"Mercury Hourglass":26,"Du-Vu Doll":8,"Sozu":34,"Runic Dome":17,"Anchor":14,"Centennial Puzzle":40,"Strawberry":10,"Bronze Scales":55,"MealTicket":44,"Art of War":45,"Chemical X":3,"Toy Ornithopter":6},{"Ice Cream":25,"Regal Pillow":18,"PreservedInsect":14,"Letter Opener":5,"Whetstone":7,"Ancient Tea Set":23,"Burning Blood":0,"Akabeko":15,"ClockworkSouvenir":14,"Mercury Hourglass":15,"Du-Vu Doll":5,"Sozu":19,"Runic Dome":10,"Anchor":9,"Centennial Puzzle":22,"Strawberry":6,"Bronze Scales":29,"MealTicket":24,"Art of War":24,"Chemical X":1,"Toy Ornithopter":4},{"Ice Cream":74,"Regal Pillow":52,"PreservedInsect":47,"Letter Opener":20,"Whetstone":26,"Ancient Tea Set":67,"Burning Blood":0,"Akabeko":48,"ClockworkSouvenir":47,"Mercury Hourglass":48,"Du-Vu Doll":20,"Sozu":59,"Runic Dome":36,"Anchor":30,"Centennial Puzzle":64,"Strawberry":22,"Bronze Scales":94,"MealTicket":71,"Art of War":71,"Chemical X":4,"Toy Ornithopter":15}],"Toy Ornithopter":15},"card_choices":[{"not_picked":["Anger","Tempest","Loop"],"picked":"SKIP","floor":1.0},{"not_picked":["Melter","CutThroughFate"],"picked":"Turbo","floor":4.0},{"not_picked":["Consecrate","Gash","Rupture"],"picked":"SKIP","floor":5.0},{"not_picked":["Conclude","Sanctity","Halt"],"picked":"SKIP","floor":6},{"not_picked":["Ghostly Armor","Conserve Battery","Warcry"],"picked":"SKIP","floor":8},{"not_picked":["Evaluate","Deflect","Lockon"],"picked":"SKIP","floor":10},{"not_picked":["Expertise","Evaluate","Headbutt"],"picked":"SKIP","floor":11},{"not_picked":["Expertise","Evaluate","Headbutt"],"picked":"SKIP","floor":11},{"not_picked":["Cloak And Dagger","Warcry","JustLucky"],"picked":"SKIP","floor":13},{"not_picked":["Coolheaded","Underhanded Strike"],"picked":"Second Wind","floor":14},{"not_picked":["Unload","Electrodynamics"],"picked":"Adrenaline","floor":16},{"not_picked":["Clash","Indignation","Barrage"],"picked":"SKIP","floor":18},{"not_picked":["Noxious Fumes","LikeWater","SashWhip"],"picked":"SKIP","floor":20},{"not_picked":["Turbo","PiercingWail","Go for the Eyes"],"picked":"SKIP","floor":22},{"not_picked":["Sweeping Beam","Deadly Poison","Crippling Poison+1"],"picked":"SKIP","floor":23},{"not_picked":["Predator","Bane","SignatureMove+1"],"picked":"SKIP","floor":25},{"not_picked":["Thunderclap","Endless Agony","Iron Wave"],"picked":"SKIP","floor":28},{"not_picked":["Sentinel+1","Second Wind","Sunder"],"picked":"SKIP","floor":29},{"not_picked":["Whirlwind","Demon Form","Sanctity"],"picked":"SKIP","floor":31},{"not_picked":["Hologram+1","Quick Slash"],"picked":"Blur+1","floor":35},{"not_picked":["Ball Lightning+1","Reinforced Body","Armaments"],"picked":"SKIP","floor":36},{"not_picked":["SashWhip","ClearTheMind+1","Malaise"],"picked":"SKIP","floor":40},{"not_picked":["Reckless Charge","EmptyBody","Disarm"],"picked":"SKIP","floor":42},{"not_picked":["Perfected Strike+1","Flex+1","Compile Driver+1"],"picked":"SKIP","floor":44},{"not_picked":["Coolheaded","ReachHeaven","Prepared"],"picked":"SKIP","floor":47},{"not_picked":["True Grit+1","FlyingSleeves","Crescendo"],"picked":"SKIP","floor":48},{"not_picked":["Rampage+1","Rainbow","Gash"],"picked":"SKIP","floor":55}],"player_experience":1942809,"relics_obtained":[{"floor":6,"key":"Toy Ornithopter"},{"floor":8,"key":"Du-Vu Doll"},{"floor":9,"key":"Letter Opener"},{"floor":10,"key":"Strawberry"},{"floor":11,"key":"Whetstone"},{"floor":14,"key":"Anchor"},{"floor":23,"key":"PreservedInsect"},{"floor":25,"key":"Akabeko"},{"floor":26,"key":"Mercury Hourglass"},{"floor":31,"key":"Regal Pillow"},{"floor":40,"key":"Centennial Puzzle"},{"floor":42,"key":"Ancient Tea Set"},{"floor":44,"key":"MealTicket"},{"floor":45,"key":"Art of War"},{"floor":47,"key":"Ice Cream"},{"floor":55,"key":"Bronze Scales"}],"event_choices":[{"damage_healed":0.0,"max_hp_gain":0.0,"max_hp_loss":0.0,"gold_gain":275.0,"event_name":"Golden Shrine","player_choice":"Desecrate","floor":2.0,"gold_loss":0.0,"damage_taken":0.0,"cards_obtained":["Regret"]},{"damage_healed":0,"gold_gain":0,"player_choice":"Shed Blood","damage_taken":29,"max_hp_gain":5,"max_hp_loss":0,"event_name":"Forgotten Altar","floor":21,"gold_loss":0},{"damage_healed":0,"gold_gain":0,"player_choice":"Ignored","damage_taken":0,"max_hp_gain":0,"max_hp_loss":0,"event_name":"Tomb of Lord Red Mask","floor":37,"gold_loss":0},{"cards_removed":["Prepared"],"damage_healed":0,"gold_gain":0,"player_choice":"Single Remove","damage_taken":0,"max_hp_gain":0,"max_hp_loss":0,"event_name":"Designer","floor":39,"gold_loss":75}],"is_beta":false,"boss_relics":[{"not_picked":["Velvet Choker","Black Blood"],"picked":"Runic Dome"},{"not_picked":["Calling Bell","Tiny House"],"picked":"Sozu"}],"items_purged_floors":[3,19,24,38,54],"is_endless":false,"potions_floor_spawned":[4,6,11,13,16,18,25,29,31,44,47,48],"ascension_level":20}}