{"host":"ut3q8wc68upnfjmc","time":1613759755,"event":{"mods":["BaseMod","Colored Map","Colored Powertips","Downfall","Minty Spire (QoL Compilation)","StSLib","Unceasing Turn Reminder"],"gold_per_floor":[116,134,134,59,9,9,42,42,42,42,58,58,91,91,91,193,193,206,206,305,305,315,315,68,93,118,118,118],"floor_reached":27,"language":"ENG","playtime":919,"items_purged":["Strike_P","Strike_P"],"score":260,"play_id":"ee563191-ff2c-46ef-bb27-57254ced27fd","local_time":"20210219123555","is_ascension_mode":false,"campfire_choices":[{"data":"Eruption","floor":6,"key":"SMITH"},{"data":"SignatureMove","floor":8,"key":"SMITH"},{"data":"JustLucky","floor":15,"key":"SMITH"},{"data":"ClearTheMind","floor":23,"key":"SMITH"}],"circlet_count":0,"master_deck":["Strike_P+1","Defend_P","Defend_P+1","Defend_P","Defend_P+1","Eruption+1","Vigilance+1","JustLucky+1","SignatureMove+1","Devotion+1","JustLucky+1","JustLucky","Omniscience+1","Writhe","ClearTheMind+1","DeusExMachina"],"relics":["PureWater","War Paint","Potion Belt","Toy Ornithopter","Vajra","Letter Opener","Velvet Choker","Blue Candle","ClockworkSouvenir","Dream Catcher","Whetstone"],"acts_visited":["Exordium","TheCity"],"potions_floor_usage":[2,18,25],"damage_taken":[{"damage":0,"enemies":"Cultist","floor":1,"turns":2},{"damage":0,"enemies":"Small Slimes","floor":2,"turns":1},{"damage":0,"enemies":"Gremlin Nob","floor":7,"turns":2},{"damage":1,"enemies":"2 Louse","floor":11,"turns":2},{"damage":4,"enemies":"3 Sentries","floor":13,"turns":5},{"damage":35,"enemies":"The Guardian","floor":16,"turns":4},{"damage":7,"enemies":"Shell Parasite","floor":18,"turns":5},{"damage":11,"enemies":"Chosen","floor":22,"turns":3},{"damage":16,"enemies":"Book of Stabbing","floor":25,"turns":5},{"damage":54,"enemies":"Gremlin Leader","floor":27,"turns":5}],"seed_played":"1845811620373697979","potions_obtained":[{"floor":1,"key":"Explosive Potion"},{"floor":7,"key":"BlessingOfTheForge"},{"floor":16,"key":"LiquidBronze"},{"floor":22,"key":"BlessingOfTheForge"}],"is_trial":false,"path_per_floor":["M","M","T","$","?","R","E","R","T","?","M","$","E","?","R","B",null,"M","?","?","?","M","R","$","E","T","E"],"character_chosen":"WATCHER","items_purchased":["ClockworkSouvenir"],"campfire_rested":0,"item_purchase_floors":[24],"current_hp_per_floor":[72,72,72,72,72,72,72,72,72,77,76,76,72,57,57,22,77,70,70,70,70,59,59,59,48,48,0,0],"gold":118,"neow_bonus":"RANDOM_COMMON_RELIC","is_daily":false,"chose_seed":false,"campfire_upgraded":4,"win_rate":0.0,"timestamp":1613759755,"path_taken":["M","M","?","?","?","R","E","R","T","?","M","$","E","?","R","BOSS","M","?","?","?","M","R","$","E","T","E"],"items_purchased_type":["Relic"],"build_version":"2020-12-22","purchased_purges":2,"victory":false,"max_hp_per_floor":[72,72,72,72,72,72,72,72,72,77,77,77,77,77,77,77,77,77,77,77,77,77,77,77,77,77,77,77],"card_choices":[{"not_picked":["Tantrum","Study"],"picked":"JustLucky","floor":1},{"not_picked":["FlurryOfBlows","Evaluate"],"picked":"SignatureMove","floor":2},{"not_picked":["SashWhip","WreathOfFlame"],"picked":"Devotion","floor":7},{"not_picked":["CrushJoints","TalkToTheHand"],"picked":"JustLucky","floor":11},{"not_picked":["Brilliance","FlyingSleeves"],"picked":"JustLucky","floor":13},{"not_picked":["DevaForm","Scrawl"],"picked":"Omniscience","floor":16},{"not_picked":["EmptyFist","ReachHeaven","PathToVictory"],"picked":"SKIP","floor":18},{"not_picked":["EmptyFist","FlurryOfBlows"],"picked":"ClearTheMind","floor":22},{"not_picked":["BowlingBash","WaveOfTheHand"],"picked":"DeusExMachina","floor":25}],"player_experience":56135,"relics_obtained":[{"floor":3,"key":"Potion Belt"},{"floor":7,"key":"Toy Ornithopter"},{"floor":9,"key":"Vajra"},{"floor":13,"key":"Letter Opener"},{"floor":25,"key":"Dream Catcher"},{"floor":26,"key":"Whetstone"}],"event_choices":[{"cards_removed":["Strike_P"],"damage_healed":0,"gold_gain":0,"player_choice":"Card Removal","damage_taken":0,"max_hp_gain":0,"max_hp_loss":0,"event_name":"The Cleric","floor":5,"gold_loss":50},{"damage_healed":0,"gold_gain":0,"player_choice":"Donut","damage_taken":0,"max_hp_gain":5,"max_hp_loss":0,"event_name":"Big Fish","floor":10,"gold_loss":0},{"damage_healed":0,"gold_gain":0,"player_choice":"Entered Light","damage_taken":15,"max_hp_gain":0,"max_hp_loss":0,"event_name":"Shining Light","floor":14,"gold_loss":0,"cards_upgraded":["Defend_P","Devotion"]},{"damage_healed":0,"gold_gain":0,"player_choice":"Opened","damage_taken":0,"relics_obtained":["Blue Candle"],"max_hp_gain":0,"max_hp_loss":0,"event_name":"The Mausoleum","floor":19,"gold_loss":0,"cards_obtained":["Writhe"]},{"damage_healed":0,"gold_gain":99,"player_choice":"Stole From Cult","damage_taken":0,"max_hp_gain":0,"max_hp_loss":0,"event_name":"Nest","floor":20,"gold_loss":0},{"damage_healed":0,"gold_gain":0,"player_choice":"Forge","damage_taken":0,"max_hp_gain":0,"max_hp_loss":0,"event_name":"Accursed Blacksmith","floor":21,"gold_loss":0,"cards_upgraded":["Omniscience"]}],"is_beta":false,"boss_relics":[{"not_picked":["Black Star","Philosopher\u0027s Stone"],"picked":"Velvet Choker"}],"items_purged_floors":[4,24],"is_endless":false,"potions_floor_spawned":[1,7,16,22],"killed_by":"Gremlin Leader","ascension_level":0}}