{"host":"syfsfjmzue8y1a6l","time":1613717102,"event":{"mods":["AchievementEnabler","BaseMod","Colored Map","DeckTracker","Minty Spire (QoL Compilation)","Permanent Neow","SuperFastMode"],"gold_per_floor":[110,120,120,120,42,73,73,88,88,103,137,137,69,125,125,227,227,243,243,276,295,295,322,322,356,426,131,149,149,149,149,149,253,253,268,288,152,163,179,207,257,271,294,294,294,123,135,135,135,135,135,135,35,66,66,66],"floor_reached":55,"language":"KOR","playtime":4993,"items_purged":["Strike_P","Strike_P","Strike_P+1"],"score":791,"play_id":"4eef0fdc-4f2f-4808-9d90-48c1bb6a1b52","local_time":"20210219154502","is_ascension_mode":false,"campfire_choices":[{"data":"Nirvana","floor":12.0,"key":"SMITH"},{"data":"Eruption","floor":15.0,"key":"SMITH"},{"data":"Wireheading","floor":24,"key":"SMITH"},{"floor":29,"key":"REST"},{"data":"RitualDagger","floor":32,"key":"SMITH"},{"data":"Scrawl","floor":45,"key":"SMITH"},{"floor":49,"key":"RECALL"},{"data":"CutThroughFate","floor":52,"key":"SMITH"}],"circlet_count":0,"master_deck":["Eruption+1","Vigilance","CutThroughFate","FlurryOfBlows+1","Vengeance","Wireheading+1","Nirvana+1","JustLucky","SignatureMove","FearNoEvil","DeusExMachina","Pray","FlurryOfBlows","Nirvana","RitualDagger+1","EmptyMind","Scrawl+1","Prostrate+1","EmptyMind+1","Collect+1","InnerPeace","CutThroughFate+1"],"relics":["HolyWater","CaptainsWheel","Dead Branch","Yang","Toy Ornithopter","Red Mask","Bag of Marbles","Unceasing Top","Mummified Hand","PreservedInsect","Astrolabe","Eternal Feather","Girya","Centennial Puzzle"],"acts_visited":["Exordium","TheCity","TheBeyond","TheEnding"],"potions_floor_usage":[23,40,41,42,50,50,55,55,55],"damage_taken":[{"damage":0.0,"enemies":"Cultist","floor":1.0,"turns":4.0},{"damage":0.0,"enemies":"Small Slimes","floor":2.0,"turns":3.0},{"damage":35.0,"enemies":"3 Sentries","floor":6.0,"turns":7.0},{"damage":0.0,"enemies":"2 Louse","floor":8.0,"turns":2.0},{"damage":2.0,"enemies":"Blue Slaver","floor":10.0,"turns":4.0},{"damage":0.0,"enemies":"Lagavulin","floor":11.0,"turns":2.0},{"damage":8.0,"enemies":"3 Sentries","floor":14.0,"turns":6.0},{"damage":3,"enemies":"Slime Boss","floor":16,"turns":6},{"damage":0,"enemies":"Spheric Guardian","floor":18,"turns":2},{"damage":2,"enemies":"Masked Bandits","floor":20,"turns":3},{"damage":0,"enemies":"3 Byrds","floor":21,"turns":5},{"damage":10,"enemies":"Book of Stabbing","floor":23,"turns":3},{"damage":49,"enemies":"Gremlin Leader","floor":25,"turns":6},{"damage":0,"enemies":"Centurion and Healer","floor":28,"turns":3},{"damage":18,"enemies":"Collector","floor":33,"turns":6},{"damage":0,"enemies":"3 Darklings","floor":35,"turns":3},{"damage":0,"enemies":"Orb Walker","floor":36,"turns":3},{"damage":0,"enemies":"4 Shapes","floor":38,"turns":3},{"damage":21,"enemies":"Writhing Mass","floor":39,"turns":4},{"damage":1,"enemies":"Nemesis","floor":40,"turns":3},{"damage":9,"enemies":"Mind Bloom Boss Battle","floor":41,"turns":7},{"damage":0,"enemies":"Spire Growth","floor":42,"turns":5},{"damage":0,"enemies":"Transient","floor":47,"turns":5},{"damage":18,"enemies":"Donu and Deca","floor":50,"turns":6},{"damage":0,"enemies":"Shield and Spear","floor":54,"turns":2},{"damage":91,"enemies":"The Heart","floor":55,"turns":10}],"seed_played":"7534102155940279356","potions_obtained":[{"floor":6.0,"key":"GamblersBrew"},{"floor":8.0,"key":"EssenceOfSteel"},{"floor":18,"key":"DistilledChaos"},{"floor":20,"key":"SneckoOil"},{"floor":25,"key":"EntropicBrew"},{"floor":33,"key":"Fire Potion"},{"floor":38,"key":"Block Potion"}],"is_trial":false,"path_per_floor":["M","M","?","?","$","E","?","M","T","M","E","R","$","?","R","B",null,"M","?","?","M","?","E","R","E","T","$","M","R","?","?","R","B",null,"M","M","$","M","M","E","?","M","T","?","R","$","M","$","R","B",null,"R","$","E","B"],"character_chosen":"WATCHER","items_purchased":["Wireheading","SignatureMove","Nirvana","PreservedInsect","InnerPeace","CutThroughFate","Weak Potion","Energy Potion"],"campfire_rested":1,"item_purchase_floors":[5,13,27,27,37,46,53,53],"current_hp_per_floor":[72,72,58,58,58,23,16,16,16,14,14,14,14,6,6,3,72,72,59,57,57,57,52,52,3,3,3,3,26,20,20,20,2,77,77,77,77,77,56,60,56,61,61,61,73,73,73,73,77,69,77,77,77,77,0,0],"gold":66,"neow_bonus":"THREE_CARDS","is_daily":false,"chose_seed":false,"campfire_upgraded":6,"win_rate":0.0,"timestamp":1613717102,"path_taken":["M","M","?","?","$","E","?","M","T","M","E","R","?","?","R","BOSS","M","?","?","M","?","E","R","E","T","?","?","R","?","?","R","BOSS","M","M","$","M","M","E","?","M","T","?","R","$","M","$","R","BOSS","R","$","E","BOSS"],"items_purchased_type":["Card","Card","Card","Relic","Card","Card","Potion","Potion"],"build_version":"2020-12-22","purchased_purges":3,"victory":false,"max_hp_per_floor":[72,72,72,72,72,72,72,72,72,72,72,72,72,72,72,72,72,72,77,77,77,77,77,77,77,77,77,77,77,77,77,77,77,77,77,77,77,77,77,77,77,77,77,77,77,77,77,77,77,77,77,77,77,77,77,77],"card_choices":[{"not_picked":["FlyingSleeves","WindmillStrike"],"picked":"CutThroughFate","floor":0.0},{"not_picked":["InnerPeace","SashWhip"],"picked":"FlurryOfBlows","floor":1.0},{"not_picked":["CutThroughFate","WreathOfFlame"],"picked":"Vengeance","floor":2.0},{"not_picked":["ThirdEye","Consecrate","EmptyBody"],"picked":"SKIP","floor":6.0},{"not_picked":["SashWhip","Consecrate"],"picked":"Nirvana","floor":8.0},{"not_picked":["Consecrate","FlurryOfBlows"],"picked":"JustLucky","floor":10.0},{"not_picked":["ThirdEye","CrushJoints","TalkToTheHand"],"picked":"SKIP","floor":11.0},{"not_picked":["WaveOfTheHand","Pray"],"picked":"FearNoEvil","floor":14.0},{"not_picked":["Omniscience","Alpha"],"picked":"DeusExMachina","floor":16},{"not_picked":["EmptyFist+1","Protect+1","CarveReality"],"picked":"SKIP","floor":18},{"not_picked":["CrushJoints","Perseverance","Pray"],"picked":"SKIP","floor":21},{"not_picked":["CrushJoints","Perseverance"],"picked":"Pray","floor":21},{"not_picked":["Consecrate+1","SignatureMove+1","ConjureBlade"],"picked":"SKIP","floor":23},{"not_picked":["Conclude+1","WreathOfFlame"],"picked":"FlurryOfBlows","floor":25},{"not_picked":["SandsOfTime","FlyingSleeves","ReachHeaven"],"picked":"SKIP","floor":28},{"not_picked":["SpiritShield","MasterReality"],"picked":"Scrawl","floor":33},{"not_picked":["LikeWater","Wallop","BowlingBash"],"picked":"SKIP","floor":35},{"not_picked":["FlurryOfBlows+1","ForeignInfluence","ThirdEye+1"],"picked":"SKIP","floor":36},{"not_picked":["FlyingSleeves+1","EmptyFist+1","EmptyBody+1"],"picked":"SKIP","floor":38},{"not_picked":["FlurryOfBlows","PathToVictory+1","Consecrate"],"picked":"SKIP","floor":39},{"not_picked":["Conclude","Establishment","CarveReality+1"],"picked":"SKIP","floor":40},{"not_picked":["Consecrate+1","FollowUp+1","Halt"],"picked":"SKIP","floor":42},{"not_picked":["Alpha","Collect+1","CrushJoints+1"],"picked":"SKIP","floor":47},{"not_picked":["Swivel","Prostrate+1","CrushJoints"],"picked":"SKIP","floor":54}],"player_experience":145625,"relics_obtained":[{"floor":6.0,"key":"CaptainsWheel"},{"floor":9.0,"key":"Dead Branch"},{"floor":11.0,"key":"Yang"},{"floor":20,"key":"Red Mask"},{"floor":23,"key":"Bag of Marbles"},{"floor":25,"key":"Unceasing Top"},{"floor":26,"key":"Mummified Hand"},{"floor":40,"key":"Eternal Feather"},{"floor":41,"key":"Girya"},{"floor":54,"key":"Centennial Puzzle"}],"event_choices":[{"damage_healed":0.0,"max_hp_gain":0.0,"max_hp_loss":0.0,"gold_gain":0.0,"event_name":"Shining Light","player_choice":"Entered Light","floor":3.0,"gold_loss":0.0,"damage_taken":14.0,"cards_upgraded":["Strike_P","FlurryOfBlows"]},{"damage_healed":0.0,"max_hp_gain":0.0,"max_hp_loss":0.0,"gold_gain":0.0,"event_name":"Liars Game","player_choice":"Ignored","floor":4.0,"gold_loss":0.0,"damage_taken":0.0},{"cards_removed":["Strike_P"],"damage_healed":0.0,"max_hp_gain":0.0,"max_hp_loss":0.0,"gold_gain":0.0,"event_name":"Golden Wing","player_choice":"Card Removal","floor":7.0,"gold_loss":0.0,"damage_taken":7.0},{"damage_healed":0.0,"max_hp_gain":0.0,"max_hp_loss":0.0,"gold_gain":0.0,"event_name":"Dead Adventurer","player_choice":"Searched \u00272\u0027 times","floor":14.0,"gold_loss":0.0,"damage_taken":0.0,"relics_obtained":["Toy Ornithopter"]},{"damage_healed":0,"gold_gain":0,"player_choice":"Shed Blood","damage_taken":18,"max_hp_gain":5,"max_hp_loss":0,"event_name":"Forgotten Altar","floor":19,"gold_loss":0},{"damage_healed":0,"gold_gain":0,"player_choice":"Fought Bandits","damage_taken":0,"max_hp_gain":0,"max_hp_loss":0,"event_name":"Masked Bandits","floor":20,"gold_loss":0},{"damage_healed":0,"gold_gain":0,"player_choice":"Ignored","damage_taken":0,"max_hp_gain":0,"max_hp_loss":0,"event_name":"Ghosts","floor":22,"gold_loss":0},{"damage_healed":0,"gold_gain":0,"player_choice":"Joined the Cult","damage_taken":6,"max_hp_gain":0,"max_hp_loss":0,"event_name":"Nest","floor":30,"gold_loss":0,"cards_obtained":["RitualDagger"]},{"damage_healed":0,"gold_gain":0,"player_choice":"Read","damage_taken":0,"max_hp_gain":0,"max_hp_loss":0,"event_name":"The Library","floor":31,"gold_loss":0,"cards_obtained":["EmptyMind"]},{"damage_healed":0,"gold_gain":0,"player_choice":"Fight","damage_taken":0,"max_hp_gain":0,"max_hp_loss":0,"event_name":"MindBloom","floor":41,"gold_loss":0},{"cards_removed":["Defend_P"],"damage_healed":0,"gold_gain":0,"player_choice":"Card Removal","damage_taken":0,"max_hp_gain":0,"max_hp_loss":0,"event_name":"Wheel of Change","floor":44,"gold_loss":0}],"is_beta":false,"boss_relics":[{"not_picked":["Tiny House","Coffee Dripper"],"picked":"HolyWater"},{"not_picked":["Runic Dome","Cursed Key"],"picked":"Astrolabe"}],"items_purged_floors":[27,37,46],"is_endless":false,"potions_floor_spawned":[6,8,18,20,25,33,38,39,54],"killed_by":"The Heart","ascension_level":0}}