{"host":"7qoz5gmva6til3yp","time":1613761299,"event":{"mods":["2.2 Compatiblity","BaseMod","Minty Spire (QoL Compilation)","StSLib","SuperFastMode"],"gold_per_floor":[110,123,123,46,46,76,92,122,145,178,197,197,122,134,134,209,209,219,269,287,306,318,352,369,383,410,173,173,73,105,120,120,196,196,221,221],"floor_reached":35,"language":"KOR","playtime":1061,"items_purged":["Strike_P","Defend_P"],"score":803,"play_id":"8c75da96-143b-4ca3-a804-85ad273443f9","local_time":"20210220040139","is_ascension_mode":true,"campfire_choices":[{"data":"Eruption","floor":12.0,"key":"SMITH"},{"data":"ConjureBlade","floor":15.0,"key":"SMITH"},{"data":"MentalFortress","floor":28.0,"key":"SMITH"},{"data":"Prostrate","floor":32,"key":"SMITH"}],"circlet_count":0,"master_deck":["AscendersBane","Strike_P","Defend_P","Defend_P","Eruption+1","Vigilance","ConjureBlade+1","Adaptation+1","Halt","SpiritShield","Collect","LessonLearned","Prostrate+1","MentalFortress+1","Flash of Steel+1","Brilliance","Wish"],"relics":["PureWater","NeowsBlessing","MealTicket","Odd Mushroom","Anchor","Eternal Feather","Empty Cage","Damaru","Regal Pillow","Bag of Marbles","SlaversCollar"],"acts_visited":["Exordium","TheCity","TheBeyond"],"potions_floor_usage":[],"damage_taken":[{"damage":0.0,"enemies":"2 Louse","floor":1.0,"turns":1.0},{"damage":0.0,"enemies":"Cultist","floor":2.0,"turns":1.0},{"damage":0.0,"enemies":"3 Sentries","floor":6.0,"turns":2.0},{"damage":4.0,"enemies":"Jaw Worm","floor":7.0,"turns":5.0},{"damage":0.0,"enemies":"The Mushroom Lair","floor":8.0,"turns":1.0},{"damage":51.0,"enemies":"Gremlin Nob","floor":10.0,"turns":5.0},{"damage":36.0,"enemies":"Large Slime","floor":11.0,"turns":8.0},{"damage":3.0,"enemies":"Looter","floor":14.0,"turns":3.0},{"damage":22.0,"enemies":"Slime Boss","floor":16.0,"turns":9.0},{"damage":0.0,"enemies":"3 Byrds","floor":18.0,"turns":1.0},{"damage":2.0,"enemies":"Chosen","floor":20.0,"turns":3.0},{"damage":30.0,"enemies":"Snecko","floor":21.0,"turns":6.0},{"damage":0.0,"enemies":"3 Cultists","floor":22.0,"turns":1.0},{"damage":44.0,"enemies":"Gremlin Leader","floor":23.0,"turns":7.0},{"damage":35.0,"enemies":"Snake Plant","floor":24.0,"turns":5.0},{"damage":50.0,"enemies":"Cultist and Chosen","floor":25.0,"turns":9.0},{"damage":60,"enemies":"Book of Stabbing","floor":30,"turns":7},{"damage":37,"enemies":"Sentry and Sphere","floor":31,"turns":5},{"damage":98,"enemies":"Collector","floor":33,"turns":8},{"damage":66,"enemies":"Orb Walker","floor":35,"turns":5}],"seed_played":"-3468413110452897297","potions_obtained":[{"floor":2.0,"key":"SmokeBomb"},{"floor":7.0,"key":"Swift Potion"},{"floor":20.0,"key":"FairyPotion"},{"floor":25.0,"key":"CultistPotion"},{"floor":30,"key":"Fruit Juice"}],"is_trial":false,"path_per_floor":["M","M","?","$","$","E","M","?","T","E","M","R","?","M","R","B",null,"M","?","M","M","M","E","M","M","T","$","R","$","E","M","R","B",null,"M"],"character_chosen":"WATCHER","items_purchased":["Adaptation","MentalFortress","Flash of Steel"],"campfire_rested":0,"item_purchase_floors":[4,27,27],"current_hp_per_floor":[61,61,61,61,61,61,57,57,57,6,32,38,38,35,41,19,56,68,68,66,36,36,54,19,18,18,33,42,57,20,31,40,40,61,0,0],"gold":221,"neow_bonus":"THREE_ENEMY_KILL","is_daily":false,"chose_seed":false,"campfire_upgraded":4,"win_rate":0.0,"timestamp":1613761299,"path_taken":["M","M","?","?","$","E","?","?","T","E","M","R","?","M","R","BOSS","M","?","M","M","M","E","M","M","T","$","R","$","E","M","R","BOSS","M"],"items_purchased_type":["Card","Card","Card"],"build_version":"2020-12-22","purchased_purges":2,"victory":false,"max_hp_per_floor":[68,68,68,68,68,68,68,68,68,68,68,68,68,68,68,68,68,68,68,68,68,68,68,68,68,68,68,68,68,68,68,68,68,68,68,68],"card_choices":[{"not_picked":["JustLucky","CutThroughFate","Indignation"],"picked":"SKIP","floor":1.0},{"not_picked":["Indignation","Wireheading","BowlingBash"],"picked":"SKIP","floor":2.0},{"not_picked":["EmptyFist","LikeWater","CutThroughFate"],"picked":"SKIP","floor":6.0},{"not_picked":["SignatureMove","DeceiveReality","FlyingSleeves"],"picked":"SKIP","floor":7.0},{"not_picked":["ReachHeaven","CrushJoints","WreathOfFlame"],"picked":"SKIP","floor":10.0},{"not_picked":["SashWhip","Indignation"],"picked":"Halt","floor":11.0},{"not_picked":["DeceiveReality","Blasphemy","Evaluate"],"picked":"SKIP","floor":14.0},{"not_picked":["MasterReality","Establishment"],"picked":"SpiritShield","floor":16.0},{"not_picked":["BowlingBash","ClearTheMind","Crescendo"],"picked":"SKIP","floor":18.0},{"not_picked":["Study","ClearTheMind"],"picked":"Collect","floor":20.0},{"not_picked":["CrushJoints","EmptyFist","ClearTheMind"],"picked":"SKIP","floor":21.0},{"not_picked":["Sanctity","Wireheading","JustLucky"],"picked":"SKIP","floor":22.0},{"not_picked":["Prostrate","Weave"],"picked":"LessonLearned","floor":23.0},{"not_picked":["Protect","Halt"],"picked":"Prostrate","floor":24.0},{"not_picked":["Protect","ClearTheMind","Consecrate"],"picked":"SKIP","floor":25.0},{"not_picked":["Nirvana","EmptyBody"],"picked":"Brilliance","floor":30},{"not_picked":["ThirdEye","CrushJoints+1","InnerPeace"],"picked":"SKIP","floor":31},{"not_picked":["Establishment","LessonLearned"],"picked":"Wish","floor":33}],"player_experience":491208,"relics_obtained":[{"floor":6.0,"key":"MealTicket"},{"floor":8.0,"key":"Odd Mushroom"},{"floor":9.0,"key":"Anchor"},{"floor":10.0,"key":"Eternal Feather"},{"floor":23.0,"key":"Damaru"},{"floor":26.0,"key":"Regal Pillow"},{"floor":30,"key":"Bag of Marbles"}],"event_choices":[{"damage_healed":0.0,"max_hp_gain":0.0,"max_hp_loss":0.0,"gold_gain":0.0,"event_name":"Match and Keep!","player_choice":"1 cards matched","floor":3.0,"gold_loss":0.0,"damage_taken":0.0,"cards_obtained":["ConjureBlade"]},{"damage_healed":0.0,"max_hp_gain":0.0,"max_hp_loss":0.0,"gold_gain":0.0,"event_name":"Mushrooms","player_choice":"Fought Mushrooms","floor":8.0,"gold_loss":0.0,"damage_taken":0.0},{"cards_removed":["Strike_P"],"damage_healed":0.0,"max_hp_gain":0.0,"max_hp_loss":0.0,"gold_gain":0.0,"event_name":"The Cleric","player_choice":"Card Removal","floor":13.0,"gold_loss":75.0,"damage_taken":0.0},{"damage_healed":0.0,"max_hp_gain":0.0,"max_hp_loss":0.0,"gold_gain":50.0,"event_name":"Golden Shrine","player_choice":"Pray","floor":19.0,"gold_loss":0.0,"damage_taken":0.0}],"is_beta":false,"boss_relics":[{"not_picked":["Velvet Choker","Coffee Dripper"],"picked":"Empty Cage"},{"not_picked":["Runic Dome","Tiny House"],"picked":"SlaversCollar"}],"items_purged_floors":[27,29],"is_endless":false,"potions_floor_spawned":[2,7,11,20,24,25,30],"killed_by":"Orb Walker","ascension_level":15}}