{"host":"1ftto2vaskemldx8","time":1613759847,"event":{"mods":["BaseMod","Minty Spire (QoL Compilation)","Replay The Spire","StSLib","Together in Spire","[功能]功能增强和修复MOD"],"gold_per_floor":[144,10,85,85,130,175,175,112,137,92,137,212,257,347,347,647,647,692,737,674,674,603,709,709,811,811,811,917,1019,1080,1022,1022,1340,1340,1399,1573,1639,1772,1885,2008,1943,1943,1993,2071,2026,2134,2159,2267,2276,2304],"floor_reached":51,"language":"ZHS","playtime":3567,"items_purged":["Twin Strike","Run Through","BasicCrystalCard","Perfected Strike","Pain","Clothesline","Storm","Ball Lightning","Redo"],"score":1270,"play_id":"66fb5135-4f24-47a3-8340-6ef10b72b17e","local_time":"20210220023727","daily_mods":["Insanity","Blue Cards","Midas"],"is_ascension_mode":false,"campfire_choices":[{"floor":15.0,"key":"REST"},{"floor":32,"key":"REST"},{"floor":42,"key":"REST"},{"floor":49,"key":"REST"}],"circlet_count":0,"master_deck":["Intimidate+1","Feel No Pain","Dark Embrace","Heavy Blade","Gash","Sweeping Beam","Infernal Blade","Anger","Cold Snap","Streamline","Sweeping Beam","Gash","Stack","Coolheaded","Sweeping Beam","Metallicize","ReplayGash","Armaments","Dark Embrace","White Noise","True Grit","Entrench","Cold Snap","Uppercut","Stack","Thunderclap","Sentinel","Self Repair","Power Through","Seeing Red","Steam","Cold Snap+1","Coolheaded","ReplayTheSpireMod:System Scan+1","Run Through","Body Slam","Clash","Conserve Battery","Undo","Uppercut","Abandon","Recycle","Burning Pact+1","Hemokinesis","Pot Of Greed+1","Pot Of Greed+1","Pot Of Greed+1","Pot Of Greed+1","Pot Of Greed+1","ReplayTheSpireMod:Strike From Hell","Defy Death","Double Tap+1","ReplayTheSpireMod:Private Reserves","ReplayTheSpireMod:Brewmster","Sunder+1","Inflame","Looming Evil","Flex","ReplayTheSpireMod:Uncanny Aura","Pot Of Greed+1","Stack+1","Inflame+1","Pommel Strike+1"],"relics":["Burning Blood","Divine Protection","Snack Pack","WarpedTongs","Membership Card","Bronze Scales","Dream Catcher","Brimstone","Grinning Jar","Toy Ornithopter","Garlic","Ooze Armor","Mummified Hand","Replay:Bandana","Replay:WaspNest","Pen Nib","Guide Book","Blue Candle","ReplayTheSpireMod:Ring of Collecting","ReplayTheSpireMod:Ring of Challenge","ReplayTheSpireMod:Ring of Addiction","Potion Belt","Tiny Chest","Chameleon Ring","Lantern","Prayer Wheel","PreservedInsect","CeramicFish","Medical Kit","Busted Crown","Whetstone","ReplayTheSpireMod:CursedCoin","Omamori","Replay:Bottled Eggs","ReplayTheSpireMod:Lightbulb","Ornamental Fan","Toolbox","ReplayTheSpireMod:Shallot","Self Forming Clay","Ring of Greed","MealTicket","Golden Egg","Replay:Wax Seal","Strawberry","OrangePellets","Bag of Marbles","War Paint","ReplayTheSpireMod:TigerMarble"],"acts_visited":["Exordium","TheCity","TheBeyond"],"potions_floor_usage":[25,25,28,28,29,33,33,33,36,39,39,44,44,50,50,50,50],"damage_taken":[{"damage":0.0,"enemies":"Small Slimes","floor":1.0,"turns":4.0},{"damage":0.0,"enemies":"2 Louse","floor":5.0,"turns":4.0},{"damage":0.0,"enemies":"Cultist","floor":6.0,"turns":3.0},{"damage":0.0,"enemies":"2 Fungi Beasts","floor":11.0,"turns":2.0},{"damage":1.0,"enemies":"Exordium Thugs","floor":13.0,"turns":2.0},{"damage":0.0,"enemies":"Gremlin Nob","floor":14.0,"turns":3.0},{"damage":0.0,"enemies":"Slime Boss","floor":16.0,"turns":7.0},{"damage":18.0,"enemies":"2 Thieves","floor":18.0,"turns":3.0},{"damage":0.0,"enemies":"Shell Parasite","floor":19.0,"turns":3.0},{"damage":0.0,"enemies":"Replay:Snechameleon","floor":23.0,"turns":3.0},{"damage":16,"enemies":"Shelled Parasite and Fungi","floor":25,"turns":3},{"damage":9,"enemies":"Book of Stabbing","floor":28,"turns":3},{"damage":13,"enemies":"Snake Plant","floor":29,"turns":2},{"damage":16,"enemies":"Centurion and Healer","floor":30,"turns":5},{"damage":34,"enemies":"Pondfish","floor":33,"turns":6},{"damage":20,"enemies":"3 Shapes","floor":35,"turns":3},{"damage":13,"enemies":"3 Darklings","floor":37,"turns":4},{"damage":19,"enemies":"Writhing Mass","floor":39,"turns":2},{"damage":67,"enemies":"Nemesis","floor":40,"turns":5},{"damage":0,"enemies":"Transient","floor":44,"turns":5},{"damage":10,"enemies":"R_Hoarder","floor":46,"turns":3},{"damage":0,"enemies":"Spire Growth","floor":48,"turns":3},{"damage":0,"enemies":"Awakened One","floor":50,"turns":6}],"seed_played":"778547550210687013","potions_obtained":[{"floor":1.0,"key":"Block Potion"},{"floor":1.0,"key":"LiquidBronze"},{"floor":5.0,"key":"FearPotion"},{"floor":6.0,"key":"BloodPotion"},{"floor":16.0,"key":"PowerPotion"},{"floor":23.0,"key":"Fruit Juice"},{"floor":25,"key":"SkillPotion"},{"floor":26,"key":"HeartOfIron"},{"floor":26,"key":"DuplicationPotion"},{"floor":29,"key":"Venom Potion"},{"floor":29,"key":"Ancient Potion"},{"floor":30,"key":"Swift Potion"},{"floor":33,"key":"Reflective Coating"},{"floor":35,"key":"BloodPotion"},{"floor":36,"key":"Death Potion"},{"floor":37,"key":"Strength Potion"},{"floor":39,"key":"Explosive Potion"},{"floor":40,"key":"Swift Potion"},{"floor":44,"key":"SteroidPotion"},{"floor":46,"key":"Energy Potion"}],"is_trial":false,"path_per_floor":["M","$","?","?","M","M","?","$","T","$","M","?","M","E","R","B",null,"M","M","$","?","$","E","?","M","T","?","E","M","M","$","R","B",null,"M","?","M","$","M","E","$","R","T","M","$","E","T","M","R","B",null],"character_chosen":"IRONCLAD","items_purchased":["Recycle","Burning Pact","Divine Protection","Snack Pack","Membership Card","Bronze Scales","Brimstone","Grinning Jar","Toy Ornithopter","Mummified Hand","Replay:Bandana","ReplayTheSpireMod:Private Reserves","Replay:WaspNest","Pen Nib","Guide Book","ReplayTheSpireMod:Brewmster","PreservedInsect","CeramicFish","Medical Kit","Regen Potion","ReplayTheSpireMod:CursedCoin","Omamori","Replay:Bottled Eggs","Flex","ReplayTheSpireMod:Uncanny Aura","Toolbox","ReplayTheSpireMod:Shallot","Self Forming Clay","Strawberry","OrangePellets","Bag of Marbles"],"campfire_rested":4,"item_purchase_floors":[2,2,2,2,8,8,10,10,10,20,20,20,22,22,22,22,31,31,31,31,38,38,38,38,38,41,41,41,45,45,45],"current_hp_per_floor":[80,80,69,80,80,80,80,80,80,80,80,72,77,80,80,80,80,75,80,80,65,65,80,80,87,87,87,87,83,73,73,90,82,88,76,85,88,88,79,33,33,59,59,86,93,89,89,91,91,91],"gold":2304,"neow_bonus":"","is_daily":true,"chose_seed":false,"campfire_upgraded":0,"win_rate":0.0,"timestamp":1613759847,"path_taken":["M","$","?","?","?","M","?","?","T","$","M","?","M","E","R","BOSS","M","?","$","?","$","E","?","M","T","?","E","M","?","$","R","BOSS","M","?","M","$","M","E","$","R","T","M","$","E","?","M","R","BOSS"],"items_purchased_type":["Card","Card","Relic","Relic","Relic","Relic","Relic","Relic","Relic","Relic","Relic","Card","Relic","Relic","Relic","Card","Relic","Relic","Relic","Potion","Relic","Relic","Relic","Card","Card","Relic","Relic","Relic","Relic","Relic","Relic"],"build_version":"2020-12-22","purchased_purges":9,"victory":true,"max_hp_per_floor":[80,80,80,80,80,80,80,80,80,80,80,80,80,80,80,80,80,80,80,80,85,85,85,85,90,90,90,90,90,90,90,90,88,88,88,88,88,88,88,88,88,88,86,86,93,93,93,91,91,91],"card_choices":[{"not_picked":["ReplaySort","Massacre"],"picked":"Abandon","floor":1.0},{"not_picked":["Flame Barrier","FIFO Queue"],"picked":"Hemokinesis","floor":5.0},{"not_picked":["Carnage","Replay:Undeath\u0027s Touch","Cleave"],"picked":"SKIP","floor":6.0},{"not_picked":["Turbo","Twin Strike"],"picked":"ReplayTheSpireMod:Strike From Hell","floor":11.0},{"not_picked":["Body Slam","Sentinel","Wild Strike"],"picked":"SKIP","floor":13.0},{"not_picked":["ReplaySort","Steam","Bloodletting"],"picked":"SKIP","floor":14.0},{"not_picked":["Steam","Tempest"],"picked":"Defy Death","floor":15.0},{"not_picked":["Rainbow","ReplayTheSpireMod:Omega Cannon"],"picked":"Double Tap","floor":16.0},{"not_picked":["Headbutt","Barrage","ReplayTheSpireMod:Strike From Hell+1"],"picked":"SKIP","floor":18.0},{"not_picked":["Run Through","Blizzard","Havoc"],"picked":"SKIP","floor":19.0},{"not_picked":["Berserk","Compile Driver","Whirlwind"],"picked":"SKIP","floor":23.0},{"not_picked":["Hologram+1","Turbo+1"],"picked":"Sunder","floor":25},{"not_picked":["Conserve Battery","Hologram"],"picked":"ReplayTheSpireMod:Fabricate Wheel","floor":28},{"not_picked":["Crystallizer","Chill+1","Warcry"],"picked":"SKIP","floor":29},{"not_picked":["Sweeping Beam+1","Combust","ReplayTheSpireMod:Strike From Hell"],"picked":"SKIP","floor":30},{"not_picked":["ReplayTheSpireMod:Limb From Limb","Evolve+1","Havoc"],"picked":"SKIP","floor":30},{"not_picked":["Replay:Undeath\u0027s Touch+1"],"picked":"SKIP","floor":35},{"not_picked":["ReplayTheSpireMod:Strike From Hell+1"],"picked":"SKIP","floor":35},{"not_picked":[],"picked":"Inflame","floor":37},{"not_picked":["ReplayTheSpireMod:Limb From Limb"],"picked":"SKIP","floor":37},{"not_picked":[],"picked":"Stack+1","floor":39},{"not_picked":["Clothesline"],"picked":"SKIP","floor":39},{"not_picked":["Crystallizer"],"picked":"SKIP","floor":40},{"not_picked":[],"picked":"Inflame+1","floor":44},{"not_picked":["Twin Strike+1"],"picked":"SKIP","floor":44},{"not_picked":["Steam+1"],"picked":"SKIP","floor":46},{"not_picked":["ReplayReversal+1"],"picked":"SKIP","floor":48},{"not_picked":["Heavy Blade"],"picked":"SKIP","floor":48},{"not_picked":[],"picked":"Pommel Strike+1","floor":49}],"player_experience":157563,"relics_obtained":[{"floor":9.0,"key":"Dream Catcher"},{"floor":14.0,"key":"Garlic"},{"floor":23.0,"key":"Blue Candle"},{"floor":24,"key":"ReplayTheSpireMod:Ring of Collecting"},{"floor":24,"key":"ReplayTheSpireMod:Ring of Challenge"},{"floor":26,"key":"ReplayTheSpireMod:Ring of Addiction"},{"floor":26,"key":"Potion Belt"},{"floor":26,"key":"Tiny Chest"},{"floor":26,"key":"Chameleon Ring"},{"floor":28,"key":"Lantern"},{"floor":36,"key":"Whetstone"},{"floor":40,"key":"ReplayTheSpireMod:Lightbulb"},{"floor":40,"key":"Ornamental Fan"},{"floor":43,"key":"Ring of Greed"},{"floor":43,"key":"MealTicket"},{"floor":43,"key":"Golden Egg"},{"floor":43,"key":"Replay:Wax Seal"},{"floor":46,"key":"War Paint"},{"floor":47,"key":"ReplayTheSpireMod:TigerMarble"}],"event_choices":[{"damage_healed":0.0,"max_hp_gain":0.0,"max_hp_loss":0.0,"gold_gain":75.0,"event_name":"World of Goop","player_choice":"Gather Gold","floor":3.0,"gold_loss":0.0,"damage_taken":11.0},{"cards_removed":["ReplayTheSpireMod:Repulse"],"damage_healed":11.0,"max_hp_gain":0.0,"max_hp_loss":0.0,"gold_gain":0.0,"event_name":"Bonfire Elementals","player_choice":"Offered Uncommon","floor":4.0,"gold_loss":0.0,"damage_taken":0.0},{"damage_healed":0.0,"max_hp_gain":0.0,"max_hp_loss":0.0,"gold_gain":0.0,"event_name":"Accursed Blacksmith","player_choice":"Rummage","floor":7.0,"gold_loss":0.0,"damage_taken":0.0,"relics_obtained":["WarpedTongs"],"cards_obtained":["Pain"]},{"damage_healed":0.0,"max_hp_gain":0.0,"max_hp_loss":0.0,"gold_gain":75.0,"event_name":"FaceTrader","player_choice":"Touch","floor":12.0,"gold_loss":0.0,"damage_taken":8.0},{"damage_healed":0.0,"max_hp_gain":5.0,"max_hp_loss":0.0,"gold_gain":0.0,"event_name":"Forgotten Altar","player_choice":"Shed Blood","floor":21.0,"gold_loss":0.0,"damage_taken":20.0},{"cards_removed":["Redo"],"damage_healed":0,"gold_gain":0,"player_choice":"Purged","damage_taken":0,"max_hp_gain":0,"max_hp_loss":0,"event_name":"Purifier","floor":27,"gold_loss":0}],"is_beta":false,"boss_relics":[{"not_picked":["Black Blood","Coffee Dripper"],"picked":"Ooze Armor"},{"not_picked":["Empty Cage","Replay:Bronze Core"],"picked":"Busted Crown"}],"items_purged_floors":[2,8,8,8,8,20,20,20,31],"is_endless":false,"potions_floor_spawned":[1,1,5,6,6,11,16,19,23,25,29,29,30,33,35,37,39,40,44,46],"ascension_level":0}}