{"host":"9v3x998ddbx8o276","time":1613703958,"event":{"mods":["AchievementEnabler","BaseMod","Colored Map","Colored Powertips","Highlight Path","Minty Spire (QoL Compilation)","Quick Restart","Rare Cards Sparkle"],"gold_per_floor":[117,127,127,127,141,141,152,152,152,184,206,206,221,247,247,319,319,337,183,183,183],"floor_reached":20,"language":"ENG","playtime":727,"items_purged":["Strike_B"],"score":364,"play_id":"ace155ac-5f10-4496-8653-3c1c5262dcf5","local_time":"20210219133558","is_ascension_mode":true,"campfire_choices":[{"data":"Fission","floor":6,"key":"SMITH"},{"data":"Beam Cell","floor":8,"key":"SMITH"},{"floor":12,"key":"REST"},{"floor":15,"key":"REST"}],"circlet_count":0,"master_deck":["AscendersBane","Strike_B","Strike_B","Strike_B","Defend_B","Defend_B","Defend_B","Defend_B","Zap","Dualcast","Fission+1","Cold Snap","Beam Cell+1","Streamline","Capacitor","Consume","Cold Snap","Coolheaded","Barrage","Echo Form","Fusion","Sweeping Beam"],"relics":["Cracked Core","Boot","Singing Bowl","Odd Mushroom","Meat on the Bone","Inserter"],"acts_visited":["Exordium","TheCity"],"potions_floor_usage":[10,10,14,16,20],"damage_taken":[{"damage":6,"enemies":"Jaw Worm","floor":1,"turns":6},{"damage":2,"enemies":"Small Slimes","floor":2,"turns":3},{"damage":0,"enemies":"Cultist","floor":5,"turns":3},{"damage":18,"enemies":"Lots of Slimes","floor":7,"turns":5},{"damage":9,"enemies":"Lagavulin","floor":10,"turns":3},{"damage":22,"enemies":"The Mushroom Lair","floor":11,"turns":5},{"damage":8,"enemies":"2 Fungi Beasts","floor":13,"turns":4},{"damage":4,"enemies":"3 Sentries","floor":14,"turns":7},{"damage":43,"enemies":"Hexaghost","floor":16,"turns":16},{"damage":49,"enemies":"Shell Parasite","floor":18,"turns":8},{"damage":24,"enemies":"3 Byrds","floor":20,"turns":3}],"seed_played":"-5334493779481497109","potions_obtained":[{"floor":1,"key":"ColorlessPotion"},{"floor":5,"key":"EssenceOfSteel"},{"floor":13,"key":"Energy Potion"},{"floor":14,"key":"SneckoOil"},{"floor":18,"key":"CultistPotion"}],"is_trial":false,"path_per_floor":["M","M","?","?","M","R","M","R","T","E","?","R","M","E","R","B",null,"M","$","M"],"character_chosen":"DEFECT","items_purchased":["Sweeping Beam","AttackPotion"],"campfire_rested":2,"item_purchase_floors":[19,19],"current_hp_per_floor":[58,56,61,61,61,61,43,43,43,34,12,34,26,22,44,13,60,23,23,0,0],"gold":183,"neow_bonus":"ONE_RANDOM_RARE_CARD","is_daily":false,"chose_seed":false,"campfire_upgraded":2,"win_rate":0.0,"timestamp":1613703958,"path_taken":["M","M","?","?","M","R","M","R","T","E","?","R","?","E","R","BOSS","M","$","?"],"items_purchased_type":["Card","Potion"],"build_version":"2020-12-22","purchased_purges":1,"victory":false,"max_hp_per_floor":[71,71,76,76,76,76,76,76,76,76,76,76,76,76,76,76,76,76,76,76,76],"card_choices":[{"not_picked":["Force Field","Capacitor"],"picked":"Cold Snap","floor":1},{"not_picked":["Redo","Heatsinks"],"picked":"Beam Cell","floor":2},{"not_picked":["Heatsinks","Double Energy"],"picked":"Streamline","floor":5},{"not_picked":["Conserve Battery","Static Discharge"],"picked":"Capacitor","floor":7},{"not_picked":["Turbo","Cold Snap"],"picked":"Consume","floor":10},{"not_picked":["Redo","Hello World"],"picked":"Cold Snap","floor":11},{"not_picked":["Conserve Battery","Hologram"],"picked":"Coolheaded","floor":13},{"not_picked":["Turbo","Steam"],"picked":"Barrage","floor":14},{"not_picked":["Reboot","Biased Cognition"],"picked":"Echo Form","floor":16},{"not_picked":["Hologram","Redo"],"picked":"Fusion","floor":18}],"player_experience":2247225,"relics_obtained":[{"floor":9,"key":"Boot"},{"floor":10,"key":"Singing Bowl"},{"floor":11,"key":"Odd Mushroom"},{"floor":14,"key":"Meat on the Bone"}],"event_choices":[{"damage_healed":0,"gold_gain":0,"player_choice":"Donut","damage_taken":0,"max_hp_gain":5,"max_hp_loss":0,"event_name":"Big Fish","floor":3,"gold_loss":0},{"damage_healed":0,"gold_gain":0,"player_choice":"Ignored","damage_taken":0,"max_hp_gain":0,"max_hp_loss":0,"event_name":"Liars Game","floor":4,"gold_loss":0},{"damage_healed":0,"gold_gain":0,"player_choice":"Fought Mushrooms","damage_taken":0,"max_hp_gain":0,"max_hp_loss":0,"event_name":"Mushrooms","floor":11,"gold_loss":0}],"is_beta":false,"boss_relics":[{"not_picked":["Ectoplasm","Fusion Hammer"],"picked":"Inserter"}],"items_purged_floors":[19],"is_endless":false,"potions_floor_spawned":[1,5,13,14,18],"killed_by":"3 Byrds","ascension_level":20}}