{"host":"rs956zbefct9hzhl","time":1613769506,"event":{"mods":["BaseMod","BetterRewards","Downfall","Minty Spire (QoL Compilation)","Replay The Spire","Shop Mod","Spicy Shops","Spikes Relics","StSLib"],"gold_per_floor":[99,112,123,135,103,103,126,149,166,179,179,179,205,105,12,12,29,128,128,28,46,65,78,88,142,142,157,182,242,256,165,165,165,184,283,283,283,296,309,40,50,50,96,123,123,138,169,69,79,63,79,79,79,110,69,69,69,69],"floor_reached":59,"language":"ENG","playtime":4748,"items_purged":["downfall:Malfunctioning","Regret","downfall:Bewildered","Parasite","Hatred"],"score":1395,"play_id":"c35c9cfa-0784-46c7-a4ef-0a7fe81f90e9","local_time":"20210219221826","is_ascension_mode":true,"campfire_choices":[{"data":"bronze:SpaghettiCode","floor":14,"key":"SMITH"},{"data":"bronze:AlphaBuild","floor":20,"key":"SMITH"},{"floor":37,"key":"RECALL"},{"data":"bronze:Terminator","floor":48,"key":"SMITH"},{"data":"bronze:Assembly","floor":56,"key":"SMITH"}],"circlet_count":0,"master_deck":["bronze:Strike+1","bronze:Strike","bronze:Strike+1","bronze:Defend+1","bronze:Defend+1","bronze:Defend+1","bronze:Replicate","bronze:Goto","bronze:ChosenStrike+1","bronze:Constructor","bronze:Turbo","bronze:InfiniteBeams","bronze:SpaghettiCode+1","bronze:DigitalCarnage","bronze:Boost","bronze:BronzeOrb","bronze:CutThrough","bronze:InfiniteLoop+1","bronze:Optimize","bronze:Optimize","bronze:AlphaBuild+1","bronze:Turbo+1","bronze:Terminator+1","bronze:Assembly+1","bronze:Separator+1","bronze:Shell+1","bronze:ClassDefault","bronze:Turbo+1","bronze:Backtrace","bronze:Format+1","bronze:OilSpill","bronze:Format+1","bronze:Assembly+1","bronze:DelayedSlice+1","Secret Technique+1","Madness+1","bronze:Overload+1","bronze:ChildClass+1"],"relics":["bronze:BronzeCore","Membership Card","PreservedInsect","Blood Vial","Quantum Egg","Odd Mushroom","Happy Flower","downfall:HeartBlessingBlue","bronze:Mallet","GiantMaggot","Ring of Chaos","downfall:HeartBlessingGreen","bronze:BronzeIdol","Akabeko","bronze:CableSpool","BlackRope","Lee\u0027s Waffle","Toxic Egg 2","MerchantsRug","sneckomod:BabySnecko","Philosopher\u0027s Stone","Replay:Wax Seal","Mummified Hand","Replay:Bottled Steam","Replay:Towering Pillar of Hats","downfall:HeartBlessingRed","bronze:SilverBullet","HandDrill","Pantograph","ReplayTheSpireMod:ShopPack","Thread and Needle","ReplayTheSpireMod:CursedCoin","Lantern"],"acts_visited":["Exordium","TheCity","TheBeyond","TheEnding"],"potions_floor_usage":[8,9,15,15,18,24,30,34,58],"damage_taken":[{"damage":0,"enemies":"Jaw Worm","floor":2,"turns":3},{"damage":0,"enemies":"Small Slimes","floor":3,"turns":2},{"damage":6,"enemies":"2 Louse","floor":4,"turns":3},{"damage":0,"enemies":"downfall:FleeingMerchant","floor":5,"turns":4},{"damage":0,"enemies":"The Mushroom Lair","floor":8,"turns":2},{"damage":13,"enemies":"Large Slime","floor":9,"turns":2},{"damage":3,"enemies":"Exordium Wildlife","floor":10,"turns":3},{"damage":23,"enemies":"Replay:BlueRogue","floor":13,"turns":4},{"damage":11,"enemies":"downfall:FleeingMerchant","floor":15,"turns":4},{"damage":0,"enemies":"Red Slaver","floor":17,"turns":2},{"damage":10,"enemies":"DF_ARCHETYPE_STREAMLINE","floor":18,"turns":5},{"damage":14,"enemies":"Spheric Guardian","floor":21,"turns":4},{"damage":0,"enemies":"3 Byrds","floor":22,"turns":6},{"damage":9,"enemies":"Centurion and Healer","floor":23,"turns":4},{"damage":18,"enemies":"Sentry and Sphere","floor":24,"turns":4},{"damage":21,"enemies":"Snake Plant","floor":27,"turns":2},{"damage":0,"enemies":"Book of Stabbing","floor":28,"turns":2},{"damage":8,"enemies":"Chosen and Byrds","floor":30,"turns":3},{"damage":6,"enemies":"downfall:FleeingMerchant","floor":31,"turns":3},{"damage":6,"enemies":"Centurion and Healer","floor":34,"turns":4},{"damage":43,"enemies":"IC_MUSHROOM_ARCHETYPE","floor":35,"turns":9},{"damage":1,"enemies":"Orb Walker","floor":38,"turns":2},{"damage":2,"enemies":"3 Darklings","floor":39,"turns":8},{"damage":4,"enemies":"Maw","floor":41,"turns":4},{"damage":12,"enemies":"Nemesis","floor":44,"turns":3},{"damage":0,"enemies":"Sphere and 2 Shapes","floor":46,"turns":2},{"damage":14,"enemies":"Giant Head","floor":47,"turns":5},{"damage":0,"enemies":"Writhing Mass","floor":49,"turns":2},{"damage":3,"enemies":"Spire Growth","floor":51,"turns":2},{"damage":41,"enemies":"SI_POISON_ARCHETYPE","floor":52,"turns":8},{"damage":4,"enemies":"downfall:CharBossMerchant","floor":54,"turns":6},{"damage":48,"enemies":"downfall:NeowBoss","floor":57,"turns":16},{"damage":25,"enemies":"downfall:NeowBossFinal","floor":58,"turns":8}],"seed_played":"1629941624043072053","potions_obtained":[{"floor":2,"key":"Energy Potion"},{"floor":3,"key":"sneckomod:MuddlingPotion"},{"floor":8,"key":"PowerPotion"},{"floor":10,"key":"bronze:BuildAFunctionPotion"},{"floor":17,"key":"Block Potion"},{"floor":21,"key":"Swift Potion"},{"floor":28,"key":"Explosive Potion"},{"floor":29,"key":"FearPotion"},{"floor":35,"key":"CultistPotion"},{"floor":54,"key":"Doom Potion"}],"is_trial":false,"path_per_floor":["R","M","M","M","$","?","T","?","M","M","PTL","PTL","E","R","$","T","M","B",null,"R","M","M","M","M","T","T","M","E","?","M","$","?","?","M","B",null,"R","M","M","$","M","?","T","E","?","M","E","R","M","$","M","B",null,"E","$","R","B","B",null],"character_chosen":"THE_AUTOMATON","items_purchased":["Explosive Potion","Membership Card","PreservedInsect","War Paint","Darkstone Periapt","Blood Vial","bronze:SpaghettiCode","bronze:DigitalCarnage","Guide Book","bronze:Mallet","bronze:Optimize","BlackRope","Lee\u0027s Waffle","Toxic Egg 2","MerchantsRug","bronze:Shell+1","bronze:ClassDefault","bronze:Turbo+1","Replay:Wax Seal","Mummified Hand","Strawberry","bronze:SilverBullet","HandDrill","Pantograph","ReplayTheSpireMod:ShopPack","ReplayTheSpireMod:CursedCoin","Lantern","bronze:ChildClass+1"],"campfire_rested":0,"item_purchase_floors":[5,5,5,5,5,5,5,5,15,15,15,31,31,31,31,31,31,31,40,40,40,50,50,50,50,55,55,55],"current_hp_per_floor":[63,63,63,57,57,63,63,65,54,53,53,53,32,42,33,33,35,27,79,79,65,67,60,44,44,44,25,27,27,21,86,92,92,86,45,92,92,91,90,97,95,95,95,85,85,87,75,75,77,83,82,61,102,98,98,98,54,56],"gold":69,"neow_bonus":"REMOVE_TWO","is_daily":false,"chose_seed":false,"campfire_upgraded":4,"win_rate":0.0,"timestamp":1613769506,"path_taken":["R","M","M","M","$","?","T","?","M","M","PTL","PTL","E","R","$","?","M","BOSS","R","M","M","M","M","?","T","?","E","?","M","$","?","?","M","BOSS","R","M","M","$","M","?","T","E","?","M","E","R","M","$","M","BOSS","E","$","R","BOSS","BOSS"],"items_purchased_type":["Potion","Relic","Relic","Relic","Relic","Relic","Card","Card","Relic","Relic","Card","Relic","Relic","Relic","Relic","Card","Card","Card","Relic","Relic","Relic","Relic","Relic","Relic","Relic","Relic","Relic","Card"],"build_version":"2020-12-22","purchased_purges":5,"victory":true,"max_hp_per_floor":[63,63,63,63,63,69,69,69,69,69,69,69,69,79,79,79,79,79,79,79,79,79,79,79,79,79,79,79,79,79,86,92,92,92,92,92,92,92,92,99,99,99,99,99,99,99,99,99,99,102,102,102,102,102,102,102,102,102],"card_choices":[{"not_picked":["bronze:Philosophize","bronze:BugBarrage"],"picked":"bronze:ChosenStrike","floor":2},{"not_picked":["bronze:CutThrough","bronze:BuggyMess"],"picked":"bronze:Constructor","floor":3},{"not_picked":["bronze:WildBeam","bronze:ThunderWave"],"picked":"bronze:Turbo","floor":4},{"not_picked":["bronze:Break","bronze:Optimize"],"picked":"bronze:InfiniteBeams","floor":5},{"not_picked":["bronze:BuggyMess","bronze:BitShift"],"picked":"bronze:Boost","floor":9},{"not_picked":["bronze:CutThrough","bronze:DigitalCarnage"],"picked":"bronze:BronzeOrb","floor":10},{"not_picked":["bronze:DelayedGuard","bronze:Shield"],"picked":"bronze:CutThrough","floor":13},{"not_picked":["bronze:Boost","bronze:ForLoop"],"picked":"bronze:InfiniteLoop","floor":15},{"not_picked":["bronze:Invalidate","bronze:Deprecate"],"picked":"bronze:Optimize","floor":17},{"not_picked":["bronze:HyperBeam","bronze:Mutator"],"picked":"bronze:AlphaBuild","floor":18},{"not_picked":["bronze:Optimize","bronze:Frontload+1","bronze:CutThrough+1"],"picked":"SKIP","floor":21},{"not_picked":["bronze:DigitalCarnage","bronze:Repair","bronze:Refactor"],"picked":"SKIP","floor":22},{"not_picked":["bronze:Branch","bronze:ForceShield"],"picked":"bronze:Turbo+1","floor":23},{"not_picked":["bronze:Branch","bronze:InfiniteLoop"],"picked":"bronze:Terminator","floor":24},{"not_picked":["bronze:DelayedGuard","bronze:Deprecate","bronze:FineTuning"],"picked":"SKIP","floor":27},{"not_picked":["bronze:NullPointer","bronze:Return"],"picked":"bronze:Assembly","floor":28},{"not_picked":["bronze:GetLatest","bronze:WildBeam+1"],"picked":"bronze:Separator+1","floor":29},{"not_picked":["bronze:Frontload","bronze:NullPointer","bronze:Safeguard+1"],"picked":"SKIP","floor":30},{"not_picked":["bronze:Constructor","bronze:CutThrough","bronze:InfiniteBeams+1"],"picked":"SKIP","floor":31},{"not_picked":["bronze:Invalidate+1","bronze:BuggyMess+1"],"picked":"bronze:Backtrace","floor":34},{"not_picked":["bronze:Virus","bronze:Assembly+1"],"picked":"bronze:Format+1","floor":35},{"not_picked":["bronze:FineTuning+1","bronze:WhirlingStrike+1","bronze:CutThrough"],"picked":"SKIP","floor":38},{"not_picked":["bronze:Iterate+1","bronze:ClassDefault+1","bronze:Frontload+1"],"picked":"SKIP","floor":39},{"not_picked":["bronze:BitShift+1","bronze:Shield+1"],"picked":"bronze:OilSpill","floor":41},{"not_picked":["bronze:BitShift+1","bronze:Branch+1","bronze:Optimize"],"picked":"SKIP","floor":44},{"not_picked":["bronze:Repulsor+1","bronze:Philosophize+1"],"picked":"bronze:Assembly+1","floor":46},{"not_picked":["bronze:BurnOut","bronze:InfiniteLoop"],"picked":"bronze:DelayedSlice+1","floor":47},{"not_picked":["bronze:Shield+1","bronze:WildBeam+1","bronze:Return+1"],"picked":"SKIP","floor":49},{"not_picked":["Chrysalis","HandOfGreed"],"picked":"Secret Technique","floor":50},{"not_picked":["Bandage Up","Secret Technique"],"picked":"Madness","floor":50},{"not_picked":["bronze:BronzeArmor+1","bronze:Safeguard+1"],"picked":"bronze:Overload+1","floor":51},{"not_picked":["bronze:DelayedSlice+1","bronze:Iterate","bronze:DarkDash+1"],"picked":"SKIP","floor":54}],"player_experience":550645,"relics_obtained":[{"floor":8,"key":"Odd Mushroom"},{"floor":13,"key":"Happy Flower"},{"floor":16,"key":"GiantMaggot"},{"floor":25,"key":"bronze:BronzeIdol"},{"floor":26,"key":"Chameleon Ring"},{"floor":28,"key":"Akabeko"},{"floor":29,"key":"bronze:CableSpool"},{"floor":43,"key":"Juzu Bracelet"},{"floor":44,"key":"Replay:Bottled Steam"},{"floor":45,"key":"Replay:Accelerometer"},{"floor":47,"key":"Replay:Towering Pillar of Hats"},{"floor":54,"key":"Thread and Needle"}],"event_choices":[{"damage_healed":0,"gold_gain":0,"player_choice":"Box","damage_taken":0,"relics_obtained":["Quantum Egg"],"max_hp_gain":0,"max_hp_loss":0,"event_name":"Big Fish","floor":6,"gold_loss":0,"cards_obtained":["Regret"]},{"damage_healed":0,"gold_gain":0,"player_choice":"Fought Mushrooms","damage_taken":0,"max_hp_gain":0,"max_hp_loss":0,"event_name":"Mushrooms","floor":8,"gold_loss":0}],"is_beta":false,"boss_relics":[{"not_picked":["Kintsugi","Snecko Eye"],"picked":"Ring of Chaos"},{"not_picked":["Replay:Ancient Bell","Astrolabe"],"picked":"Philosopher\u0027s Stone"}],"items_purged_floors":[5,31,40,50,55],"is_endless":false,"potions_floor_spawned":[2,3,8,10,17,21,28,35,38,39,41,47,54],"ascension_level":1}}