{"host":"8m7is3yylgn0pnts","time":1613700058,"event":{"mods":["ATMod(阿瑾Mod)","Act Like it!","Arknights","BaseMod","Downfall","Gensokyo","Hallownest","KinomotoSakuraMod(木之本樱)","Koishi","Lobotomy","Marisa（F雨　魔理沙）","Minty Spire (QoL Compilation)","Remilia_Scarlet Moed（蕾米莉亚・斯卡雷特）3.3.5","Remilia（蕾米莉亚）","StSLib","The Animator","The Gatherer","Waifu the Spire","WarShipGirlsR/战舰少女R mod","Yakumo Yukari mod"],"gold_per_floor":[114,124,124,28,28,62,62,83,83,98,98,134,152,177,177,306,306,325,325,338,357,357,401,414,232,258,276,292,311,47,91,91,221,284,298,317,47,10,78,102,118,118,118,139,139,474,474,495,495,495,495,495,23,56,56],"floor_reached":56,"language":"ZHS","playtime":4630,"items_purged":["ClowCardTheShield","ClowCardTheSong","ClowCardTheSnow"],"score":1308,"play_id":"ae5da6cc-fe62-4c28-a546-3359436a3006","local_time":"20210219100058","is_ascension_mode":false,"campfire_choices":[{"floor":7.0,"key":"REST"},{"floor":11.0,"key":"RECALL"},{"floor":15.0,"key":"REST"},{"floor":32.0,"key":"REST"},{"data":"ClowCardTheRain","floor":42,"key":"SMITH"},{"data":"ClowCardTheReturn","floor":45,"key":"SMITH"},{"data":"ClowCardTheRain","floor":49,"key":"SMITH"},{"data":"ClowCardTheArrow","floor":52,"key":"SMITH"}],"circlet_count":0,"master_deck":["SakuraCardTheShot+","SakuraCardTheShield+","ClowCardTheSword","ClowCardTheSword","ClowCardTheShield","SpellCardSeal","SpellCardRelease","ClowCardTheGlow","ClowCardTheWatery","ClowCardTheArrow+1","ClowCardTheVoice","ClowCardTheShot+1","ClowCardTheLibra","ClowCardTheWatery+1","ClowCardTheLight","AT_EmpoweredMortalDraw+1","ClowCardTheFlower+1","ClowCardTheErase+1","ClowCardTheWindy+1","ClowCardTheSweet+1","Gensokyo:RPG","ClowCardTheLoop+1","Master of Strategy","ClowCardTheDream+1","ClowCardTheReturn+1","ClowCardTheRain+1","Master of Strategy","ClowCardTheBubbles","ClowCardTheRain+1","Madness","Madness","ClowCardTheStorm+1","ClowCardTheWood+1"],"relics":["KSMOD_SealedBook","KSMOD_SealedWand","AT_ATBox","Golden Idol","AntiCross","AT_MortalBlade","Gensokyo:SongOfSouls","KSMOD_TaoistSuit","Whetstone","Orichalcum","Tiny House","Omamori","CatCart","FossilizedHelix","Question Card","Thread and Needle","AT_ImmortalShieldbow","KSMOD_RollerSkates"],"acts_visited":["Exordium","Gensokyo:Gensokyoer","TheBeyond","TheEnding"],"potions_floor_usage":[50,50,50,55],"damage_taken":[{"damage":1.0,"enemies":"Jaw Worm","floor":1.0,"turns":4.0},{"damage":1.0,"enemies":"Cultist","floor":2.0,"turns":4.0},{"damage":26.0,"enemies":"Lagavulin","floor":6.0,"turns":5.0},{"damage":0.0,"enemies":"Small Slimes","floor":8.0,"turns":2.0},{"damage":3.0,"enemies":"Red Slaver","floor":10.0,"turns":2.0},{"damage":18.0,"enemies":"3 Sentries","floor":12.0,"turns":4.0},{"damage":0.0,"enemies":"Gremlin Gang","floor":13.0,"turns":1.0},{"damage":0.0,"enemies":"Looter","floor":14.0,"turns":2.0},{"damage":0.0,"enemies":"Slime Boss","floor":16.0,"turns":3.0},{"damage":18.0,"enemies":"Gensokyo:3_Dogs","floor":18.0,"turns":2.0},{"damage":0.0,"enemies":"Gensokyo:CosmicMonolith","floor":20.0,"turns":2.0},{"damage":0.0,"enemies":"Gensokyo:Chomper_and_Gloop","floor":21.0,"turns":2.0},{"damage":6.0,"enemies":"Gensokyo:Koishi","floor":23.0,"turns":3.0},{"damage":0.0,"enemies":"Gensokyo:Wraith","floor":24.0,"turns":1.0},{"damage":17.0,"enemies":"Gensokyo:Slime_Group","floor":27.0,"turns":2.0},{"damage":0.0,"enemies":"Gensokyo:Swordslinger","floor":28.0,"turns":1.0},{"damage":0.0,"enemies":"Gensokyo:Wraith","floor":29.0,"turns":1.0},{"damage":0.0,"enemies":"Gensokyo:Reisen","floor":31.0,"turns":2.0},{"damage":43.0,"enemies":"Gensokyo:Kaguya","floor":33.0,"turns":5.0},{"damage":0.0,"enemies":"3 Shapes","floor":35.0,"turns":1.0},{"damage":9.0,"enemies":"Orb Walker","floor":36.0,"turns":2.0},{"damage":9,"enemies":"Orin","floor":39,"turns":5},{"damage":0,"enemies":"3 Darklings","floor":40,"turns":1},{"damage":14,"enemies":"Jaw Worm Horde","floor":41,"turns":2},{"damage":0,"enemies":"Writhing Mass","floor":44,"turns":3},{"damage":0,"enemies":"Giant Head","floor":46,"turns":4},{"damage":0,"enemies":"Spire Growth","floor":48,"turns":1},{"damage":36,"enemies":"Time Eater","floor":50,"turns":6},{"damage":77,"enemies":"Shield and Spear","floor":54,"turns":4},{"damage":83,"enemies":"The Heart","floor":55,"turns":5}],"seed_played":"6882351669844434270","potions_obtained":[{"floor":1.0,"key":"Fire Potion"},{"floor":6.0,"key":"CultistPotion"},{"floor":12.0,"key":"Weak Potion"},{"floor":14.0,"key":"PanachePotion"},{"floor":28.0,"key":"Explosive Potion"},{"floor":34.0,"key":"Explosive Potion"},{"floor":36.0,"key":"Strength Potion"},{"floor":39,"key":"Guardian:BlockOnCardUsePotion"},{"floor":41,"key":"DuplicationPotion"}],"is_trial":false,"path_per_floor":["M","M","?","$","?","E","R","M","T","M","R","E","M","M","R","B",null,"M","?","M","M","?","E","M","COS","T","M","M","M","$","E","R","B",null,"M","M","$","$","?","M","M","R","T","M","R","E","?","M","R","B",null,"R","$","E","B",null],"character_chosen":"KINOMOTOSAKURA","items_purchased":["ClowCardTheShot","ClowCardTheArrow","Master of Strategy","Master of Strategy","ClowCardTheBubbles","AT_ImmortalShieldbow","CultistPotion"],"campfire_rested":3,"item_purchase_floors":[4,4,30,37,38,53,53],"current_hp_per_floor":[69,68,51,51,70,44,65,65,65,62,62,44,44,44,65,65,70,52,52,52,52,52,46,46,46,46,29,34,34,34,34,55,17,75,75,66,66,66,66,66,57,57,57,62,62,67,58,63,63,63,75,75,75,65,45],"gold":56,"neow_bonus":"TRANSFORM_CARD","is_daily":false,"chose_seed":false,"campfire_upgraded":4,"win_rate":0.0,"timestamp":1613700058,"path_taken":["M","M","?","$","?","E","R","?","T","M","R","E","M","M","R","BOSS","M","?","?","?","?","E","M","COS","T","M","M","?","?","E","R","BOSS","M","?","$","?","?","M","?","R","T","M","R","E","?","M","R","BOSS","R","$","E","BOSS"],"items_purchased_type":["Card","Card","Card","Card","Card","Relic","Potion"],"build_version":"2020-12-22","purchased_purges":3,"victory":true,"max_hp_per_floor":[70,70,70,70,70,70,70,70,70,70,70,70,70,70,70,70,70,70,70,70,70,70,70,70,70,70,70,70,70,70,70,70,70,75,75,75,75,75,75,75,75,75,75,75,75,75,75,75,75,75,75,75,75,75,75],"card_choices":[{"not_picked":["ClowCardTheLock","ClowCardTheCloud"],"picked":"ClowCardTheGlow","floor":1.0},{"not_picked":["ClowCardTheLittle","ClowCardThePower"],"picked":"ClowCardTheWatery","floor":2.0},{"not_picked":["ClowCardTheStorm","ClowCardTheFloat"],"picked":"ClowCardTheVoice","floor":6.0},{"not_picked":["ClowCardTheSleep","ClowCardTheCloud"],"picked":"ClowCardTheShot","floor":8.0},{"not_picked":["ClowCardTheBig","ClowCardTheSnow"],"picked":"ClowCardTheLibra","floor":10.0},{"not_picked":["ClowCardTheIllusion+1","ClowCardTheSilent+1"],"picked":"ClowCardTheWatery+1","floor":12.0},{"not_picked":["ClowCardThePower","ClowCardTheFloat"],"picked":"ClowCardTheSong","floor":13.0},{"not_picked":["ClowCardTheArrow","ClowCardTheGlow+1"],"picked":"ClowCardTheSnow","floor":14.0},{"not_picked":["ClowCardTheThunder","ClowCardTheDash+1"],"picked":"ClowCardTheLight","floor":16.0},{"not_picked":["ClowCardTheWood+1","ClowCardTheLibra+1"],"picked":"ClowCardTheFlower+1","floor":18.0},{"not_picked":["ClowCardTheSong+1","ClowCardTheArrow"],"picked":"ClowCardTheErase+1","floor":20.0},{"not_picked":["ClowCardTheLibra","ClowCardTheBubbles"],"picked":"ClowCardTheWindy+1","floor":21.0},{"not_picked":["ClowCardTheLittle","ClowCardTheWave"],"picked":"ClowCardTheSweet+1","floor":23.0},{"not_picked":["ClowCardTheMist","ClowCardTheWave","ClowCardTheShadow+1"],"picked":"SKIP","floor":24.0},{"not_picked":["ClowCardTheSweet","ClowCardTheFloat+1","ClowCardTheWood"],"picked":"SKIP","floor":27.0},{"not_picked":["ClowCardTheMove","ClowCardTheMist+1"],"picked":"ClowCardTheLoop+1","floor":28.0},{"not_picked":["ClowCardTheSnow","ClowCardTheErase+1","ClowCardTheArrow"],"picked":"SKIP","floor":29.0},{"not_picked":["ClowCardTheFight","ClowCardThePower"],"picked":"ClowCardTheDream","floor":31.0},{"not_picked":["ClowCardTheCreate","ClowCardTheDark"],"picked":"ClowCardTheReturn","floor":33.0},{"not_picked":["ClowCardTheSand","ClowCardTheWave"],"picked":"ClowCardTheRain","floor":34.0},{"not_picked":["ClowCardTheSnow+1","ClowCardTheLock+1","ClowCardTheSilent+1"],"picked":"SKIP","floor":35.0},{"not_picked":["ClowCardTheSnow+1","ClowCardTheFight","ClowCardTheVoice"],"picked":"SKIP","floor":36.0},{"not_picked":["ClowCardTheVoice","ClowCardTheShot+1"],"picked":"ClowCardTheRain","floor":40},{"not_picked":["ClowCardTheFloat","ClowCardTheRain","ClowCardTheFight"],"picked":"SKIP","floor":41},{"not_picked":["ClowCardTheSand+1","ClowCardTheErase+1","ClowCardTheSilent+1"],"picked":"SKIP","floor":44},{"not_picked":["ClowCardTheSilent+1","ClowCardTheFirey+1","ClowCardTheFight"],"picked":"SKIP","floor":46},{"not_picked":["ClowCardTheRain","ClowCardTheShadow+1","ClowCardTheSilent"],"picked":"ClowCardTheStorm+1","floor":48},{"not_picked":["ClowCardTheMove","ClowCardTheMist","ClowCardTheSleep+1"],"picked":"ClowCardTheWood+1","floor":54}],"player_experience":43933,"relics_obtained":[{"floor":6.0,"key":"AntiCross"},{"floor":12.0,"key":"Toxic Egg 2"},{"floor":23.0,"key":"KSMOD_TaoistSuit"},{"floor":26.0,"key":"Whetstone"},{"floor":31.0,"key":"Orichalcum"},{"floor":39,"key":"CatCart"},{"floor":43,"key":"FossilizedHelix"},{"floor":46,"key":"Question Card"},{"floor":54,"key":"KSMOD_RollerSkates"}],"event_choices":[{"damage_healed":0.0,"max_hp_gain":0.0,"max_hp_loss":0.0,"gold_gain":0.0,"event_name":"Golden Idol","player_choice":"Take Damage","floor":3.0,"gold_loss":0.0,"damage_taken":17.0,"relics_obtained":["Golden Idol"]},{"cards_removed":["ClowCardTheBig"],"damage_healed":19.0,"max_hp_gain":0.0,"max_hp_loss":0.0,"gold_gain":0.0,"event_name":"Bonfire Elementals","player_choice":"Offered Uncommon","floor":5.0,"gold_loss":0.0,"damage_taken":0.0},{"damage_healed":0,"gold_gain":0,"player_choice":"Fight","damage_taken":0,"max_hp_gain":0,"max_hp_loss":0,"event_name":"OrinTheCat","floor":39,"gold_loss":0},{"damage_healed":0,"gold_gain":0,"player_choice":"Embrace Madness","damage_taken":9,"max_hp_gain":0,"max_hp_loss":0,"event_name":"Winding Halls","floor":47,"gold_loss":0,"cards_obtained":["Madness","Madness"]}],"is_beta":false,"boss_relics":[{"not_picked":["KSMOD_DarknessWand","Empty Cage"],"picked":"AT_MortalBlade"},{"not_picked":["Velvet Choker","Coffee Dripper"],"picked":"Tiny House"}],"items_purged_floors":[30,37,53],"is_endless":false,"potions_floor_spawned":[1,6,12,14,21,23,28,36,39,41,48],"ascension_level":0}}