{"host":"8is2j71l4wmybkoi","time":1613710446,"event":{"mods":["AchievementEnabler","BaseMod","Colored Map","DeckTracker","Minty Spire (QoL Compilation)","Rare Cards Sparkle","Relic Stats","StSLib","SuperFastMode"],"gold_per_floor":[112,127,144,159,174,174,207,207,207,232,251,261,274,349,349,421,421,439,78,78,98,110,110,110,110],"floor_reached":24,"language":"KOR","playtime":868,"items_purged":["Strike_G"],"score":371,"play_id":"c48ad0e6-1d52-4765-bac2-b78cf49a84fb","local_time":"20210219135406","is_ascension_mode":true,"campfire_choices":[{"data":"Terror","floor":6,"key":"SMITH"},{"floor":8,"key":"REST"},{"data":"Footwork","floor":15,"key":"SMITH"},{"data":"Adrenaline","floor":23,"key":"SMITH"}],"circlet_count":0,"master_deck":["AscendersBane","Strike_G","Strike_G","Strike_G","Strike_G","Defend_G","Defend_G","Defend_G","Defend_G","Defend_G","Survivor","Neutralize+1","Terror+1","Flying Knee","Footwork+1","Reflex","Heel Hook","Deadly Poison","Deadly Poison","Dagger Throw","Poisoned Stab","Adrenaline+1","Bouncing Flask","Bane+1"],"relics":["Ring of the Snake","Smiling Mask","The Courier","Bottled Tornado","HoveringKite","Omamori","Mercury Hourglass"],"acts_visited":["Exordium","TheCity"],"potions_floor_usage":[4,7,11,12,21,22],"damage_taken":[{"damage":5,"enemies":"Cultist","floor":1,"turns":4},{"damage":7,"enemies":"Small Slimes","floor":2,"turns":4},{"damage":6,"enemies":"Jaw Worm","floor":3,"turns":4},{"damage":2,"enemies":"2 Fungi Beasts","floor":4,"turns":4},{"damage":0,"enemies":"Large Slime","floor":5,"turns":8},{"damage":16,"enemies":"3 Sentries","floor":7,"turns":10},{"damage":16,"enemies":"Lagavulin","floor":10,"turns":7},{"damage":0,"enemies":"Looter","floor":11,"turns":4},{"damage":1,"enemies":"3 Louse","floor":12,"turns":4},{"damage":1,"enemies":"Blue Slaver","floor":13,"turns":2},{"damage":11,"enemies":"Hexaghost","floor":16,"turns":9},{"damage":9,"enemies":"Shell Parasite","floor":18,"turns":4},{"damage":16,"enemies":"3 Byrds","floor":21,"turns":4},{"damage":18,"enemies":"Snake Plant","floor":22,"turns":4},{"damage":22,"enemies":"Cultist and Chosen","floor":24,"turns":4}],"seed_played":"3332510021922875890","potions_obtained":[{"floor":1,"key":"Fire Potion"},{"floor":3,"key":"BlessingOfTheForge"},{"floor":4,"key":"FearPotion"},{"floor":11,"key":"AttackPotion"},{"floor":16,"key":"AttackPotion"},{"floor":21,"key":"Regen Potion"},{"floor":22,"key":"Strength Potion"}],"is_trial":false,"path_per_floor":["M","M","M","M","M","R","E","R","T","E","M","M","M","?","R","B",null,"M","$","?","M","M","R","M"],"character_chosen":"THE_SILENT","items_purchased":["Omamori","Mercury Hourglass"],"campfire_rested":1,"item_purchase_floors":[19,19],"current_hp_per_floor":[54,47,41,39,39,39,23,42,42,26,26,25,24,13,13,2,50,41,41,41,25,21,21,0,0],"gold":110,"neow_bonus":"UPGRADE_CARD","is_daily":false,"chose_seed":false,"campfire_upgraded":3,"win_rate":0.0,"timestamp":1613710446,"path_taken":["M","M","M","?","M","R","E","R","T","E","M","M","M","?","R","BOSS","M","$","?","?","M","R","M"],"items_purchased_type":["Relic","Relic"],"build_version":"2020-12-22","purchased_purges":1,"victory":false,"max_hp_per_floor":[66,66,66,66,66,66,66,66,66,66,66,66,66,66,66,66,66,66,66,66,66,66,66,66,66],"relic_stats":{"counters":[15,76],"HoveringKite":[8],"Smiling Mask":10,"obtain_stats":[{"HoveringKite":17,"The Courier":9,"Omamori":19,"Bottled Tornado":10,"Smiling Mask":7,"Ring of the Snake":0,"Mercury Hourglass":19},{"HoveringKite":11,"The Courier":6,"Omamori":12,"Bottled Tornado":7,"Smiling Mask":6,"Ring of the Snake":0,"Mercury Hourglass":12},{"HoveringKite":60,"The Courier":34,"Omamori":64,"Bottled Tornado":41,"Smiling Mask":34,"Ring of the Snake":0,"Mercury Hourglass":64}],"Ring of the Snake":[30],"Mercury Hourglass":[66]},"card_choices":[{"not_picked":["Choke","Distraction"],"picked":"Terror","floor":1},{"not_picked":["Skewer","Dagger Throw"],"picked":"Flying Knee","floor":2},{"not_picked":["Outmaneuver","Underhanded Strike"],"picked":"Footwork","floor":3},{"not_picked":["Storm of Steel","Flying Knee"],"picked":"Reflex","floor":4},{"not_picked":["Distraction","Finisher","Footwork"],"picked":"SKIP","floor":5},{"not_picked":["Catalyst","Reflex"],"picked":"Heel Hook","floor":7},{"not_picked":["Sucker Punch","All Out Attack"],"picked":"Deadly Poison","floor":10},{"not_picked":["Blade Dance","All Out Attack"],"picked":"Deadly Poison","floor":11},{"not_picked":["Distraction","Poisoned Stab"],"picked":"Dagger Throw","floor":12},{"not_picked":["Dodge and Roll","Underhanded Strike"],"picked":"Poisoned Stab","floor":13},{"not_picked":["Night Terror","Malaise"],"picked":"Adrenaline","floor":16},{"not_picked":["Backflip","Deflect"],"picked":"Bouncing Flask","floor":18},{"not_picked":["All Out Attack","Dagger Throw"],"picked":"Bane+1","floor":21},{"not_picked":["Dash","Expertise","Dagger Spray"],"picked":"SKIP","floor":22}],"player_experience":1234273,"relics_obtained":[{"floor":7,"key":"Smiling Mask"},{"floor":9,"key":"The Courier"},{"floor":10,"key":"Bottled Tornado"}],"event_choices":[{"damage_healed":0,"gold_gain":75,"player_choice":"Gather Gold","damage_taken":11,"max_hp_gain":0,"max_hp_loss":0,"event_name":"World of Goop","floor":14,"gold_loss":0},{"damage_healed":0,"gold_gain":0,"player_choice":"0 cards matched","damage_taken":0,"max_hp_gain":0,"max_hp_loss":0,"event_name":"Match and Keep!","floor":20,"gold_loss":0,"cards_obtained":[]}],"is_beta":false,"boss_relics":[{"not_picked":["Velvet Choker","Runic Dome"],"picked":"HoveringKite"}],"items_purged_floors":[19],"is_endless":false,"potions_floor_spawned":[1,3,4,11,16,21,22],"killed_by":"Cultist and Chosen","ascension_level":15}}