{"host":"bg8va46pgqgvtzim","time":1613731251,"event":{"mods":["BaseMod","Minty Spire (QoL Compilation)","Quick Restart","StSLib","SuperFastMode"],"gold_per_floor":[117,132,132,57,7,25,25,45,45,74,74,93,93,93,93,113,113,146,146,158,183,202,236,236,236,337,337,349,361,99,111,130,130,148,148,162,162,197,197,197,197,197,208,219,244,169,268,278,292,292,391,391,403,403,422,53,53,65,100,100,100,129,129,129,163,181,235,235,266,276,276,126,137,137,137,137,137,137,64,90,90],"floor_reached":82,"language":"ZHS","playtime":2257,"items_purged":["Strike_B","Strike_B","Sweeping Beam","Defend_B"],"score":1907,"play_id":"4ca86811-e8f3-4384-8dd1-4b14b1b64af3","local_time":"20210219184051","is_ascension_mode":true,"campfire_choices":[{"data":"Coolheaded","floor":9.0,"key":"SMITH"},{"data":"Skim","floor":11.0,"key":"SMITH"},{"data":"Turbo","floor":13.0,"key":"SMITH"},{"data":"Dualcast","floor":19.0,"key":"SMITH"},{"data":"Reinforced Body","floor":24.0,"key":"SMITH"},{"floor":25.0,"key":"REST"},{"data":"Apotheosis","floor":37.0,"key":"SMITH"},{"data":"Defragment","floor":39.0,"key":"SMITH"},{"data":"White Noise","floor":42.0,"key":"SMITH"},{"data":"Reboot","floor":50.0,"key":"SMITH"},{"data":"Reboot","floor":61.0,"key":"SMITH"},{"floor":68.0,"key":"RECALL"},{"data":"Fission","floor":74,"key":"SMITH"},{"data":"Hologram","floor":75,"key":"SMITH"},{"data":"Capacitor","floor":78,"key":"SMITH"}],"circlet_count":0,"master_deck":["Defend_B","Defend_B","Zap+1","Dualcast+1","Coolheaded+1","Gash","Skim+1","Turbo+1","Reinforced Body+1","Glacier","Gash+1","Capacitor+1","Reboot+1","Hologram+1","Apotheosis+1","Heatsinks+1","White Noise+1","Defragment+1","Consume","Reboot+1","Electrodynamics","Core Surge+1","All For One+1","Double Energy+1","Beam Cell+1","Coolheaded+1","Fission+1","Heatsinks","Heatsinks"],"relics":["Cracked Core","Symbiotic Virus","Molten Egg 2","Cables","Prayer Wheel","StrikeDummy","Inserter","FossilizedHelix","Art of War","Bottled Tornado","HornCleat","Akabeko","Nuclear Battery","Mummified Hand","Lantern","Thread and Needle","Sundial","Letter Opener","Ornamental Fan","TungstenRod","Bottled Lightning","Centennial Puzzle"],"acts_visited":["Exordium","TheCity","TheBeyond","TheEnding"],"potions_floor_usage":[81,81,81,81,81],"damage_taken":[{"damage":0.0,"enemies":"2 Louse","floor":1.0,"turns":2.0},{"damage":5.0,"enemies":"Small Slimes","floor":2.0,"turns":3.0},{"damage":0.0,"enemies":"Cultist","floor":6.0,"turns":3.0},{"damage":4.0,"enemies":"Red Slaver","floor":8.0,"turns":4.0},{"damage":34.0,"enemies":"Gremlin Nob","floor":10.0,"turns":5.0},{"damage":6.0,"enemies":"3 Louse","floor":12.0,"turns":2.0},{"damage":12.0,"enemies":"Exordium Thugs","floor":16.0,"turns":3.0},{"damage":7.0,"enemies":"3 Sentries","floor":18.0,"turns":6.0},{"damage":6.0,"enemies":"Large Slime","floor":20.0,"turns":2.0},{"damage":0.0,"enemies":"Gremlin Nob","floor":21.0,"turns":3.0},{"damage":0.0,"enemies":"Lots of Slimes","floor":22.0,"turns":3.0},{"damage":0.0,"enemies":"Lagavulin","floor":23.0,"turns":5.0},{"damage":18.0,"enemies":"The Guardian","floor":26.0,"turns":8.0},{"damage":0.0,"enemies":"Chosen","floor":28.0,"turns":5.0},{"damage":21.0,"enemies":"3 Byrds","floor":29.0,"turns":3.0},{"damage":10.0,"enemies":"Snake Plant","floor":31.0,"turns":5.0},{"damage":0.0,"enemies":"Snecko","floor":32.0,"turns":5.0},{"damage":0.0,"enemies":"Centurion and Healer","floor":34.0,"turns":9.0},{"damage":0.0,"enemies":"Cultist and Chosen","floor":36.0,"turns":6.0},{"damage":0.0,"enemies":"Book of Stabbing","floor":38.0,"turns":6.0},{"damage":7.0,"enemies":"Snake Plant","floor":43.0,"turns":6.0},{"damage":0.0,"enemies":"Centurion and Healer","floor":44.0,"turns":7.0},{"damage":9.0,"enemies":"Gremlin Leader","floor":45.0,"turns":6.0},{"damage":0.0,"enemies":"Snecko","floor":48.0,"turns":5.0},{"damage":0.0,"enemies":"Snake Plant","floor":49.0,"turns":3.0},{"damage":0.0,"enemies":"Collector","floor":51.0,"turns":9.0},{"damage":10.0,"enemies":"3 Darklings","floor":53.0,"turns":4.0},{"damage":0.0,"enemies":"3 Shapes","floor":55.0,"turns":2.0},{"damage":0.0,"enemies":"Maw","floor":58.0,"turns":3.0},{"damage":0.0,"enemies":"Nemesis","floor":59.0,"turns":3.0},{"damage":0.0,"enemies":"Giant Head","floor":62.0,"turns":3.0},{"damage":0.0,"enemies":"Reptomancer","floor":65.0,"turns":2.0},{"damage":0.0,"enemies":"Transient","floor":66.0,"turns":5.0},{"damage":0.0,"enemies":"2 Orb Walkers","floor":67.0,"turns":1.0},{"damage":0.0,"enemies":"Giant Head","floor":69.0,"turns":2.0},{"damage":0.0,"enemies":"3 Darklings","floor":70.0,"turns":3.0},{"damage":0.0,"enemies":"Sphere and 2 Shapes","floor":73.0,"turns":2.0},{"damage":8,"enemies":"Time Eater","floor":76,"turns":8},{"damage":4,"enemies":"Shield and Spear","floor":80,"turns":2},{"damage":0,"enemies":"The Heart","floor":81,"turns":6}],"seed_played":"8307437153749885052","potions_obtained":[{"floor":1.0,"key":"LiquidBronze"},{"floor":2.0,"key":"Ancient Potion"},{"floor":6.0,"key":"DuplicationPotion"},{"floor":8.0,"key":"EntropicBrew"},{"floor":23.0,"key":"LiquidBronze"},{"floor":34.0,"key":"PowerPotion"},{"floor":45.0,"key":"LiquidMemories"},{"floor":48.0,"key":"DuplicationPotion"}],"is_trial":false,"path_per_floor":["M","M","?","$","?","M","?","M","R","E","R","M","R","T","T","M","?","E","R","M","E","M","E","R","R","B",null,"M","M","$","M","M","?","M","?","M","R","E","R","T","T","R","M","M","E","?","?","M","M","R","B",null,"M","?","M","$","?","M","E","$","R","E","T","T","E","M","?","R","E","M","?","$","M","R","R","B",null,"R","$","E","B",null],"character_chosen":"DEFECT","items_purchased":["Apotheosis","Mummified Hand","Heatsinks"],"campfire_rested":1,"item_purchase_floors":[30,56,79],"current_hp_per_floor":[75,70,70,70,70,70,75,71,71,37,37,31,31,31,31,19,19,12,12,6,6,6,6,6,30,12,80,80,59,59,49,49,49,49,49,49,49,49,49,49,49,49,42,42,33,33,33,33,33,33,33,80,70,80,80,80,80,80,80,80,80,80,80,80,80,80,80,80,80,80,80,80,80,80,80,72,80,80,80,76,76],"gold":90,"neow_bonus":"UPGRADE_CARD","is_daily":false,"chose_seed":false,"campfire_upgraded":13,"win_rate":0.0,"timestamp":1613731251,"path_taken":["M","M","?","$","?","M","?","M","R","E","R","M","R","T","T","M","?","E","R","M","E","?","E","R","R","BOSS","M","M","$","M","M","?","M","?","M","R","E","R","T","T","R","?","M","E","?","?","M","M","R","BOSS","M","?","?","$","?","?","E","$","R","E","T","T","E","M","?","R","E","M","?","?","M","R","R","BOSS","R","$","E","BOSS"],"items_purchased_type":["Card","Relic","Card"],"build_version":"2020-12-22","purchased_purges":4,"victory":true,"max_hp_per_floor":[75,75,75,75,75,75,80,80,80,80,80,80,80,80,80,80,80,80,80,80,80,80,80,80,80,80,80,80,80,80,80,80,80,80,80,80,80,80,80,80,80,80,80,80,80,80,80,80,80,80,80,80,80,80,80,80,80,80,80,80,80,80,80,80,80,80,80,80,80,80,80,80,80,80,80,80,80,80,80,80,80],"card_choices":[{"not_picked":["Skim","Melter"],"picked":"Coolheaded","floor":1.0},{"not_picked":["Beam Cell","Aggregate","Conserve Battery"],"picked":"SKIP","floor":2.0},{"not_picked":["Redo","Barrage"],"picked":"Gash","floor":6.0},{"not_picked":["Gash","Sweeping Beam"],"picked":"Skim","floor":8.0},{"not_picked":["Blizzard","Double Energy","Fusion"],"picked":"SKIP","floor":10.0},{"not_picked":["Skim","Redo"],"picked":"Turbo","floor":12.0},{"not_picked":["Tempest","Steam"],"picked":"Reinforced Body","floor":16.0},{"not_picked":["Compile Driver+1","Leap","Rainbow"],"picked":"SKIP","floor":18.0},{"not_picked":["Streamline+1","Chaos","Beam Cell+1"],"picked":"SKIP","floor":20.0},{"not_picked":["Turbo","Compile Driver+1"],"picked":"Glacier","floor":22.0},{"not_picked":["Ball Lightning+1","Chaos"],"picked":"Gash+1","floor":22.0},{"not_picked":["Redo","Rip and Tear+1"],"picked":"Capacitor","floor":23.0},{"not_picked":["Buffer","Machine Learning"],"picked":"Reboot","floor":26.0},{"not_picked":["Static Discharge","Leap+1","Steam"],"picked":"SKIP","floor":28.0},{"not_picked":["Steam","Barrage+1","Sweeping Beam+1"],"picked":"SKIP","floor":28.0},{"not_picked":["Sweeping Beam+1","Scrape+1"],"picked":"Hologram","floor":29.0},{"not_picked":["Streamline+1","Gash+1","Go for the Eyes+1"],"picked":"SKIP","floor":29.0},{"not_picked":["Reinforced Body","Redo"],"picked":"Heatsinks+1","floor":31.0},{"not_picked":["Steam","Hello World","Storm+1"],"picked":"SKIP","floor":31.0},{"not_picked":["Barrage+1","Gash+1"],"picked":"White Noise","floor":32.0},{"not_picked":["Rebound+1","Meteor Strike+1","Redo+1"],"picked":"SKIP","floor":32.0},{"not_picked":["Stack+1","Gash+1","Steam+1"],"picked":"SKIP","floor":34.0},{"not_picked":["Auto Shields+1","Conserve Battery","Go for the Eyes+1"],"picked":"SKIP","floor":34.0},{"not_picked":["Auto Shields","Barrage+1"],"picked":"Consume","floor":36.0},{"not_picked":["Steam","Genetic Algorithm","Lockon+1"],"picked":"SKIP","floor":36.0},{"not_picked":["Darkness","Turbo"],"picked":"Reboot","floor":38.0},{"not_picked":["Hologram","Compile Driver+1","Blizzard+1"],"picked":"SKIP","floor":43.0},{"not_picked":["Sweeping Beam+1","Consume+1","Streamline+1"],"picked":"SKIP","floor":43.0},{"not_picked":["Conserve Battery","Leap+1","Beam Cell+1"],"picked":"SKIP","floor":44.0},{"not_picked":["Redo","Ball Lightning+1","Genetic Algorithm"],"picked":"SKIP","floor":44.0},{"not_picked":["Cold Snap+1","Sweeping Beam+1"],"picked":"Electrodynamics","floor":45.0},{"not_picked":["Stack+1","Leap","Go for the Eyes+1"],"picked":"SKIP","floor":48.0},{"not_picked":["Barrage+1","Streamline+1","Gash+1"],"picked":"SKIP","floor":48.0},{"not_picked":["Loop+1","Ball Lightning+1"],"picked":"Core Surge+1","floor":49.0},{"not_picked":["Stack+1","Static Discharge","Ball Lightning+1"],"picked":"SKIP","floor":49.0},{"not_picked":["Multi-Cast","Amplify"],"picked":"All For One+1","floor":51.0},{"not_picked":["Conserve Battery+1","Barrage+1","Gash+1"],"picked":"SKIP","floor":53.0},{"not_picked":["Doom and Gloom+1","Compile Driver+1","Reprogram+1"],"picked":"SKIP","floor":53.0},{"not_picked":["Tempest","Leap+1","Redo+1"],"picked":"SKIP","floor":55.0},{"not_picked":["Darkness","Gash+1","Compile Driver+1"],"picked":"SKIP","floor":55.0},{"not_picked":["Storm","Cold Snap+1"],"picked":"Double Energy+1","floor":58.0},{"not_picked":["Streamline+1","Sweeping Beam+1","Lockon+1"],"picked":"SKIP","floor":58.0},{"not_picked":["Tempest","Hologram+1","Barrage+1"],"picked":"SKIP","floor":59.0},{"not_picked":["Rebound+1","Reprogram+1","Sunder+1"],"picked":"SKIP","floor":62.0},{"not_picked":["Capacitor+1","Hello World"],"picked":"Beam Cell+1","floor":65.0},{"not_picked":["Rip and Tear+1","Undo","Chill"],"picked":"SKIP","floor":66.0},{"not_picked":["Storm+1","Meteor Strike+1","Sweeping Beam+1"],"picked":"SKIP","floor":66.0},{"not_picked":["Ball Lightning+1","Reinforced Body+1","FTL+1"],"picked":"SKIP","floor":69.0},{"not_picked":["Capacitor+1","Redo","Turbo"],"picked":"SKIP","floor":70.0},{"not_picked":["Compile Driver+1","Rebound+1","Go for the Eyes+1"],"picked":"SKIP","floor":70.0},{"not_picked":["Streamline+1","Lockon+1"],"picked":"Coolheaded+1","floor":73},{"not_picked":["Darkness","Coolheaded+1"],"picked":"Fission","floor":73},{"not_picked":["Genetic Algorithm+1","Chaos+1"],"picked":"Heatsinks","floor":80}],"player_experience":2502043,"relics_obtained":[{"floor":10.0,"key":"Symbiotic Virus"},{"floor":15.0,"key":"Molten Egg 2"},{"floor":18.0,"key":"Cables"},{"floor":21.0,"key":"Prayer Wheel"},{"floor":23.0,"key":"StrikeDummy"},{"floor":38.0,"key":"Art of War"},{"floor":40.0,"key":"Bottled Tornado"},{"floor":41.0,"key":"HornCleat"},{"floor":45.0,"key":"Akabeko"},{"floor":59.0,"key":"Lantern"},{"floor":62.0,"key":"Thread and Needle"},{"floor":63.0,"key":"Sundial"},{"floor":64.0,"key":"Letter Opener"},{"floor":65.0,"key":"Ornamental Fan"},{"floor":67.0,"key":"TungstenRod"},{"floor":69.0,"key":"Bottled Lightning"},{"floor":80,"key":"Centennial Puzzle"}],"event_choices":[{"damage_healed":0.0,"max_hp_gain":0.0,"max_hp_loss":0.0,"gold_gain":0.0,"cards_transformed":["Strike_B"],"event_name":"Living Wall","player_choice":"Change","floor":3.0,"gold_loss":0.0,"damage_taken":0.0,"cards_obtained":["Sweeping Beam"]},{"cards_removed":["Defend_B"],"damage_healed":0.0,"max_hp_gain":0.0,"max_hp_loss":0.0,"gold_gain":0.0,"event_name":"The Cleric","player_choice":"Card Removal","floor":5.0,"gold_loss":50.0,"damage_taken":0.0},{"damage_healed":0.0,"max_hp_gain":5.0,"max_hp_loss":0.0,"gold_gain":0.0,"event_name":"Big Fish","player_choice":"Donut","floor":7.0,"gold_loss":0.0,"damage_taken":0.0},{"damage_healed":0.0,"max_hp_gain":0.0,"max_hp_loss":0.0,"gold_gain":0.0,"event_name":"Lab","player_choice":"Got Potions","floor":17.0,"gold_loss":0.0,"damage_taken":0.0},{"damage_healed":0.0,"max_hp_gain":0.0,"max_hp_loss":0.0,"gold_gain":0.0,"event_name":"The Library","player_choice":"Read","floor":33.0,"gold_loss":0.0,"damage_taken":0.0,"cards_obtained":["Defragment"]},{"damage_healed":0.0,"max_hp_gain":0.0,"max_hp_loss":0.0,"gold_gain":0.0,"event_name":"WeMeetAgain","player_choice":"Gave Potion","floor":35.0,"gold_loss":0.0,"damage_taken":0.0,"relics_obtained":["FossilizedHelix"]},{"cards_removed":["Strike_B"],"damage_healed":0.0,"max_hp_gain":0.0,"max_hp_loss":0.0,"gold_gain":0.0,"event_name":"Beggar","player_choice":"Gave Gold","floor":46.0,"gold_loss":75.0,"damage_taken":0.0},{"damage_healed":0.0,"max_hp_gain":0.0,"max_hp_loss":0.0,"gold_gain":99.0,"event_name":"Nest","player_choice":"Stole From Cult","floor":47.0,"gold_loss":0.0,"damage_taken":0.0},{"damage_healed":10.0,"max_hp_gain":0.0,"max_hp_loss":0.0,"gold_gain":0.0,"event_name":"Wheel of Change","player_choice":"Full Heal","floor":54.0,"gold_loss":0.0,"damage_taken":0.0},{"damage_healed":0.0,"max_hp_gain":0.0,"max_hp_loss":0.0,"gold_gain":0.0,"event_name":"SecretPortal","player_choice":"Ignored","floor":57.0,"gold_loss":0.0,"damage_taken":0.0},{"damage_healed":0.0,"max_hp_gain":0.0,"max_hp_loss":0.0,"gold_gain":0.0,"event_name":"Mysterious Sphere","player_choice":"Fight","floor":67.0,"gold_loss":0.0,"damage_taken":0.0},{"damage_healed":0.0,"max_hp_gain":0.0,"max_hp_loss":0.0,"gold_gain":0.0,"event_name":"Tomb of Lord Red Mask","player_choice":"Ignored","floor":71.0,"gold_loss":0.0,"damage_taken":0.0}],"is_beta":false,"boss_relics":[{"not_picked":["Ectoplasm","Sozu"],"picked":"Inserter"},{"not_picked":["Cursed Key","Runic Pyramid"],"picked":"Nuclear Battery"}],"items_purged_floors":[4,30,56,72],"is_endless":false,"potions_floor_spawned":[1,2,6,8,20,23,28,34,45,48,49,51,58,66,67,69,70],"ascension_level":1}}