{"host":"ju1b3c4x8n2jtjm7","time":1613752183,"event":{"mods":["AchievementEnabler","BaseMod","Colored Map","Colored Powertips","Highlight Path","Minty Spire (QoL Compilation)","Quick Restart","Rare Cards Sparkle","Relic Stats"],"gold_per_floor":[110,123,135,34,34,34,66,66,66,66,84,115,115,127,127,225,225,236,32,46,59,75,75,75,106,106,125,125,153,153,153,153,248,248,263,280,280,138,153,153,165,165,165],"floor_reached":42,"language":"ENG","playtime":2540,"items_purged":["Defend_P","Strike_P","LessonLearned+1"],"score":639,"play_id":"048f738c-f35f-4070-940e-1068e6efb946","local_time":"20210219172943","is_ascension_mode":true,"campfire_choices":[{"data":"Eruption","floor":6.0,"key":"SMITH"},{"data":"Fasting2","floor":8.0,"key":"SMITH"},{"data":"FlurryOfBlows","floor":15.0,"key":"SMITH"},{"data":"Perseverance","floor":23.0,"key":"SMITH"},{"data":"Defend_P","floor":28.0,"key":"SMITH"},{"data":"Defend_P","floor":30.0,"key":"SMITH"},{"data":"ConjureBlade","floor":32.0,"key":"SMITH"},{"floor":40.0,"key":"REST"}],"circlet_count":0,"master_deck":["Strike_P+1","Defend_P+1","Defend_P+1","Eruption+1","Vigilance+1","FlurryOfBlows+1","EmptyBody+1","Consecrate+1","Halt+1","Fasting2+1","Halt+1","FollowUp+1","JustLucky+1","SignatureMove+1","Weave+1","Perseverance+1","MentalFortress+1","JustLucky+1","TalkToTheHand+1","SashWhip+1","Adaptation+1","ConjureBlade+1","FlyingSleeves+1","Establishment+1","Protect"],"relics":["PureWater","PreservedInsect","Molten Egg 2","Philosopher\u0027s Stone","Bottled Lightning","Pen Nib","The Courier","Runic Pyramid"],"acts_visited":["Exordium","TheCity","TheBeyond"],"potions_floor_usage":[42,42],"damage_taken":[{"damage":0.0,"enemies":"2 Louse","floor":1.0,"turns":2.0},{"damage":3.0,"enemies":"Small Slimes","floor":2.0,"turns":4.0},{"damage":1.0,"enemies":"Cultist","floor":3.0,"turns":4.0},{"damage":8.0,"enemies":"3 Sentries","floor":7.0,"turns":7.0},{"damage":0.0,"enemies":"Looter","floor":11.0,"turns":3.0},{"damage":9.0,"enemies":"Lagavulin","floor":12.0,"turns":7.0},{"damage":0.0,"enemies":"Large Slime","floor":14.0,"turns":4.0},{"damage":14.0,"enemies":"Slime Boss","floor":16.0,"turns":6.0},{"damage":0.0,"enemies":"Chosen","floor":18.0,"turns":4.0},{"damage":11.0,"enemies":"Shell Parasite","floor":20.0,"turns":5.0},{"damage":1.0,"enemies":"Centurion and Healer","floor":21.0,"turns":4.0},{"damage":0.0,"enemies":"Snake Plant","floor":22.0,"turns":2.0},{"damage":0.0,"enemies":"Gremlin Leader","floor":25.0,"turns":5.0},{"damage":0.0,"enemies":"3 Cultists","floor":27.0,"turns":4.0},{"damage":10.0,"enemies":"Book of Stabbing","floor":29.0,"turns":4.0},{"damage":51.0,"enemies":"Automaton","floor":33.0,"turns":7.0},{"damage":13.0,"enemies":"3 Darklings","floor":35.0,"turns":4.0},{"damage":15.0,"enemies":"3 Shapes","floor":36.0,"turns":4.0},{"damage":16.0,"enemies":"Transient","floor":39.0,"turns":5.0},{"damage":0.0,"enemies":"3 Darklings","floor":41.0,"turns":3.0},{"damage":17,"enemies":"Reptomancer","floor":42,"turns":2}],"seed_played":"-6009736431584052086","potions_obtained":[{"floor":2.0,"key":"SneckoOil"},{"floor":11.0,"key":"LiquidBronze"},{"floor":12.0,"key":"SpeedPotion"},{"floor":16.0,"key":"Regen Potion"},{"floor":20.0,"key":"Weak Potion"},{"floor":29.0,"key":"PowerPotion"},{"floor":33.0,"key":"Block Potion"},{"floor":35.0,"key":"CultistPotion"}],"is_trial":false,"path_per_floor":["M","M","M","$","?","R","E","R","T","?","M","E","?","M","R","B",null,"M","$","M","M","M","R","?","E","T","M","R","E","R","?","R","B",null,"M","M","?","$","M","R","M","E"],"character_chosen":"WATCHER","items_purchased":["Halt","Weave+1","Perseverance","Protect"],"campfire_rested":1,"item_purchase_floors":[4,19,19,38],"current_hp_per_floor":[72,69,68,68,61,61,53,53,53,37,37,28,28,28,28,14,63,63,63,64,63,63,63,63,63,63,63,63,53,53,53,53,2,60,47,32,32,32,16,39,39,22,22],"gold":165,"neow_bonus":"TEN_PERCENT_HP_BONUS","is_daily":false,"chose_seed":false,"campfire_upgraded":7,"win_rate":0.0,"timestamp":1613752183,"path_taken":["M","M","M","$","?","R","E","R","T","?","M","E","?","M","R","BOSS","M","$","M","M","?","R","?","E","T","M","R","E","R","?","R","BOSS","M","M","?","$","M","R","M","E"],"items_purchased_type":["Card","Card","Card","Card"],"build_version":"2020-12-22","purchased_purges":3,"victory":false,"max_hp_per_floor":[79,79,79,79,79,79,79,79,79,79,79,79,79,79,79,79,79,79,79,79,79,79,79,79,79,79,79,79,79,79,79,79,79,79,79,79,79,79,79,79,79,79,79],"relic_stats":{"counters":[21,90],"PreservedInsect":177,"Pen Nib":[9],"obtain_stats":[{"Molten Egg 2":12,"Philosopher\u0027s Stone":17,"PreservedInsect":7,"Pen Nib":26,"The Courier":29,"Bottled Lightning":25,"PureWater":0,"Runic Pyramid":34},{"Molten Egg 2":6,"Philosopher\u0027s Stone":8,"PreservedInsect":4,"Pen Nib":13,"The Courier":15,"Bottled Lightning":13,"PureWater":0,"Runic Pyramid":16},{"Molten Egg 2":27,"Philosopher\u0027s Stone":37,"PreservedInsect":17,"Pen Nib":57,"The Courier":65,"Bottled Lightning":57,"PureWater":0,"Runic Pyramid":72}]},"card_choices":[{"not_picked":["FollowUp","ClearTheMind"],"picked":"FlurryOfBlows","floor":1.0},{"not_picked":["Vengeance","ClearTheMind"],"picked":"EmptyBody","floor":2.0},{"not_picked":["Study","Judgement"],"picked":"Consecrate","floor":3.0},{"not_picked":["Establishment","Halt"],"picked":"Fasting2","floor":7.0},{"not_picked":["FlyingSleeves","Sanctity"],"picked":"Halt","floor":11.0},{"not_picked":["WreathOfFlame","BowlingBash+1"],"picked":"FollowUp+1","floor":12.0},{"not_picked":["FlurryOfBlows+1","CrushJoints+1"],"picked":"JustLucky+1","floor":14.0},{"not_picked":["MasterReality","Wish"],"picked":"LessonLearned+1","floor":16.0},{"not_picked":["Worship","Consecrate+1"],"picked":"SignatureMove+1","floor":18.0},{"not_picked":["CutThroughFate+1","FlurryOfBlows+1","EmptyBody"],"picked":"SKIP","floor":20.0},{"not_picked":["Crescendo","LikeWater"],"picked":"MentalFortress+1","floor":21.0},{"not_picked":["FlyingSleeves+1","EmptyMind"],"picked":"JustLucky+1","floor":22.0},{"not_picked":["Wish","Alpha"],"picked":"SashWhip+1","floor":25.0},{"not_picked":["Consecrate+1","Wireheading"],"picked":"Adaptation+1","floor":27.0},{"not_picked":["LikeWater","Judgement","Perseverance+1"],"picked":"SKIP","floor":29.0},{"not_picked":["Blasphemy","Alpha"],"picked":"Establishment","floor":33.0},{"not_picked":["Wireheading","Perseverance+1","LikeWater"],"picked":"SKIP","floor":35.0},{"not_picked":["PathToVictory","FlurryOfBlows+1","CutThroughFate+1"],"picked":"SKIP","floor":36.0},{"not_picked":["BowlingBash+1","WindmillStrike+1","ForeignInfluence+1"],"picked":"SKIP","floor":39.0},{"not_picked":["EmptyFist+1","Crescendo+1","JustLucky+1"],"picked":"SKIP","floor":41.0}],"player_experience":399387,"relics_obtained":[{"floor":7.0,"key":"PreservedInsect"},{"floor":12.0,"key":"Molten Egg 2"},{"floor":25.0,"key":"Bottled Lightning"},{"floor":26.0,"key":"Pen Nib"},{"floor":29.0,"key":"The Courier"}],"event_choices":[{"cards_removed":["Strike_P"],"damage_healed":0.0,"max_hp_gain":0.0,"max_hp_loss":0.0,"gold_gain":0.0,"event_name":"Golden Wing","player_choice":"Card Removal","floor":5.0,"gold_loss":0.0,"damage_taken":7.0},{"damage_healed":0.0,"max_hp_gain":0.0,"max_hp_loss":0.0,"gold_gain":0.0,"event_name":"Shining Light","player_choice":"Entered Light","floor":10.0,"gold_loss":0.0,"damage_taken":16.0,"cards_upgraded":["Strike_P","Vigilance"]},{"damage_healed":0.0,"max_hp_gain":0.0,"max_hp_loss":0.0,"gold_gain":0.0,"event_name":"Upgrade Shrine","player_choice":"Upgraded","floor":13.0,"gold_loss":0.0,"damage_taken":0.0,"cards_upgraded":["Consecrate"]},{"damage_healed":0.0,"max_hp_gain":0.0,"max_hp_loss":0.0,"gold_gain":0.0,"event_name":"The Library","player_choice":"Read","floor":24.0,"gold_loss":0.0,"damage_taken":0.0,"cards_obtained":["TalkToTheHand"]},{"damage_healed":0.0,"max_hp_gain":0.0,"max_hp_loss":0.0,"gold_gain":0.0,"cards_transformed":["Defend_P","Strike_P"],"event_name":"Drug Dealer","player_choice":"Became Test Subject","floor":31.0,"gold_loss":0.0,"damage_taken":0.0,"cards_obtained":["ConjureBlade","FlyingSleeves"]},{"damage_healed":0.0,"max_hp_gain":0.0,"max_hp_loss":0.0,"gold_gain":0.0,"event_name":"Tomb of Lord Red Mask","player_choice":"Ignored","floor":37.0,"gold_loss":0.0,"damage_taken":0.0}],"is_beta":false,"boss_relics":[{"not_picked":["Coffee Dripper","Cursed Key"],"picked":"Philosopher\u0027s Stone"},{"not_picked":["Tiny House","VioletLotus"],"picked":"Runic Pyramid"}],"items_purged_floors":[4,19,38],"is_endless":false,"potions_floor_spawned":[2,11,12,16,20,29,33,35],"killed_by":"Reptomancer","ascension_level":7}}