{"host":"0fupymmp6wdjyqoi","time":1613726150,"event":{"mods":["BaseMod","Bestiary","Clockwork Mod","Conspire","Downfall","GifTheSpireLib","Hubris","Infinite Spire","Minty Spire (QoL Compilation)","Replay The Spire","StSLib","The Construct","The Senshi"],"gold_per_floor":[113,38,38,51,51,51,51,51,51,51,70,70,89,107,107,202,202,222,222,222,21,72,100,114,114,114,132,150,170,80,44,44,142,142,153,164,10,21,33,33,33],"floor_reached":40,"language":"ENG","playtime":3315,"items_purged":["Defend_G","Strike_G"],"score":423,"play_id":"8f55463d-24aa-4097-8161-6da563d75d65","local_time":"20210219101550","is_ascension_mode":false,"campfire_choices":[{"data":"Blade Dance","floor":6,"key":"SMITH"},{"floor":8,"key":"REST"},{"data":"Neutralize","floor":10,"key":"SMITH"},{"data":"Terror","floor":15,"key":"SMITH"},{"data":"Blade Dance","floor":25,"key":"SMITH"},{"floor":32,"key":"REST"}],"circlet_count":0,"master_deck":["Strike_G","Strike_G+1","Strike_G+1","Defend_G","Defend_G+1","Defend_G","Defend_G","Survivor","Neutralize+1","Blade Dance+1","Underhanded Strike","Flying Knee","Hidden Blade+1","Terror+1","Glass Knife","hubris:SlightOfHand","Blade Dance+1","Dodge and Roll","Blade Dance+1","Tactician+1","Hidden Blade+1","Dagger Spray","Tactician+1","Prepared+1","Infinite Blades","Slice","Underhanded Strike","ReplayTheSpireMod:Scrap Shanks","ReplayTheSpireMod:Scrap Shanks","Escape Plan+1","hubris:TrickCloak+1"],"relics":["Ring of the Serpent","Vajra","conspire:DecoderRing","Gremlin Horn","hubris:Icosahedron","hubris:HerbalPaste","Simple Rune","Toxic Egg 2","FossilizedHelix","hubris:ScarierMask"],"acts_visited":["Exordium","TheCity","TheBeyond"],"potions_floor_usage":[28,38,39,40],"damage_taken":[{"damage":0,"enemies":"Small Slimes","floor":1,"turns":3},{"damage":3,"enemies":"2 Louse","floor":4,"turns":3},{"damage":0,"enemies":"Jaw Worm","floor":11,"turns":2},{"damage":0,"enemies":"Blue Slaver","floor":13,"turns":2},{"damage":1,"enemies":"2 Fungi Beasts","floor":14,"turns":2},{"damage":61,"enemies":"The Guardian","floor":16,"turns":11},{"damage":0,"enemies":"Chosen","floor":18,"turns":3},{"damage":0,"enemies":"Gremlin Leader","floor":23,"turns":3},{"damage":13,"enemies":"3 Byrds","floor":24,"turns":3},{"damage":19,"enemies":"Snecko","floor":27,"turns":5},{"damage":0,"enemies":"Centurion and Healer","floor":28,"turns":2},{"damage":10,"enemies":"Snake Plant","floor":29,"turns":2},{"damage":23,"enemies":"hubris:MusketHawk","floor":33,"turns":6},{"damage":11,"enemies":"3 Darklings","floor":35,"turns":2},{"damage":5,"enemies":"3 Shapes","floor":36,"turns":2},{"damage":16,"enemies":"Spire Growth","floor":38,"turns":4},{"damage":20,"enemies":"4 Shapes","floor":39,"turns":6},{"damage":41,"enemies":"Nightmare","floor":40,"turns":5}],"seed_played":"6935751962419697583","potions_obtained":[{"floor":13,"key":"Guardian:BlockOnCardUsePotion"},{"floor":14,"key":"Regen Potion"},{"floor":22,"key":"Fire Potion"},{"floor":28,"key":"ColorlessPotion"},{"floor":36,"key":"SteroidPotion"},{"floor":38,"key":"DuplicationPotion"}],"is_trial":false,"path_per_floor":["M","$","?","M","?","R","?","R","T","R","M","?","M","M","R","B",null,"M","?","?","$","?","E","M","R","T","M","M","M","?","$","R","B",null,"M","M","$","M","M","NM"],"character_chosen":"THE_SILENT","items_purchased":["Blade Dance","hubris:HerbalPaste","Infinite Blades","ReplayTheSpireMod:Scrap Shanks"],"campfire_rested":2,"item_purchase_floors":[21,21,31,37],"current_hp_per_floor":[70,70,70,67,67,67,42,63,63,63,63,63,63,62,62,1,70,70,70,70,70,70,70,57,57,57,44,47,40,40,40,61,44,70,59,57,57,47,33,0,0],"gold":33,"neow_bonus":"RANDOM_COMMON_RELIC","is_daily":false,"chose_seed":false,"campfire_upgraded":4,"win_rate":0.0,"timestamp":1613726150,"path_taken":["M","$","?","M","?","R","?","R","T","R","M","?","M","M","R","BOSS","M","?","?","?","?","E","M","R","T","M","?","M","?","?","R","BOSS","M","M","$","M","M","NM"],"items_purchased_type":["Card","Relic","Card","Card"],"build_version":"2020-12-22","purchased_purges":2,"victory":false,"max_hp_per_floor":[70,70,70,70,70,70,70,70,70,70,70,70,70,70,70,70,70,70,70,70,70,70,70,70,70,70,70,70,70,70,70,70,70,70,70,70,70,70,70,70,70],"card_choices":[{"not_picked":["Deadly Poison","Hidden Blade"],"picked":"Blade Dance","floor":1},{"not_picked":["Reflex","Masterful Stab"],"picked":"Underhanded Strike","floor":4},{"not_picked":["ReplayTheSpireMod:The Works","Draining Mist"],"picked":"Flying Knee","floor":11},{"not_picked":["Well Laid Plans","Outmaneuver"],"picked":"Hidden Blade","floor":13},{"not_picked":["Poisoned Stab","Hidden Blade"],"picked":"Terror","floor":14},{"not_picked":["infinitespire:Neurotoxin","ReplayTheSpireMod:Necrosis"],"picked":"Glass Knife","floor":16},{"not_picked":["hubris:Counter","Crippling Poison"],"picked":"hubris:SlightOfHand","floor":18},{"not_picked":["Unload","Masterful Stab"],"picked":"Dodge and Roll","floor":22},{"not_picked":["Quick Slash+1","Noxious Fumes"],"picked":"Blade Dance+1","floor":22},{"not_picked":["Bane","Sucker Punch"],"picked":"Tactician+1","floor":23},{"not_picked":["Dagger Throw","Dagger Spray"],"picked":"Hidden Blade+1","floor":24},{"not_picked":["Footwork+1","Dodge and Roll+1"],"picked":"Dagger Spray","floor":27},{"not_picked":["Venomology+1","Dodge and Roll+1"],"picked":"Tactician+1","floor":28},{"not_picked":["Slice+1","Poisoned Stab"],"picked":"Prepared+1","floor":29},{"not_picked":["Predator","Dagger Spray"],"picked":"Slice","floor":35},{"not_picked":["Quick Slash+1","Draining Mist+1"],"picked":"Underhanded Strike","floor":36},{"not_picked":["PiercingWail+1","Poisoned Stab"],"picked":"Escape Plan+1","floor":38},{"not_picked":["Well Laid Plans+1","Envenom"],"picked":"hubris:TrickCloak+1","floor":39}],"player_experience":42673,"relics_obtained":[{"floor":9,"key":"Gremlin Horn"},{"floor":22,"key":"Simple Rune"},{"floor":23,"key":"Toxic Egg 2"},{"floor":26,"key":"FossilizedHelix"}],"event_choices":[{"damage_healed":0,"gold_gain":0,"player_choice":"Success","damage_taken":25,"relics_obtained":["conspire:DecoderRing"],"max_hp_gain":0,"max_hp_loss":0,"event_name":"Scrap Ooze","floor":7,"gold_loss":0},{"damage_healed":0,"gold_gain":0,"player_choice":"Ignored","damage_taken":0,"max_hp_gain":0,"max_hp_loss":0,"event_name":"Vampires","floor":20,"gold_loss":0},{"cards_removed":["Strike_G"],"damage_healed":0,"gold_gain":0,"player_choice":"Upgrade and Remove","damage_taken":0,"max_hp_gain":0,"max_hp_loss":0,"event_name":"Designer","floor":30,"gold_loss":90,"cards_upgraded":["Strike_G"]}],"is_beta":false,"boss_relics":[{"not_picked":["HoveringKite","ChewingGum"],"picked":"Ring of the Serpent"},{"not_picked":["Philosopher\u0027s Stone","Replay:Bronze Core"],"picked":"hubris:ScarierMask"}],"items_purged_floors":[2,37],"is_endless":false,"potions_floor_spawned":[13,14,23,27,28,36,38],"killed_by":"Nightmare","ascension_level":0}}