{"host":"kh6fvhxn285ncg0o","time":1613765057,"event":{"mods":["Act Like it!","BaseMod","Colored Map","Friendly Minions","Keyboard Shortcuts","Minty Spire (QoL Compilation)","Quick Restart","Relic Stats","StSLib","SuperFastMode","UnlockEverythingMod"],"gold_per_floor":[119,16,16,16,16,46,46,65,114,114,125,138,170,193,193,265,265,276,276,14,14,14,46,46,77,102,102,130,147,166,196,196,273,273,286,236,247,247,18,18,31,61,61,61,93,93,123,142,142,142,142,142,142,92,128,128],"floor_reached":57,"language":"KOR","playtime":3033,"items_purged":["Strike_R","Strike_R","Dropkick","Bludgeon","Body Slam"],"score":3269,"play_id":"cc9eaede-a3b5-4c49-8ec6-735c91e825a6","local_time":"20210220050417","is_ascension_mode":true,"campfire_choices":[{"floor":7.0,"key":"REST"},{"data":"Apotheosis","floor":15.0,"key":"SMITH"},{"data":"Offering","floor":24.0,"key":"SMITH"},{"data":"Dark Embrace","floor":27.0,"key":"SMITH"},{"data":"Seeing Red","floor":32,"key":"SMITH"},{"floor":40,"key":"RECALL"},{"data":"Evolve","floor":49,"key":"SMITH"},{"data":"Deep Breath","floor":53,"key":"SMITH"}],"circlet_count":0,"master_deck":["AscendersBane","Defend_R","Defend_R","Defend_R","Defend_R","Apotheosis+1","Shrug It Off","Uppercut","Evolve+1","Power Through","Seeing Red+1","Body Slam+1","Offering+1","Dark Embrace+1","Fire Breathing","Intimidate","Burning Pact+1","Fiend Fire","Deep Breath+1","Dual Wield","Disarm"],"relics":["Burning Blood","Matryoshka","Paper Frog","Omamori","Anchor","Gremlin Horn","Odd Mushroom","Empty Cage","Darkstone Periapt","PreservedInsect","Smiling Mask","MealTicket","Strawberry","Meat on the Bone","Thread and Needle","SlaversCollar","Bag of Marbles","Pen Nib","CeramicFish","Boot","Bag of Preparation"],"acts_visited":["Exordium","TheCity","TheBeyond","TheEnding"],"potions_floor_usage":[30,56,56],"damage_taken":[{"damage":2.0,"enemies":"2 Louse","floor":1.0,"turns":4.0},{"damage":55.0,"enemies":"3 Sentries","floor":6.0,"turns":14.0},{"damage":4.0,"enemies":"Jaw Worm","floor":8.0,"turns":3.0},{"damage":0.0,"enemies":"Cultist","floor":11.0,"turns":3.0},{"damage":2.0,"enemies":"Large Slime","floor":12.0,"turns":7.0},{"damage":7.0,"enemies":"Lagavulin","floor":13.0,"turns":7.0},{"damage":15.0,"enemies":"The Mushroom Lair","floor":14.0,"turns":4.0},{"damage":21.0,"enemies":"The Guardian","floor":16.0,"turns":16.0},{"damage":10.0,"enemies":"Shell Parasite","floor":18.0,"turns":6.0},{"damage":6.0,"enemies":"Gremlin Leader","floor":23.0,"turns":5.0},{"damage":6.0,"enemies":"Book of Stabbing","floor":25.0,"turns":3.0},{"damage":6,"enemies":"Gremlin Leader","floor":28,"turns":3},{"damage":6,"enemies":"3 Byrds","floor":29,"turns":2},{"damage":8,"enemies":"Snecko","floor":30,"turns":6},{"damage":28,"enemies":"Book of Stabbing","floor":31,"turns":5},{"damage":10,"enemies":"Automaton","floor":33,"turns":8},{"damage":0,"enemies":"Orb Walker","floor":35,"turns":4},{"damage":10,"enemies":"3 Darklings","floor":37,"turns":3},{"damage":12,"enemies":"Maw","floor":41,"turns":6},{"damage":6,"enemies":"Nemesis","floor":42,"turns":3},{"damage":6,"enemies":"Giant Head","floor":45,"turns":4},{"damage":6,"enemies":"Reptomancer","floor":47,"turns":1},{"damage":19,"enemies":"Transient","floor":48,"turns":6},{"damage":8,"enemies":"Awakened One","floor":50,"turns":7},{"damage":25,"enemies":"Time Eater","floor":51,"turns":7},{"damage":6,"enemies":"Shield and Spear","floor":55,"turns":5},{"damage":50,"enemies":"The Heart","floor":56,"turns":8}],"seed_played":"558662170296587451","potions_obtained":[{"floor":6.0,"key":"Fire Potion"},{"floor":11.0,"key":"Block Potion"},{"floor":13.0,"key":"HeartOfIron"},{"floor":16.0,"key":"SteroidPotion"},{"floor":18.0,"key":"SpeedPotion"},{"floor":23.0,"key":"SneckoOil"},{"floor":28,"key":"HeartOfIron"},{"floor":41,"key":"Dexterity Potion"}],"is_trial":false,"path_per_floor":["M","$","?","?","T","E","R","M","T","?","M","M","E","?","R","B",null,"M","?","$","?","?","E","R","E","T","R","E","M","M","E","R","B",null,"M","$","M","?","$","R","M","E","T","?","E","T","E","M","R","B","B",null,"R","$","E","B",null],"character_chosen":"IRONCLAD","items_purchased":["Body Slam","Offering","Dark Embrace","Fiend Fire","Deep Breath"],"campfire_rested":1,"item_purchase_floors":[2,20,20,39,39],"current_hp_per_floor":[54,54,54,59,59,10,34,36,36,36,42,46,45,36,36,21,65,61,61,61,61,61,61,61,61,68,68,68,68,66,56,56,52,78,84,87,83,83,87,87,81,81,81,87,87,87,87,74,74,72,53,79,79,87,87,55],"gold":128,"neow_bonus":"RANDOM_COLORLESS_2","is_daily":false,"chose_seed":false,"campfire_upgraded":6,"win_rate":0.0,"timestamp":1613765057,"path_taken":["M","$","?","?","?","E","R","?","T","?","M","M","E","?","R","BOSS","M","?","$","?","?","E","R","E","T","R","E","M","?","E","R","BOSS","M","$","M","?","$","R","?","E","T","?","E","?","E","M","R","BOSS","BOSS","R","$","E","BOSS"],"items_purchased_type":["Card","Card","Card","Card","Card"],"build_version":"2020-12-22","purchased_purges":5,"victory":true,"max_hp_per_floor":[75,75,75,80,80,80,80,80,80,80,80,80,80,80,80,80,80,80,80,80,80,80,80,80,80,87,87,87,87,87,87,87,87,87,87,87,87,87,87,87,87,87,87,87,87,87,87,87,87,87,87,87,87,87,87,87],"relic_stats":{"Darkstone Periapt":0,"Gremlin Horn":[20,20],"counters":[27,150],"CeramicFish":18,"PreservedInsect":453,"Pen Nib":[6],"Bag of Preparation":[2],"Smiling Mask":300,"Boot":[2],"Burning Blood":162,"MealTicket":15,"obtain_stats":[{"Darkstone Periapt":19,"Gremlin Horn":13,"CeramicFish":46,"Thread and Needle":31,"PreservedInsect":23,"Pen Nib":45,"Omamori":9,"Bag of Preparation":55,"Odd Mushroom":14,"Empty Cage":17,"Smiling Mask":25,"Boot":47,"Burning Blood":0,"SlaversCollar":34,"Anchor":9,"Matryoshka":5,"Strawberry":26,"MealTicket":26,"Bag of Marbles":42,"Paper Frog":6,"Meat on the Bone":28},{"Darkstone Periapt":9,"Gremlin Horn":6,"CeramicFish":21,"Thread and Needle":15,"PreservedInsect":10,"Pen Nib":21,"Omamori":3,"Bag of Preparation":26,"Odd Mushroom":7,"Empty Cage":8,"Smiling Mask":11,"Boot":22,"Burning Blood":0,"SlaversCollar":16,"Anchor":3,"Matryoshka":1,"Strawberry":11,"MealTicket":11,"Bag of Marbles":20,"Paper Frog":2,"Meat on the Bone":12},{"Darkstone Periapt":64,"Gremlin Horn":38,"CeramicFish":116,"Thread and Needle":88,"PreservedInsect":69,"Pen Nib":116,"Omamori":21,"Bag of Preparation":142,"Odd Mushroom":42,"Empty Cage":58,"Smiling Mask":72,"Boot":117,"Burning Blood":0,"SlaversCollar":96,"Anchor":21,"Matryoshka":4,"Strawberry":72,"MealTicket":72,"Bag of Marbles":112,"Paper Frog":18,"Meat on the Bone":75}],"Meat on the Bone":24},"card_choices":[{"not_picked":["Secret Technique","Mayhem"],"picked":"Apotheosis","floor":0.0},{"not_picked":["Burning Pact","Pommel Strike"],"picked":"Shrug It Off","floor":1.0},{"not_picked":["Anger","Headbutt"],"picked":"Uppercut","floor":6.0},{"not_picked":["Perfected Strike","Warcry"],"picked":"Evolve","floor":8.0},{"not_picked":["Twin Strike","Perfected Strike"],"picked":"Hemokinesis","floor":11.0},{"not_picked":["Clash","Feed"],"picked":"Power Through","floor":12.0},{"not_picked":["Pommel Strike","Rampage","Wild Strike"],"picked":"SKIP","floor":13.0},{"not_picked":["Heavy Blade","Infernal Blade"],"picked":"Seeing Red","floor":14.0},{"not_picked":["Twin Strike","Shrug It Off"],"picked":"Body Slam+1","floor":18.0},{"not_picked":["Uppercut","Intimidate","Rampage+1"],"picked":"SKIP","floor":23.0},{"not_picked":["Uppercut","Rampage+1"],"picked":"Intimidate","floor":23.0},{"not_picked":["Searing Blow","Fire Breathing","Seeing Red"],"picked":"SKIP","floor":25.0},{"not_picked":["True Grit","Combust+1"],"picked":"Burning Pact+1","floor":28},{"not_picked":["Headbutt","Armaments","Anger"],"picked":"SKIP","floor":29},{"not_picked":["Infernal Blade","Anger","Heavy Blade"],"picked":"SKIP","floor":30},{"not_picked":["Sever Soul","Flex","Shrug It Off"],"picked":"SKIP","floor":31},{"not_picked":["Cleave","Iron Wave","Bloodletting+1"],"picked":"SKIP","floor":37},{"not_picked":["Body Slam","Infernal Blade","Armaments"],"picked":"SKIP","floor":41},{"not_picked":["Reaper","Twin Strike+1","Searing Blow"],"picked":"SKIP","floor":42},{"not_picked":["Thunderclap+1","Headbutt+1","True Grit"],"picked":"SKIP","floor":45},{"not_picked":["Hemokinesis","Armaments+1"],"picked":"Dual Wield","floor":48},{"not_picked":["Seeing Red","Shockwave"],"picked":"Disarm","floor":55}],"player_experience":1472969,"relics_obtained":[{"floor":5.0,"key":"Matryoshka"},{"floor":6.0,"key":"Paper Frog"},{"floor":9.0,"key":"Omamori"},{"floor":9.0,"key":"Anchor"},{"floor":13.0,"key":"Gremlin Horn"},{"floor":14.0,"key":"Odd Mushroom"},{"floor":23.0,"key":"PreservedInsect"},{"floor":25.0,"key":"Smiling Mask"},{"floor":26.0,"key":"MealTicket"},{"floor":26.0,"key":"Strawberry"},{"floor":28,"key":"Meat on the Bone"},{"floor":31,"key":"Thread and Needle"},{"floor":42,"key":"Bag of Marbles"},{"floor":45,"key":"Pen Nib"},{"floor":46,"key":"CeramicFish"},{"floor":47,"key":"Boot"},{"floor":55,"key":"Bag of Preparation"}],"event_choices":[{"damage_healed":0.0,"max_hp_gain":0.0,"max_hp_loss":0.0,"gold_gain":0.0,"event_name":"Shining Light","player_choice":"Ignored","floor":3.0,"gold_loss":0.0,"damage_taken":0.0},{"damage_healed":0.0,"max_hp_gain":5.0,"max_hp_loss":0.0,"gold_gain":0.0,"event_name":"Big Fish","player_choice":"Donut","floor":4.0,"gold_loss":0.0,"damage_taken":0.0},{"cards_removed":["Strike_R"],"damage_healed":0.0,"max_hp_gain":0.0,"max_hp_loss":0.0,"gold_gain":0.0,"event_name":"Living Wall","player_choice":"Forget","floor":10.0,"gold_loss":0.0,"damage_taken":0.0},{"damage_healed":0.0,"max_hp_gain":0.0,"max_hp_loss":0.0,"gold_gain":0.0,"event_name":"Mushrooms","player_choice":"Fought Mushrooms","floor":14.0,"gold_loss":0.0,"damage_taken":0.0},{"damage_healed":0.0,"max_hp_gain":0.0,"max_hp_loss":0.0,"gold_gain":0.0,"event_name":"The Mausoleum","player_choice":"Opened","floor":19.0,"gold_loss":0.0,"damage_taken":0.0,"relics_obtained":["Darkstone Periapt"],"cards_obtained":["Writhe"]},{"damage_healed":0.0,"max_hp_gain":0.0,"max_hp_loss":0.0,"gold_gain":0.0,"event_name":"The Library","player_choice":"Read","floor":21.0,"gold_loss":0.0,"damage_taken":0.0,"cards_obtained":["Fire Breathing"]},{"damage_healed":0.0,"max_hp_gain":0.0,"max_hp_loss":0.0,"gold_gain":0.0,"cards_transformed":["Hemokinesis","Bash"],"event_name":"Drug Dealer","player_choice":"Became Test Subject","floor":22.0,"gold_loss":0.0,"damage_taken":0.0,"cards_obtained":["Whirlwind","Dropkick"]},{"damage_healed":0,"gold_gain":0,"cards_transformed":["Whirlwind"],"player_choice":"Transformed","damage_taken":0,"max_hp_gain":0,"max_hp_loss":0,"event_name":"Transmorgrifier","floor":38,"gold_loss":0,"cards_obtained":["Bludgeon"]},{"damage_healed":17,"gold_gain":0,"player_choice":"Writhe","damage_taken":0,"max_hp_gain":0,"max_hp_loss":0,"event_name":"Winding Halls","floor":44,"gold_loss":0,"cards_obtained":["Writhe"]}],"is_beta":false,"boss_relics":[{"not_picked":["Tiny House","Black Star"],"picked":"Empty Cage"},{"not_picked":["Astrolabe","Busted Crown"],"picked":"SlaversCollar"}],"items_purged_floors":[2,20,36,39,54],"is_endless":false,"potions_floor_spawned":[6,11,13,16,18,23,28,41,45,47,48,55],"ascension_level":20}}