{"host":"btkbr53c3gip0r7d","time":1613695326,"event":{"mods":["BaseMod","Better Altar","Better Match","Better Note","Better Sensory Stone","Better Skull","Better Third Choice","Colored Map","Curses Come First","Downfall","Minty Spire (QoL Compilation)","StSLib","The Cursed","The Marked"],"gold_per_floor":[99,110,120,120,138,172,240,256,256,706,706,741,841,873,887,986,986,886,903,916,908,493,493,575,593,493,493,511,545,573,614,642,759,759,759,782,795,387,420,420,420,0,19,33,58,82,100,137,161,161],"floor_reached":51,"language":"ENG","playtime":7834,"items_purged":["downfall:Icky","downfall:Icky","downfall:Icky"],"score":1042,"play_id":"86545baa-642e-45eb-afda-5b641d4dd8cb","local_time":"20210218174206","is_ascension_mode":true,"campfire_choices":[{"data":"hexamod:Sear","floor":1,"key":"SMITH"},{"data":"hexamod:HeatCrush","floor":9,"key":"SMITH"},{"floor":11,"key":"REST"},{"data":"hexamod:VolcanoVisage","floor":18,"key":"SMITH"},{"floor":23,"key":"RECALL"},{"floor":26,"key":"REST"},{"data":"hexamod:SearingWound","floor":35,"key":"SMITH"}],"circlet_count":0,"master_deck":["hexamod:Strike","hexamod:Strike","hexamod:Strike","hexamod:Strike","hexamod:Defend","hexamod:Defend","hexamod:Defend","hexamod:Defend","hexamod:Sear+1","hexamod:Float","hexamod:TurnItUp","hexamod:FourthSeal","hexamod:SkipABeat","hexamod:HeatCrush+1","hexamod:Incineration","hexamod:CatchUp","hexamod:WildfireWeapon","hexamod:VolcanoVisage+1","hexamod:SecondSeal","hexamod:FirstSeal","hexamod:EtherealExpedition+1","Panacea","hexamod:PowerFromBeyond+1","hexamod:TimeWarp","hexamod:NightmareStrike+1","hexamod:SearingWound+1","Master of Strategy","hexamod:NightmareStrike+1","hexamod:FlamesFromBeyond+1"],"relics":["Philosopher\u0027s Stone","PreservedInsect","Nunchaku","Bag of Preparation","Centennial Puzzle","HornCleat","Regal Pillow","Singing Bowl","hexamod:IceCube","downfall:HeartBlessingGreen","Matryoshka","Akabeko","The Courier","downfall:HeartBlessingRed","Pen Nib","CeramicFish","Runic Pyramid","Shuriken","Bag of Marbles","Bottled Tornado","Oddly Smooth Stone","InkBottle","HandDrill","StrikeDummy","Toy Ornithopter","Thread and Needle"],"acts_visited":["Exordium","TheCity","TheBeyond"],"potions_floor_usage":[5,16,19,20,22,22,28,29,31,32,33,33,33,38,39,39,44,45,45,46,47,50,50,50],"damage_taken":[{"damage":0,"enemies":"Small Slimes","floor":2,"turns":3},{"damage":0,"enemies":"Cultist","floor":3,"turns":3},{"damage":0,"enemies":"2 Louse","floor":5,"turns":2},{"damage":18,"enemies":"Lagavulin","floor":6,"turns":6},{"damage":0,"enemies":"Large Slime","floor":8,"turns":5},{"damage":3,"enemies":"Gremlin Nob","floor":12,"turns":3},{"damage":0,"enemies":"Lagavulin","floor":14,"turns":3},{"damage":0,"enemies":"2 Fungi Beasts","floor":15,"turns":4},{"damage":9,"enemies":"IC_STATUS_ARCHETYPE","floor":16,"turns":3},{"damage":12,"enemies":"downfall:LooterAlt2","floor":19,"turns":3},{"damage":5,"enemies":"Chosen","floor":20,"turns":5},{"damage":0,"enemies":"downfall:FleeingMerchant","floor":22,"turns":4},{"damage":28,"enemies":"Centurion and Healer","floor":25,"turns":5},{"damage":19,"enemies":"Sentry and Sphere","floor":28,"turns":6},{"damage":0,"enemies":"Gremlin Leader","floor":29,"turns":1},{"damage":17,"enemies":"3 Cultists","floor":30,"turns":4},{"damage":17,"enemies":"Book of Stabbing","floor":31,"turns":4},{"damage":3,"enemies":"Snecko","floor":32,"turns":5},{"damage":35,"enemies":"DF_ARCHETYPE_CLAW","floor":33,"turns":5},{"damage":5,"enemies":"Orb Walker","floor":36,"turns":2},{"damage":2,"enemies":"3 Shapes","floor":37,"turns":3},{"damage":0,"enemies":"downfall:FleeingMerchant","floor":38,"turns":3},{"damage":10,"enemies":"Sphere and 2 Shapes","floor":39,"turns":4},{"damage":12,"enemies":"Spire Growth","floor":43,"turns":3},{"damage":4,"enemies":"Jaw Worm Horde","floor":44,"turns":2},{"damage":0,"enemies":"Giant Head","floor":45,"turns":3},{"damage":9,"enemies":"Sphere and 2 Shapes","floor":46,"turns":5},{"damage":0,"enemies":"Maw","floor":47,"turns":4},{"damage":1,"enemies":"Reptomancer","floor":48,"turns":3},{"damage":15,"enemies":"4 Shapes","floor":49,"turns":3},{"damage":40,"enemies":"SI_POISON_ARCHETYPE","floor":50,"turns":4}],"seed_played":"-4348927900727380894","potions_obtained":[{"floor":3,"key":"Fruit Juice"},{"floor":5,"key":"Energy Potion"},{"floor":6,"key":"sneckomod:MuddlingPotion"},{"floor":8,"key":"FairyPotion"},{"floor":8,"key":"Fire Potion"},{"floor":16,"key":"EssenceOfSteel"},{"floor":19,"key":"SneckoOil"},{"floor":19,"key":"ColorlessPotion"},{"floor":20,"key":"Explosive Potion"},{"floor":22,"key":"Fire Potion"},{"floor":25,"key":"hexamod:DoubleChargePotion"},{"floor":27,"key":"hexamod:SoulburnPotion"},{"floor":27,"key":"FearPotion"},{"floor":28,"key":"GamblersBrew"},{"floor":30,"key":"BlessingOfTheForge"},{"floor":31,"key":"Guardian:BlockOnCardUsePotion"},{"floor":32,"key":"BlessingOfTheForge"},{"floor":33,"key":"Fire Potion"},{"floor":33,"key":"DistilledChaos"},{"floor":36,"key":"DistilledChaos"},{"floor":38,"key":"Fruit Juice"},{"floor":39,"key":"EssenceOfSteel"},{"floor":39,"key":"AttackPotion"},{"floor":43,"key":"PowerPotion"},{"floor":44,"key":"FearPotion"},{"floor":45,"key":"Weak Potion"},{"floor":46,"key":"Ancient Potion"},{"floor":46,"key":"sneckomod:MuddlingPotion"},{"floor":47,"key":"Strength Potion"},{"floor":47,"key":"hexamod:SoulburnPotion"}],"is_trial":false,"path_per_floor":["R","M","M","?","M","E","T","M","R","?","R","E","?","E","M","B",null,"R","M","M","?","$","R","T","M","R","?","M","E","M","E","M","B",null,"R","M","M","$","M","?","T","$","M","M","E","M","M","E","M","B",null],"character_chosen":"THE_SPIRIT","items_purchased":["Matryoshka","Panacea","Master of Strategy","Shuriken","Bag of Marbles","Bottled Tornado","HandDrill","StrikeDummy"],"campfire_rested":2,"item_purchase_floors":[22,22,38,38,38,38,42,42],"current_hp_per_floor":[70,70,70,21,26,8,8,8,8,8,30,27,27,27,27,18,75,75,65,62,55,62,62,62,43,81,81,71,71,61,53,57,29,85,85,82,89,96,93,93,93,93,88,86,95,100,104,105,92,74],"gold":161,"neow_bonus":"BOSS_RELIC","is_daily":false,"chose_seed":false,"campfire_upgraded":4,"win_rate":0.0,"timestamp":1613695326,"path_taken":["R","M","M","?","?","E","T","M","R","?","R","E","?","E","M","BOSS","R","M","M","?","$","R","T","M","R","?","?","E","M","E","M","BOSS","R","M","M","$","M","?","T","$","M","M","E","M","M","E","M","BOSS"],"items_purchased_type":["Relic","Card","Card","Relic","Relic","Relic","Relic","Relic"],"build_version":"2020-12-22","purchased_purges":3,"victory":true,"max_hp_per_floor":[70,70,70,70,75,75,75,75,75,75,75,75,75,75,75,75,75,75,77,79,79,79,79,79,81,81,81,83,83,83,85,85,85,85,85,87,89,96,96,96,96,96,96,98,100,102,104,106,108,108],"card_choices":[{"not_picked":["hexamod:FastForward","hexamod:GhostLash","hexamod:ThermalTransfer"],"picked":"SKIP","floor":2},{"not_picked":["hexamod:GhostOfSpirePast","hexamod:NightmareStrike"],"picked":"hexamod:TurnItUp","floor":3},{"not_picked":["hexamod:SuperheatedStrike","hexamod:SwordOfDarkness"],"picked":"hexamod:FourthSeal","floor":5},{"not_picked":["hexamod:SuperheatedStrike","hexamod:Haunt"],"picked":"hexamod:SkipABeat","floor":6},{"not_picked":["hexamod:NecessarySacrifice","hexamod:FlamesFromBeyond"],"picked":"hexamod:HeatCrush","floor":8},{"not_picked":["hexamod:RecurringNightmare","hexamod:ThirdSeal"],"picked":"hexamod:Incineration","floor":12},{"not_picked":["hexamod:GhostLash","hexamod:SpectersWail"],"picked":"hexamod:CatchUp","floor":14},{"not_picked":["hexamod:SkipABeat","hexamod:HeatMetal"],"picked":"hexamod:WildfireWeapon","floor":15},{"not_picked":["hexamod:WildfireWeapon","hexamod:TimeOfNeed"],"picked":"hexamod:VolcanoVisage","floor":16},{"not_picked":["hexamod:SwordOfDarkness","hexamod:ThermalTransfer","hexamod:SpectralSpark"],"picked":"Singing Bowl","floor":19},{"not_picked":["hexamod:Hexaguard","hexamod:SwordOfDarkness","hexamod:HauntingEcho+1"],"picked":"Singing Bowl","floor":20},{"not_picked":["hexamod:HauntingEcho","hexamod:RadiantFlame"],"picked":"hexamod:EtherealExpedition+1","floor":22},{"not_picked":["hexamod:PowerFromBeyond","hexamod:BacktrackSmack","hexamod:GhostLash"],"picked":"Singing Bowl","floor":25},{"not_picked":["hexamod:FlamesFromBeyond","hexamod:FirstSeal","hexamod:ThermalTransfer"],"picked":"Singing Bowl","floor":28},{"not_picked":["hexamod:CatchUp","hexamod:SuperheatedStrike"],"picked":"hexamod:PowerFromBeyond+1","floor":29},{"not_picked":["hexamod:ShieldOfDarkness+1","hexamod:HeatCrush"],"picked":"hexamod:TimeWarp","floor":30},{"not_picked":["hexamod:InspiringFlames+1","hexamod:SuperheatedStrike","hexamod:ThermalTransfer+1"],"picked":"Singing Bowl","floor":31},{"not_picked":["hexamod:HauntingEcho","hexamod:SwordOfDarkness+1"],"picked":"hexamod:NightmareStrike+1","floor":32},{"not_picked":["hexamod:GhostOfSpirePresent","hexamod:VolcanoVisage"],"picked":"hexamod:SearingWound","floor":33},{"not_picked":["hexamod:AdvancingGuard","hexamod:NightmareGuise","hexamod:HeatMetal+1"],"picked":"Singing Bowl","floor":36},{"not_picked":["hexamod:FastForward+1","hexamod:GhostLash+1","hexamod:DynamicBlow"],"picked":"Singing Bowl","floor":37},{"not_picked":["hexamod:Hexaguard","hexamod:Firestarter+1","hexamod:SpectersWail+1"],"picked":"Singing Bowl","floor":38},{"not_picked":["hexamod:AdvancingGuard","hexamod:Firestarter+1"],"picked":"hexamod:NightmareStrike+1","floor":39},{"not_picked":["hexamod:ShieldOfDarkness+1","hexamod:Rewind"],"picked":"hexamod:FlamesFromBeyond+1","floor":43},{"not_picked":["hexamod:PhantomFireball","hexamod:GhostLash+1","hexamod:HeatMetal"],"picked":"Singing Bowl","floor":44},{"not_picked":["hexamod:Incineration","hexamod:SuperheatedStrike","hexamod:SwordOfDarkness"],"picked":"Singing Bowl","floor":45},{"not_picked":["hexamod:SwordOfDarkness+1","hexamod:NightmareGuise+1","hexamod:FifthSeal"],"picked":"Singing Bowl","floor":46},{"not_picked":["hexamod:FastForward+1","hexamod:SpectralSpark","hexamod:BacktrackSmack+1"],"picked":"Singing Bowl","floor":47},{"not_picked":["hexamod:BacktrackSmack+1","hexamod:GhostflameBarrier","hexamod:AdvancingGuard+1"],"picked":"Singing Bowl","floor":48},{"not_picked":["hexamod:Firestarter+1","hexamod:ShieldOfDarkness+1","hexamod:GhostLash+1"],"picked":"Singing Bowl","floor":49}],"player_experience":1477104,"relics_obtained":[{"floor":6,"key":"Centennial Puzzle"},{"floor":7,"key":"HornCleat"},{"floor":12,"key":"Regal Pillow"},{"floor":14,"key":"Singing Bowl"},{"floor":24,"key":"Akabeko"},{"floor":24,"key":"The Courier"},{"floor":29,"key":"Pen Nib"},{"floor":31,"key":"CeramicFish"},{"floor":41,"key":"Oddly Smooth Stone"},{"floor":41,"key":"InkBottle"},{"floor":45,"key":"Toy Ornithopter"},{"floor":48,"key":"Thread and Needle"}],"event_choices":[{"damage_healed":0,"gold_gain":0,"player_choice":"RE RE RE ","damage_taken":55,"relics_obtained":["PreservedInsect","Nunchaku","Bag of Preparation"],"max_hp_gain":0,"max_hp_loss":0,"event_name":"betterSkull:BetterSkull","floor":4,"gold_loss":0,"cards_upgraded":[]},{"damage_healed":0,"gold_gain":0,"player_choice":"Got Potions","damage_taken":0,"max_hp_gain":0,"max_hp_loss":0,"event_name":"Lab","floor":27,"gold_loss":0}],"is_beta":false,"boss_relics":[{"not_picked":["Busted Crown","Empty Cage"],"picked":"hexamod:IceCube"},{"not_picked":["Tiny House","Snecko Eye"],"picked":"Runic Pyramid"}],"items_purged_floors":[22,38,42],"is_endless":false,"potions_floor_spawned":[3,5,8,14,15,19,28,30,31,32,33,36,39,44,46,47],"ascension_level":1}}