{"host":"7xbu8gt067z192g2","time":1613710118,"event":{"mods":["BaseMod","Better Note","BetterRewards","Colored Map","Colored Powertips","Decade(???)","Googly Eyes","Highlight Path","Infinite Spire","Jorbs\u0027s Wanderer Trilogy","Minty Spire (QoL Compilation)","Rare Cards Sparkle","Replay The Spire","StSLib","The Bladedancer","The Bug Knight","The Construct","The Cursed","The Hierophant","The Valiant","The Wild Card"],"gold_per_floor":[115,115,115,26,43,43,77,146,146,177,102,102,112,162,220,320,320,332,362,322,129,179,179,18,33,33,58,70,107,119,141,153,265,277,304,335,360,422,484,484],"floor_reached":39,"language":"ENG","playtime":13338,"items_purged":["Strike_G","Strike_G","Strike_G","Strike_G"],"score":545,"play_id":"0bdc95a4-4928-428b-aee6-cca59f30c41f","local_time":"20210218234838","is_ascension_mode":true,"campfire_choices":[{"data":"theWildCard:Arsene","floor":6.0,"key":"SMITH"},{"data":"Adrenaline","floor":12.0,"key":"SMITH"},{"data":"J.A.X.","floor":23.0,"key":"SMITH"},{"data":"Night Terror","floor":30,"key":"SMITH"},{"floor":32,"key":"REST"}],"circlet_count":0,"master_deck":["Strike_G","Defend_G","Defend_G","Defend_G","Defend_G","Defend_G","Survivor","Neutralize","PiercingWail","theWildCard:Arsene+1","Sucker Punch","Bouncing Flask","Flying Knee","Bullet Time","Adrenaline+1","Acrobatics","Blade Dance","Crippling Poison","Night Terror+1","Dagger Throw+1","Dash","J.A.X.+1","Blade Dance+1","Bouncing Flask","Backflip","infinitespire:Execution","Dagger Spray","Adrenaline","Terror+1","Sickly"],"relics":["Ring of the Serpent","NeowsBlessing","SsserpentHead","Ornamental Fan","Happy Flower","Regal Pillow","WarpedTongs","Lee\u0027s Waffle","Replay:Bottled Steam","MawBank","WristBlade","infinitespire:Bottled Soul","Ancient Tea Set","construct:WeddingRing","Ring of Fury"],"acts_visited":["Exordium","TheCity","TheBeyond"],"potions_floor_usage":[36,39,39,39,39],"damage_taken":[{"damage":0.0,"enemies":"Small Slimes","floor":1.0,"turns":1.0},{"damage":0.0,"enemies":"Cultist","floor":5.0,"turns":1.0},{"damage":0.0,"enemies":"Lagavulin","floor":7.0,"turns":1.0},{"damage":2.0,"enemies":"2 Louse","floor":8.0,"turns":2.0},{"damage":19.0,"enemies":"Gremlin Nob","floor":10.0,"turns":4.0},{"damage":12.0,"enemies":"Lots of Slimes","floor":13.0,"turns":3.0},{"damage":35.0,"enemies":"Fading Forest","floor":16.0,"turns":11.0},{"damage":15.0,"enemies":"3 Byrds","floor":18.0,"turns":4.0},{"damage":23.0,"enemies":"2 Thieves","floor":19.0,"turns":4.0},{"damage":23,"enemies":"Sentry and Sphere","floor":25,"turns":4},{"damage":11,"enemies":"Book of Stabbing","floor":27,"turns":4},{"damage":16,"enemies":"HollowMod:Nosk","floor":29,"turns":3},{"damage":3,"enemies":"3 Cultists","floor":31,"turns":2},{"damage":8,"enemies":"Collector","floor":33,"turns":5},{"damage":0,"enemies":"Orb Walker","floor":35,"turns":1},{"damage":8,"enemies":"3 Darklings","floor":36,"turns":3},{"damage":3,"enemies":"Spire Growth","floor":37,"turns":3},{"damage":17,"enemies":"infinitespire:Three Voidlings","floor":39,"turns":3},{"damage":51,"enemies":"Nightmare_Alpha","floor":39,"turns":5}],"seed_played":"-539718942330983934","potions_obtained":[{"floor":7.0,"key":"Death Potion"},{"floor":8.0,"key":"Doom Potion"},{"floor":27,"key":"construct:ShiftPotion"},{"floor":29,"key":"CunningPotion"},{"floor":36,"key":"EntropicBrew"}],"is_trial":false,"path_per_floor":["M","?","?","$","M","R","E","M","T","E","$","R","M","?","R_BF","B",null,"M","M","?","$","?","R","$","M","T","E","AVR","E","R","M","R","B",null,"M","M","M","?","?"],"character_chosen":"THE_SILENT","items_purchased":["Sucker Punch","Bouncing Flask","Blade Dance","Lee\u0027s Waffle","Blade Dance+1"],"campfire_rested":1,"item_purchase_floors":[4,4,11,21,24],"current_hp_per_floor":[70,70,70,70,70,70,70,68,68,49,49,49,37,37,37,23,70,55,32,32,77,77,77,77,54,54,43,43,27,27,24,62,54,77,77,69,66,66,0,0],"gold":484,"neow_bonus":"THREE_ENEMY_KILL","is_daily":false,"chose_seed":false,"campfire_upgraded":4,"win_rate":0.0,"timestamp":1613710118,"path_taken":["M","?","?","$","M","R","E","?","T","E","?","R","M","?","R_BF","BOSS","M","?","?","?","?","R","$","M","T","E","AVR","E","R","M","R","BOSS","M","M","M","?","?"],"items_purchased_type":["Card","Card","Card","Relic","Card"],"build_version":"2020-12-22","purchased_purges":4,"victory":false,"max_hp_per_floor":[70,70,70,70,70,70,70,70,70,70,70,70,70,70,70,70,70,70,70,70,77,77,77,77,77,77,77,77,77,77,77,77,77,77,77,77,77,77,77,77],"card_choices":[{"not_picked":["Setup","Acrobatics"],"picked":"PiercingWail","floor":1.0},{"not_picked":["Prepared","PiercingWail"],"picked":"Flying Knee","floor":5.0},{"not_picked":["PiercingWail","Quick Slash"],"picked":"Bullet Time","floor":7.0},{"not_picked":["Deflect","Footwork"],"picked":"Adrenaline","floor":8.0},{"not_picked":["Fluid Movement","ReplayTheSpireMod:Speed Training"],"picked":"Acrobatics","floor":10.0},{"not_picked":["Hidden Blade","Deadly Poison"],"picked":"Crippling Poison","floor":13.0},{"not_picked":["Doppelganger","Die Die Die"],"picked":"Night Terror","floor":16.0},{"not_picked":["Slice+1","Reflex+1"],"picked":"Dagger Throw","floor":18.0},{"not_picked":["Hidden Blade","Poisoned Stab"],"picked":"Dash","floor":19.0},{"not_picked":["PiercingWail","Calculated Gamble"],"picked":"Bouncing Flask","floor":25},{"not_picked":["All Out Attack","Heel Hook"],"picked":"Backflip","floor":27},{"not_picked":["Sneak Up","Tactician","Flechettes"],"picked":"SKIP","floor":29},{"not_picked":["Poisoned Stab","Crippling Poison"],"picked":"Dagger Spray","floor":31},{"not_picked":["Atom Bomb","Night Terror"],"picked":"Adrenaline","floor":33},{"not_picked":["Flechettes","Outmaneuver","Dagger Throw"],"picked":"SKIP","floor":35},{"not_picked":["Footwork","Endless Agony+1"],"picked":"Terror+1","floor":36},{"not_picked":["Poisoned Stab+1","Dagger Spray","ReplayTheSpireMod:Exploit Weakness"],"picked":"SKIP","floor":37}],"player_experience":228424,"relics_obtained":[{"floor":7.0,"key":"Ornamental Fan"},{"floor":9.0,"key":"Happy Flower"},{"floor":10.0,"key":"Regal Pillow"},{"floor":26,"key":"Replay:Bottled Steam"},{"floor":27,"key":"MawBank"},{"floor":29,"key":"Ancient Tea Set"},{"floor":38,"key":"Ring of Fury"}],"event_choices":[{"damage_healed":0.0,"max_hp_gain":0.0,"max_hp_loss":0.0,"gold_gain":0.0,"event_name":"FaceTrader","player_choice":"Trade","floor":3.0,"gold_loss":0.0,"damage_taken":0.0,"relics_obtained":["SsserpentHead"]},{"damage_healed":0.0,"max_hp_gain":0.0,"max_hp_loss":0.0,"gold_gain":0.0,"event_name":"Accursed Blacksmith","player_choice":"Rummage","floor":14.0,"gold_loss":0.0,"damage_taken":0.0,"relics_obtained":["WarpedTongs"],"cards_obtained":["Pain"]},{"cards_removed":["Pain"],"damage_healed":0.0,"max_hp_gain":0.0,"max_hp_loss":0.0,"gold_gain":0.0,"event_name":"Designer","player_choice":"Upgrade and Remove","floor":20.0,"gold_loss":90.0,"damage_taken":0.0,"cards_upgraded":["Dagger Throw"]},{"damage_healed":0.0,"max_hp_gain":0.0,"max_hp_loss":0.0,"gold_gain":0.0,"event_name":"Drug Dealer","player_choice":"Obtain J.A.X.","floor":22.0,"gold_loss":0.0,"damage_taken":0.0,"cards_obtained":["J.A.X."]}],"is_beta":false,"boss_relics":[{"not_picked":["Snecko Scales","Painkiller Herb"],"picked":"Ring of the Serpent"},{"not_picked":["Honey Jar","SacredBark"],"picked":"construct:WeddingRing"}],"items_purged_floors":[11,21,24,28],"is_endless":false,"potions_floor_spawned":[7,8,27,29,31,33,36],"killed_by":"Nightmare_Alpha","ascension_level":3}}