{"host":"ypphcgdomtfqpc2w","time":1613744536,"event":{"mods":["BaseMod","Minty Spire (QoL Compilation)","StSLib"],"gold_per_floor":[116,127,2,2,16,16,46,56,56,89,106,121,121,155,155,229,229,239,250,96,112,62,62,62],"floor_reached":23,"language":"ENG","playtime":1593,"items_purged":["Zap","Reprogram"],"score":476,"play_id":"5f5a8bb8-ee56-4ff4-a97d-57ee102ab8e6","local_time":"20210219232216","is_ascension_mode":true,"campfire_choices":[{"data":"Lockon","floor":6.0,"key":"SMITH"},{"floor":13.0,"key":"REST"},{"data":"Defragment","floor":15.0,"key":"SMITH"}],"circlet_count":0,"master_deck":["AscendersBane","Dualcast","Doom and Gloom+1","Lockon+1","Ball Lightning","Auto Shields","Melter","Coolheaded","Compile Driver","Defragment+1","Capacitor","Hologram","Rainbow","Rip and Tear","Steam Power","Double Energy","Reprogram","Biased Cognition","Seek","Sunder","Defragment","Cold Snap","Recycle"],"relics":["SlaversCollar","Pen Nib","Regal Pillow","Shuriken","Akabeko","Pandora\u0027s Box"],"acts_visited":["Exordium","TheCity"],"potions_floor_usage":[],"damage_taken":[{"damage":8.0,"enemies":"2 Louse","floor":1.0,"turns":3.0},{"damage":2.0,"enemies":"Cultist","floor":2.0,"turns":4.0},{"damage":7.0,"enemies":"Jaw Worm","floor":5.0,"turns":2.0},{"damage":25.0,"enemies":"Gremlin Nob","floor":7.0,"turns":4.0},{"damage":1.0,"enemies":"Lots of Slimes","floor":8.0,"turns":3.0},{"damage":3.0,"enemies":"3 Sentries","floor":10.0,"turns":7.0},{"damage":3.0,"enemies":"Blue Slaver","floor":11.0,"turns":3.0},{"damage":0.0,"enemies":"Exordium Wildlife","floor":12.0,"turns":2.0},{"damage":0.0,"enemies":"Gremlin Nob","floor":14.0,"turns":3.0},{"damage":1.0,"enemies":"The Guardian","floor":16.0,"turns":7.0},{"damage":0.0,"enemies":"Shell Parasite","floor":18.0,"turns":3.0},{"damage":27.0,"enemies":"2 Thieves","floor":19.0,"turns":4.0},{"damage":9.0,"enemies":"Snake Plant","floor":21.0,"turns":3.0},{"damage":33,"enemies":"Slavers","floor":23,"turns":2}],"seed_played":"7264188745391076746","potions_obtained":[{"floor":1.0,"key":"CultistPotion"},{"floor":2.0,"key":"SkillPotion"},{"floor":7.0,"key":"FocusPotion"},{"floor":14.0,"key":"SkillPotion"},{"floor":16.0,"key":"Strength Potion"},{"floor":18.0,"key":"Ancient Potion"}],"is_trial":false,"path_per_floor":["M","M","$","?","M","R","E","M","T","E","M","M","R","E","R","B",null,"M","M","$","M","?","E"],"character_chosen":"DEFECT","items_purchased":["Ball Lightning","Swift Potion"],"campfire_rested":1,"item_purchase_floors":[3,20],"current_hp_per_floor":[56,54,54,54,47,47,22,21,21,18,15,15,51,51,51,50,66,66,39,39,30,30,0,0],"gold":62,"neow_bonus":"BOSS_RELIC","is_daily":false,"chose_seed":false,"campfire_upgraded":2,"win_rate":0.0,"timestamp":1613744536,"path_taken":["M","M","$","?","M","R","E","M","T","E","M","M","R","E","R","BOSS","M","?","$","M","?","E"],"items_purchased_type":["Card","Potion"],"build_version":"2020-12-22","purchased_purges":2,"victory":false,"max_hp_per_floor":[71,71,71,71,71,71,71,71,71,71,71,71,71,71,71,71,71,71,71,71,71,71,71,71],"card_choices":[{"not_picked":["Conserve Battery","BootSequence"],"picked":"Doom and Gloom","floor":1.0},{"not_picked":["Redo","Gash"],"picked":"Lockon","floor":2.0},{"not_picked":["Blizzard","Go for the Eyes"],"picked":"Auto Shields","floor":5.0},{"not_picked":["Stack","Amplify"],"picked":"Melter","floor":7.0},{"not_picked":["Stack","Rip and Tear"],"picked":"Coolheaded","floor":8.0},{"not_picked":["Storm","Force Field"],"picked":"Compile Driver","floor":10.0},{"not_picked":["Sweeping Beam","Recycle"],"picked":"Defragment","floor":11.0},{"not_picked":["Barrage","Coolheaded"],"picked":"Capacitor","floor":12.0},{"not_picked":["Rip and Tear","Amplify"],"picked":"Hologram","floor":14.0},{"not_picked":["Thunder Strike","Machine Learning"],"picked":"Rainbow","floor":16.0},{"not_picked":["Cold Snap","Barrage"],"picked":"Defragment","floor":18.0},{"not_picked":["Steam","Leap"],"picked":"Cold Snap","floor":19.0},{"not_picked":["Stack","Coolheaded"],"picked":"Recycle","floor":21.0}],"player_experience":2194533,"relics_obtained":[{"floor":7.0,"key":"Pen Nib"},{"floor":9.0,"key":"Regal Pillow"},{"floor":10.0,"key":"Shuriken"},{"floor":14.0,"key":"Akabeko"}],"event_choices":[{"damage_healed":0.0,"max_hp_gain":0.0,"max_hp_loss":0.0,"gold_gain":0.0,"event_name":"Upgrade Shrine","player_choice":"Upgraded","floor":4.0,"gold_loss":0.0,"damage_taken":0.0,"cards_upgraded":["Doom and Gloom"]},{"damage_healed":0.0,"max_hp_gain":0.0,"max_hp_loss":0.0,"gold_gain":0.0,"event_name":"The Joust","player_choice":"Bet on Owner","floor":22.0,"gold_loss":50.0,"damage_taken":0.0}],"is_beta":false,"boss_relics":[{"not_picked":["Ectoplasm","Sozu"],"picked":"Pandora\u0027s Box"}],"items_purged_floors":[3,20],"is_endless":false,"potions_floor_spawned":[1,2,7,14,16,18],"killed_by":"Slavers","ascension_level":20}}