{"host":"684z1xpuwaoqmmh1","time":1613731576,"event":{"mods":["A Magickal Journey","BaseMod","Downfall","Hermit","Jorbs\u0027s Wanderer Trilogy","Marisa????????","Minty Spire (QoL Compilation)","Robot Space Explorer","Shade Mod","StSLib","The Bug Knight","The Dragon Tamer","The Elementalist","The Hayseed","The Hierophant","The Marked","The Mystic","The Runesmith","The Saiyan","The Senshi","The Spell Scribe","The Vixen","TheBandit","TheFirefly"],"gold_per_floor":[116,128,278,278,5,5,45,45,45,88,138,157,157,27,27,27,27],"floor_reached":16,"language":"ENG","playtime":436,"items_purged":["Doubt","theSenshi:SailorKick"],"score":262,"play_id":"a3b1c1ac-5802-4e80-ab34-87f42058d99f","local_time":"20210219124616","is_ascension_mode":true,"campfire_choices":[{"data":"theSenshi:NeptunesGrace","floor":6,"key":"SMITH"},{"data":"theSenshi:UranusStrength","floor":8,"key":"SMITH"},{"floor":13,"key":"REST"},{"data":"theSenshi:CrisisMakeUp","floor":15,"key":"SMITH"}],"circlet_count":0,"master_deck":["AscendersBane","theSenshi:SailorKick","theSenshi:SailorKick","theSenshi:SailorKick","theSenshi:SailorBlock","theSenshi:SailorBlock","theSenshi:SailorBlock","theSenshi:SailorBlock","theSenshi:RoseThrow","theSenshi:MoonPrismPowerMakeUp","theSenshi:CrisisMakeUp+1","theSenshi:MoonPunch","theSenshi:NeptunesGrace+1","theSenshi:UranusStrength+1","theSenshi:MoonCosmicPowerMakeUp","theSenshi:SailorCosmosAssists","theSenshi:MoonKick"],"relics":["theSenshi:TransformationBroochRelic","NeowsBlessing","Golden Idol","theSenshi:CutieMoonRodRelic","Peace Pipe","Pocketwatch","Tiny Chest"],"acts_visited":["Exordium"],"potions_floor_usage":[10,16],"damage_taken":[{"damage":0,"enemies":"Cultist","floor":1,"turns":1},{"damage":0,"enemies":"Small Slimes","floor":2,"turns":1},{"damage":0,"enemies":"Gremlin Nob","floor":7,"turns":1},{"damage":31,"enemies":"3 Sentries","floor":10,"turns":7},{"damage":6,"enemies":"2 Louse","floor":12,"turns":3},{"damage":45,"enemies":"Slime Boss","floor":16,"turns":13}],"seed_played":"-2752033796669370202","potions_obtained":[{"floor":1,"key":"SpeedPotion"},{"floor":10,"key":"FearPotion"},{"floor":12,"key":"Block Potion"}],"is_trial":false,"path_per_floor":["M","M","?","?","$","R","E","R","T","E","?","M","R","$","R","B"],"character_chosen":"THE_SENSHI","items_purchased":["theSenshi:CutieMoonRodRelic","theSenshi:NeptunesGrace","theSenshi:MoonKick"],"campfire_rested":1,"item_purchase_floors":[5,5,14],"current_hp_per_floor":[68,68,68,68,68,68,68,68,68,37,31,25,45,45,45,0,0],"gold":27,"neow_bonus":"THREE_ENEMY_KILL","is_daily":false,"chose_seed":false,"campfire_upgraded":3,"win_rate":0.0,"timestamp":1613731576,"path_taken":["M","?","?","?","?","R","E","R","T","E","?","?","R","$","R","BOSS"],"items_purchased_type":["Relic","Card","Card"],"build_version":"2020-12-22","purchased_purges":2,"victory":false,"max_hp_per_floor":[75,75,75,68,68,68,68,68,68,68,68,68,68,68,68,68,68],"card_choices":[{"not_picked":["theSenshi:TuxedoSmokingBomber","theSenshi:LateForSchool"],"picked":"theSenshi:CrisisMakeUp","floor":1},{"not_picked":["theSenshi:MoonsReflection","theSenshi:EncouragingSpeech"],"picked":"theSenshi:MoonPunch","floor":2},{"not_picked":["theSenshi:SailorPlanetPower","theSenshi:SchoolBag"],"picked":"theSenshi:UranusStrength","floor":7},{"not_picked":["theSenshi:Sidestep","theSenshi:LunasBite"],"picked":"theSenshi:MoonCosmicPowerMakeUp","floor":10},{"not_picked":["theSenshi:YouCanTalk","theSenshi:Sidestep"],"picked":"theSenshi:SailorCosmosAssists","floor":12}],"player_experience":3335970,"relics_obtained":[{"floor":7,"key":"Peace Pipe"},{"floor":9,"key":"Pocketwatch"},{"floor":10,"key":"Tiny Chest"}],"event_choices":[{"damage_healed":0,"gold_gain":150,"player_choice":"AGREE","damage_taken":0,"max_hp_gain":0,"max_hp_loss":0,"event_name":"Liars Game","floor":3,"gold_loss":0,"cards_obtained":["Doubt"]},{"damage_healed":0,"gold_gain":0,"player_choice":"Lose Max HP","damage_taken":0,"relics_obtained":["Golden Idol"],"max_hp_gain":0,"max_hp_loss":7,"event_name":"Golden Idol","floor":4,"gold_loss":0},{"damage_healed":0,"gold_gain":50,"player_choice":"Touch","damage_taken":6,"max_hp_gain":0,"max_hp_loss":0,"event_name":"FaceTrader","floor":11,"gold_loss":0}],"is_beta":false,"boss_relics":[],"items_purged_floors":[5,14],"is_endless":false,"potions_floor_spawned":[1,10,12],"killed_by":"Slime Boss","ascension_level":20}}