{"host":"ssceekdvsvld625r","time":1613756361,"event":{"mods":["AchievementEnabler","BaseMod","Better Third Choice","Block Reminder","Colored Map","Colored Powertips","Highlight Path","Minty Spire (QoL Compilation)","Permanent Neow","Quick Restart","Rare Cards Sparkle","Relic Stats","Shop Mod","StSLib"],"gold_per_floor":[113,113,125,75,75,75,143,143,169,184,203,247,247,263,263,386,449,463,463,479,404,418,418,459,63,86,129,129,165,178,178,178,303,303,318,333,349,370,0,0,43,43,43,62,106,106,149,149,149,149],"floor_reached":51,"language":"ENG","playtime":3299,"items_purged":[],"score":933,"play_id":"559cad56-962b-442d-803a-cb944e91d881","local_time":"20210219103921","is_ascension_mode":true,"campfire_choices":[{"data":"Flying Knee","floor":6,"key":"SMITH"},{"floor":13,"key":"REST"},{"floor":15,"key":"REST"},{"floor":23,"key":"REST"},{"floor":32,"key":"REST"},{"floor":40,"key":"REST"},{"floor":42,"key":"REST"},{"data":"Neutralize","floor":49,"key":"SMITH"}],"circlet_count":0,"master_deck":["Strike_G+1","Strike_G+1","Strike_G+1","Strike_G+1","Defend_G+1","Defend_G+1","Defend_G+1","Defend_G+1","Survivor","Neutralize+1","Flying Knee+1","Crippling Poison","Poisoned Stab","Apotheosis+1","Blade Dance","Slice","Poisoned Stab","Slice","A Thousand Cuts","Deadly Poison","Poisoned Stab+1","Slice","Backstab","Terror+1","Venomology+1","Deadly Poison+1","A Thousand Cuts","Infinite Blades+1","Parasite","Noxious Fumes","Noxious Fumes+1","Catalyst+1"],"relics":["Black Star","betterThird:SlimedRelic","Golden Idol","Regal Pillow","Dream Catcher","Mercury Hourglass","Potion Belt","Tiny House","Ninja Scroll","MealTicket","Membership Card","Toxic Egg 2","Mummified Hand","Snake Skull","Letter Opener","Question Card","MutagenicStrength","Ancient Tea Set","Orichalcum","Enchiridion","Philosopher\u0027s Stone","Red Mask","PreservedInsect","Torii","Smiling Mask","Vajra","Bag of Preparation","Shuriken","Mango"],"acts_visited":["Exordium","TheCity","TheBeyond"],"potions_floor_usage":[17,33,33,37,38,47],"damage_taken":[{"damage":0,"enemies":"Small Slimes","floor":1,"turns":4},{"damage":1,"enemies":"2 Louse","floor":3,"turns":3},{"damage":19,"enemies":"Gremlin Nob","floor":7,"turns":5},{"damage":0,"enemies":"Jaw Worm","floor":10,"turns":3},{"damage":8,"enemies":"Large Slime","floor":11,"turns":5},{"damage":9,"enemies":"Gremlin Nob","floor":12,"turns":4},{"damage":10,"enemies":"Looter","floor":14,"turns":2},{"damage":32,"enemies":"The Guardian","floor":16,"turns":8},{"damage":13,"enemies":"Shell Parasite","floor":18,"turns":4},{"damage":5,"enemies":"3 Byrds","floor":20,"turns":4},{"damage":21,"enemies":"Centurion and Healer","floor":22,"turns":5},{"damage":23,"enemies":"Slavers","floor":24,"turns":5},{"damage":17,"enemies":"Book of Stabbing","floor":27,"turns":5},{"damage":20,"enemies":"Gremlin Leader","floor":29,"turns":5},{"damage":16,"enemies":"Snecko","floor":30,"turns":4},{"damage":52,"enemies":"Champ","floor":33,"turns":7},{"damage":2,"enemies":"Orb Walker","floor":35,"turns":2},{"damage":16,"enemies":"3 Darklings","floor":36,"turns":3},{"damage":15,"enemies":"Writhing Mass","floor":37,"turns":5},{"damage":6,"enemies":"Maw","floor":38,"turns":6},{"damage":35,"enemies":"Reptomancer","floor":41,"turns":6},{"damage":0,"enemies":"Transient","floor":44,"turns":1},{"damage":13,"enemies":"Nemesis","floor":45,"turns":3},{"damage":11,"enemies":"Reptomancer","floor":47,"turns":3},{"damage":0,"enemies":"Time Eater","floor":50,"turns":1}],"seed_played":"-3651768206250042145","potions_obtained":[{"floor":7,"key":"Energy Potion"},{"floor":10,"key":"PowerPotion"},{"floor":12,"key":"Poison Potion"},{"floor":16,"key":"FearPotion"},{"floor":17,"key":"Fruit Juice"},{"floor":24,"key":"LiquidBronze"},{"floor":29,"key":"LiquidBronze"},{"floor":36,"key":"Block Potion"},{"floor":38,"key":"LiquidMemories"},{"floor":41,"key":"FairyPotion"}],"is_trial":false,"path_per_floor":["M","?","M","?","?","R","?","?","T","M","M","E","R","M","R","B",null,"M","?","M","?","M","R","E","$","T","E","?","E","M","?","R","B",null,"M","M","M","M","?","R","E","R","T","M","E","?","E","?","R","B",null],"character_chosen":"THE_SILENT","items_purchased":["Membership Card","Toxic Egg 2","Mummified Hand"],"campfire_rested":6,"item_purchase_floors":[25,25,25],"current_hp_per_floor":[70,70,69,58,58,58,39,39,39,39,31,22,56,46,65,33,75,62,62,57,57,36,73,50,65,65,48,48,28,12,40,75,23,75,73,57,42,36,36,73,38,75,75,75,62,62,65,65,65,65],"gold":149,"neow_bonus":"BOSS_RELIC","is_daily":false,"chose_seed":false,"campfire_upgraded":2,"win_rate":0.0,"timestamp":1613756361,"path_taken":["M","?","M","?","?","R","?","?","T","?","M","E","R","M","R","BOSS","M","?","M","?","M","R","E","$","T","E","?","E","?","?","R","BOSS","M","M","M","M","?","R","E","R","T","M","E","?","E","?","R","BOSS"],"items_purchased_type":["Relic","Relic","Relic"],"build_version":"2020-12-22","purchased_purges":0,"victory":true,"max_hp_per_floor":[70,70,70,70,65,65,65,65,65,65,65,65,65,65,65,65,75,75,75,75,75,75,75,75,75,75,75,75,75,75,75,75,75,75,75,75,75,75,75,75,75,75,75,75,75,75,89,89,89,89],"relic_stats":{"Regal Pillow":73,"Torii":0,"counters":[25,103],"Golden Idol":195,"Snake Skull":[50],"PreservedInsect":105,"Bag of Preparation":[2],"Letter Opener":[53],"Orichalcum":[90],"Question Card":15,"Smiling Mask":0,"Mercury Hourglass":[311],"Dream Catcher":6,"Mummified Hand":[35],"Shuriken":[0],"MealTicket":15,"Black Star":7,"obtain_stats":[{"Regal Pillow":7,"Tiny House":17,"Torii":41,"Enchiridion":31,"Vajra":45,"Mango":47,"Snake Skull":26,"Bag of Preparation":45,"Ancient Tea Set":29,"Smiling Mask":43,"Dream Catcher":9,"Ninja Scroll":24,"Mummified Hand":25,"MealTicket":24,"Philosopher\u0027s Stone":34,"Red Mask":39,"Toxic Egg 2":25,"Ring of the Snake":0,"Potion Belt":12,"Golden Idol":5,"PreservedInsect":41,"Letter Opener":27,"Orichalcum":29,"Question Card":27,"Mercury Hourglass":12,"Shuriken":47,"betterThird:SlimedRelic":4,"MutagenicStrength":28,"Black Star":0,"Membership Card":25},{"Regal Pillow":3,"Tiny House":8,"Torii":21,"Enchiridion":15,"Vajra":23,"Mango":24,"Snake Skull":12,"Bag of Preparation":23,"Ancient Tea Set":14,"Smiling Mask":21,"Dream Catcher":3,"Ninja Scroll":12,"Mummified Hand":12,"MealTicket":12,"Philosopher\u0027s Stone":16,"Red Mask":20,"Toxic Egg 2":12,"Ring of the Snake":0,"Potion Belt":6,"Golden Idol":2,"PreservedInsect":21,"Letter Opener":13,"Orichalcum":14,"Question Card":13,"Mercury Hourglass":6,"Shuriken":24,"betterThird:SlimedRelic":2,"MutagenicStrength":13,"Black Star":0,"Membership Card":12},{"Regal Pillow":12,"Tiny House":34,"Torii":95,"Enchiridion":66,"Vajra":99,"Mango":102,"Snake Skull":52,"Bag of Preparation":99,"Ancient Tea Set":62,"Smiling Mask":95,"Dream Catcher":12,"Ninja Scroll":52,"Mummified Hand":52,"MealTicket":52,"Philosopher\u0027s Stone":73,"Red Mask":89,"Toxic Egg 2":52,"Ring of the Snake":0,"Potion Belt":24,"Golden Idol":7,"PreservedInsect":95,"Letter Opener":57,"Orichalcum":62,"Question Card":57,"Mercury Hourglass":24,"Shuriken":102,"betterThird:SlimedRelic":7,"MutagenicStrength":57,"Black Star":0,"Membership Card":52}]},"card_choices":[{"not_picked":["Sucker Punch","Underhanded Strike"],"picked":"Flying Knee","floor":1},{"not_picked":["Predator","PiercingWail"],"picked":"Crippling Poison","floor":3},{"not_picked":["Quick Slash","Outmaneuver"],"picked":"Poisoned Stab","floor":7},{"not_picked":["Outmaneuver","Choke"],"picked":"Blade Dance","floor":10},{"not_picked":["Heel Hook","Caltrops"],"picked":"Slice","floor":11},{"not_picked":["Distraction","Night Terror"],"picked":"Poisoned Stab","floor":12},{"not_picked":["PiercingWail","Dagger Spray"],"picked":"Slice","floor":13},{"not_picked":["Dodge and Roll","Quick Slash","Dagger Throw"],"picked":"SKIP","floor":14},{"not_picked":["Tools of the Trade","Die Die Die"],"picked":"A Thousand Cuts","floor":16},{"not_picked":["Dagger Spray","Backflip"],"picked":"Deadly Poison","floor":17},{"not_picked":["Deadly Poison","Well Laid Plans"],"picked":"Poisoned Stab+1","floor":18},{"not_picked":["All Out Attack","PiercingWail"],"picked":"Slice","floor":20},{"not_picked":["Underhanded Strike","Dash+1"],"picked":"Backstab","floor":22},{"not_picked":["Dodge and Roll","Finisher","Skewer"],"picked":"SKIP","floor":24},{"not_picked":["Bane+1","Riddle With Holes"],"picked":"Terror+1","floor":27},{"not_picked":["Dodge and Roll+1","Underhanded Strike","Deflect+1"],"picked":"Venomology+1","floor":29},{"not_picked":["Quick Slash","Deflect+1","PiercingWail+1","Dagger Throw"],"picked":"SKIP","floor":30},{"not_picked":["PiercingWail+1","Dagger Spray","Escape Plan+1"],"picked":"Deadly Poison+1","floor":32},{"not_picked":["Glass Knife","Night Terror+1","Burst+1"],"picked":"A Thousand Cuts","floor":33},{"not_picked":["Finisher+1","Dodge and Roll+1","Catalyst+1"],"picked":"Infinite Blades+1","floor":35},{"not_picked":["Well Laid Plans","Dagger Spray","Backflip+1","Skewer+1"],"picked":"SKIP","floor":36},{"not_picked":["Dagger Throw+1","Deadly Poison+1","Heel Hook+1","Eviscerate"],"picked":"SKIP","floor":37},{"not_picked":["Footwork+1","Bane","Slice"],"picked":"Noxious Fumes","floor":38},{"not_picked":["Bullet Time+1","Finisher","Footwork"],"picked":"Noxious Fumes+1","floor":40},{"not_picked":["PiercingWail+1","Skewer","Deflect+1","Slice+1"],"picked":"SKIP","floor":41},{"not_picked":["Prepared+1","Bouncing Flask+1","Well Laid Plans"],"picked":"Catalyst+1","floor":42},{"not_picked":["Endless Agony","Deadly Poison+1","Well Laid Plans","Underhanded Strike"],"picked":"SKIP","floor":44},{"not_picked":["Dagger Spray+1","Underhanded Strike","PiercingWail+1","Reflex+1"],"picked":"SKIP","floor":45},{"not_picked":["Deflect+1","Calculated Gamble+1","Tactician+1","Riddle With Holes+1"],"picked":"SKIP","floor":47}],"player_experience":51638,"relics_obtained":[{"floor":7,"key":"Regal Pillow"},{"floor":9,"key":"Dream Catcher"},{"floor":12,"key":"Mercury Hourglass"},{"floor":12,"key":"Potion Belt"},{"floor":24,"key":"Ninja Scroll"},{"floor":24,"key":"MealTicket"},{"floor":26,"key":"Snake Skull"},{"floor":27,"key":"Letter Opener"},{"floor":27,"key":"Question Card"},{"floor":29,"key":"Ancient Tea Set"},{"floor":29,"key":"Orichalcum"},{"floor":31,"key":"Enchiridion"},{"floor":41,"key":"PreservedInsect"},{"floor":41,"key":"Torii"},{"floor":43,"key":"Smiling Mask"},{"floor":45,"key":"Vajra"},{"floor":45,"key":"Bag of Preparation"},{"floor":47,"key":"Shuriken"},{"floor":47,"key":"Mango"}],"event_choices":[{"damage_healed":0,"gold_gain":0,"player_choice":"Ignored","damage_taken":0,"max_hp_gain":0,"max_hp_loss":0,"event_name":"Golden Wing","floor":2,"gold_loss":0},{"damage_healed":0,"gold_gain":0,"player_choice":"Slimed","damage_taken":11,"max_hp_gain":0,"max_hp_loss":0,"event_name":"betterThird:BetterGoop","floor":4,"gold_loss":50},{"damage_healed":0,"gold_gain":0,"player_choice":"Lose Max HP","damage_taken":0,"relics_obtained":["Golden Idol"],"max_hp_gain":0,"max_hp_loss":5,"event_name":"Golden Idol","floor":5,"gold_loss":0},{"damage_healed":0,"gold_gain":30,"player_choice":"Searched \u00273\u0027 times","damage_taken":0,"max_hp_gain":0,"max_hp_loss":0,"event_name":"Dead Adventurer","floor":7,"gold_loss":0},{"damage_healed":39,"gold_gain":0,"player_choice":"Embrace","damage_taken":0,"max_hp_gain":0,"max_hp_loss":65,"event_name":"betterThird:BetterShining","floor":8,"gold_loss":0},{"damage_healed":0,"gold_gain":0,"player_choice":"Simplicity","damage_taken":0,"max_hp_gain":0,"max_hp_loss":9,"event_name":"betterThird:BetterWriting","floor":19,"gold_loss":0},{"cards_removed":["Defend_G"],"damage_healed":0,"gold_gain":0,"player_choice":"Gave Gold","damage_taken":0,"max_hp_gain":0,"max_hp_loss":0,"event_name":"Beggar","floor":21,"gold_loss":75},{"damage_healed":0,"gold_gain":0,"player_choice":"Inject Mutagens","damage_taken":0,"relics_obtained":["MutagenicStrength"],"max_hp_gain":0,"max_hp_loss":0,"event_name":"Drug Dealer","floor":28,"gold_loss":0},{"damage_healed":0,"gold_gain":0,"player_choice":"Obtained Book","damage_taken":16,"max_hp_gain":0,"max_hp_loss":0,"event_name":"Cursed Tome","floor":31,"gold_loss":0},{"damage_healed":0,"gold_gain":0,"player_choice":"Paid","damage_taken":0,"relics_obtained":["Red Mask"],"max_hp_gain":0,"max_hp_loss":0,"event_name":"Tomb of Lord Red Mask","floor":39,"gold_loss":370},{"cards_removed":["Strike_G"],"damage_healed":0,"gold_gain":0,"player_choice":"Removed Attack","damage_taken":0,"max_hp_gain":0,"max_hp_loss":0,"event_name":"Falling","floor":46,"gold_loss":0},{"damage_healed":0,"gold_gain":0,"player_choice":"Memory 1","damage_taken":0,"max_hp_gain":0,"max_hp_loss":0,"event_name":"SensoryStone","floor":48,"gold_loss":0}],"is_beta":false,"boss_relics":[{"not_picked":["Runic Dome","Runic Pyramid"],"picked":"Tiny House"},{"not_picked":["Empty Cage","Cursed Key"],"picked":"Philosopher\u0027s Stone"}],"items_purged_floors":[],"is_endless":false,"potions_floor_spawned":[7,10,12,16,24,29,30,36,38,41],"ascension_level":1}}