{"host":"rdkn868dy8jmb7gs","time":1613718226,"event":{"mods":["Act Like it!","Arknights","BaseMod","BetterRewards","Colored Map","Colored Powertips","Custom Start","Gensokyo","Hubris","Marisa£®ÏF”Í°°ƒß¿Ì…≥£©","Minty Spire (QoL Compilation)","Reimu£®≤©¿ˆ¡È√Œ£©","Remilia£®¿Ÿ√◊¿Ú—«£©","Replay The Spire","Spicy Shops","StSLib","The Servant 0.9.4","Youmu£®ªÍ∆«—˝√Œ£©","°æ“≈ŒÔø®≈∆°øREMEMod","ÛÙª÷∏ƒœ"],"gold_per_floor":[109,109,109,209,225,250,264,280,305,25,59,59,76,110,110,213,213,228,242,255,267,267,302,302,328,378,378,394,422,436,51,51,155,155,170,186,198,108,126,126,141,157,204,204,204,204,204,222,222,222],"floor_reached":51,"language":"ZHS","playtime":2655,"items_purged":["ats:Strike V","ats:Strike C"],"score":1477,"play_id":"16916873-29b1-4a1d-be79-473a71b61400","local_time":"20210219150346","is_ascension_mode":true,"campfire_choices":[{"data":"ats:Part Time Job","floor":15.0,"key":"SMITH"},{"data":"Heatsinks","floor":24.0,"key":"SMITH"},{"data":"ats:Literary Storm","floor":27.0,"key":"SMITH"},{"floor":32.0,"key":"DIG"},{"floor":40,"key":"DIG"},{"floor":44,"key":"DIG"},{"floor":47,"key":"DIG"},{"floor":49,"key":"DIG"}],"circlet_count":0,"master_deck":["AscendersBane","ats:Strike G","ats:Armor Crushing Shot+1","ats:Defend","ats:Defend","ats:Emotion Absorption+1","LessonLearned+1","ats:Phantom+1","ats:Literary Storm+1","ats:Overload+1","Backstab+1","ats:Soul Absorption","ats:Revitalization+1","ats:Part Time Job+1","ats:Apocalypse+1","Heatsinks+1","Double Tap+1","Footwork+1","Battle Trance+1","Gensokyo:Dawn+1","Sanctity","FiveSignsOfTheDyingDeva+1","ats:Overload+1","ats:Disruption Kick+1","Footwork+1","InherentArray:ReiMu+1","Gensokyo:CustomPotion","Double Energy+1"],"relics":["ats:Sanity","REME_ComplimentaryCards","Pear","Guide Book","Simple Rune","HandDrill","Molten Egg 2","Juzu Bracelet","hubris:SlimyHat","TungstenRod","PrismaticShard","hubris:Icosahedron","ats:Originium","Shovel","REME_HandOfSuture","Omamori","Blue Doll","Strawberry","hubris:VirtuousBlindfold","Orichalcum","Pen Nib","Bronze Scales","Whetstone","Chemical X","Replay:Baseball","Garlic","RedLine:ReiMu","PreservedInsect","Nunchaku","ats:Military Tradition","Toy Ornithopter","Counterbalance"],"acts_visited":["Exordium","Gensokyo:Gensokyo","Gensokyo:Gensokyoer"],"potions_floor_usage":[50],"damage_taken":[{"damage":8.0,"enemies":"Gensokyo:2_Kodama","floor":1.0,"turns":4.0},{"damage":0.0,"enemies":"Gensokyo:3_Fairies","floor":5.0,"turns":4.0},{"damage":10.0,"enemies":"Gensokyo:Aya","floor":6.0,"turns":4.0},{"damage":0.0,"enemies":"Gensokyo:Gryphon","floor":7.0,"turns":1.0},{"damage":0.0,"enemies":"Gensokyo:VengefulSpirit","floor":8.0,"turns":3.0},{"damage":9.0,"enemies":"Gensokyo:Mamizou","floor":11.0,"turns":8.0},{"damage":12.0,"enemies":"Gensokyo:Kitsune","floor":13.0,"turns":2.0},{"damage":23.0,"enemies":"Gensokyo:Aya","floor":14.0,"turns":6.0},{"damage":47.0,"enemies":"Gensokyo:Kokoro","floor":16.0,"turns":13.0},{"damage":5.0,"enemies":"Gensokyo:CosmicMonolith","floor":18.0,"turns":3.0},{"damage":21.0,"enemies":"Gensokyo:3_Dogs","floor":19.0,"turns":8.0},{"damage":18.0,"enemies":"Gensokyo:Slime_Group","floor":20.0,"turns":5.0},{"damage":0.0,"enemies":"Gensokyo:Wraith","floor":21.0,"turns":6.0},{"damage":30.0,"enemies":"Gensokyo:Tenshi","floor":23.0,"turns":4.0},{"damage":21.0,"enemies":"Gensokyo:Koishi","floor":25.0,"turns":8.0},{"damage":34.0,"enemies":"Gensokyo:3_Gloops","floor":28.0,"turns":6.0},{"damage":4.0,"enemies":"Gensokyo:Tenshi","floor":29.0,"turns":5.0},{"damage":20.0,"enemies":"Gensokyo:Mirror_and_Dog","floor":30.0,"turns":6.0},{"damage":26.0,"enemies":"Gensokyo:Kaguya","floor":33.0,"turns":6.0},{"damage":5,"enemies":"Gensokyo:3_Boulders","floor":35,"turns":4},{"damage":1,"enemies":"Gensokyo:3_Bats","floor":36,"turns":3},{"damage":0,"enemies":"Gensokyo:SeedOfUnknown","floor":37,"turns":5},{"damage":0,"enemies":"Gensokyo:Sharpion","floor":39,"turns":2},{"damage":0,"enemies":"Gensokyo:Dusk_and_Dawn","floor":41,"turns":4},{"damage":2,"enemies":"Gensokyo:4_Bats","floor":42,"turns":3},{"damage":0,"enemies":"Gensokyo:Sharpion","floor":48,"turns":2},{"damage":0,"enemies":"Gensokyo:Yuyuko","floor":50,"turns":2}],"seed_played":"-8562021308192715562","potions_obtained":[{"floor":5.0,"key":"Weak Potion"},{"floor":6.0,"key":"Swift Potion"},{"floor":8.0,"key":"Adrenaline Potion"},{"floor":11.0,"key":"SpeedPotion"},{"floor":16.0,"key":"ats:Emergency Sanity Potion"},{"floor":18.0,"key":"Energy Potion"},{"floor":21.0,"key":"GamblersBrew"},{"floor":28.0,"key":"ColorlessPotion"},{"floor":29.0,"key":"DuplicationPotion"},{"floor":30.0,"key":"Elixir"},{"floor":35,"key":"Energy Potion"}],"is_trial":false,"path_per_floor":["M","?","?","?","M","E","M","M","T","$","E","?","M","E","R","B",null,"M","M","M","M","?","E","R","E","T","R","M","E","M","$","R_BF","B",null,"M","M","M","?","M","R","M","M","T","R","?","?","R","M","R","B",null],"character_chosen":"DOCTOR_CLASS","items_purchased":["Pear","Guide Book","Simple Rune","ats:Phantom","HandDrill","Molten Egg 2","Juzu Bracelet","hubris:SlimyHat","TungstenRod","ats:Literary Storm","PrismaticShard","ats:Revitalization","ats:Part Time Job","Omamori","Chemical X","Replay:Baseball","ats:Overload+1"],"campfire_rested":0,"item_purchase_floors":[0,0,0,0,0,0,0,0,0,0,0,10,10,10,31,31,31],"current_hp_per_floor":[25,25,25,25,25,15,15,15,15,15,31,31,23,25,25,30,74,75,80,73,87,87,63,63,81,81,81,62,73,83,83,83,76,86,89,89,89,89,89,89,89,89,89,89,89,89,89,89,89,89],"gold":222,"neow_bonus":"","is_daily":false,"chose_seed":false,"campfire_upgraded":3,"win_rate":0.0,"timestamp":1613718226,"path_taken":["M","?","?","?","M","E","M","M","T","$","E","?","M","E","R","BOSS","M","M","M","M","?","E","R","E","T","R","M","E","M","$","R_BF","BOSS","M","M","M","?","M","R","M","M","T","R","?","?","R","M","R","BOSS"],"items_purchased_type":["Relic","Relic","Relic","Card","Relic","Relic","Relic","Relic","Relic","Card","Relic","Card","Card","Relic","Relic","Relic","Card"],"build_version":"2020-12-22","purchased_purges":2,"victory":true,"max_hp_per_floor":[82,82,82,82,82,82,82,82,82,82,82,82,82,89,89,89,89,89,89,89,89,89,89,89,89,89,89,89,89,89,89,89,89,89,89,89,89,89,89,89,89,89,89,89,89,89,89,89,89,89],"card_choices":[{"not_picked":["FlurryOfBlows+1","SashWhip+1","UltimateOffering+1"],"picked":"SKIP","floor":1.0},{"not_picked":["FantasyOfEnteringEnlightenment","BowlingBash+1","EmptyBody"],"picked":"SKIP","floor":5.0},{"not_picked":["FantasyOfEnteringEnlightenment","BowlingBash+1","EmptyBody"],"picked":"SKIP","floor":5.0},{"not_picked":["ReplayTheSpireMod:Omega Cannon+1","ats:Very Hot Blade+1"],"picked":"Backstab+1","floor":6.0},{"not_picked":["ShatteredReality+1","StarChef","Barrage+1"],"picked":"SKIP","floor":7.0},{"not_picked":["ScarletImprint+1","Fluid Movement"],"picked":"ats:Soul Absorption","floor":8.0},{"not_picked":["PhosphoricSlash+1","LearningPray:ReiMu"],"picked":"ats:Apocalypse","floor":11.0},{"not_picked":["Clothesline+1","ats:Beaten Up","Anger+1"],"picked":"SKIP","floor":13.0},{"not_picked":["Unruled+1","Purity"],"picked":"Heatsinks","floor":14.0},{"not_picked":["REME_EmptyShield","BloodyCatastrophe"],"picked":"Double Tap","floor":16.0},{"not_picked":["Dagger Throw+1","ats:Very Hot Blade+1"],"picked":"Footwork","floor":18.0},{"not_picked":["SwordOfBindingDesires","Conquer:ReiMu+1","MastersStateliness"],"picked":"SKIP","floor":19.0},{"not_picked":["Ghostly Armor","Phantasmal Killer"],"picked":"Battle Trance","floor":20.0},{"not_picked":["SealNeedle:ReiMu+1","UnstableBomb+1","EternalNight+1"],"picked":"SKIP","floor":21.0},{"not_picked":["CarveReality+1","Stack"],"picked":"Gensokyo:Dawn","floor":23.0},{"not_picked":["Defy","Auto Shields","UltimateOffering+1"],"picked":"SKIP","floor":25.0},{"not_picked":["LowerRealmReflectionSlash+1","NonDirectionalLaser+1","LovePray:ReiMu"],"picked":"SKIP","floor":28.0},{"not_picked":["Force Field","WheelKick+1"],"picked":"Sanctity","floor":29.0},{"not_picked":["ats:Flexible Camouflage","AfternoonTea"],"picked":"FiveSignsOfTheDyingDeva+1","floor":30.0},{"not_picked":["REME_PuzzleBox","MaximisePower"],"picked":"ats:Disruption Kick+1","floor":33.0},{"not_picked":["EarthLightRay+1","Protect+1"],"picked":"Footwork","floor":35},{"not_picked":["Sweeping Beam+1","EmptyBody","Heavy Blade+1"],"picked":"SKIP","floor":36},{"not_picked":["Steam","Masterful Stab+1"],"picked":"InherentArray:ReiMu+1","floor":37},{"not_picked":["Infernal Blade","KamiSacrifice:ReiMu","Sweeping Beam+1"],"picked":"SKIP","floor":39},{"not_picked":["Dreaming2:ReiMu+1","IrresoluteSoul"],"picked":"Double Energy+1","floor":41},{"not_picked":["SubcavityInstant:ReiMu","ats:Powerful Strike+1","Spin+1"],"picked":"SKIP","floor":42},{"not_picked":["ShatteredReality+1","MentalFortress","Slice+1"],"picked":"SKIP","floor":48}],"player_experience":486348,"relics_obtained":[{"floor":6.0,"key":"ats:Originium"},{"floor":6.0,"key":"Shovel"},{"floor":9.0,"key":"REME_HandOfSuture"},{"floor":11.0,"key":"ats:Originium"},{"floor":11.0,"key":"Blue Doll"},{"floor":14.0,"key":"ats:Originium"},{"floor":14.0,"key":"Strawberry"},{"floor":23.0,"key":"ats:Originium"},{"floor":23.0,"key":"Orichalcum"},{"floor":25.0,"key":"Pen Nib"},{"floor":26.0,"key":"Bronze Scales"},{"floor":29.0,"key":"Whetstone"},{"floor":32.0,"key":"Garlic"},{"floor":40,"key":"PreservedInsect"},{"floor":43,"key":"Nunchaku"},{"floor":44,"key":"ats:Military Tradition"},{"floor":47,"key":"Toy Ornithopter"},{"floor":49,"key":"Counterbalance"}],"event_choices":[],"is_beta":false,"boss_relics":[{"not_picked":["Replay:Drink Me","Abe\u0027s Treasure"],"picked":"hubris:VirtuousBlindfold"},{"not_picked":["Tiny House","hubris:RunicObelisk"],"picked":"RedLine:ReiMu"}],"items_purged_floors":[0,31],"is_endless":false,"potions_floor_spawned":[5,6,8,11,16,18,21,28,29,30,35,41,48],"ascension_level":10}}