{"host":"8nctav4lo34mnono","time":1613766219,"event":{"mods":["BaseMod","Bestiary","Highlight Path","Minty Spire (QoL Compilation)","Relic Stats","Slay the Relics Exporter"],"gold_per_floor":[214,214,226,240,67,94,113,148,148,148,41,41,68,68,68,173,173,173,6,6,6,6,6,0,0,0,0,0,0,0,0,0,0,0,0,0,0,0,0,0,0,0,0,0,0,0,0,0,0,0,0],"floor_reached":50,"language":"ENG","playtime":2941,"items_purged":["Strike_G"],"score":726,"play_id":"56e2d40c-d876-41f9-b02f-201f84886fbc","local_time":"20210219202339","is_ascension_mode":true,"campfire_choices":[{"data":"Poisoned Stab","floor":10,"key":"SMITH"},{"data":"Catalyst","floor":12,"key":"SMITH"},{"floor":15,"key":"REST"},{"floor":23,"key":"REST"},{"floor":32,"key":"REST"},{"floor":41,"key":"REST"},{"data":"Wraith Form v2","floor":49,"key":"SMITH"}],"circlet_count":0,"master_deck":["Strike_G","Strike_G","Defend_G","Defend_G","Defend_G","Defend_G","Survivor+1","Neutralize+1","Poisoned Stab+1","Quick Slash","Deadly Poison","Slice","Poisoned Stab+1","Bouncing Flask","Catalyst+1","Burst","Bane","Poisoned Stab","Bouncing Flask+1","Wraith Form v2+1","Blur","Tools of the Trade","Blur+1","Deflect+1","PiercingWail","Acrobatics+1","Blind"],"relics":["Ring of the Snake","Pantograph","Pear","Akabeko","Ectoplasm","Oddly Smooth Stone","Lantern","Paper Crane","Empty Cage","Red Mask","Bronze Scales"],"acts_visited":["Exordium","TheCity","TheBeyond"],"potions_floor_usage":[6,6,8,16,30,33,35,37,40],"damage_taken":[{"damage":0,"enemies":"2 Louse","floor":1,"turns":2},{"damage":0,"enemies":"Cultist","floor":3,"turns":3},{"damage":1,"enemies":"Jaw Worm","floor":4,"turns":3},{"damage":14,"enemies":"Lagavulin","floor":6,"turns":8},{"damage":2,"enemies":"2 Fungi Beasts","floor":7,"turns":3},{"damage":13,"enemies":"Gremlin Nob","floor":8,"turns":3},{"damage":12,"enemies":"Lagavulin","floor":13,"turns":5},{"damage":17,"enemies":"Hexaghost","floor":16,"turns":8},{"damage":14,"enemies":"Shell Parasite","floor":18,"turns":4},{"damage":0,"enemies":"Chosen","floor":20,"turns":3},{"damage":18,"enemies":"Snake Plant","floor":22,"turns":4},{"damage":28,"enemies":"Slavers","floor":25,"turns":6},{"damage":0,"enemies":"Snecko","floor":28,"turns":3},{"damage":0,"enemies":"Chosen and Byrds","floor":29,"turns":4},{"damage":5,"enemies":"Centurion and Healer","floor":30,"turns":4},{"damage":0,"enemies":"Cultist and Chosen","floor":31,"turns":4},{"damage":49,"enemies":"Champ","floor":33,"turns":12},{"damage":32,"enemies":"3 Shapes","floor":35,"turns":5},{"damage":0,"enemies":"Orb Walker","floor":36,"turns":1},{"damage":2,"enemies":"Maw","floor":37,"turns":6},{"damage":1,"enemies":"Writhing Mass","floor":39,"turns":3},{"damage":18,"enemies":"Nemesis","floor":40,"turns":5},{"damage":30,"enemies":"3 Darklings","floor":46,"turns":7},{"damage":1,"enemies":"Maw","floor":47,"turns":7},{"damage":80,"enemies":"Time Eater","floor":50,"turns":12}],"seed_played":"-31554784222081541","potions_obtained":[{"floor":3,"key":"Weak Potion"},{"floor":7,"key":"FearPotion"},{"floor":8,"key":"ColorlessPotion"},{"floor":28,"key":"ColorlessPotion"},{"floor":29,"key":"GamblersBrew"},{"floor":30,"key":"AttackPotion"},{"floor":33,"key":"FearPotion"},{"floor":35,"key":"SpeedPotion"},{"floor":36,"key":"DistilledChaos"},{"floor":46,"key":"Strength Potion"}],"is_trial":false,"path_per_floor":["M","?","M","M","$","E","M","E","T","R","$","R","E","?","R","B",null,"M","$","M","?","M","R","?","E","T","$","M","M","M","M","R","B",null,"M","M","M","?","M","E","R","?","T","?","?","M","M","$","R","B"],"character_chosen":"THE_SILENT","items_purchased":["Deadly Poison","SkillPotion","Bouncing Flask","Catalyst","Oddly Smooth Stone","Poisoned Stab"],"campfire_rested":4,"item_purchase_floors":[5,5,11,11,19,19],"current_hp_per_floor":[63,63,63,62,62,48,46,33,43,43,43,43,31,15,39,47,72,58,58,58,43,25,50,50,22,22,22,22,22,17,17,42,18,68,36,36,34,34,33,15,40,74,74,74,74,44,43,43,43,0,0],"gold":0,"neow_bonus":"HUNDRED_GOLD","is_daily":false,"chose_seed":false,"campfire_upgraded":3,"win_rate":0.0,"timestamp":1613766219,"path_taken":["M","?","M","?","$","E","M","E","T","R","?","R","E","?","R","BOSS","M","$","M","?","M","R","?","E","T","?","?","?","M","M","R","BOSS","M","M","M","?","M","E","R","?","T","?","?","?","?","?","R","BOSS"],"items_purchased_type":["Card","Potion","Card","Card","Relic","Card"],"build_version":"2020-12-22","purchased_purges":1,"victory":false,"max_hp_per_floor":[70,70,70,70,70,70,70,70,80,80,80,80,80,80,80,80,80,80,80,80,85,85,85,85,85,85,85,85,85,85,85,85,85,85,85,85,85,85,85,85,85,74,74,74,74,74,74,74,74,74,74],"relic_stats":{"counters":[25,125],"Pantograph":75,"Bronze Scales":[112],"Ectoplasm":412,"obtain_stats":[{"Lantern":25,"Pear":9,"Pantograph":8,"Bronze Scales":40,"Oddly Smooth Stone":19,"Ectoplasm":17,"Red Mask":38,"Paper Crane":26,"Empty Cage":34,"Akabeko":13,"Ring of the Snake":0},{"Lantern":12,"Pear":6,"Pantograph":6,"Bronze Scales":22,"Oddly Smooth Stone":9,"Ectoplasm":8,"Red Mask":20,"Paper Crane":12,"Empty Cage":17,"Akabeko":7,"Ring of the Snake":0},{"Lantern":52,"Pear":22,"Pantograph":22,"Bronze Scales":99,"Oddly Smooth Stone":39,"Ectoplasm":35,"Red Mask":91,"Paper Crane":52,"Empty Cage":79,"Akabeko":27,"Ring of the Snake":0}],"Ring of the Snake":[50]},"card_choices":[{"not_picked":["Sucker Punch","Cloak And Dagger"],"picked":"Poisoned Stab","floor":1},{"not_picked":["Distraction","Backstab","Envenom"],"picked":"SKIP","floor":3},{"not_picked":["Sucker Punch","Distraction"],"picked":"Quick Slash","floor":4},{"not_picked":["Eviscerate","Catalyst"],"picked":"Slice","floor":6},{"not_picked":["Underhanded Strike","Deadly Poison"],"picked":"Poisoned Stab","floor":7},{"not_picked":["A Thousand Cuts","Endless Agony","Sucker Punch"],"picked":"SKIP","floor":13},{"not_picked":["Wraith Form v2","Tools of the Trade"],"picked":"Burst","floor":16},{"not_picked":["Blade Dance","Dagger Spray"],"picked":"Bane","floor":18},{"not_picked":["Eviscerate","Heel Hook","Flying Knee+1"],"picked":"SKIP","floor":20},{"not_picked":["Dagger Spray+1","Concentrate"],"picked":"Bouncing Flask+1","floor":22},{"not_picked":["Infinite Blades","Cloak And Dagger","Endless Agony"],"picked":"SKIP","floor":25},{"not_picked":["Slice+1","Poisoned Stab+1","Outmaneuver"],"picked":"SKIP","floor":28},{"not_picked":["Slice+1","Dodge and Roll","Dagger Throw"],"picked":"SKIP","floor":29},{"not_picked":["Underhanded Strike","Dagger Spray+1"],"picked":"Wraith Form v2","floor":30},{"not_picked":["Eviscerate+1","Infinite Blades+1"],"picked":"Blur","floor":31},{"not_picked":["A Thousand Cuts","Bullet Time"],"picked":"Tools of the Trade","floor":33},{"not_picked":["Bouncing Flask","Deadly Poison"],"picked":"Blur+1","floor":35},{"not_picked":["Skewer","Expertise+1"],"picked":"Deflect+1","floor":36},{"not_picked":["Slice+1","Flechettes"],"picked":"PiercingWail","floor":37},{"not_picked":["Blade Dance","Deadly Poison","Skewer+1"],"picked":"SKIP","floor":39},{"not_picked":["Terror","Backstab+1"],"picked":"Acrobatics+1","floor":40},{"not_picked":["Violence","Mind Blast"],"picked":"Blind","floor":45},{"not_picked":["Bane","Eviscerate","Concentrate"],"picked":"SKIP","floor":46},{"not_picked":["Bane+1","Predator","Cloak And Dagger+1"],"picked":"SKIP","floor":47}],"player_experience":420844,"relics_obtained":[{"floor":8,"key":"Pantograph"},{"floor":9,"key":"Pear"},{"floor":13,"key":"Akabeko"},{"floor":25,"key":"Lantern"},{"floor":26,"key":"Paper Crane"},{"floor":40,"key":"Bronze Scales"}],"event_choices":[{"damage_healed":0,"gold_gain":0,"player_choice":"Upgraded","damage_taken":0,"max_hp_gain":0,"max_hp_loss":0,"event_name":"Upgrade Shrine","floor":2,"gold_loss":0,"cards_upgraded":["Neutralize"]},{"damage_healed":0,"gold_gain":0,"player_choice":"Entered Light","damage_taken":16,"max_hp_gain":0,"max_hp_loss":0,"event_name":"Shining Light","floor":14,"gold_loss":0,"cards_upgraded":["Survivor","Poisoned Stab"]},{"damage_healed":0,"gold_gain":0,"player_choice":"Shed Blood","damage_taken":20,"max_hp_gain":5,"max_hp_loss":0,"event_name":"Forgotten Altar","floor":21,"gold_loss":0},{"damage_healed":0,"gold_gain":0,"player_choice":"Paid Fearfully","damage_taken":0,"max_hp_gain":0,"max_hp_loss":0,"event_name":"Masked Bandits","floor":24,"gold_loss":6},{"damage_healed":0,"gold_gain":0,"player_choice":"Paid","damage_taken":0,"relics_obtained":["Red Mask"],"max_hp_gain":0,"max_hp_loss":0,"event_name":"Tomb of Lord Red Mask","floor":38,"gold_loss":0},{"damage_healed":74,"gold_gain":0,"player_choice":"Heal","damage_taken":0,"max_hp_gain":0,"max_hp_loss":11,"event_name":"The Moai Head","floor":42,"gold_loss":0},{"cards_removed":["Defend_G"],"damage_healed":0,"gold_gain":0,"player_choice":"Removed Skill","damage_taken":0,"max_hp_gain":0,"max_hp_loss":0,"event_name":"Falling","floor":44,"gold_loss":0},{"damage_healed":0,"gold_gain":0,"player_choice":"Memory 1","damage_taken":0,"max_hp_gain":0,"max_hp_loss":0,"event_name":"SensoryStone","floor":45,"gold_loss":0}],"is_beta":false,"boss_relics":[{"not_picked":["Black Star","HoveringKite"],"picked":"Ectoplasm"},{"not_picked":["Runic Pyramid","Astrolabe"],"picked":"Empty Cage"}],"items_purged_floors":[5],"is_endless":false,"potions_floor_spawned":[3,7,8,28,29,30,33,35,36,46],"killed_by":"Time Eater","ascension_level":6}}