{"host":"snczp9esof91ppiq","time":1613776288,"event":{"mods":["AchievementEnabler","BaseMod","Better Match","Better Note","Better Sensory Stone","Better Skull","Colored Map","Colored Powertips","Hermit","Minty Spire (QoL Compilation)","Relic Stats","StSLib"],"gold_per_floor":[115,134,234,250,267,267,295,305,353,353,353],"floor_reached":10,"language":"ENG","playtime":546,"items_purged":[],"score":119,"play_id":"c35443e7-898a-48a8-8f68-de92db1d5585","local_time":"20210219171128","is_ascension_mode":true,"campfire_choices":[{"data":"Impervious","floor":6,"key":"SMITH"}],"circlet_count":0,"master_deck":["AscendersBane","Strike_R","Strike_R","Strike_R","Strike_R","Strike_R","Defend_R","Defend_R","Defend_R","Defend_R","Bash","Impervious+1","Disarm","Cleave","Thunderclap","Shrug It Off","Cleave","Burning Pact"],"relics":["Burning Blood","Ancient Tea Set","MealTicket"],"acts_visited":["Exordium"],"potions_floor_usage":[4,5],"damage_taken":[{"damage":7,"enemies":"Small Slimes","floor":1,"turns":5},{"damage":10,"enemies":"Cultist","floor":2,"turns":5},{"damage":3,"enemies":"2 Louse","floor":4,"turns":3},{"damage":17,"enemies":"Large Slime","floor":5,"turns":7},{"damage":48,"enemies":"3 Sentries","floor":7,"turns":8},{"damage":6,"enemies":"3 Louse","floor":8,"turns":3},{"damage":26,"enemies":"Lagavulin","floor":10,"turns":7}],"seed_played":"-7298177941613954853","potions_obtained":[{"floor":1,"key":"BlessingOfTheForge"},{"floor":2,"key":"ColorlessPotion"}],"is_trial":false,"path_per_floor":["M","M","?","M","M","R","E","M","T","E"],"character_chosen":"IRONCLAD","items_purchased":[],"campfire_rested":0,"item_purchase_floors":[],"current_hp_per_floor":[67,63,63,66,55,55,13,13,13,0,0],"gold":353,"neow_bonus":"THREE_RARE_CARDS","is_daily":false,"chose_seed":false,"campfire_upgraded":1,"win_rate":0.0,"timestamp":1613776288,"path_taken":["M","M","?","?","?","R","E","M","T","E"],"items_purchased_type":[],"build_version":"2020-12-22","purchased_purges":0,"victory":false,"max_hp_per_floor":[68,68,68,68,68,68,68,68,68,68,68],"relic_stats":{"counters":[7,38],"MealTicket":0,"obtain_stats":[{"MealTicket":9,"Ancient Tea Set":7,"Burning Blood":0},{"MealTicket":6,"Ancient Tea Set":5,"Burning Blood":0},{"MealTicket":31,"Ancient Tea Set":28,"Burning Blood":0}],"Burning Blood":36},"card_choices":[{"not_picked":["Demon Form","Limit Break"],"picked":"Impervious","floor":0},{"not_picked":["Dropkick","Combust"],"picked":"Disarm","floor":1},{"not_picked":["Body Slam","Wild Strike"],"picked":"Cleave","floor":2},{"not_picked":["Shrug It Off","Blood for Blood"],"picked":"Thunderclap","floor":4},{"not_picked":["Flex","Armaments"],"picked":"Shrug It Off","floor":5},{"not_picked":["Sever Soul","Berserk"],"picked":"Cleave","floor":7},{"not_picked":["Twin Strike","Wild Strike"],"picked":"Burning Pact","floor":8}],"player_experience":928516,"relics_obtained":[{"floor":7,"key":"Ancient Tea Set"},{"floor":9,"key":"MealTicket"}],"event_choices":[{"damage_healed":0,"gold_gain":100,"player_choice":"Pray","damage_taken":0,"max_hp_gain":0,"max_hp_loss":0,"event_name":"Golden Shrine","floor":3,"gold_loss":0}],"is_beta":false,"boss_relics":[],"items_purged_floors":[],"is_endless":false,"potions_floor_spawned":[1,2],"killed_by":"Lagavulin","ascension_level":14}}