{"host":"lxu17chzujqn8whl","time":1613755670,"event":{"mods":["BaseMod","Minty Spire (QoL Compilation)","Relic Stats","StSLib"],"gold_per_floor":[359,382,382,393,393,428,446,446,446,113,188,203,203,213,213,310,310,330,342,342,353,369,396,411,411,411,411,411,422,432,22,22,120,120],"floor_reached":33,"language":"ENG","playtime":1036,"items_purged":["Strike_B"],"score":394,"play_id":"e26c2747-61a5-4603-a4cd-f7a74924fd2b","local_time":"20210219092750","is_ascension_mode":false,"campfire_choices":[{"data":"Streamline","floor":8,"key":"SMITH"},{"data":"Conserve Battery","floor":15,"key":"SMITH"},{"floor":25,"key":"REST"},{"data":"Sunder","floor":27,"key":"SMITH"},{"floor":32,"key":"REST"}],"circlet_count":0,"master_deck":["Strike_B","Strike_B","Strike_B","Defend_B","Defend_B","Defend_B","Defend_B","Zap","Dualcast","Sweeping Beam+1","Ball Lightning","Streamline+1","Barrage","Conserve Battery+1","Doom and Gloom","Sunder+1","Auto Shields+1","Rainbow+1","Chill+1","RitualDagger","Coolheaded+1","Hologram+1","Skim+1","Coolheaded+1","Electrodynamics"],"relics":["Cracked Core","DataDisk","Cables","Bronze Scales","Strawberry","Toxic Egg 2","Nuclear Battery","Toy Ornithopter","Shuriken","Symbiotic Virus"],"acts_visited":["Exordium","TheCity"],"potions_floor_usage":[6,16,22,22,23,24,29],"damage_taken":[{"damage":5.0,"enemies":"Cultist","floor":1.0,"turns":4.0},{"damage":3,"enemies":"Small Slimes","floor":4,"turns":2},{"damage":0,"enemies":"Gremlin Nob","floor":6,"turns":2},{"damage":6,"enemies":"Jaw Worm","floor":7,"turns":2},{"damage":0,"enemies":"Exordium Thugs","floor":12,"turns":4},{"damage":8,"enemies":"Large Slime","floor":14,"turns":3},{"damage":21,"enemies":"Hexaghost","floor":16,"turns":7},{"damage":5,"enemies":"2 Thieves","floor":18,"turns":2},{"damage":0,"enemies":"3 Byrds","floor":19,"turns":4},{"damage":12,"enemies":"Snake Plant","floor":21,"turns":3},{"damage":9,"enemies":"Shelled Parasite and Fungi","floor":22,"turns":5},{"damage":12,"enemies":"Gremlin Leader","floor":23,"turns":7},{"damage":4,"enemies":"3 Cultists","floor":24,"turns":4},{"damage":18,"enemies":"Snake Plant","floor":29,"turns":1},{"damage":0,"enemies":"Cultist and Chosen","floor":30,"turns":4},{"damage":66,"enemies":"Automaton","floor":33,"turns":11}],"seed_played":"7687930388190839465","potions_obtained":[{"floor":1.0,"key":"ColorlessPotion"},{"floor":12,"key":"SpeedPotion"},{"floor":16,"key":"EntropicBrew"},{"floor":18,"key":"Swift Potion"},{"floor":23,"key":"CultistPotion"},{"floor":29,"key":"SpeedPotion"},{"floor":33,"key":"DuplicationPotion"}],"is_trial":false,"path_per_floor":["M","T","?","M","?","E","M","R","T","$","?","M","T","M","R","B",null,"M","M","?","M","M","E","M","R","T","R","?","M","M","$","R","B"],"character_chosen":"DEFECT","items_purchased":["Conserve Battery","Strawberry","Doom and Gloom","Symbiotic Virus","Electrodynamics"],"campfire_rested":2,"item_purchase_floors":[10,10,10,31,31],"current_hp_per_floor":[70,70,70,67,67,67,61,61,61,68,57,57,57,49,49,28,82,77,77,71,59,50,38,39,63,63,63,63,50,50,50,74,8,8],"gold":120,"neow_bonus":"TWO_FIFTY_GOLD","is_daily":false,"chose_seed":false,"campfire_upgraded":3,"win_rate":0.0,"timestamp":1613755670,"path_taken":["M","?","?","M","?","E","?","R","T","$","?","M","?","?","R","BOSS","M","M","?","M","M","E","M","R","T","R","?","?","M","$","R","BOSS"],"items_purchased_type":["Card","Relic","Card","Relic","Card"],"build_version":"2020-12-22","purchased_purges":1,"victory":false,"max_hp_per_floor":[75,75,75,75,75,75,75,75,75,82,82,82,82,82,82,82,82,82,82,82,82,82,82,82,82,82,82,82,82,82,82,82,82,82],"relic_stats":{"counters":[16,65],"Shuriken":[2],"Bronze Scales":[209],"obtain_stats":[{"DataDisk":2,"Shuriken":26,"Bronze Scales":9,"Strawberry":10,"Toxic Egg 2":13,"Cracked Core":0,"Symbiotic Virus":31,"Toy Ornithopter":23,"Cables":6,"Nuclear Battery":17},{"DataDisk":1,"Shuriken":13,"Bronze Scales":4,"Strawberry":4,"Toxic Egg 2":5,"Cracked Core":0,"Symbiotic Virus":15,"Toy Ornithopter":12,"Cables":3,"Nuclear Battery":7},{"DataDisk":4,"Shuriken":49,"Bronze Scales":10,"Strawberry":10,"Toxic Egg 2":14,"Cracked Core":0,"Symbiotic Virus":54,"Toy Ornithopter":45,"Cables":8,"Nuclear Battery":24}],"Toy Ornithopter":10,"Cables":[45,22,17,4,2]},"card_choices":[{"not_picked":["Recycle","Compile Driver"],"picked":"Sweeping Beam","floor":1.0},{"not_picked":["Tempest","Go for the Eyes"],"picked":"Ball Lightning","floor":4},{"not_picked":["Scrape","Reinforced Body"],"picked":"Streamline","floor":6},{"not_picked":["Storm","Streamline"],"picked":"Barrage","floor":7},{"not_picked":["Storm","Leap"],"picked":"Sunder","floor":12},{"not_picked":["Beam Cell","Stack+1"],"picked":"Auto Shields+1","floor":14},{"not_picked":["Multi-Cast+1","Machine Learning"],"picked":"Rainbow+1","floor":16},{"not_picked":["Turbo+1","Barrage"],"picked":"Chill+1","floor":18},{"not_picked":["Lockon","Go for the Eyes+1","Reinforced Body+1"],"picked":"SKIP","floor":19},{"not_picked":["Sweeping Beam","Reprogram+1"],"picked":"Coolheaded+1","floor":21},{"not_picked":["Gash","Steam+1"],"picked":"Hologram+1","floor":22},{"not_picked":["Leap+1","Rebound","Darkness+1"],"picked":"SKIP","floor":23},{"not_picked":["Hello World","Redo+1","Rebound"],"picked":"SKIP","floor":24},{"not_picked":["Rebound","Fusion+1"],"picked":"Skim+1","floor":29},{"not_picked":["Skim+1","Steam Power+1"],"picked":"Coolheaded+1","floor":30}],"player_experience":712637,"relics_obtained":[{"floor":2.0,"key":"DataDisk"},{"floor":6,"key":"Cables"},{"floor":9,"key":"Bronze Scales"},{"floor":13,"key":"Toxic Egg 2"},{"floor":23,"key":"Toy Ornithopter"},{"floor":26,"key":"Shuriken"}],"event_choices":[{"cards_removed":["Normality"],"damage_healed":0,"gold_gain":0,"player_choice":"Forget","damage_taken":0,"max_hp_gain":0,"max_hp_loss":0,"event_name":"Living Wall","floor":3,"gold_loss":0},{"damage_healed":0,"gold_gain":0,"player_choice":"Forge","damage_taken":0,"max_hp_gain":0,"max_hp_loss":0,"event_name":"Accursed Blacksmith","floor":5,"gold_loss":0,"cards_upgraded":["Sweeping Beam"]},{"damage_healed":0,"gold_gain":75,"player_choice":"Gather Gold","damage_taken":11,"max_hp_gain":0,"max_hp_loss":0,"event_name":"World of Goop","floor":11,"gold_loss":0},{"damage_healed":0,"gold_gain":0,"player_choice":"Joined the Cult","damage_taken":6,"max_hp_gain":0,"max_hp_loss":0,"event_name":"Nest","floor":20,"gold_loss":0,"cards_obtained":["RitualDagger"]},{"damage_healed":0,"gold_gain":0,"player_choice":"Ignored","damage_taken":0,"max_hp_gain":0,"max_hp_loss":0,"event_name":"Vampires","floor":28,"gold_loss":0}],"is_beta":false,"boss_relics":[{"not_picked":["Inserter","Runic Pyramid"],"picked":"Nuclear Battery"}],"items_purged_floors":[10],"is_endless":false,"potions_floor_spawned":[1,12,16,18,23,29,33],"killed_by":"Automaton","ascension_level":0}}