{"host":"jpzdg3po3tjxdjri","time":1613766570,"event":{"mods":["BaseMod","Better Third Choice","Colored Map","Colored Powertips","Minty Spire (QoL Compilation)","StSLib"],"gold_per_floor":[119,119,69,69,80,110,110,138,161,161,192,204,219,3,3,105,155,165,181,72,86,106,132,132,157,157,185,100,135,135,153,153,253,253,266,266,266,286,42,70,95,107,191,203,215,259,271,271],"floor_reached":47,"language":"ENG","playtime":2150,"items_purged":["Strike_R","Strike_R"],"score":634,"play_id":"8c5f241d-0255-463e-b540-b8c95b1ce892","local_time":"20210219202930","is_ascension_mode":true,"campfire_choices":[{"data":"Clothesline","floor":7,"key":"SMITH"},{"floor":10,"key":"RECALL"},{"data":"Shockwave","floor":15,"key":"SMITH"},{"data":"True Grit","floor":24,"key":"SMITH"},{"data":"Feel No Pain","floor":32,"key":"SMITH"},{"data":"Evolve","floor":42,"key":"SMITH"},{"data":"Sword Boomerang","floor":45,"key":"SMITH"}],"circlet_count":0,"master_deck":["Strike_R","Defend_R","Defend_R","Defend_R","Defend_R","Bash+1","Dropkick+1","Fire Breathing","Clothesline+1","Shrug It Off+1","Carnage","Battle Trance","Shockwave+1","Inflame","Demon Form","Twin Strike","True Grit+1","Sword Boomerang+1","Pummel","Sword Boomerang+1","Clothesline","Evolve+1","Cleave+1","Burning Pact","Feel No Pain+1","Juggernaut","Seeing Red+1","Pommel Strike","Shrug It Off+1","Panacea"],"relics":["Burning Blood","Pocketwatch","Oddly Smooth Stone","Darkstone Periapt","MealTicket","Pen Nib","Red Skull","Tiny House","Bag of Marbles","Charon\u0027s Ashes","Gremlin Horn","Bag of Preparation","Blood Vial","Question Card","Mark of Pain","HandDrill","MawBank","Singing Bowl","Ancient Tea Set"],"acts_visited":["Exordium","TheCity","TheBeyond"],"potions_floor_usage":[8,18,23,40,46,47,47,47,47],"damage_taken":[{"damage":10,"enemies":"Small Slimes","floor":1,"turns":3},{"damage":8,"enemies":"2 Louse","floor":5,"turns":3},{"damage":13,"enemies":"3 Sentries","floor":6,"turns":5},{"damage":6,"enemies":"Gremlin Nob","floor":8,"turns":3},{"damage":21,"enemies":"3 Sentries","floor":11,"turns":4},{"damage":0,"enemies":"Cultist","floor":12,"turns":2},{"damage":10,"enemies":"Exordium Wildlife","floor":13,"turns":3},{"damage":31,"enemies":"Hexaghost","floor":16,"turns":8},{"damage":19,"enemies":"2 Thieves","floor":18,"turns":5},{"damage":0,"enemies":"Chosen","floor":19,"turns":5},{"damage":14,"enemies":"Snecko","floor":21,"turns":4},{"damage":12,"enemies":"Snake Plant","floor":22,"turns":3},{"damage":17,"enemies":"Book of Stabbing","floor":23,"turns":6},{"damage":21,"enemies":"Slavers","floor":25,"turns":5},{"damage":19,"enemies":"Book of Stabbing","floor":27,"turns":4},{"damage":0,"enemies":"Gremlin Leader","floor":29,"turns":4},{"damage":0,"enemies":"Centurion and Healer","floor":31,"turns":1},{"damage":24,"enemies":"Collector","floor":33,"turns":6},{"damage":11,"enemies":"Orb Walker","floor":35,"turns":4},{"damage":1,"enemies":"3 Shapes","floor":38,"turns":4},{"damage":32,"enemies":"Giant Head","floor":40,"turns":8},{"damage":14,"enemies":"Maw","floor":41,"turns":8},{"damage":50,"enemies":"Reptomancer","floor":46,"turns":4},{"damage":46,"enemies":"Writhing Mass","floor":47,"turns":3}],"seed_played":"9128178246008500870","potions_obtained":[{"floor":5,"key":"EntropicBrew"},{"floor":6,"key":"LiquidMemories"},{"floor":8,"key":"FearPotion"},{"floor":11,"key":"LiquidMemories"},{"floor":18,"key":"Explosive Potion"},{"floor":19,"key":"Energy Potion"},{"floor":25,"key":"SpeedPotion"},{"floor":33,"key":"BloodPotion"},{"floor":40,"key":"Regen Potion"}],"is_trial":false,"path_per_floor":["M","?","?","?","M","E","R","E","T","R","E","M","M","$","R","B",null,"M","M","$","M","M","E","R","E","T","E","?","E","T","M","R","B",null,"M","?","?","M","$","E","M","R","T","?","R","E","M"],"character_chosen":"IRONCLAD","items_purchased":["Inflame","Red Skull","Pummel","HandDrill"],"campfire_rested":0,"item_purchase_floors":[14,14,20,39],"current_hp_per_floor":[52,52,52,52,50,43,43,43,43,43,28,34,30,45,45,20,85,72,78,85,77,71,60,60,45,45,32,32,40,40,48,48,32,85,80,80,80,85,85,76,70,70,70,70,70,39,0,0],"gold":271,"neow_bonus":"ONE_RARE_RELIC","is_daily":false,"chose_seed":false,"campfire_upgraded":6,"win_rate":0.0,"timestamp":1613766570,"path_taken":["M","?","?","?","M","E","R","E","T","R","E","M","M","$","R","BOSS","M","M","$","?","M","E","R","E","T","E","?","E","?","?","R","BOSS","M","?","?","M","$","E","?","R","T","?","R","E","M"],"items_purchased_type":["Card","Relic","Card","Relic"],"build_version":"2020-12-22","purchased_purges":2,"victory":false,"max_hp_per_floor":[80,80,80,80,80,80,80,80,80,80,80,80,80,80,80,80,85,85,85,85,85,85,85,85,85,85,85,85,85,85,85,85,85,85,85,85,85,85,85,85,85,85,85,85,85,87,87,87],"card_choices":[{"not_picked":["Armaments","Body Slam"],"picked":"Dropkick","floor":1},{"not_picked":["Armaments","Ghostly Armor"],"picked":"Fire Breathing","floor":5},{"not_picked":["Heavy Blade","Body Slam"],"picked":"Clothesline","floor":6},{"not_picked":["Dual Wield","Infernal Blade"],"picked":"Shrug It Off","floor":8},{"not_picked":["Twin Strike","Havoc"],"picked":"Carnage","floor":11},{"not_picked":["Iron Wave","Bloodletting"],"picked":"Battle Trance","floor":12},{"not_picked":["Entrench","Blood for Blood"],"picked":"Shockwave","floor":13},{"not_picked":["Bludgeon","Impervious"],"picked":"Demon Form","floor":16},{"not_picked":["Dark Embrace","Anger"],"picked":"Twin Strike","floor":17},{"not_picked":["Rage","Power Through"],"picked":"True Grit","floor":18},{"not_picked":["Combust+1","Spot Weakness+1"],"picked":"Sword Boomerang","floor":19},{"not_picked":["Reckless Charge","Wild Strike"],"picked":"Sword Boomerang+1","floor":21},{"not_picked":["Sentinel","Armaments"],"picked":"Clothesline","floor":22},{"not_picked":["Body Slam","Iron Wave"],"picked":"Evolve","floor":23},{"not_picked":["Whirlwind","Demon Form"],"picked":"Cleave+1","floor":25},{"not_picked":["Body Slam","Clothesline","Entrench"],"picked":"SKIP","floor":27},{"not_picked":["Second Wind","Body Slam"],"picked":"Burning Pact","floor":29},{"not_picked":["Clash","True Grit","Wild Strike"],"picked":"Feel No Pain","floor":31},{"not_picked":["Reaper","Feed","Brutality"],"picked":"Juggernaut","floor":33},{"not_picked":["Iron Wave+1","Pummel","Headbutt"],"picked":"Seeing Red+1","floor":35},{"not_picked":["Rage+1","Pommel Strike+1","Heavy Blade","Thunderclap"],"picked":"SKIP","floor":38},{"not_picked":["Anger","Twin Strike+1","Burning Pact","Entrench+1"],"picked":"SKIP","floor":40},{"not_picked":["Wild Strike","Cleave+1","Twin Strike+1"],"picked":"Shrug It Off+1","floor":41},{"not_picked":["Dramatic Entrance","Jack Of All Trades","PanicButton"],"picked":"Panacea","floor":44},{"not_picked":["Spot Weakness","Sever Soul+1","Battle Trance","Warcry"],"picked":"Singing Bowl","floor":46}],"player_experience":916182,"relics_obtained":[{"floor":6,"key":"Oddly Smooth Stone"},{"floor":8,"key":"Darkstone Periapt"},{"floor":9,"key":"MealTicket"},{"floor":11,"key":"Pen Nib"},{"floor":23,"key":"Bag of Marbles"},{"floor":25,"key":"Charon\u0027s Ashes"},{"floor":26,"key":"Gremlin Horn"},{"floor":27,"key":"Bag of Preparation"},{"floor":29,"key":"Question Card"},{"floor":40,"key":"MawBank"},{"floor":43,"key":"Singing Bowl"},{"floor":46,"key":"Ancient Tea Set"}],"event_choices":[{"damage_healed":0,"gold_gain":0,"player_choice":"Grow","damage_taken":0,"max_hp_gain":0,"max_hp_loss":0,"event_name":"Living Wall","floor":2,"gold_loss":0,"cards_upgraded":["Bash"]},{"cards_removed":["Strike_R"],"damage_healed":0,"gold_gain":0,"player_choice":"Card Removal","damage_taken":0,"max_hp_gain":0,"max_hp_loss":0,"event_name":"The Cleric","floor":3,"gold_loss":50},{"damage_healed":0,"gold_gain":0,"player_choice":"Upgraded","damage_taken":0,"max_hp_gain":0,"max_hp_loss":0,"event_name":"Upgrade Shrine","floor":4,"gold_loss":0,"cards_upgraded":["Dropkick"]},{"damage_healed":0,"gold_gain":0,"player_choice":"Obtained Relic","damage_taken":0,"relics_obtained":["Blood Vial"],"max_hp_gain":0,"max_hp_loss":0,"event_name":"Addict","floor":28,"gold_loss":85},{"damage_healed":0,"gold_gain":0,"player_choice":"Ignored","damage_taken":0,"max_hp_gain":0,"max_hp_loss":0,"event_name":"Tomb of Lord Red Mask","floor":36,"gold_loss":0},{"damage_healed":0,"gold_gain":0,"cards_transformed":["Strike_R"],"player_choice":"Transformed","damage_taken":0,"max_hp_gain":0,"max_hp_loss":0,"event_name":"Transmorgrifier","floor":37,"gold_loss":0,"cards_obtained":["Pommel Strike"]},{"damage_healed":0,"gold_gain":0,"player_choice":"Memory 1","damage_taken":0,"max_hp_gain":0,"max_hp_loss":0,"event_name":"SensoryStone","floor":44,"gold_loss":0}],"is_beta":false,"boss_relics":[{"not_picked":["Astrolabe","Ectoplasm"],"picked":"Tiny House"},{"not_picked":["Philosopher\u0027s Stone","Runic Cube"],"picked":"Mark of Pain"}],"items_purged_floors":[20,39],"is_endless":false,"potions_floor_spawned":[5,6,8,11,18,19,25,27,33,35,40],"killed_by":"Writhing Mass","ascension_level":1}}