{"host":"rtw1tnr74gozsrw1","time":1613706930,"event":{"mods":["BaseMod","Colored Map","Colored Powertips","Highlight Path","Infinite Spire","Minty Spire (QoL Compilation)","StSLib","The Cursed","The Jungle"],"gold_per_floor":[112,112,37,37,53,53,79,79,131,31,31,48,65,65,65,160,160,176,51,62,77,77,77,102,0,0,19,19,19,32,32,32,32,32],"floor_reached":33,"language":"ENG","playtime":952,"items_purged":["Strike_B","Strike_B","Defend_B","Defend_B"],"score":374,"play_id":"6af01b20-95eb-443d-b621-ddc9246fbbf3","local_time":"20210219045530","is_ascension_mode":true,"campfire_choices":[{"data":"Zap","floor":6,"key":"SMITH"},{"data":"Electrodynamics","floor":8,"key":"SMITH"},{"data":"Dualcast","floor":11,"key":"SMITH"},{"data":"White Noise","floor":15,"key":"SMITH"},{"data":"Electrodynamics","floor":23,"key":"SMITH"},{"floor":32,"key":"REST"}],"circlet_count":0,"master_deck":["Zap+1","Dualcast+1","Electrodynamics+1","White Noise+1","Electrodynamics+1","Reinforced Body+1","Machine Learning+1","Hello World+1","Glacier"],"relics":["Cracked Core","NeowsBlessing","Strawberry","Happy Flower","Astrolabe","Bronze Scales","Calipers"],"acts_visited":["Exordium","TheCity"],"potions_floor_usage":[24,33,33],"damage_taken":[{"damage":0,"enemies":"Jaw Worm","floor":1,"turns":1},{"damage":0,"enemies":"Small Slimes","floor":5,"turns":1},{"damage":0,"enemies":"Gremlin Nob","floor":7,"turns":1},{"damage":0,"enemies":"2 Louse","floor":12,"turns":1},{"damage":0,"enemies":"2 Fungi Beasts","floor":13,"turns":1},{"damage":51,"enemies":"Hexaghost","floor":16,"turns":9},{"damage":0,"enemies":"Spheric Guardian","floor":18,"turns":3},{"damage":15,"enemies":"Shell Parasite","floor":20,"turns":4},{"damage":6,"enemies":"Snake Plant","floor":21,"turns":3},{"damage":18,"enemies":"Book of Stabbing","floor":24,"turns":6},{"damage":0,"enemies":"Snecko","floor":27,"turns":4},{"damage":3,"enemies":"Cultist and Chosen","floor":30,"turns":3},{"damage":20,"enemies":"Automaton","floor":33,"turns":12}],"seed_played":"9002022681803623756","potions_obtained":[{"floor":12,"key":"ColorlessPotion"},{"floor":16,"key":"SkillPotion"},{"floor":21,"key":"GamblersBrew"},{"floor":30,"key":"SpeedPotion"}],"is_trial":false,"path_per_floor":["M","?","$","?","M","R","E","R","T","$","R","M","M","$","R","B",null,"M","$","M","M","?","R","E","?","T","M","AVR","?","M","?","R","B"],"character_chosen":"DEFECT","items_purchased":[],"campfire_rested":1,"item_purchase_floors":[],"current_hp_per_floor":[68,68,68,68,68,68,75,75,75,75,75,75,75,75,75,24,68,68,68,53,47,47,47,29,29,29,29,29,56,53,53,77,57,57],"gold":32,"neow_bonus":"THREE_ENEMY_KILL","is_daily":false,"chose_seed":false,"campfire_upgraded":5,"win_rate":0.0,"timestamp":1613706930,"path_taken":["M","?","$","?","M","R","E","R","T","$","R","M","M","?","R","BOSS","M","$","M","M","?","R","E","?","T","M","AVR","?","M","?","R","BOSS"],"items_purchased_type":[],"build_version":"2020-12-22","purchased_purges":4,"victory":false,"max_hp_per_floor":[75,75,75,75,75,75,82,82,82,82,82,82,82,82,82,82,82,82,82,82,82,82,82,82,82,82,82,82,82,82,82,82,82,82],"card_choices":[{"not_picked":["Steam","Turbo","Stack"],"picked":"SKIP","floor":1},{"not_picked":["Gash","Stack","Melter"],"picked":"SKIP","floor":5},{"not_picked":["Darkness","Turbo"],"picked":"Electrodynamics","floor":7},{"not_picked":["Beam Cell","Genetic Algorithm"],"picked":"White Noise","floor":12},{"not_picked":["Stack","Coolheaded","Redo"],"picked":"SKIP","floor":13},{"not_picked":["Buffer","Fission"],"picked":"Electrodynamics","floor":16},{"not_picked":["Steam","Reprogram","Tempest"],"picked":"SKIP","floor":18},{"not_picked":["Aggregate","Ball Lightning","Redo"],"picked":"SKIP","floor":20},{"not_picked":["Hologram","Barrage","Meteor Strike"],"picked":"SKIP","floor":21},{"not_picked":["Streamline","Coolheaded","Multi-Cast"],"picked":"SKIP","floor":24},{"not_picked":["Cold Snap+1","Stack"],"picked":"Glacier","floor":27},{"not_picked":["Turbo","Undo","Reinforced Body"],"picked":"SKIP","floor":30}],"player_experience":174151,"relics_obtained":[{"floor":7,"key":"Strawberry"},{"floor":9,"key":"Happy Flower"},{"floor":24,"key":"Bronze Scales"},{"floor":26,"key":"Calipers"}],"event_choices":[{"cards_removed":["Strike_B"],"damage_healed":0,"gold_gain":0,"player_choice":"Forget","damage_taken":0,"max_hp_gain":0,"max_hp_loss":0,"event_name":"Living Wall","floor":2,"gold_loss":0},{"damage_healed":0,"gold_gain":0,"player_choice":"Ignored","damage_taken":0,"max_hp_gain":0,"max_hp_loss":0,"event_name":"Shining Light","floor":4,"gold_loss":0},{"damage_healed":0,"gold_gain":0,"player_choice":"Ignored","damage_taken":0,"max_hp_gain":0,"max_hp_loss":0,"event_name":"Cursed Tome","floor":22,"gold_loss":0},{"damage_healed":0,"gold_gain":0,"player_choice":"Paid Fearfully","damage_taken":0,"max_hp_gain":0,"max_hp_loss":0,"event_name":"Masked Bandits","floor":25,"gold_loss":102},{"damage_healed":27,"gold_gain":0,"player_choice":"Heal","damage_taken":0,"max_hp_gain":0,"max_hp_loss":0,"event_name":"The Library","floor":29,"gold_loss":0}],"is_beta":false,"boss_relics":[{"not_picked":["Inserter","Ectoplasm"],"picked":"Astrolabe"}],"items_purged_floors":[3,10,19,28],"is_endless":false,"potions_floor_spawned":[12,16,21,30],"killed_by":"Automaton","ascension_level":6}}