{"host":"x730sfaw5rd1mxd8","time":1613712557,"event":{"mods":["BaseMod","BetterRewards","Colored Powertips","Downfall","Highlight Path","Minty Spire (QoL Compilation)","Relic Sorter","Relic Stats","Reliquary","Replay The Spire","StSLib"],"gold_per_floor":[99,111,125,145,145,55,55,73,101,111,168,168,183,200,218,320,320,320,320,334,352,367,352,352,371,285,285,296,310,310,341,358,458,458,358,372,390,390,414,314,314,150,50,50,68,68,103,3,15,15,15,50,50,50,50,50],"floor_reached":57,"language":"ENG","playtime":5298,"items_purged":["Slimebound:Strike_Slimebound","Slimebound:Strike_Slimebound"],"score":1283,"play_id":"df9ab2e7-1af3-40b5-88d7-fe49e3722387","local_time":"20210219002917","is_ascension_mode":false,"campfire_choices":[{"data":"Slimebound:CorrosiveSpit","floor":1,"key":"SMITH"},{"data":"Slimebound:Dissolve","floor":12,"key":"SMITH"},{"floor":18,"key":"DIG"},{"data":"Slimebound:RainOfGoop","floor":27,"key":"SMITH"},{"data":"Slimebound:Split","floor":30,"key":"SMITH"},{"data":"Slimebound:WasteNot","floor":35,"key":"SMITH"},{"floor":40,"key":"RECALL"},{"data":"expansioncontent:DashGenerateEvil","floor":43,"key":"SMITH"},{"floor":54,"key":"REST"}],"circlet_count":0,"master_deck":["Slimebound:Tackle","Slimebound:Defend_Slimebound+1","Slimebound:Defend_Slimebound","Slimebound:Defend_Slimebound","Slimebound:Defend_Slimebound","Slimebound:Split+1","Slimebound:CorrosiveSpit+1","Slimebound:WasteNot+1","Slimebound:RainOfGoop+1","Slimebound:Dissolve+1","Slimebound:SlimeBrawl+1","Slimebound:LivingWall","Slimebound:Prepare+1","Slimebound:GrowthPunch","Slimebound:GoopSpray+1","Slimebound:Prepare+1","Slimebound:Gluttony","Slimebound:SplitMire+1","Slimebound:RejuvenatingLick+1","Slimebound:DouseInSlime+1","Slimebound:ProtectTheBoss","Slimebound:LevelUp+1","Slimebound:ViciousTackle","Slimebound:Prepare+1","Slimebound:RejuvenatingLick+1","Slimebound:OozeBath+1","Slimebound:SplitAcid+1","Slimebound:SlimeSpikes+1","Slimebound:AcidTongue+1","Slimebound:LeechLife","Slimebound:AcidTongue+1","Slimebound:SamplingLick+1","expansioncontent:DashGenerateEvil+1","Slimebound:ForwardTackle","Replay:SS_hec_1","Replay:SS_forest_2","Replay:SS_forest_2","Slimebound:SplitBruiser+1","Slimebound:SlimeSpikes+1","Slimebound:ServeAndProtect+1"],"relics":["Slimebound:AbsorbEndCombat","Toxic Egg 2","Turnip","Kunai","Sozu","War Paint","ReplayTheSpireMod:Lightbulb","Lizard Tail","Singing Bowl","Honey Jar","downfall:HeartBlessingGreen","downfall:HeartBlessingBlue","Durian","downfall:HeartBlessingRed","reliquary:Stiletto","Bronze Scales"],"acts_visited":["Exordium","TheCity","TheBeyond","TheEnding"],"potions_floor_usage":[11,11,11,55,55],"damage_taken":[{"damage":3,"enemies":"Cultist","floor":2,"turns":3},{"damage":10,"enemies":"Small Slimes","floor":3,"turns":5},{"damage":4,"enemies":"2 Louse","floor":4,"turns":2},{"damage":5,"enemies":"downfall:FleeingMerchant","floor":6,"turns":4},{"damage":3,"enemies":"Exordium Wildlife","floor":8,"turns":2},{"damage":3,"enemies":"Replay:BlueRogue","floor":9,"turns":6},{"damage":9,"enemies":"Gremlin Gang","floor":10,"turns":7},{"damage":0,"enemies":"Lagavulin Event","floor":11,"turns":4},{"damage":7,"enemies":"Large Slime","floor":13,"turns":4},{"damage":0,"enemies":"downfall:LooterAlt","floor":14,"turns":3},{"damage":0,"enemies":"Exordium Wildlife","floor":15,"turns":5},{"damage":34,"enemies":"WA_ARCHETYPE_RETAIN","floor":16,"turns":7},{"damage":23,"enemies":"Chosen","floor":20,"turns":5},{"damage":6,"enemies":"3 Byrds","floor":21,"turns":7},{"damage":11,"enemies":"3 Cultists","floor":22,"turns":5},{"damage":1,"enemies":"downfall:FleeingMerchant","floor":23,"turns":4},{"damage":0,"enemies":"Centurion and Healer","floor":25,"turns":5},{"damage":3,"enemies":"downfall:FleeingMerchant","floor":26,"turns":4},{"damage":3,"enemies":"Snake Plant","floor":28,"turns":3},{"damage":18,"enemies":"Snecko","floor":29,"turns":5},{"damage":21,"enemies":"Book of Stabbing","floor":31,"turns":3},{"damage":0,"enemies":"Cultist and Chosen","floor":32,"turns":4},{"damage":24,"enemies":"IC_MUSHROOM_ARCHETYPE","floor":33,"turns":6},{"damage":0,"enemies":"Orb Walker","floor":36,"turns":3},{"damage":5,"enemies":"3 Shapes","floor":37,"turns":4},{"damage":1,"enemies":"Jaw Worm Horde","floor":45,"turns":3},{"damage":0,"enemies":"Giant Head","floor":47,"turns":6},{"damage":34,"enemies":"Transient","floor":49,"turns":5},{"damage":47,"enemies":"DF_ARCHETYPE_ORBS","floor":50,"turns":8},{"damage":26,"enemies":"downfall:CharBossMerchant","floor":52,"turns":4},{"damage":0,"enemies":"downfall:NeowBoss","floor":55,"turns":13},{"damage":31,"enemies":"downfall:NeowBossFinal","floor":56,"turns":10}],"seed_played":"1704486349220743270","potions_obtained":[{"floor":4,"key":"SkillPotion"},{"floor":8,"key":"hexamod:SoulburnPotion"},{"floor":10,"key":"Flashbang"},{"floor":13,"key":"FairyPotion"},{"floor":15,"key":"PowerPotion"},{"floor":16,"key":"Strength Potion"}],"is_trial":false,"path_per_floor":["R","M","M","M","?","$","T","M","E","M","?","R","M","M","M","B",null,"R","?","M","M","M","$","T","M","$","R","M","M","R","E","M","B",null,"R","M","M","?","?","R","T","$","R","$","M","?","E","$","M","B",null,"E","$","R","B","B",null],"character_chosen":"SLIMEBOUND","items_purchased":["Slimebound:OozeBath+1","Lizard Tail","expansioncontent:DashGenerateEvil"],"campfire_rested":1,"item_purchase_floors":[26,26,42],"current_hp_per_floor":[65,64,56,56,56,55,55,56,59,58,64,64,60,64,65,33,65,65,65,44,46,43,50,50,54,55,55,56,40,40,23,29,11,67,67,67,67,67,67,77,82,82,82,82,84,76,86,86,86,75,86,64,64,86,86,61],"gold":50,"neow_bonus":"ONE_RANDOM_RARE_CARD","is_daily":false,"chose_seed":false,"campfire_upgraded":6,"win_rate":0.0,"timestamp":1613712557,"path_taken":["R","M","?","M","?","$","T","M","E","M","?","R","M","M","M","BOSS","R","?","M","?","M","$","T","M","$","R","M","M","R","E","M","BOSS","R","M","M","?","?","R","T","$","R","?","M","?","E","$","M","BOSS","E","$","R","BOSS","BOSS"],"items_purchased_type":["Card","Relic","Card"],"build_version":"2020-12-22","purchased_purges":2,"victory":true,"max_hp_per_floor":[65,65,65,65,65,65,65,65,65,65,65,65,65,65,65,65,65,65,65,65,65,65,65,65,65,65,65,65,65,65,65,67,67,67,67,67,67,67,67,77,82,82,82,82,84,86,86,86,86,86,86,86,86,86,86,86],"relic_stats":{"Sozu":7,"Lizard Tail":0,"Singing Bowl":6,"counters":[32,159],"Bronze Scales":[48],"Turnip":[19],"Kunai":[0],"War Paint":["Slimebound:Defend_Slimebound","Slimebound:SlimeBrawl"],"obtain_stats":[{"Singing Bowl":31,"downfall:HeartBlessingRed":43,"downfall:HeartBlessingGreen":35,"War Paint":18,"Sozu":17,"Lizard Tail":26,"downfall:HeartBlessingBlue":40,"Bronze Scales":52,"Honey Jar":34,"Turnip":9,"reliquary:Stiletto":47,"Slimebound:AbsorbEndCombat":0,"Durian":41,"Kunai":11,"Toxic Egg 2":7,"ReplayTheSpireMod:Lightbulb":24},{"Singing Bowl":21,"downfall:HeartBlessingRed":25,"downfall:HeartBlessingGreen":23,"War Paint":12,"Sozu":12,"Lizard Tail":18,"downfall:HeartBlessingBlue":25,"Bronze Scales":30,"Honey Jar":23,"Turnip":6,"reliquary:Stiletto":27,"Slimebound:AbsorbEndCombat":0,"Durian":25,"Kunai":8,"Toxic Egg 2":4,"ReplayTheSpireMod:Lightbulb":16},{"Singing Bowl":93,"downfall:HeartBlessingRed":110,"downfall:HeartBlessingGreen":103,"War Paint":52,"Sozu":52,"Lizard Tail":82,"downfall:HeartBlessingBlue":110,"Bronze Scales":136,"Honey Jar":103,"Turnip":22,"reliquary:Stiletto":119,"Slimebound:AbsorbEndCombat":0,"Durian":110,"Kunai":33,"Toxic Egg 2":14,"ReplayTheSpireMod:Lightbulb":73}]},"card_choices":[{"not_picked":["Slimebound:SlimeSpikes","Slimebound:LeechingTouch"],"picked":"Slimebound:RainOfGoop","floor":2},{"not_picked":["Slimebound:MegaLick","Slimebound:ForwardTackle"],"picked":"Slimebound:Dissolve","floor":3},{"not_picked":["Slimebound:FinishingTackle","Slimebound:SlimeBarrage"],"picked":"Slimebound:SlimeBrawl","floor":4},{"not_picked":["Slimebound:LeechingTouch","Slimebound:DisruptingSlam"],"picked":"Slimebound:LivingWall","floor":6},{"not_picked":["Slimebound:MassRepurpose+1","Slimebound:SplitMire+1"],"picked":"Slimebound:Prepare+1","floor":8},{"not_picked":["Slimebound:SpikyOuterGoop","Slimebound:GoopTackle"],"picked":"Slimebound:GrowthPunch","floor":9},{"not_picked":["Slimebound:ComboTackle","Slimebound:PressTheAttack"],"picked":"Slimebound:GoopSpray+1","floor":10},{"not_picked":["Slimebound:LeechEnergy","Slimebound:RainOfGoop+1"],"picked":"Slimebound:Prepare+1","floor":11},{"not_picked":["Slimebound:SplitBruiser+1","Slimebound:GrowthPunch"],"picked":"Slimebound:Gluttony","floor":13},{"not_picked":["Slimebound:FinishingTackle","Slimebound:ItLooksTasty"],"picked":"Slimebound:SplitMire+1","floor":14},{"not_picked":["Slimebound:SlimeSpikes+1","Slimebound:ItLooksTasty"],"picked":"Slimebound:RejuvenatingLick+1","floor":15},{"not_picked":["Slimebound:SplitBruiser+1","Slimebound:SplitMire+1"],"picked":"Slimebound:ProtectTheBoss","floor":20},{"not_picked":["Slimebound:Replication+1","Slimebound:SplitLeeching+1"],"picked":"Slimebound:LevelUp+1","floor":21},{"not_picked":["Slimebound:SamplingLick+1","Slimebound:SplitSpecialist+1"],"picked":"Slimebound:ViciousTackle","floor":22},{"not_picked":["Slimebound:GoopSpray+1","Slimebound:SplitAcid+1"],"picked":"Slimebound:Prepare+1","floor":23},{"not_picked":["Slimebound:SpikyOuterGoop","Slimebound:LeechEnergy"],"picked":"Slimebound:RejuvenatingLick+1","floor":25},{"not_picked":["Slimebound:ItLooksTasty","Slimebound:SpikyOuterGoop","Slimebound:ComboTackle+1"],"picked":"SKIP","floor":26},{"not_picked":["Slimebound:LeadByExample","Slimebound:HauntingLick+1"],"picked":"Slimebound:SplitAcid+1","floor":28},{"not_picked":["Slimebound:SlimeBrawl+1","Slimebound:LeechEnergy"],"picked":"Slimebound:SlimeSpikes+1","floor":29},{"not_picked":["Slimebound:ProtectTheBoss+1","Slimebound:BestDefense"],"picked":"Slimebound:AcidTongue+1","floor":31},{"not_picked":["Slimebound:LevelUp","Slimebound:SlimeSlap","Slimebound:ItLooksTasty"],"picked":"Singing Bowl","floor":32},{"not_picked":["Slimebound:MinionMaster","Slimebound:DuplicatedForm"],"picked":"Slimebound:LeechLife","floor":33},{"not_picked":["Slimebound:GrowthPunch","Slimebound:LivingWall+1","Slimebound:HauntingLick+1"],"picked":"Slimebound:AcidTongue+1","floor":36},{"not_picked":["Slimebound:Schlurp+1","Slimebound:BestDefense+1","Slimebound:DisruptingSlam+1"],"picked":"Slimebound:SamplingLick+1","floor":37},{"not_picked":["Slimebound:LeechEnergy+1","Slimebound:FinishingTackle","Slimebound:ForwardTackle","Slimebound:SlimeSlap"],"picked":"Singing Bowl","floor":45},{"not_picked":["Replay:SS_hec_1","expansioncontent:LastStand","Replay:SS_fish_1"],"picked":"Singing Bowl","floor":46},{"not_picked":["expansioncontent:InvincibleStrength","expansioncontent:HyperBeam"],"picked":"Replay:SS_forest_2","floor":46},{"not_picked":["expansioncontent:InvincibleStrength","Replay:SS_hec_1"],"picked":"Replay:SS_forest_2","floor":46},{"not_picked":["Slimebound:GoopTackle+1","Slimebound:LevelUp+1","Slimebound:SlimeBarrage"],"picked":"Slimebound:SplitBruiser+1","floor":47},{"not_picked":["Slimebound:FlameTackle+1","Slimebound:RollThrough+1","Slimebound:Prepare+1"],"picked":"Slimebound:SlimeSpikes+1","floor":49},{"not_picked":["Slimebound:MinionMaster","Slimebound:LeechEnergy","Slimebound:ItLooksTasty"],"picked":"Slimebound:ServeAndProtect+1","floor":52}],"player_experience":4199229,"relics_obtained":[{"floor":7,"key":"Toxic Egg 2"},{"floor":9,"key":"Turnip"},{"floor":11,"key":"Kunai"},{"floor":18,"key":"War Paint"},{"floor":24,"key":"ReplayTheSpireMod:Lightbulb"},{"floor":31,"key":"Singing Bowl"},{"floor":41,"key":"Durian"},{"floor":47,"key":"reliquary:Stiletto"},{"floor":52,"key":"Bronze Scales"}],"event_choices":[{"cards_removed":["Slimebound:Strike_Slimebound"],"damage_healed":0,"gold_gain":0,"player_choice":"Card Removal","damage_taken":0,"max_hp_gain":0,"max_hp_loss":0,"event_name":"The Cleric","floor":5,"gold_loss":0}],"is_beta":false,"boss_relics":[{"not_picked":["Abe\u0027s Treasure","Black Star"],"picked":"Sozu"},{"not_picked":["reliquary:Ember","Tiny House"],"picked":"Honey Jar"}],"items_purged_floors":[6,48],"is_endless":false,"potions_floor_spawned":[4,8,10,13,15,16,20,21,22,28,31,33,49],"ascension_level":0}}