{"host":"3qkmyeoym75lj4wn","time":1613754713,"event":{"mods":["2.2 Compatiblity","BaseMod","Block Reminder","Colored Powertips","Highlight Path","Minty Spire (QoL Compilation)","Permanent Neow","Potion Indicator Mod","Rare Cards Sparkle","Relic Stats","StSLib","Unceasing Turn Reminder"],"gold_per_floor":[115,115,131,207,207,239,239,239,239,279,294,308,308,323,323,419,419,443,368,368,384,400,440,440,39,39,39,39,75,75,75,75,75,75],"floor_reached":33,"language":"ENG","playtime":1070,"items_purged":["Strike_G"],"score":582,"play_id":"1678aeeb-255c-4c43-86b8-c2ddc19e2cc1","local_time":"20210219171153","is_ascension_mode":true,"campfire_choices":[{"data":"Die Die Die","floor":8,"key":"SMITH"},{"data":"Crippling Poison","floor":13,"key":"SMITH"},{"floor":15,"key":"REST"},{"floor":24,"key":"REST"},{"floor":27,"key":"REST"},{"data":"Wraith Form v2","floor":30,"key":"SMITH"},{"data":"Catalyst","floor":32,"key":"SMITH"}],"circlet_count":0,"master_deck":["AscendersBane","Strike_G+1","Defend_G","Defend_G","Defend_G","Defend_G","Defend_G","Survivor","Neutralize+1","Deadly Poison","Neutralize","Catalyst+1","Die Die Die+1","Dash+1","Backflip","Predator+1","Riddle With Holes+1","Crippling Poison+1","Wraith Form v2+1","Dagger Spray+1","Choke+1","Blade Dance","Blade Dance","PiercingWail+1","Blur+1","Catalyst"],"relics":["Ring of the Snake","Letter Opener","Vajra","Golden Idol","Shuriken","Molten Egg 2","Astrolabe","Gremlin Horn","Omamori","Toolbox","Bottled Lightning","Whetstone","Paper Crane"],"acts_visited":["Exordium","TheCity"],"potions_floor_usage":[6,10,18,23,33],"damage_taken":[{"damage":6.0,"enemies":"Jaw Worm","floor":1.0,"turns":5.0},{"damage":0,"enemies":"Cultist","floor":3,"turns":3},{"damage":27,"enemies":"3 Sentries","floor":6,"turns":9},{"damage":2,"enemies":"Gremlin Nob","floor":10,"turns":4},{"damage":0,"enemies":"2 Louse","floor":11,"turns":2},{"damage":0,"enemies":"Looter","floor":12,"turns":2},{"damage":13,"enemies":"Exordium Wildlife","floor":14,"turns":2},{"damage":31,"enemies":"Hexaghost","floor":16,"turns":10},{"damage":18,"enemies":"2 Thieves","floor":18,"turns":3},{"damage":3,"enemies":"Chosen","floor":21,"turns":4},{"damage":19,"enemies":"Centurion and Healer","floor":22,"turns":3},{"damage":15,"enemies":"Slavers","floor":23,"turns":3},{"damage":6,"enemies":"Gremlin Leader","floor":29,"turns":4},{"damage":52,"enemies":"Automaton","floor":33,"turns":8}],"seed_played":"5275321219251876680","potions_obtained":[{"floor":1.0,"key":"Regen Potion"},{"floor":6,"key":"Block Potion"},{"floor":16,"key":"Swift Potion"},{"floor":18,"key":"DuplicationPotion"},{"floor":21,"key":"FairyPotion"},{"floor":29,"key":"Swift Potion"}],"is_trial":false,"path_per_floor":["M","?","M","T","?","E","?","R","T","E","M","M","R","M","R","B",null,"M","?","?","M","M","E","R","$","T","R","$","E","R","?","R","B"],"character_chosen":"THE_SILENT","items_purchased":["Omamori","Toolbox"],"campfire_rested":3,"item_purchase_floors":[25,25],"current_hp_per_floor":[53,53,53,53,58,46,46,46,46,44,44,44,44,31,50,19,53,35,35,35,32,13,19,38,38,38,57,57,51,51,51,51,0,0],"gold":75,"neow_bonus":"UPGRADE_CARD","is_daily":false,"chose_seed":false,"campfire_upgraded":4,"win_rate":0.0,"timestamp":1613754713,"path_taken":["M","?","?","?","?","E","?","R","T","E","M","M","R","M","R","BOSS","M","?","?","?","M","E","R","$","T","R","$","E","R","?","R","BOSS"],"items_purchased_type":["Relic","Relic"],"build_version":"2020-12-22","purchased_purges":1,"victory":false,"max_hp_per_floor":[66,66,66,66,71,71,64,64,64,64,64,64,64,64,64,64,64,64,64,64,64,64,64,64,64,64,64,64,64,64,64,64,64,64],"relic_stats":{"Gremlin Horn":[6,6],"counters":[14,62],"Golden Idol":62,"Shuriken":[15],"Astrolabe":["Dagger Spray","Underhanded Strike","Choke"],"Letter Opener":[80],"Whetstone":["Strike_G","Dash"],"obtain_stats":[{"Gremlin Horn":23,"Golden Idol":7,"Astrolabe":17,"Vajra":6,"Omamori":25,"Letter Opener":4,"Whetstone":29,"Paper Crane":31,"Shuriken":9,"Toolbox":25,"Molten Egg 2":10,"Bottled Lightning":26,"Ring of the Snake":0},{"Gremlin Horn":12,"Golden Idol":3,"Astrolabe":8,"Vajra":3,"Omamori":12,"Letter Opener":2,"Whetstone":13,"Paper Crane":13,"Shuriken":3,"Toolbox":12,"Molten Egg 2":4,"Bottled Lightning":12,"Ring of the Snake":0},{"Gremlin Horn":50,"Golden Idol":17,"Astrolabe":37,"Vajra":17,"Omamori":50,"Letter Opener":8,"Whetstone":54,"Paper Crane":54,"Shuriken":17,"Toolbox":50,"Molten Egg 2":21,"Bottled Lightning":50,"Ring of the Snake":0}],"Ring of the Snake":[28]},"card_choices":[{"not_picked":["Acrobatics","Cloak And Dagger"],"picked":"Deadly Poison","floor":1.0},{"not_picked":["Quick Slash","Dodge and Roll"],"picked":"Dash","floor":3},{"not_picked":["Heel Hook","Dagger Throw"],"picked":"Backflip","floor":6},{"not_picked":["Quick Slash+1","Dodge and Roll"],"picked":"Predator+1","floor":10},{"not_picked":["Poisoned Stab+1","Malaise"],"picked":"Riddle With Holes+1","floor":11},{"not_picked":["Sucker Punch+1","Prepared"],"picked":"Crippling Poison","floor":12},{"not_picked":["Dagger Throw+1","Backflip","Reflex"],"picked":"SKIP","floor":14},{"not_picked":["Glass Knife+1","Unload+1"],"picked":"Wraith Form v2","floor":16},{"not_picked":["Quick Slash+1","Well Laid Plans"],"picked":"Blade Dance","floor":18},{"not_picked":["Poisoned Stab+1","Calculated Gamble"],"picked":"PiercingWail+1","floor":21},{"not_picked":["Masterful Stab+1","Flying Knee+1","Expertise+1"],"picked":"SKIP","floor":22},{"not_picked":["Well Laid Plans","Concentrate"],"picked":"Blur+1","floor":23},{"not_picked":["Flying Knee+1","Sucker Punch+1"],"picked":"Catalyst","floor":29}],"player_experience":1770256,"relics_obtained":[{"floor":4,"key":"Letter Opener"},{"floor":6,"key":"Vajra"},{"floor":9,"key":"Shuriken"},{"floor":10,"key":"Molten Egg 2"},{"floor":23,"key":"Gremlin Horn"},{"floor":26,"key":"Bottled Lightning"},{"floor":29,"key":"Whetstone"}],"event_choices":[{"damage_healed":0,"gold_gain":0,"player_choice":"3 cards matched","damage_taken":0,"max_hp_gain":0,"max_hp_loss":0,"event_name":"Match and Keep!","floor":2,"gold_loss":0,"cards_obtained":["Neutralize","Catalyst","Die Die Die"]},{"damage_healed":0,"gold_gain":0,"player_choice":"Donut","damage_taken":0,"max_hp_gain":5,"max_hp_loss":0,"event_name":"Big Fish","floor":5,"gold_loss":0},{"damage_healed":0,"gold_gain":0,"player_choice":"Lose Max HP","damage_taken":0,"relics_obtained":["Golden Idol"],"max_hp_gain":0,"max_hp_loss":7,"event_name":"Golden Idol","floor":7,"gold_loss":0},{"cards_removed":["Underhanded Strike"],"damage_healed":0,"gold_gain":0,"player_choice":"Gave Gold","damage_taken":0,"max_hp_gain":0,"max_hp_loss":0,"event_name":"Beggar","floor":19,"gold_loss":75},{"damage_healed":0,"gold_gain":0,"player_choice":"Copied","damage_taken":0,"max_hp_gain":0,"max_hp_loss":0,"event_name":"Duplicator","floor":20,"gold_loss":0,"cards_obtained":["Blade Dance"]},{"damage_healed":0,"gold_gain":0,"player_choice":"Opened","damage_taken":0,"relics_obtained":["Paper Crane"],"max_hp_gain":0,"max_hp_loss":0,"event_name":"The Mausoleum","floor":31,"gold_loss":0,"cards_obtained":["Writhe"]}],"is_beta":false,"boss_relics":[{"not_picked":["Runic Dome","Velvet Choker"],"picked":"Astrolabe"}],"items_purged_floors":[25],"is_endless":false,"potions_floor_spawned":[1,6,16,18,21,29],"killed_by":"Automaton","ascension_level":20}}