{"host":"nlbr7nnijupf3yfg","time":1613701652,"event":{"mods":["AchievementEnabler","BaseMod","BetterRewards","Card Forge","Colored Powertips","DeckTracker","Downfall","Hubris","Infinite Spire","Minty Spire (QoL Compilation)","Quick Restart","Relic Stats","Replay The Spire","Shop Mod","StSLib","SuperFastMode"],"gold_per_floor":[116,116,131,149,149,149,149],"floor_reached":6,"language":"ENG","playtime":33,"items_purged":[],"score":38,"play_id":"648b2671-c4c0-47b6-9699-0d64f7db2d65","local_time":"20210218212732","is_ascension_mode":true,"campfire_choices":[],"circlet_count":0,"master_deck":["Strike_G","Strike_G","Strike_G","Strike_G","Strike_G","Defend_G","Defend_G","Defend_G","Defend_G","Defend_G","Survivor","Neutralize","Acrobatics","Backflip"],"relics":["Ring of the Snake","Hammer of Thor","Seething Fire","Anvil of the Gods","NeowsBlessing","hubris:AncientText"],"acts_visited":["Exordium"],"potions_floor_usage":[],"damage_taken":[{"damage":0.0,"enemies":"Jaw Worm","floor":1.0,"turns":1.0},{"damage":0.0,"enemies":"Cultist","floor":3.0,"turns":1.0},{"damage":0.0,"enemies":"2 Louse","floor":4.0,"turns":1.0},{"damage":0,"enemies":"3 Sentries","floor":6,"turns":1}],"seed_played":"9066751029729042878","potions_obtained":[{"floor":1.0,"key":"Elixir"},{"floor":4.0,"key":"FearPotion"}],"is_trial":false,"path_per_floor":["M","?","M","M","?","E"],"character_chosen":"THE_SILENT","items_purchased":[],"campfire_rested":0,"item_purchase_floors":[],"current_hp_per_floor":[70,70,70,70,52,52,52],"gold":149,"neow_bonus":"THREE_ENEMY_KILL","is_daily":false,"chose_seed":false,"campfire_upgraded":0,"win_rate":0.0,"timestamp":1613701652,"path_taken":["M","?","?","M","?","E"],"items_purchased_type":[],"build_version":"2020-12-22","purchased_purges":0,"victory":false,"max_hp_per_floor":[70,70,70,70,70,70,70],"relic_stats":{"counters":[4,3],"obtain_stats":[{"NeowsBlessing":0,"Anvil of the Gods":0,"Hammer of Thor":0,"Seething Fire":0,"hubris:AncientText":5,"Ring of the Snake":0},{"NeowsBlessing":0,"Anvil of the Gods":0,"Hammer of Thor":0,"Seething Fire":0,"hubris:AncientText":3,"Ring of the Snake":0},{"NeowsBlessing":0,"Anvil of the Gods":0,"Hammer of Thor":0,"Seething Fire":0,"hubris:AncientText":3,"Ring of the Snake":0}],"Ring of the Snake":[6]},"card_choices":[{"not_picked":["Cloak And Dagger","All Out Attack"],"picked":"Acrobatics","floor":1.0},{"not_picked":["hubris:SlightOfHand","Bane","Footwork"],"picked":"SKIP","floor":3.0},{"not_picked":["Masterful Stab","Well Laid Plans"],"picked":"Backflip","floor":4.0}],"player_experience":107922,"relics_obtained":[],"event_choices":[{"damage_healed":0.0,"max_hp_gain":0.0,"max_hp_loss":0.0,"gold_gain":0.0,"event_name":"NoteForYourself","player_choice":"Ignored","floor":2.0,"gold_loss":0.0,"damage_taken":0.0},{"damage_healed":0.0,"max_hp_gain":0.0,"max_hp_loss":0.0,"gold_gain":0.0,"event_name":"Scrap Ooze","player_choice":"Success","floor":5.0,"gold_loss":0.0,"damage_taken":18.0,"relics_obtained":["hubris:AncientText"]}],"is_beta":false,"boss_relics":[],"items_purged_floors":[],"is_endless":false,"potions_floor_spawned":[1,4],"killed_by":"3 Sentries","ascension_level":1}}