{"host":"j0lq4v91luowxwha","time":1613755855,"event":{"mods":["BaseMod","Colored Powertips","Downfall","Hermit","Minty Spire (QoL Compilation)","Quick Restart","Replay The Spire","StSLib","SuperFastMode","The Cursed"],"gold_per_floor":[99,116,126,142,152,152,152,172,172,189,203,234,234,259,271,373,373,373,383,395,395,454,474,474,132,132,132,142,161,61,93,112,212,212,212,229,229,245,257,257,336,347,347,375,116,16,30,80,90,90],"floor_reached":51,"language":"ENG","playtime":3339,"items_purged":["Guardian:Defend_Guardian"],"score":690,"play_id":"5b730053-bd5e-4ac8-981e-ec4bfa867f6f","local_time":"20210219123055","is_ascension_mode":false,"campfire_choices":[{"data":"Guardian:StasisField","floor":1,"key":"SMITH"},{"data":"Guardian:ShieldCharger","floor":9,"key":"SMITH"},{"data":"Guardian:Orbwalk","floor":13,"key":"SMITH"},{"floor":18,"key":"RECALL"},{"floor":30,"key":"REST"},{"floor":35,"key":"DIG"},{"floor":40,"key":"REST"},{"floor":43,"key":"REST"},{"floor":46,"key":"REST"}],"circlet_count":0,"master_deck":["Guardian:Strike_Guardian","Guardian:Strike_Guardian","Guardian:Defend_Guardian","Guardian:CurlUp","Guardian:TwinSlam","Guardian:StasisField+1","Guardian:TemporalShield","Guardian:Recover","Guardian:Incinerate","Guardian:ShieldCharger+1","Guardian:Suspension","Guardian:Orbwalk+1","Guardian:FastForward+1","Guardian:TemporalStrike","Guardian:ExploitGems+1","Guardian:ConstructionForm+1","Guardian:VentSteam+1","Guardian:TimeBomb+1","Guardian:SentryBeam+1","Master of Strategy+1","Guardian:WalkerClaw+1","Guardian:TemporalShield+1","Guardian:TimeSifter","Guardian:Reroute","Master of Strategy+1","Secret Technique+1","Replay:Parry","Guardian:FloatingOrbs","Normality"],"relics":["Guardian:ModeShifter","ReplayTheSpireMod:Shallot","Ice Cream","Toxic Egg 2","Replay:Grab Bag","Philosopher\u0027s Stone","Fusion Hammer","Astrolabe","Mercury Hourglass","Replay:Bottled Snecko","HandDrill","downfall:HeartBlessingRed","Vajra","Sozu","Kunai","Letter Opener","Blue Candle","ReplayTheSpireMod:ShopPack","downfall:HeartBlessingGreen","Ring of Fangs","Ring of Greed","Membership Card"],"acts_visited":["Exordium","TheCity","TheBeyond"],"potions_floor_usage":[31,50],"damage_taken":[{"damage":0,"enemies":"2 Louse","floor":2,"turns":4},{"damage":1,"enemies":"Cultist","floor":3,"turns":5},{"damage":0,"enemies":"Small Slimes","floor":4,"turns":4},{"damage":6,"enemies":"Exordium Thugs","floor":5,"turns":6},{"damage":0,"enemies":"downfall:LooterAlt","floor":8,"turns":5},{"damage":12,"enemies":"Gremlin Gang","floor":10,"turns":8},{"damage":6,"enemies":"2 Fungi Beasts","floor":11,"turns":5},{"damage":25,"enemies":"Lagavulin","floor":12,"turns":12},{"damage":2,"enemies":"Gremlin Nob","floor":14,"turns":4},{"damage":2,"enemies":"Lots of Slimes","floor":15,"turns":7},{"damage":1,"enemies":"WA_ARCHETYPE_RETAIN","floor":16,"turns":13},{"damage":1,"enemies":"Chosen","floor":19,"turns":7},{"damage":0,"enemies":"Spheric Guardian","floor":20,"turns":6},{"damage":0,"enemies":"Snecko","floor":23,"turns":6},{"damage":0,"enemies":"downfall:FleeingMerchant","floor":25,"turns":4},{"damage":0,"enemies":"3 Cultists","floor":28,"turns":4},{"damage":18,"enemies":"Chosen and Byrds","floor":29,"turns":8},{"damage":24,"enemies":"Slavers","floor":31,"turns":4},{"damage":0,"enemies":"Snecko","floor":32,"turns":4},{"damage":35,"enemies":"SI_MIRROR_ARCHETYPE","floor":33,"turns":9},{"damage":17,"enemies":"Orb Walker","floor":36,"turns":4},{"damage":5,"enemies":"3 Shapes","floor":38,"turns":3},{"damage":0,"enemies":"Jaw Worm Horde","floor":39,"turns":4},{"damage":0,"enemies":"Maw","floor":42,"turns":6},{"damage":51,"enemies":"Reptomancer","floor":44,"turns":8},{"damage":3,"enemies":"downfall:FleeingMerchant","floor":45,"turns":4},{"damage":0,"enemies":"Transient","floor":47,"turns":5},{"damage":0,"enemies":"Jaw Worm Horde","floor":49,"turns":5},{"damage":24,"enemies":"IC_BLOCK_ARCHETYPE","floor":50,"turns":11}],"seed_played":"-4031541170838011344","potions_obtained":[{"floor":4,"key":"SpeedPotion"},{"floor":10,"key":"FearPotion"},{"floor":11,"key":"ColorlessPotion"},{"floor":15,"key":"Regen Potion"}],"is_trial":false,"path_per_floor":["R","M","M","M","M","?","T","M","R","M","M","E","R","E","M","B",null,"R","M","M","?","?","M","T","$","?","?","M","M","R","E","M","B",null,"R","M","?","M","M","R","T","M","R","E","$","R","M","?","M","B",null],"character_chosen":"GUARDIAN","items_purchased":["Master of Strategy+1","HandDrill","Guardian:Gem_Green","ReplayTheSpireMod:ShopPack"],"campfire_rested":4,"item_purchase_floors":[25,25,45,45],"current_hp_per_floor":[80,80,79,79,73,73,73,73,73,61,55,30,30,28,26,25,80,80,79,79,79,79,79,79,79,64,64,64,46,71,56,56,21,85,85,68,68,63,63,85,85,85,85,34,31,56,56,56,56,32],"gold":90,"neow_bonus":"ONE_RANDOM_RARE_CARD","is_daily":false,"chose_seed":false,"campfire_upgraded":3,"win_rate":0.0,"timestamp":1613755855,"path_taken":["R","M","M","M","M","?","T","M","R","M","M","E","R","E","M","BOSS","R","M","M","?","?","M","T","$","?","?","M","?","R","E","M","BOSS","R","M","?","?","M","R","T","M","R","E","$","R","M","?","M","BOSS"],"items_purchased_type":["Card","Relic","Card","Relic"],"build_version":"2020-12-22","purchased_purges":1,"victory":true,"max_hp_per_floor":[80,80,80,80,80,80,80,80,80,80,80,80,80,80,80,80,80,80,80,80,80,80,80,80,80,85,85,85,85,85,85,85,85,85,85,85,85,85,85,85,85,85,85,85,85,85,85,85,85,85],"card_choices":[{"not_picked":["Guardian:Suspension","Guardian:Gem_White"],"picked":"Guardian:TemporalShield","floor":2},{"not_picked":["Guardian:TemporalShield","Guardian:Planning"],"picked":"Guardian:Recover","floor":3},{"not_picked":["Guardian:Gem_Red","Guardian:Gem_Cyan"],"picked":"Guardian:Incinerate","floor":4},{"not_picked":["Guardian:MultiBeam","Guardian:PolyBeam","Guardian:Gem_Synthetic"],"picked":"SKIP","floor":5},{"not_picked":["Guardian:Reroute","Guardian:PrimingBeam"],"picked":"Guardian:ShieldCharger","floor":8},{"not_picked":["Guardian:MultiBeam","Guardian:ChargeCore"],"picked":"Guardian:Gem_Orange","floor":10},{"not_picked":["Guardian:ChargeCore","Guardian:PiercingHide"],"picked":"Guardian:Suspension","floor":11},{"not_picked":["Guardian:Suspension","Guardian:Gem_Cyan"],"picked":"Guardian:Orbwalk","floor":12},{"not_picked":["Guardian:SentryBeam","Guardian:ChargeCore"],"picked":"Guardian:FastForward+1","floor":14},{"not_picked":["Guardian:PolyBeam","Guardian:RollAttack"],"picked":"Guardian:TemporalStrike","floor":15},{"not_picked":["Guardian:SphericShield+1","Guardian:GemFire"],"picked":"Guardian:ExploitGems+1","floor":16},{"not_picked":["Guardian:Suspension+1","Guardian:ShieldSpikes+1"],"picked":"Guardian:TimeBomb+1","floor":19},{"not_picked":["Guardian:Reroute","Guardian:ShieldCharger+1","Guardian:TemporalStrike"],"picked":"SKIP","floor":20},{"not_picked":["Guardian:PrimingBeam","Guardian:VentSteam+1"],"picked":"Guardian:Gem_Blue","floor":22},{"not_picked":["Guardian:Gem_Purple","Guardian:SpikerProtocol","Guardian:TemporalStrike"],"picked":"SKIP","floor":23},{"not_picked":["Guardian:Gem_Blue","Guardian:HyperBeam_Guardian"],"picked":"Guardian:Gem_Yellow","floor":25},{"not_picked":["Guardian:Planning+1","Guardian:Gem_Crimson"],"picked":"Guardian:WalkerClaw+1","floor":28},{"not_picked":["Guardian:VentSteam+1","Guardian:Reroute","Guardian:BodySlam"],"picked":"SKIP","floor":29},{"not_picked":["Guardian:Reroute","Guardian:StasisStrike"],"picked":"Guardian:TemporalShield+1","floor":31},{"not_picked":["Guardian:Incinerate","Guardian:Repulse","Guardian:RollAttack"],"picked":"SKIP","floor":32},{"not_picked":["Guardian:GatlingBeam","Guardian:FastForward+1"],"picked":"Guardian:TimeSifter","floor":33},{"not_picked":["Guardian:Gem_Lightblue","Guardian:PrismaticBeam+1","Guardian:RollAttack+1"],"picked":"SKIP","floor":36},{"not_picked":["Guardian:PrimingBeam+1","Guardian:VentSteam+1"],"picked":"Guardian:Gem_Red","floor":38},{"not_picked":["Guardian:TemporalShield+1","Guardian:ShieldCharger+1"],"picked":"Guardian:Gem_Yellow","floor":39},{"not_picked":["Guardian:ChargeCore+1","Guardian:PiercingHide+1","Guardian:TimeBomb+1"],"picked":"SKIP","floor":42},{"not_picked":["Guardian:ShieldCharger+1","Guardian:TemporalShield+1"],"picked":"Guardian:Gem_Purple","floor":44},{"not_picked":["Guardian:FastForward+1","Guardian:TemporalStrike"],"picked":"Guardian:Gem_Green","floor":45},{"not_picked":["HandOfGreed","Crow Ritual"],"picked":"Master of Strategy","floor":45},{"not_picked":["Purity","Replay:Sssssssssshield"],"picked":"Secret Technique","floor":45},{"not_picked":["Dark Shackles","HandOfGreed"],"picked":"Replay:Parry","floor":45},{"not_picked":["Guardian:WalkerClaw","Guardian:Gem_Blue"],"picked":"Guardian:FloatingOrbs","floor":47},{"not_picked":["Guardian:TemporalShield+1","Guardian:Gem_Purple","Guardian:ChargeCore"],"picked":"SKIP","floor":49}],"player_experience":240015,"relics_obtained":[{"floor":7,"key":"ReplayTheSpireMod:Shallot"},{"floor":12,"key":"Ice Cream"},{"floor":14,"key":"Toxic Egg 2"},{"floor":22,"key":"Mercury Hourglass"},{"floor":24,"key":"Replay:Bottled Snecko"},{"floor":31,"key":"Vajra"},{"floor":35,"key":"Kunai"},{"floor":41,"key":"Letter Opener"},{"floor":44,"key":"Blue Candle"},{"floor":48,"key":"Ring of Fangs"},{"floor":48,"key":"Ring of Greed"},{"floor":48,"key":"Membership Card"}],"event_choices":[{"damage_healed":0,"gold_gain":0,"player_choice":"Read","damage_taken":0,"max_hp_gain":0,"max_hp_loss":0,"event_name":"The Library","floor":21,"gold_loss":0,"cards_obtained":["Guardian:SentryBeam"]}],"is_beta":false,"boss_relics":[{"not_picked":["Guardian:StasisSlotReductionRelic","Snecko Eye"],"picked":"Replay:Grab Bag"},{"not_picked":["Coffee Dripper","Velvet Choker"],"picked":"Philosopher\u0027s Stone"},{"not_picked":["ChewingGum","bronze:MakeshiftBattery"],"picked":"Fusion Hammer"},{"not_picked":["SacredBark","Pandora\u0027s Box"],"picked":"Astrolabe"},{"not_picked":["Ring of Chaos","ReplayTheSpireMod:DimensionalGlitch"],"picked":"Sozu"}],"items_purged_floors":[45],"is_endless":false,"potions_floor_spawned":[4,10,11,14,15,19,28,29,39,44,49],"ascension_level":0}}