{"host":"5tzvto3beate6p8b","time":1613752899,"event":{"mods":["BaseMod","Colored Map","Minty Spire (QoL Compilation)","StSLib","SuperFastMode"],"gold_per_floor":[117,117,8,83,83,109,109,140,140,155,165,4,4,15,15,94,94,112,0,0,0,0,0,25,25,25,75,75,36,46,62,62,140,140,150,170,188,206,223,223,248,248,300,352,365,365,376,388,388,388],"floor_reached":51,"language":"JPN","playtime":2533,"items_purged":["Strike_B"],"score":1354,"play_id":"54d3877f-37aa-49ae-93a2-16fc87a9104b","local_time":"20210220014139","is_ascension_mode":true,"campfire_choices":[{"data":"Zap","floor":7.0,"key":"SMITH"},{"data":"Defragment","floor":13.0,"key":"SMITH"},{"data":"Static Discharge","floor":15.0,"key":"SMITH"},{"data":"Self Repair","floor":23.0,"key":"SMITH"},{"floor":25.0,"key":"REST"},{"data":"Thunder Strike","floor":28.0,"key":"SMITH"},{"floor":32.0,"key":"REST"},{"floor":40.0,"key":"REST"},{"data":"Storm","floor":42.0,"key":"SMITH"},{"floor":46,"key":"REST"},{"floor":49,"key":"REST"}],"circlet_count":0,"master_deck":["AscendersBane","Strike_B","Strike_B","Defend_B","Defend_B","Defend_B","Defend_B","Zap+1","Dualcast","Hologram","Static Discharge+1","Cold Snap","Capacitor","Compile Driver","Self Repair+1","Defragment+1","Thunder Strike+1","Machine Learning","Barrage+1","Storm+1","White Noise+1","Coolheaded","Biased Cognition","Glacier","Steam Power","Barrage+1","Biased Cognition","Stack+1","White Noise","Turbo+1","Echo Form"],"relics":["FrozenCore","NeowsBlessing","Dead Branch","Blue Candle","Singing Bowl","Inserter","HornCleat","Thread and Needle","Omamori","Gambling Chip","Smiling Mask","CaptainsWheel"],"acts_visited":["Exordium","TheCity","TheBeyond"],"potions_floor_usage":[50],"damage_taken":[{"damage":0.0,"enemies":"2 Louse","floor":1.0,"turns":1.0},{"damage":0.0,"enemies":"Lagavulin","floor":6.0,"turns":1.0},{"damage":0.0,"enemies":"Gremlin Nob","floor":8.0,"turns":1.0},{"damage":3.0,"enemies":"Small Slimes","floor":10.0,"turns":3.0},{"damage":7.0,"enemies":"Jaw Worm","floor":11.0,"turns":3.0},{"damage":11.0,"enemies":"Exordium Thugs","floor":14.0,"turns":5.0},{"damage":35.0,"enemies":"Hexaghost","floor":16.0,"turns":5.0},{"damage":16.0,"enemies":"Spheric Guardian","floor":18.0,"turns":4.0},{"damage":52.0,"enemies":"Gremlin Leader","floor":24.0,"turns":7.0},{"damage":17.0,"enemies":"Shell Parasite","floor":30.0,"turns":4.0},{"damage":15.0,"enemies":"Shelled Parasite and Fungi","floor":31.0,"turns":3.0},{"damage":47.0,"enemies":"Automaton","floor":33.0,"turns":9.0},{"damage":0.0,"enemies":"Orb Walker","floor":35.0,"turns":5.0},{"damage":14.0,"enemies":"3 Darklings","floor":36.0,"turns":6.0},{"damage":30.0,"enemies":"Jaw Worm Horde","floor":37.0,"turns":7.0},{"damage":1.0,"enemies":"Sphere and 2 Shapes","floor":38.0,"turns":4.0},{"damage":17.0,"enemies":"Writhing Mass","floor":39.0,"turns":5.0},{"damage":34.0,"enemies":"Reptomancer","floor":41.0,"turns":4.0},{"damage":28.0,"enemies":"2 Orb Walkers","floor":44.0,"turns":3.0},{"damage":17,"enemies":"Jaw Worm Horde","floor":45,"turns":6},{"damage":10,"enemies":"4 Shapes","floor":47,"turns":3},{"damage":0,"enemies":"Maw","floor":48,"turns":5},{"damage":21,"enemies":"Donu and Deca","floor":50,"turns":6}],"seed_played":"-7260007531313148924","potions_obtained":[{"floor":14.0,"key":"FairyPotion"},{"floor":16.0,"key":"Dexterity Potion"},{"floor":33.0,"key":"FearPotion"},{"floor":37.0,"key":"Block Potion"},{"floor":39.0,"key":"Weak Potion"},{"floor":48,"key":"Fire Potion"}],"is_trial":false,"path_per_floor":["M","?","$","?","?","E","R","E","T","M","M","$","R","M","R","B",null,"M","?","?","$","T","R","E","R","T","?","R","$","M","M","R","B",null,"M","M","M","M","M","R","E","R","T","?","M","R","M","M","R","B",null],"character_chosen":"DEFECT","items_purchased":["Static Discharge","Cold Snap","Defragment","Storm"],"campfire_rested":5,"item_purchase_floors":[3,3,12,29],"current_hp_per_floor":[64,69,69,58,58,58,58,58,58,55,57,57,57,53,53,25,65,58,58,58,58,58,58,16,40,40,40,40,40,33,28,52,5,61,71,67,47,46,31,55,41,41,41,13,34,58,60,60,84,63],"gold":388,"neow_bonus":"THREE_ENEMY_KILL","is_daily":false,"chose_seed":false,"campfire_upgraded":6,"win_rate":0.0,"timestamp":1613752899,"path_taken":["M","?","$","?","?","E","R","E","T","M","M","$","R","M","R","BOSS","M","?","?","?","?","R","E","R","T","?","R","$","?","M","R","BOSS","M","M","M","M","M","R","E","R","T","?","M","R","M","M","R","BOSS"],"items_purchased_type":["Card","Card","Card","Card"],"build_version":"2020-12-22","purchased_purges":1,"victory":true,"max_hp_per_floor":[71,76,76,76,76,76,76,76,76,76,78,78,78,78,78,78,78,80,80,80,80,80,80,80,80,80,80,80,80,80,80,80,80,80,80,80,80,80,82,82,82,82,82,82,82,82,84,84,84,84],"card_choices":[{"not_picked":["White Noise","Ball Lightning"],"picked":"Hologram","floor":1.0},{"not_picked":["Conserve Battery","Rip and Tear"],"picked":"Capacitor","floor":6.0},{"not_picked":["Conserve Battery","Blizzard"],"picked":"Compile Driver","floor":8.0},{"not_picked":["Conserve Battery","Streamline"],"picked":"Self Repair","floor":10.0},{"not_picked":["Rebound","Compile Driver","Barrage"],"picked":"Singing Bowl","floor":11.0},{"not_picked":["Coolheaded","BootSequence"],"picked":"Thunder Strike","floor":14.0},{"not_picked":["Meteor Strike","Amplify"],"picked":"Machine Learning","floor":16.0},{"not_picked":["Rebound","Blizzard","Steam"],"picked":"Singing Bowl","floor":18.0},{"not_picked":["Storm","Compile Driver"],"picked":"Barrage+1","floor":24.0},{"not_picked":["Barrage","Capacitor"],"picked":"White Noise+1","floor":30.0},{"not_picked":["Hologram","Leap"],"picked":"Coolheaded","floor":31.0},{"not_picked":["Creative AI","Thunder Strike"],"picked":"Biased Cognition","floor":33.0},{"not_picked":["Ball Lightning","Coolheaded"],"picked":"Glacier","floor":35.0},{"not_picked":["BootSequence","Auto Shields"],"picked":"Steam Power","floor":36.0},{"not_picked":["Conserve Battery+1","Coolheaded+1"],"picked":"Barrage+1","floor":37.0},{"not_picked":["Leap","Capacitor"],"picked":"Biased Cognition","floor":38.0},{"not_picked":["Scrape+1","Sweeping Beam","Darkness"],"picked":"Singing Bowl","floor":39.0},{"not_picked":["Chaos","Ball Lightning+1"],"picked":"Stack+1","floor":41.0},{"not_picked":["Redo","Ball Lightning"],"picked":"White Noise","floor":44.0},{"not_picked":["FTL","Stack"],"picked":"Turbo+1","floor":45},{"not_picked":["Gash","Barrage","Go for the Eyes"],"picked":"Singing Bowl","floor":47},{"not_picked":["Reinforced Body","Steam+1"],"picked":"Echo Form","floor":48}],"player_experience":804716,"relics_obtained":[{"floor":6.0,"key":"Dead Branch"},{"floor":8.0,"key":"Blue Candle"},{"floor":9.0,"key":"Singing Bowl"},{"floor":22.0,"key":"HornCleat"},{"floor":24.0,"key":"Thread and Needle"},{"floor":26.0,"key":"Omamori"},{"floor":41.0,"key":"Gambling Chip"},{"floor":43.0,"key":"Smiling Mask"},{"floor":44.0,"key":"CaptainsWheel"}],"event_choices":[{"damage_healed":0.0,"max_hp_gain":5.0,"max_hp_loss":0.0,"gold_gain":0.0,"event_name":"Big Fish","player_choice":"Donut","floor":2.0,"gold_loss":0.0,"damage_taken":0.0},{"damage_healed":0.0,"max_hp_gain":0.0,"max_hp_loss":0.0,"gold_gain":75.0,"event_name":"World of Goop","player_choice":"Gather Gold","floor":4.0,"gold_loss":0.0,"damage_taken":11.0},{"cards_removed":["Strike_B"],"damage_healed":0.0,"max_hp_gain":0.0,"max_hp_loss":0.0,"gold_gain":0.0,"event_name":"Purifier","player_choice":"Purged","floor":5.0,"gold_loss":0.0,"damage_taken":0.0},{"damage_healed":0.0,"max_hp_gain":0.0,"max_hp_loss":0.0,"gold_gain":0.0,"event_name":"Masked Bandits","player_choice":"Paid Fearfully","floor":19.0,"gold_loss":112.0,"damage_taken":0.0},{"damage_healed":0.0,"max_hp_gain":0.0,"max_hp_loss":0.0,"gold_gain":0.0,"event_name":"Ghosts","player_choice":"Ignored","floor":20.0,"gold_loss":0.0,"damage_taken":0.0},{"damage_healed":0.0,"max_hp_gain":0.0,"max_hp_loss":0.0,"gold_gain":50.0,"event_name":"Nest","player_choice":"Stole From Cult","floor":27.0,"gold_loss":0.0,"damage_taken":0.0},{"damage_healed":0.0,"max_hp_gain":0.0,"max_hp_loss":0.0,"gold_gain":0.0,"event_name":"Mysterious Sphere","player_choice":"Fight","floor":44.0,"gold_loss":0.0,"damage_taken":0.0}],"is_beta":false,"boss_relics":[{"not_picked":["Sozu","Black Star"],"picked":"Inserter"},{"not_picked":["SacredBark","Velvet Choker"],"picked":"FrozenCore"}],"items_purged_floors":[12],"is_endless":false,"potions_floor_spawned":[14,16,31,33,35,37,39,48],"ascension_level":17}}