{"host":"r5cycnjhcbwgkpkf","time":1613757612,"event":{"mods":["2.2 Compatiblity","AchievementEnabler","BaseMod","Bestiary","Better Altar","Better Match","Better Note","Better Skull","Better Third Choice","BetterRewards","Colored Map","Colored Powertips","Infinite Spire","Minty Spire (QoL Compilation)","Reliquary","Replay The Spire","Spicy Shops","StSLib"],"gold_per_floor":[119,84,84,84,84,84,49,49,49,68,83,83,126,126,126,254,254,268,282,282,94,109,152,152,166,190,190,190,204,224,260,260,388,388,407,387,405,425,12,12,12,35,35,35,90,90,113,129,129,129,129],"floor_reached":50,"language":"ENG","playtime":3270,"items_purged":["Strike_P","Defend_P"],"score":935,"play_id":"daae9a76-8db7-4d01-847d-6f384f946233","local_time":"20210219100012","is_ascension_mode":true,"campfire_choices":[{"data":"Eruption","floor":6.0,"key":"SMITH"},{"data":"WreathOfFlame","floor":8.0,"key":"SMITH"},{"data":"Crescendo","floor":12.0,"key":"SMITH"},{"data":"Adaptation","floor":15.0,"key":"SMITH"},{"data":"Vault","floor":24.0,"key":"SMITH"},{"data":"TalkToTheHand","floor":32.0,"key":"SMITH"},{"data":"Wish","floor":40.0,"key":"SMITH"},{"data":"Vigilance","floor":44.0,"key":"SMITH"},{"data":"FollowUp","floor":46,"key":"SMITH"},{"data":"Evaluate","floor":49,"key":"SMITH"}],"circlet_count":0,"master_deck":["Defend_P","Defend_P+1","Defend_P","Eruption+1","Vigilance+1","FollowUp+1","Crescendo+1","Adaptation+1","EmptyFist","Protect+1","TalkToTheHand+1","WreathOfFlame+1","Vault+1","SandsOfTime","Bite","Bite","Bite","Bite","Bite","Consecrate","Evaluate","Evaluate+1","BattleHymn","Wish+1","Hallucinations","Writhe"],"relics":["HolyWater","Lantern","Singing Bowl","reliquary:Stiletto","ReplayTheSpireMod:TigerMarble","Golden Idol","Matryoshka","reliquary:SharkskinSheath","infinitespire:ShieldingShard","Cursed Key","Blood Vial","reliquary:QuartzCube","Bag of Preparation","reliquary:PartyBalloon","Iron Hammer","reliquary:CitrusReamer","Replay:Purple Gloves","Bottled Flame","Pocketwatch"],"acts_visited":["Exordium","TheCity","TheBeyond"],"potions_floor_usage":[45,50,50,50],"damage_taken":[{"damage":0.0,"enemies":"Small Slimes","floor":1.0,"turns":3.0},{"damage":0.0,"enemies":"2 Louse","floor":10.0,"turns":2.0},{"damage":0.0,"enemies":"Jaw Worm","floor":11.0,"turns":2.0},{"damage":7.0,"enemies":"Lagavulin","floor":13.0,"turns":7.0},{"damage":42.0,"enemies":"Fading Forest","floor":16.0,"turns":11.0},{"damage":12.0,"enemies":"Shell Parasite","floor":18.0,"turns":5.0},{"damage":0.0,"enemies":"Spheric Guardian","floor":19.0,"turns":1.0},{"damage":0.0,"enemies":"3 Cultists","floor":22.0,"turns":6.0},{"damage":6.0,"enemies":"Slavers","floor":23.0,"turns":7.0},{"damage":11.0,"enemies":"Centurion and Healer","floor":25.0,"turns":5.0},{"damage":0.0,"enemies":"Snecko","floor":29.0,"turns":3.0},{"damage":0.0,"enemies":"3 Cultists","floor":30.0,"turns":5.0},{"damage":20.0,"enemies":"Replay:Snechameleon","floor":31.0,"turns":9.0},{"damage":151.0,"enemies":"Automaton","floor":33.0,"turns":10.0},{"damage":0.0,"enemies":"3 Darklings","floor":35.0,"turns":4.0},{"damage":6.0,"enemies":"3 Shapes","floor":37.0,"turns":5.0},{"damage":1.0,"enemies":"Spire Growth","floor":38.0,"turns":4.0},{"damage":0.0,"enemies":"Sphere and 2 Shapes","floor":42.0,"turns":4.0},{"damage":2,"enemies":"Writhing Mass","floor":45,"turns":7},{"damage":0,"enemies":"Spire Growth","floor":47,"turns":5},{"damage":13,"enemies":"3 Darklings","floor":48,"turns":4},{"damage":80,"enemies":"Awakened One","floor":50,"turns":4}],"seed_played":"6963177737850328868","potions_obtained":[{"floor":10.0,"key":"FairyPotion"},{"floor":11.0,"key":"Swift Potion"},{"floor":16.0,"key":"AttackPotion"},{"floor":23.0,"key":"BlessingOfTheForge"},{"floor":33.0,"key":"Energy Potion"},{"floor":35.0,"key":"SteroidPotion"},{"floor":36.0,"key":"SpeedPotion"},{"floor":38.0,"key":"AttackPotion"},{"floor":48,"key":"CultistPotion"}],"is_trial":false,"path_per_floor":["M","?","?","?","?","R","$","R","T","M","M","R","E","?","R","B",null,"M","M","?","$","M","E","R","M","T","?","?","M","M","E","R","B",null,"M","?","M","M","$","R","T","M","T","R","M","R","M","M","R","B"],"character_chosen":"WATCHER","items_purchased":["Lantern","Singing Bowl","FollowUp","reliquary:Stiletto","Crescendo","Adaptation","EmptyFist","ReplayTheSpireMod:TigerMarble","Protect+1","Fire Potion","WreathOfFlame","Consecrate","Evaluate","Iron Hammer","reliquary:CitrusReamer"],"campfire_rested":0,"item_purchase_floors":[0,0,0,0,0,0,0,0,0,0,7,21,21,39,39],"current_hp_per_floor":[37,55,55,55,55,55,55,55,55,57,59,59,54,54,54,20,60,48,50,50,50,54,56,56,47,47,47,47,60,62,55,55,17,51,63,63,65,68,68,68,68,70,70,70,72,72,74,67,67,0,0],"gold":129,"neow_bonus":"","is_daily":false,"chose_seed":false,"campfire_upgraded":10,"win_rate":0.0,"timestamp":1613757612,"path_taken":["M","?","?","?","?","R","?","R","T","?","M","R","E","?","R","BOSS","M","M","?","$","M","E","R","M","T","?","?","M","?","E","R","BOSS","M","?","M","M","?","R","?","M","T","R","M","R","?","M","R","BOSS"],"items_purchased_type":["Relic","Relic","Card","Relic","Card","Card","Card","Relic","Card","Potion","Card","Card","Card","Relic","Relic"],"build_version":"2020-12-22","purchased_purges":2,"victory":false,"max_hp_per_floor":[72,72,72,72,67,67,67,67,67,69,71,71,73,73,73,73,73,73,75,52,52,54,56,56,58,58,58,58,60,62,62,62,62,62,64,64,66,68,68,68,68,70,70,70,72,72,74,76,76,76,76],"card_choices":[{"not_picked":["Replay:BluntJabs","CutThroughFate"],"picked":"TalkToTheHand","floor":1.0},{"not_picked":["Prostrate","Protect","CrushJoints"],"picked":"Singing Bowl","floor":10.0},{"not_picked":["EmptyBody","Replay:BluntJabs","FollowUp"],"picked":"Singing Bowl","floor":11.0},{"not_picked":["Wallop","CarveReality","Replay:ManipulateFuture"],"picked":"Singing Bowl","floor":13.0},{"not_picked":["DevaForm","MasterReality"],"picked":"Vault","floor":16.0},{"not_picked":["EmptyBody","Worship+1"],"picked":"SandsOfTime","floor":18.0},{"not_picked":["Crescendo","Adaptation","EmptyBody"],"picked":"Singing Bowl","floor":19.0},{"not_picked":["ClearTheMind","Consecrate","Crescendo"],"picked":"Singing Bowl","floor":22.0},{"not_picked":["Replay:DivineShield","JustLucky+1","Consecrate"],"picked":"Singing Bowl","floor":23.0},{"not_picked":["Replay:DivineShield+1","EmptyFist","Prostrate"],"picked":"Singing Bowl","floor":25.0},{"not_picked":["Swivel","Scrawl","Sanctity+1"],"picked":"Singing Bowl","floor":29.0},{"not_picked":["Adaptation","SignatureMove","DeceiveReality+1"],"picked":"Singing Bowl","floor":30.0},{"not_picked":["Prostrate","Meditate"],"picked":"BattleHymn","floor":31.0},{"not_picked":["SpiritShield","MasterReality"],"picked":"Wish","floor":33.0},{"not_picked":["WaveOfTheHand","Perseverance","Replay:Anticipation"],"picked":"Singing Bowl","floor":35.0},{"not_picked":["FlyingSleeves+1","Replay:BluntJabs+1","Pray+1"],"picked":"Singing Bowl","floor":37.0},{"not_picked":["ThirdEye","Wireheading","Weave+1"],"picked":"Singing Bowl","floor":38.0},{"not_picked":["ForeignInfluence+1","FlurryOfBlows","JustLucky"],"picked":"Singing Bowl","floor":42.0},{"not_picked":["Replay:ManipulateFuture","FlyingSleeves+1","Scrawl"],"picked":"Singing Bowl","floor":45},{"not_picked":["Weave","CrushJoints","EmptyFist"],"picked":"Singing Bowl","floor":47},{"not_picked":["Replay:ManipulateFuture","FollowUp+1","InnerPeace"],"picked":"Singing Bowl","floor":48}],"player_experience":429951,"relics_obtained":[{"floor":9.0,"key":"Matryoshka"},{"floor":13.0,"key":"reliquary:SharkskinSheath"},{"floor":23.0,"key":"Blood Vial"},{"floor":26.0,"key":"reliquary:QuartzCube"},{"floor":26.0,"key":"Bag of Preparation"},{"floor":31.0,"key":"reliquary:PartyBalloon"},{"floor":41.0,"key":"reliquary:FerryPass"},{"floor":41.0,"key":"Replay:Purple Gloves"},{"floor":43.0,"key":"Bottled Flame"},{"floor":45,"key":"Pocketwatch"}],"event_choices":[{"damage_healed":18.0,"max_hp_gain":0.0,"max_hp_loss":0.0,"gold_gain":0.0,"event_name":"The Cleric","player_choice":"Healed","floor":2.0,"gold_loss":35.0,"damage_taken":0.0},{"damage_healed":0.0,"max_hp_gain":0.0,"max_hp_loss":0.0,"gold_gain":1.0,"event_name":"betterThird:BetterScrap","player_choice":"LEAVE","floor":3.0,"gold_loss":0.0,"damage_taken":0.0,"cards_obtained":["Dual Wield"]},{"damage_healed":0.0,"max_hp_gain":0.0,"max_hp_loss":5.0,"gold_gain":0.0,"event_name":"Golden Idol","player_choice":"Lose Max HP","floor":5.0,"gold_loss":0.0,"damage_taken":0.0,"relics_obtained":["Golden Idol"]},{"damage_healed":0.0,"max_hp_gain":0.0,"max_hp_loss":0.0,"gold_gain":0.0,"event_name":"Dead Adventurer","player_choice":"Searched \u00272\u0027 times","floor":14.0,"gold_loss":0.0,"damage_taken":0.0,"relics_obtained":["infinitespire:ShieldingShard"]},{"damage_healed":0.0,"max_hp_gain":0.0,"max_hp_loss":23.0,"gold_gain":0.0,"event_name":"Vampires","player_choice":"Became a vampire","floor":20.0,"gold_loss":0.0,"damage_taken":0.0,"cards_obtained":["Bite","Bite","Bite","Bite","Bite"]},{"damage_healed":0.0,"max_hp_gain":0.0,"max_hp_loss":0.0,"gold_gain":0.0,"event_name":"Ghosts","player_choice":"Ignored","floor":27.0,"gold_loss":0.0,"damage_taken":0.0},{"cards_removed":["Sickly"],"damage_healed":0.0,"max_hp_gain":0.0,"max_hp_loss":0.0,"gold_gain":0.0,"event_name":"Fountain of Cleansing","player_choice":"Removed Curses","floor":28.0,"gold_loss":0.0,"damage_taken":0.0},{"damage_healed":0.0,"max_hp_gain":0.0,"max_hp_loss":0.0,"gold_gain":0.0,"event_name":"The Woman in Blue","player_choice":"Bought 1 Potion","floor":36.0,"gold_loss":0.0,"damage_taken":0.0}],"is_beta":false,"boss_relics":[{"not_picked":["Ectoplasm","reliquary:Craggleroot"],"picked":"Cursed Key"},{"not_picked":["Philosopher\u0027s Stone","Ring of Chaos"],"picked":"HolyWater"}],"items_purged_floors":[0,21],"is_endless":false,"potions_floor_spawned":[10,11,16,22,23,25,33,35,38,48],"killed_by":"Awakened One","ascension_level":8}}