{"host":"f5n4tidiz2n5sooh","time":1613715287,"event":{"mods":["BaseMod","Colored Map","Minty Spire (QoL Compilation)","Relic Stats","StSLib"],"gold_per_floor":[115,128,128,128,144,144,175,175,175,191,191,223,240,257,257,257,257],"floor_reached":16,"language":"ENG","playtime":598,"items_purged":[],"score":274,"play_id":"b4002d7a-17ba-449d-aa0c-d5b538d16c22","local_time":"20210219001447","is_ascension_mode":true,"campfire_choices":[{"data":"Cold Snap","floor":6,"key":"SMITH"},{"data":"Core Surge","floor":8,"key":"SMITH"},{"data":"Sweeping Beam","floor":11,"key":"SMITH"},{"data":"Stack","floor":15,"key":"SMITH"}],"circlet_count":0,"master_deck":["AscendersBane","Strike_B+1","Strike_B","Strike_B","Strike_B","Defend_B","Defend_B","Defend_B","Defend_B","Zap","Dualcast","Melter+1","Cold Snap+1","Glacier","Core Surge+1","Sweeping Beam+1","Stack+1"],"relics":["Cracked Core","Meat on the Bone","Pen Nib","Lantern"],"acts_visited":["Exordium"],"potions_floor_usage":[7,12,16],"damage_taken":[{"damage":2,"enemies":"Jaw Worm","floor":1,"turns":3},{"damage":15,"enemies":"Small Slimes","floor":2,"turns":3},{"damage":0,"enemies":"Cultist","floor":5,"turns":3},{"damage":7,"enemies":"3 Sentries","floor":7,"turns":5},{"damage":6,"enemies":"Blue Slaver","floor":10,"turns":3},{"damage":0,"enemies":"Lagavulin","floor":12,"turns":4},{"damage":2,"enemies":"2 Fungi Beasts","floor":13,"turns":2},{"damage":8,"enemies":"Exordium Wildlife","floor":14,"turns":3},{"damage":44,"enemies":"The Guardian","floor":16,"turns":13}],"seed_played":"-6351140367684266554","potions_obtained":[{"floor":4,"key":"SpeedPotion"},{"floor":4,"key":"Explosive Potion"},{"floor":7,"key":"LiquidMemories"},{"floor":10,"key":"EssenceOfDarkness"}],"is_trial":false,"path_per_floor":["M","M","?","?","M","R","E","R","T","M","R","E","M","M","R","B"],"character_chosen":"DEFECT","items_purchased":[],"campfire_rested":0,"item_purchase_floors":[],"current_hp_per_floor":[69,54,31,31,31,31,24,24,24,30,30,42,40,44,44,0,0],"gold":257,"neow_bonus":"TEN_PERCENT_HP_BONUS","is_daily":false,"chose_seed":false,"campfire_upgraded":4,"win_rate":0.0,"timestamp":1613715287,"path_taken":["M","M","?","?","M","R","E","R","T","M","R","E","M","M","R","BOSS"],"items_purchased_type":[],"build_version":"2020-12-22","purchased_purges":0,"victory":false,"max_hp_per_floor":[78,78,78,78,78,78,78,78,78,78,78,78,78,78,78,78,78],"relic_stats":{"counters":[9,39],"Pen Nib":[3],"obtain_stats":[{"Lantern":12,"Pen Nib":9,"Cracked Core":0,"Meat on the Bone":7},{"Lantern":6,"Pen Nib":4,"Cracked Core":0,"Meat on the Bone":4},{"Lantern":21,"Pen Nib":14,"Cracked Core":0,"Meat on the Bone":14}],"Meat on the Bone":36},"card_choices":[{"not_picked":["Turbo","FTL"],"picked":"Melter","floor":1},{"not_picked":["Darkness","Leap"],"picked":"Cold Snap","floor":2},{"not_picked":["Gash","Sweeping Beam"],"picked":"Glacier","floor":5},{"not_picked":["Redo","Rebound"],"picked":"Core Surge","floor":7},{"not_picked":["Gash","Steam"],"picked":"Sweeping Beam","floor":10},{"not_picked":["Darkness","Thunder Strike","Lockon"],"picked":"SKIP","floor":12},{"not_picked":["Gash","Steam"],"picked":"Stack","floor":13},{"not_picked":["Chaos","BootSequence","Go for the Eyes"],"picked":"SKIP","floor":14}],"player_experience":2060272,"relics_obtained":[{"floor":7,"key":"Meat on the Bone"},{"floor":9,"key":"Pen Nib"},{"floor":12,"key":"Lantern"}],"event_choices":[{"damage_healed":0,"gold_gain":0,"player_choice":"Entered Light","damage_taken":23,"max_hp_gain":0,"max_hp_loss":0,"event_name":"Shining Light","floor":3,"gold_loss":0,"cards_upgraded":["Melter","Strike_B"]},{"damage_healed":0,"gold_gain":0,"player_choice":"Got Potions","damage_taken":0,"max_hp_gain":0,"max_hp_loss":0,"event_name":"Lab","floor":4,"gold_loss":0}],"is_beta":false,"boss_relics":[],"items_purged_floors":[],"is_endless":false,"potions_floor_spawned":[5,7,10],"killed_by":"The Guardian","ascension_level":20}}