{"host":"3j24k6gtmfx6ynrk","time":1613767886,"event":{"mods":["AchievementEnabler","BaseMod","Block Reminder","Colored Powertips","Highlight Path","Minty Spire (QoL Compilation)","Quick Restart","Rare Cards Sparkle","StSLib"],"gold_per_floor":[11,11,11,11,26,52,52,65,65,85,102,102,114,142,142,245,245,258,273,283,283,315,340,340,353,353,367,292,68,88,187,187,284,284,295,295,517,173,185,185,214,230,280,280,298,328,328,342,342,342,342,342,79,107,107,107],"floor_reached":55,"language":"DEU","playtime":5660,"items_purged":["Strike_B","Defend_B"],"score":809,"play_id":"5c90395a-619b-4656-bdbc-07cc6238ba76","local_time":"20210219215126","is_ascension_mode":false,"campfire_choices":[{"floor":7.0,"key":"REST"},{"data":"Self Repair","floor":12.0,"key":"SMITH"},{"data":"Glacier","floor":15.0,"key":"SMITH"},{"floor":24.0,"key":"RECALL"},{"data":"Zap","floor":32.0,"key":"SMITH"},{"data":"Defragment","floor":40.0,"key":"SMITH"},{"data":"Buffer","floor":44,"key":"SMITH"},{"data":"Echo Form","floor":49,"key":"SMITH"},{"data":"Coolheaded","floor":52,"key":"SMITH"}],"circlet_count":0,"master_deck":["Strike_B+1","Defend_B","Zap+1","Dualcast+1","Skim","Sunder+1","Tempest","Glacier+1","Chill","Self Repair+1","Auto Shields","FTL","Conserve Battery","Electrodynamics","Glacier","Barrage+1","Chaos","Hologram+1","Doom and Gloom","BootSequence+1","Buffer+1","Coolheaded+1","Echo Form+1","Reinforced Body","Self Repair","Leap","Defragment+1","Conserve Battery+1","Coolheaded+1","Barrage+1","Seek"],"relics":["Cracked Core","Ice Cream","Unceasing Top","Toy Ornithopter","Inserter","Mummified Hand","Red Mask","Mercury Hourglass","Gremlin Horn","PreservedInsect","SacredBark","Pen Nib","Strawberry","Omamori","War Paint"],"acts_visited":["Exordium","TheCity","TheBeyond","TheEnding"],"potions_floor_usage":[55,55,55],"damage_taken":[{"damage":5.0,"enemies":"Cultist","floor":1.0,"turns":4.0},{"damage":3.0,"enemies":"2 Louse","floor":5.0,"turns":3.0},{"damage":21.0,"enemies":"3 Sentries","floor":6.0,"turns":6.0},{"damage":1.0,"enemies":"Small Slimes","floor":8.0,"turns":3.0},{"damage":1.0,"enemies":"Blue Slaver","floor":10.0,"turns":3.0},{"damage":1.0,"enemies":"2 Fungi Beasts","floor":11.0,"turns":2.0},{"damage":3.0,"enemies":"Large Slime","floor":13.0,"turns":4.0},{"damage":6.0,"enemies":"Gremlin Nob","floor":14.0,"turns":3.0},{"damage":28.0,"enemies":"Hexaghost","floor":16.0,"turns":13.0},{"damage":30.0,"enemies":"2 Thieves","floor":18.0,"turns":4.0},{"damage":5.0,"enemies":"Chosen","floor":19.0,"turns":6.0},{"damage":20.0,"enemies":"Snecko","floor":20.0,"turns":6.0},{"damage":0.0,"enemies":"Masked Bandits","floor":22.0,"turns":3.0},{"damage":16.0,"enemies":"Book of Stabbing","floor":23.0,"turns":9.0},{"damage":14.0,"enemies":"Centurion and Healer","floor":25.0,"turns":5.0},{"damage":5.0,"enemies":"Snake Plant","floor":27.0,"turns":4.0},{"damage":4.0,"enemies":"3 Cultists","floor":30.0,"turns":5.0},{"damage":30.0,"enemies":"Collector","floor":33.0,"turns":10.0},{"damage":0.0,"enemies":"Orb Walker","floor":35.0,"turns":4.0},{"damage":0.0,"enemies":"3 Shapes","floor":39.0,"turns":4.0},{"damage":0.0,"enemies":"Reptomancer","floor":41.0,"turns":5.0},{"damage":4,"enemies":"3 Darklings","floor":42,"turns":5},{"damage":3,"enemies":"4 Shapes","floor":45,"turns":5},{"damage":0,"enemies":"Nemesis","floor":46,"turns":7},{"damage":0,"enemies":"Jaw Worm Horde","floor":48,"turns":5},{"damage":34,"enemies":"Awakened One","floor":50,"turns":14},{"damage":13,"enemies":"Shield and Spear","floor":54,"turns":6},{"damage":112,"enemies":"The Heart","floor":55,"turns":9}],"seed_played":"-5434194289349155367","potions_obtained":[{"floor":5.0,"key":"PowerPotion"},{"floor":6.0,"key":"EssenceOfDarkness"},{"floor":8.0,"key":"SteroidPotion"},{"floor":11.0,"key":"Explosive Potion"},{"floor":19.0,"key":"LiquidBronze"},{"floor":22.0,"key":"Block Potion"},{"floor":27.0,"key":"Ancient Potion"}],"is_trial":false,"path_per_floor":["M","?","?","?","M","E","R","M","T","M","M","R","M","E","R","B",null,"M","M","M","?","?","E","R","M","T","M","?","$","M","?","R","B",null,"M","?","?","$","M","R","E","M","T","R","M","E","?","M","R","B",null,"R","$","E","B"],"character_chosen":"DEFECT","items_purchased":["Buffer","PreservedInsect","Fruit Juice","Block Potion","Self Repair","Leap","Seek"],"campfire_rested":1,"item_purchase_floors":[29,29,38,38,38,38,53],"current_hp_per_floor":[70,70,55,55,52,31,53,52,52,51,50,50,57,61,61,33,75,55,60,50,50,60,54,54,50,50,60,60,60,66,66,66,36,75,75,75,75,85,85,85,85,85,92,92,92,92,92,92,92,82,92,92,92,92,0,0],"gold":107,"neow_bonus":"ONE_RARE_RELIC","is_daily":false,"chose_seed":false,"campfire_upgraded":7,"win_rate":0.0,"timestamp":1613767886,"path_taken":["M","?","?","?","M","E","R","M","T","?","M","R","M","E","R","BOSS","M","M","M","?","?","E","R","M","T","M","?","$","M","?","R","BOSS","M","?","?","$","M","R","E","M","T","R","M","E","?","M","R","BOSS","R","$","E","BOSS"],"items_purchased_type":["Card","Relic","Potion","Potion","Card","Card","Card"],"build_version":"2020-12-22","purchased_purges":2,"victory":false,"max_hp_per_floor":[75,75,75,75,75,75,75,75,75,75,75,75,75,75,75,75,75,75,75,75,75,75,75,75,75,75,75,75,75,75,75,75,75,75,75,75,75,85,85,85,85,85,92,92,92,92,92,92,92,92,92,92,92,92,92,92],"card_choices":[{"not_picked":["Redo","Beam Cell"],"picked":"Skim","floor":1.0},{"not_picked":["Compile Driver","Darkness"],"picked":"Tempest","floor":5.0},{"not_picked":["Redo","Blizzard"],"picked":"Glacier","floor":6.0},{"not_picked":["Scrape","Hologram"],"picked":"Chill","floor":8.0},{"not_picked":["Sweeping Beam","Steam"],"picked":"Self Repair","floor":10.0},{"not_picked":["Tempest","Streamline"],"picked":"Auto Shields","floor":11.0},{"not_picked":["Beam Cell","Compile Driver"],"picked":"FTL","floor":13.0},{"not_picked":["Steam","Rebound"],"picked":"Conserve Battery","floor":14.0},{"not_picked":["All For One","Amplify"],"picked":"Electrodynamics","floor":16.0},{"not_picked":["Aggregate+1","Blizzard+1"],"picked":"Glacier","floor":18.0},{"not_picked":["White Noise","Conserve Battery+1"],"picked":"Barrage+1","floor":19.0},{"not_picked":["Turbo+1","Compile Driver"],"picked":"Chaos","floor":20.0},{"not_picked":["Turbo","Skim"],"picked":"Hologram+1","floor":22.0},{"not_picked":["Cold Snap","Aggregate"],"picked":"Conserve Battery+1","floor":23.0},{"not_picked":["Hologram","Gash"],"picked":"Doom and Gloom","floor":25.0},{"not_picked":["Steam+1","Barrage+1"],"picked":"BootSequence","floor":27.0},{"not_picked":["Conserve Battery","Undo"],"picked":"Coolheaded","floor":30.0},{"not_picked":["Hyperbeam","Thunder Strike"],"picked":"Echo Form","floor":33.0},{"not_picked":["Go for the Eyes","Streamline"],"picked":"Reinforced Body","floor":35.0},{"not_picked":["Go for the Eyes","Ball Lightning"],"picked":"Defragment","floor":39.0},{"not_picked":["Rebound","Genetic Algorithm"],"picked":"Conserve Battery+1","floor":41},{"not_picked":["Echo Form","Glacier"],"picked":"Coolheaded+1","floor":42},{"not_picked":["Darkness+1","Sweeping Beam+1","Rebound+1"],"picked":"SKIP","floor":45},{"not_picked":["Steam+1","Lockon"],"picked":"Barrage+1","floor":46},{"not_picked":["Beam Cell+1","Hologram+1","Darkness"],"picked":"SKIP","floor":48},{"not_picked":["Redo+1","Streamline","Chill+1"],"picked":"SKIP","floor":54}],"player_experience":104325,"relics_obtained":[{"floor":6.0,"key":"Unceasing Top"},{"floor":14.0,"key":"Toy Ornithopter"},{"floor":22.0,"key":"Red Mask"},{"floor":23.0,"key":"Mercury Hourglass"},{"floor":26.0,"key":"Gremlin Horn"},{"floor":41,"key":"Pen Nib"},{"floor":43,"key":"Strawberry"},{"floor":46,"key":"Omamori"},{"floor":54,"key":"War Paint"}],"event_choices":[{"damage_healed":0.0,"max_hp_gain":0.0,"max_hp_loss":0.0,"gold_gain":0.0,"cards_transformed":["Strike_B"],"event_name":"Living Wall","player_choice":"Change","floor":2.0,"gold_loss":0.0,"damage_taken":0.0,"cards_obtained":["Sunder"]},{"damage_healed":0.0,"max_hp_gain":0.0,"max_hp_loss":0.0,"gold_gain":0.0,"event_name":"Shining Light","player_choice":"Entered Light","floor":3.0,"gold_loss":0.0,"damage_taken":15.0,"cards_upgraded":["Sunder","Strike_B"]},{"cards_removed":["Strike_B"],"damage_healed":0.0,"max_hp_gain":0.0,"max_hp_loss":0.0,"gold_gain":0.0,"event_name":"Purifier","player_choice":"Purged","floor":4.0,"gold_loss":0.0,"damage_taken":0.0},{"damage_healed":0.0,"max_hp_gain":0.0,"max_hp_loss":0.0,"gold_gain":0.0,"event_name":"The Mausoleum","player_choice":"Opened","floor":21.0,"gold_loss":0.0,"damage_taken":0.0,"relics_obtained":["Mummified Hand"]},{"damage_healed":0.0,"max_hp_gain":0.0,"max_hp_loss":0.0,"gold_gain":0.0,"event_name":"Masked Bandits","player_choice":"Fought Bandits","floor":22.0,"gold_loss":0.0,"damage_taken":0.0},{"cards_removed":["Defend_B"],"damage_healed":0.0,"max_hp_gain":0.0,"max_hp_loss":0.0,"gold_gain":0.0,"event_name":"Beggar","player_choice":"Gave Gold","floor":28.0,"gold_loss":75.0,"damage_taken":0.0},{"damage_healed":0.0,"max_hp_gain":0.0,"max_hp_loss":0.0,"gold_gain":99.0,"event_name":"Nest","player_choice":"Stole From Cult","floor":31.0,"gold_loss":0.0,"damage_taken":0.0},{"cards_removed":["Conserve Battery"],"damage_healed":0.0,"max_hp_gain":0.0,"max_hp_loss":0.0,"gold_gain":0.0,"event_name":"Falling","player_choice":"Removed Skill","floor":36.0,"gold_loss":0.0,"damage_taken":0.0},{"damage_healed":0.0,"max_hp_gain":0.0,"max_hp_loss":0.0,"gold_gain":222.0,"event_name":"Tomb of Lord Red Mask","player_choice":"Wore Mask","floor":37.0,"gold_loss":0.0,"damage_taken":0.0},{"cards_removed":["Defend_B"],"damage_healed":0,"gold_gain":0,"player_choice":"Offered Basic","damage_taken":0,"max_hp_gain":0,"max_hp_loss":0,"event_name":"Bonfire Elementals","floor":47,"gold_loss":0}],"is_beta":false,"boss_relics":[{"not_picked":["Velvet Choker","Empty Cage"],"picked":"Inserter"},{"not_picked":["Sozu","Busted Crown"],"picked":"SacredBark"}],"items_purged_floors":[38,53],"is_endless":false,"potions_floor_spawned":[5,6,8,11,19,22,27,30,42,45,46],"killed_by":"The Heart","ascension_level":0}}