{"host":"eglukmwb6rueyn6u","time":1613742500,"event":{"mods":["AchievementEnabler","BaseMod","Colored Powertips","Highlight Path","Minty Spire (QoL Compilation)"],"gold_per_floor":[217,392,410,180,180,180,32,63,63,10,24,40,65,65,65,65,65],"floor_reached":16,"language":"ENG","playtime":837,"items_purged":["Doubt"],"score":108,"play_id":"8f291617-8e1f-4d2f-91e6-cee374b27193","local_time":"20210219154820","is_ascension_mode":false,"campfire_choices":[{"data":"Zap","floor":6.0,"key":"SMITH"},{"data":"Dualcast","floor":15,"key":"SMITH"}],"circlet_count":0,"master_deck":["Strike_B","Strike_B","Strike_B","Strike_B","Defend_B","Defend_B","Defend_B","Zap+1","Dualcast+1","Redo","Leap","Cold Snap","Hologram","Blizzard","Coolheaded","Injury"],"relics":["Cracked Core","Sling","PreservedInsect","Boot","Darkstone Periapt","Eternal Feather","Golden Idol"],"acts_visited":["Exordium"],"potions_floor_usage":[13,16,16],"damage_taken":[{"damage":2.0,"enemies":"Small Slimes","floor":1.0,"turns":3.0},{"damage":1.0,"enemies":"Cultist","floor":3.0,"turns":3.0},{"damage":9,"enemies":"Gremlin Nob","floor":8,"turns":3},{"damage":2,"enemies":"Jaw Worm","floor":11,"turns":3},{"damage":5,"enemies":"Lots of Slimes","floor":12,"turns":4},{"damage":16,"enemies":"Lagavulin","floor":13,"turns":4},{"damage":49,"enemies":"Hexaghost","floor":16,"turns":14}],"seed_played":"-7357479170588440399","potions_obtained":[{"floor":1.0,"key":"SneckoOil"},{"floor":11,"key":"LiquidMemories"},{"floor":12,"key":"EntropicBrew"}],"is_trial":false,"path_per_floor":["M","?","M","$","?","R","$","E","T","$","M","M","E","?","R","B"],"character_chosen":"DEFECT","items_purchased":["Sling","PreservedInsect","Hologram"],"campfire_rested":0,"item_purchase_floors":[4,7,10],"current_hp_per_floor":[73,73,72,72,65,65,65,56,56,56,54,49,33,39,48,0,0],"gold":65,"neow_bonus":"HUNDRED_GOLD","is_daily":false,"chose_seed":false,"campfire_upgraded":2,"win_rate":0.0,"timestamp":1613742500,"path_taken":["M","?","M","$","?","R","$","E","T","$","M","M","E","?","R","BOSS"],"items_purchased_type":["Relic","Relic","Card"],"build_version":"2020-12-22","purchased_purges":1,"victory":false,"max_hp_per_floor":[75,75,75,75,75,75,75,75,75,75,75,75,75,81,81,81,81],"card_choices":[{"not_picked":["Tempest","Sweeping Beam"],"picked":"Redo","floor":1.0},{"not_picked":["Sunder","Consume"],"picked":"Leap","floor":3.0},{"not_picked":["Hello World","Steam"],"picked":"Cold Snap","floor":8},{"not_picked":["Scrape","Barrage"],"picked":"Blizzard","floor":11},{"not_picked":["Compile Driver","Multi-Cast","Reinforced Body"],"picked":"SKIP","floor":12},{"not_picked":["Heatsinks","Barrage"],"picked":"Coolheaded","floor":13}],"player_experience":116651,"relics_obtained":[{"floor":8,"key":"Boot"},{"floor":9,"key":"Darkstone Periapt"},{"floor":13,"key":"Eternal Feather"}],"event_choices":[{"damage_healed":0.0,"max_hp_gain":0.0,"max_hp_loss":0.0,"gold_gain":175.0,"event_name":"Liars Game","player_choice":"AGREE","floor":2.0,"gold_loss":0.0,"damage_taken":0.0,"cards_obtained":["Doubt"]},{"cards_removed":["Defend_B"],"damage_healed":0.0,"max_hp_gain":0.0,"max_hp_loss":0.0,"gold_gain":0.0,"event_name":"Golden Wing","player_choice":"Card Removal","floor":5.0,"gold_loss":0.0,"damage_taken":7.0},{"damage_healed":0,"gold_gain":0,"player_choice":"Take Wound","damage_taken":0,"relics_obtained":["Golden Idol"],"max_hp_gain":0,"max_hp_loss":0,"event_name":"Golden Idol","floor":14,"gold_loss":0,"cards_obtained":["Injury"]}],"is_beta":false,"boss_relics":[],"items_purged_floors":[4],"is_endless":false,"potions_floor_spawned":[1,11,12],"killed_by":"Hexaghost","ascension_level":0}}