{"host":"t9vqxmgmtrdkt9v9","time":1613716706,"event":{"mods":["AchievementEnabler","BaseMod","Colored Map","Minty Spire (QoL Compilation)","Permanent Neow","Relic Stats","StSLib"],"gold_per_floor":[112,125,125,143,143,173,173,207,207,207,219,251,251,282,282,355,355,366,384,403,166,216,244,171,9,85,119,135,160,160,178,178,252,252,263,280,331,347,365,365,385,410,410,410,445,445,460,4,4,4],"floor_reached":51,"language":"ENG","playtime":2699,"items_purged":["Strike_B","Strike_B"],"score":1500,"play_id":"987d061c-5599-4344-9e74-50cc6583e5f8","local_time":"20210219163826","is_ascension_mode":true,"campfire_choices":[{"floor":7.0,"key":"REST"},{"floor":10.0,"key":"REST"},{"floor":15.0,"key":"REST"},{"floor":30.0,"key":"REST"},{"data":"Defragment","floor":32.0,"key":"SMITH"},{"floor":40.0,"key":"REST"},{"floor":44.0,"key":"REST"},{"floor":46,"key":"REST"},{"data":"Consume","floor":49,"key":"SMITH"}],"circlet_count":0,"master_deck":["AscendersBane","Strike_B+1","Strike_B","Defend_B","Defend_B","Defend_B","Defend_B","Zap","Dualcast+1","Compile Driver","Rebound","Coolheaded","Static Discharge+1","Ball Lightning","Leap","Core Surge","BootSequence","Seek","Leap","Chill","Reinforced Body","Capacitor","Defragment+1","Undo","Shame","Core Surge","Consume+1","Amplify","Glacier","Machine Learning+1","Doom and Gloom","Skim+1","Stack+1","Defragment+1","Magnetism+1"],"relics":["Cracked Core","PreservedInsect","Blood Vial","Emotion Chip","Ornamental Fan","Bottled Tornado","Mercury Hourglass","Cursed Key","Lee\u0027s Waffle","MawBank","HornCleat","Frozen Egg 2","MealTicket","Dead Branch","Inserter","Ice Cream","Prayer Wheel","Pocketwatch"],"acts_visited":["Exordium","TheCity","TheBeyond"],"potions_floor_usage":[45,45,50,50,50],"damage_taken":[{"damage":0.0,"enemies":"2 Louse","floor":1.0,"turns":2.0},{"damage":10.0,"enemies":"Small Slimes","floor":2.0,"turns":4.0},{"damage":7.0,"enemies":"Jaw Worm","floor":4.0,"turns":2.0},{"damage":18.0,"enemies":"3 Sentries","floor":6.0,"turns":7.0},{"damage":0.0,"enemies":"Lagavulin","floor":8.0,"turns":3.0},{"damage":10.0,"enemies":"2 Fungi Beasts","floor":11.0,"turns":3.0},{"damage":8.0,"enemies":"Gremlin Nob","floor":12.0,"turns":3.0},{"damage":1.0,"enemies":"3 Sentries","floor":14.0,"turns":4.0},{"damage":28.0,"enemies":"Slime Boss","floor":16.0,"turns":6.0},{"damage":0.0,"enemies":"Spheric Guardian","floor":18.0,"turns":3.0},{"damage":20.0,"enemies":"2 Thieves","floor":19.0,"turns":2.0},{"damage":14.0,"enemies":"Shelled Parasite and Fungi","floor":20.0,"turns":5.0},{"damage":8.0,"enemies":"Slavers","floor":23.0,"turns":3.0},{"damage":11.0,"enemies":"Gremlin Leader","floor":27.0,"turns":7.0},{"damage":20.0,"enemies":"Snake Plant","floor":28.0,"turns":4.0},{"damage":10.0,"enemies":"Slavers","floor":29.0,"turns":5.0},{"damage":6.0,"enemies":"Centurion and Healer","floor":31.0,"turns":5.0},{"damage":3.0,"enemies":"Collector","floor":33.0,"turns":18.0},{"damage":0.0,"enemies":"3 Shapes","floor":35.0,"turns":6.0},{"damage":11.0,"enemies":"Orb Walker","floor":36.0,"turns":5.0},{"damage":31.0,"enemies":"2 Orb Walkers","floor":37.0,"turns":4.0},{"damage":1.0,"enemies":"4 Shapes","floor":38.0,"turns":4.0},{"damage":1.0,"enemies":"Sphere and 2 Shapes","floor":39.0,"turns":6.0},{"damage":19.0,"enemies":"Jaw Worm Horde","floor":41.0,"turns":3.0},{"damage":34.0,"enemies":"Giant Head","floor":42.0,"turns":8.0},{"damage":5,"enemies":"Reptomancer","floor":45,"turns":5},{"damage":14,"enemies":"4 Shapes","floor":47,"turns":5},{"damage":19,"enemies":"Donu and Deca","floor":50,"turns":6}],"seed_played":"6260116228430209903","potions_obtained":[{"floor":2.0,"key":"Energy Potion"},{"floor":4.0,"key":"FearPotion"},{"floor":11.0,"key":"Ancient Potion"},{"floor":16.0,"key":"Swift Potion"},{"floor":19.0,"key":"AttackPotion"},{"floor":29.0,"key":"EssenceOfSteel"},{"floor":36.0,"key":"SpeedPotion"},{"floor":37.0,"key":"BlessingOfTheForge"},{"floor":38.0,"key":"FocusPotion"},{"floor":45,"key":"EntropicBrew"},{"floor":47,"key":"Ancient Potion"}],"is_trial":false,"path_per_floor":["M","M","?","M","?","E","R","E","T","R","M","E","?","E","R","B",null,"M","M","M","$","?","E","?","$","T","E","M","E","R","M","R","B",null,"M","M","?","M","M","R","M","E","T","R","E","R","M","$","R","B",null],"character_chosen":"DEFECT","items_purchased":["Lee\u0027s Waffle","Defragment","Undo","Defragment+1","GamblersBrew","Magnetism+1"],"campfire_rested":7,"item_purchase_floors":[21,25,25,48,48,48],"current_hp_per_floor":[64,54,33,26,26,8,29,31,31,52,44,38,38,39,60,34,62,64,46,34,78,78,70,70,70,70,61,43,35,58,54,54,53,72,74,65,36,37,38,61,44,12,12,35,32,55,43,58,58,41],"gold":4,"neow_bonus":"RANDOM_COMMON_RELIC","is_daily":false,"chose_seed":false,"campfire_upgraded":2,"win_rate":0.0,"timestamp":1613716706,"path_taken":["M","M","?","M","?","E","R","E","T","R","M","E","?","E","R","BOSS","M","M","M","$","?","E","?","$","T","E","M","E","R","M","R","BOSS","M","M","?","M","M","R","M","E","T","R","E","R","M","$","R","BOSS"],"items_purchased_type":["Relic","Card","Card","Card","Potion","Card"],"build_version":"2020-12-22","purchased_purges":2,"victory":true,"max_hp_per_floor":[71,71,71,71,71,71,71,71,71,71,71,71,71,71,71,71,71,71,71,71,78,78,78,78,78,78,78,78,78,78,78,78,78,78,78,78,78,78,78,78,78,78,78,78,78,78,78,78,78,78],"relic_stats":{"Lee\u0027s Waffle":44,"Inserter":[26],"counters":[28,137],"Dead Branch":[78],"PreservedInsect":437,"Cursed Key":1,"MawBank":24,"Mercury Hourglass":[523],"Blood Vial":46,"Emotion Chip":[119,98,19,2,0],"Ornamental Fan":[52],"MealTicket":15,"Prayer Wheel":1,"obtain_stats":[{"Ice Cream":37,"Lee\u0027s Waffle":21,"Inserter":34,"Dead Branch":29,"PreservedInsect":0,"Bottled Tornado":12,"Frozen Egg 2":26,"Cursed Key":17,"MawBank":23,"Mercury Hourglass":14,"Blood Vial":6,"Emotion Chip":8,"HornCleat":24,"Ornamental Fan":9,"MealTicket":27,"Prayer Wheel":42,"Cracked Core":0,"Pocketwatch":45},{"Ice Cream":21,"Lee\u0027s Waffle":12,"Inserter":18,"Dead Branch":16,"PreservedInsect":0,"Bottled Tornado":7,"Frozen Egg 2":13,"Cursed Key":9,"MawBank":13,"Mercury Hourglass":8,"Blood Vial":4,"Emotion Chip":5,"HornCleat":13,"Ornamental Fan":5,"MealTicket":14,"Prayer Wheel":25,"Cracked Core":0,"Pocketwatch":26},{"Ice Cream":100,"Lee\u0027s Waffle":44,"Inserter":85,"Dead Branch":62,"PreservedInsect":0,"Bottled Tornado":24,"Frozen Egg 2":47,"Cursed Key":34,"MawBank":47,"Mercury Hourglass":28,"Blood Vial":15,"Emotion Chip":18,"HornCleat":47,"Ornamental Fan":18,"MealTicket":54,"Prayer Wheel":121,"Cracked Core":0,"Pocketwatch":126}],"Pocketwatch":[4]},"card_choices":[{"not_picked":["Steam","Force Field"],"picked":"Compile Driver","floor":1.0},{"not_picked":["Capacitor","Aggregate"],"picked":"Rebound","floor":2.0},{"not_picked":["Go for the Eyes","Double Energy"],"picked":"Coolheaded","floor":4.0},{"not_picked":["Machine Learning","Steam"],"picked":"Static Discharge","floor":6.0},{"not_picked":["Steam","Sunder"],"picked":"Ball Lightning","floor":8.0},{"not_picked":["Rebound","Coolheaded"],"picked":"Leap","floor":11.0},{"not_picked":["Ball Lightning","Redo"],"picked":"Core Surge","floor":12.0},{"not_picked":["Compile Driver","Beam Cell"],"picked":"BootSequence","floor":14.0},{"not_picked":["Hyperbeam","Machine Learning"],"picked":"Seek","floor":16.0},{"not_picked":["Sweeping Beam","Stack"],"picked":"Leap","floor":18.0},{"not_picked":["Hologram","Steam Power"],"picked":"Chill","floor":19.0},{"not_picked":["Scrape","Stack"],"picked":"Reinforced Body","floor":20.0},{"not_picked":["Sweeping Beam","Static Discharge"],"picked":"Capacitor","floor":23.0},{"not_picked":["Leap","Gash"],"picked":"Core Surge","floor":27.0},{"not_picked":["Coolheaded","Barrage"],"picked":"Consume","floor":28.0},{"not_picked":["Heatsinks+1","Hologram"],"picked":"Amplify","floor":29.0},{"not_picked":["Hologram","Hello World+1"],"picked":"Glacier","floor":31.0},{"not_picked":["Meteor Strike","All For One"],"picked":"Machine Learning+1","floor":33.0},{"not_picked":["FTL+1","Gash+1","Steam"],"picked":"SKIP","floor":35.0},{"not_picked":["FTL","Sweeping Beam","Capacitor+1"],"picked":"SKIP","floor":36.0},{"not_picked":["Lockon","Redo","Go for the Eyes+1"],"picked":"SKIP","floor":38.0},{"not_picked":["Steam","Recycle"],"picked":"Doom and Gloom","floor":39.0},{"not_picked":["Scrape+1","Gash","Steam+1"],"picked":"SKIP","floor":41.0},{"not_picked":["Barrage","Steam Power","Gash"],"picked":"SKIP","floor":42.0},{"not_picked":["Redo","Cold Snap"],"picked":"Skim+1","floor":45},{"not_picked":["Rebound","Go for the Eyes+1"],"picked":"Stack+1","floor":47},{"not_picked":["Streamline","Leap","Stack"],"picked":"SKIP","floor":47}],"player_experience":445783,"relics_obtained":[{"floor":6.0,"key":"Blood Vial"},{"floor":8.0,"key":"Emotion Chip"},{"floor":9.0,"key":"Ornamental Fan"},{"floor":12.0,"key":"Bottled Tornado"},{"floor":14.0,"key":"Mercury Hourglass"},{"floor":23.0,"key":"MawBank"},{"floor":26.0,"key":"Frozen Egg 2"},{"floor":27.0,"key":"MealTicket"},{"floor":29.0,"key":"Dead Branch"},{"floor":37.0,"key":"Ice Cream"},{"floor":42.0,"key":"Prayer Wheel"},{"floor":45,"key":"Pocketwatch"}],"event_choices":[{"damage_healed":0.0,"max_hp_gain":0.0,"max_hp_loss":0.0,"gold_gain":0.0,"event_name":"Shining Light","player_choice":"Entered Light","floor":3.0,"gold_loss":0.0,"damage_taken":21.0,"cards_upgraded":["Dualcast","Strike_B"]},{"damage_healed":0.0,"max_hp_gain":0.0,"max_hp_loss":0.0,"gold_gain":0.0,"event_name":"Golden Wing","player_choice":"Ignored","floor":5.0,"gold_loss":0.0,"damage_taken":0.0},{"damage_healed":0.0,"max_hp_gain":0.0,"max_hp_loss":0.0,"gold_gain":0.0,"event_name":"Living Wall","player_choice":"Grow","floor":13.0,"gold_loss":0.0,"damage_taken":0.0,"cards_upgraded":["Static Discharge"]},{"damage_healed":0.0,"max_hp_gain":0.0,"max_hp_loss":0.0,"gold_gain":50.0,"event_name":"Nest","player_choice":"Stole From Cult","floor":22.0,"gold_loss":0.0,"damage_taken":0.0},{"damage_healed":0.0,"max_hp_gain":0.0,"max_hp_loss":0.0,"gold_gain":0.0,"event_name":"Addict","player_choice":"Obtained Relic","floor":24.0,"gold_loss":85.0,"damage_taken":0.0,"relics_obtained":["HornCleat"]},{"damage_healed":0.0,"max_hp_gain":0.0,"max_hp_loss":0.0,"gold_gain":0.0,"event_name":"Mysterious Sphere","player_choice":"Fight","floor":37.0,"gold_loss":0.0,"damage_taken":0.0}],"is_beta":false,"boss_relics":[{"not_picked":["Busted Crown","Snecko Eye"],"picked":"Cursed Key"},{"not_picked":["FrozenCore","Calling Bell"],"picked":"Inserter"}],"items_purged_floors":[21,48],"is_endless":false,"potions_floor_spawned":[2,4,11,16,19,20,29,31,36,37,38,45,47],"ascension_level":17}}