{"host":"23qk1co0p3p8qz56","time":1613777883,"event":{"mods":["100% Spire Juice","AchievementEnabler","Act Like it!","Arknights","BaseMod","Better Note","Better Third Choice","BetterRewards","CapriCore","Chen","Colored Map","DNKmod","Downfall","Friendly Minions","Gensokyo","Gold Saver","Halation","HololiveMod","KinomotoSakuraMod(木之本?)","Koishi","KomeijiMod","Lobotomy","LobotomyExtend","Mari Mod (Legacy)","Mari\u0027s V1 Patch","Marisa（霧雨　魔理沙）","Minty Spire (QoL Compilation)","MostiFishMod","Prisma Mod","Railgun Mod","Reimu（博??梦）","Remilia（蕾米莉?）","RumiaBox-露米?的神秘盒子","StSLib","The Administrix","The Alterego","The Animator","The Immortal","The Senshi","Waifu the Spire","WarShipGirlsR/??少女R mod","Yakumo Yukari mod","Yohane!","Yuyuko"],"gold_per_floor":[10013,9525,9525,9540,9156,9156,9156,9187,9187,9187,9205,9205,9239,9254,9254,9379,9379,9379,8942,8965,8965,8978,8978,9013,9033,9033,9067,9067,9100,9100,9121,9121,9246,9246,9266,9150,9175,9141,9141,9174,9174,9210,9236,9236,9277,9296,8855,8878,8878,8878],"floor_reached":51,"language":"ENG","playtime":1734,"items_purged":[],"score":1135,"play_id":"64b1a214-5e25-4200-b9cf-16e090a27219","local_time":"20210219163803","is_ascension_mode":true,"campfire_choices":[{"data":"1","floor":6,"key":"LIFT"},{"data":"True Grit","floor":10,"key":"SMITH"},{"data":"2","floor":15,"key":"LIFT"},{"data":"Armaments","floor":23,"key":"SMITH"},{"data":"3","floor":30,"key":"LIFT"},{"data":"MostiFishMod:RacingGame","floor":32,"key":"SMITH"},{"data":"Rupture","floor":41,"key":"SMITH"},{"data":"Bloodletting","floor":49,"key":"SMITH"}],"circlet_count":0,"master_deck":["Strike_R+1","Strike_R+1","Strike_R+1","Strike_R+1","Strike_R+1","Defend_R+1","Defend_R+1","Defend_R+1","Defend_R+1","Bash+1","Combust+1","Seeing Red+1","Demon Form+1","True Grit+1","Rupture+1","MostiFishMod:KnuckleDown+1","Pommel Strike+1","Heavy Blade+1","Pommel Strike+1","MostiFishMod:RainCloud+1","Dropkick+1","Armaments+1","Juggernaut+1","Thunderclap+1","Pommel Strike+1","Infernal Blade+1","MostiFishMod:RacingGame+1","Blood for Blood+1","Armaments+1","Rage+1","Dual Wield+1","Headbutt","Metallicize","Bloodletting+1","Shrug It Off+1"],"relics":["Burning Blood","KyoryuNoHagoromo","Peace Pipe","Girya","DaveBox","Civilization","SynthV:TestCard","LetterFromLob","Orichalcum","Oddly Smooth Stone","Golden Idol","Question Card","Boot","Vajra","CrazyTorch:ReiMu","SynthV:C4","Odd Mushroom","GuanYuAspect","TheAbacus","RuthlessExorcism:ReiMu","Centennial Puzzle","Blood Vial","Whetstone","Red Skull","Potion Belt","TimeKeys","Bag of Marbles","War Paint","theSenshi:FeatherClipsRelic","Omamori","DianDianMeat","ZombieArmy","Mastiff:ReiMu"],"acts_visited":["Exordium","TheCity","TheBeyond"],"potions_floor_usage":[16,16,27,29,42,46,50,50,50,50,50],"damage_taken":[{"damage":0,"enemies":"ats:Genji","floor":1,"turns":3},{"damage":5,"enemies":"Jaw Worm","floor":4,"turns":3},{"damage":3,"enemies":"3 Sentries","floor":8,"turns":4},{"damage":1,"enemies":"Small Slimes","floor":11,"turns":2},{"damage":7,"enemies":"The Mushroom Lair","floor":13,"turns":2},{"damage":0,"enemies":"Gremlin Gang","floor":14,"turns":2},{"damage":200,"enemies":"Hexaghost","floor":16,"turns":3},{"damage":0,"enemies":"3 Byrds","floor":20,"turns":2},{"damage":0,"enemies":"Chosen","floor":22,"turns":1},{"damage":7,"enemies":"Gremlin Leader","floor":24,"turns":2},{"damage":1,"enemies":"Snecko","floor":25,"turns":3},{"damage":19,"enemies":"Slavers","floor":27,"turns":2},{"damage":0,"enemies":"Book of Stabbing","floor":29,"turns":3},{"damage":0,"enemies":"Centurion and Healer","floor":31,"turns":1},{"damage":1,"enemies":"Champ","floor":33,"turns":4},{"damage":0,"enemies":"Orb Walker","floor":35,"turns":1},{"damage":6,"enemies":"3 Shapes","floor":37,"turns":2},{"damage":3,"enemies":"Giant Head","floor":40,"turns":3},{"damage":0,"enemies":"Reptomancer","floor":42,"turns":2},{"damage":28,"enemies":"Reptomancer","floor":44,"turns":7},{"damage":0,"enemies":"Nemesis","floor":45,"turns":1},{"damage":1,"enemies":"Spire Growth","floor":46,"turns":2},{"damage":0,"enemies":"Sphere and 2 Shapes","floor":48,"turns":1},{"damage":43,"enemies":"Awakened One","floor":50,"turns":5}],"seed_played":"4495324979360160725","potions_obtained":[{"floor":1,"key":"PowerPotion"},{"floor":8,"key":"Block Potion"},{"floor":20,"key":"PanachePotion"},{"floor":22,"key":"ZuzhouPotion:ReiMu"},{"floor":25,"key":"Fruit Juice"},{"floor":27,"key":"champ:CounterPotion"},{"floor":35,"key":"ZuzhouPotion:ReiMu"},{"floor":37,"key":"Explosive Potion"},{"floor":42,"key":"FearPotion"},{"floor":45,"key":"sneckomod:MuddlingPotion"}],"is_trial":false,"path_per_floor":["M","$","?","M","$","R","?","E","T","R","M","T","?","M","R","B",null,"M","$","M","?","M","R","E","M","T","E","?","E","R","M","R","B",null,"M","?","M","$","?","E","R","E","T","?","E","M","$","M","R","B",null],"character_chosen":"IRONCLAD","items_purchased":["Demon Form","Orichalcum","Oddly Smooth Stone","True Grit","Question Card","Boot","TheAbacus","RuthlessExorcism:ReiMu","Centennial Puzzle","Rage","Metallicize","Bloodletting","ZombieArmy","Mastiff:ReiMu"],"campfire_rested":0,"item_purchase_floors":[2,2,2,2,5,5,19,19,19,38,47,47,47,47],"current_hp_per_floor":[501,501,376,379,379,379,379,387,387,387,397,397,401,412,412,223,264,264,264,267,267,272,272,275,282,282,280,268,286,286,299,299,307,309,312,312,316,316,316,322,322,327,327,334,339,345,348,357,357,347],"gold":8878,"neow_bonus":"THREE_CARDS","is_daily":false,"chose_seed":false,"campfire_upgraded":5,"win_rate":0.0,"timestamp":1613777883,"path_taken":["M","$","?","M","$","R","?","E","T","R","?","?","?","M","R","BOSS","M","$","M","?","?","R","E","M","T","E","?","E","R","?","R","BOSS","M","?","?","$","?","E","R","E","T","?","E","M","$","M","R","BOSS"],"items_purchased_type":["Card","Relic","Relic","Card","Relic","Relic","Relic","Relic","Relic","Card","Card","Card","Relic","Relic"],"build_version":"2020-12-22","purchased_purges":0,"victory":true,"max_hp_per_floor":[501,501,501,503,503,503,503,508,508,508,513,513,518,523,523,528,264,264,264,269,269,274,274,279,284,284,294,294,299,299,304,304,309,309,314,314,319,319,319,324,324,329,329,334,339,345,350,359,359,364],"card_choices":[{"not_picked":["Heavy Blade","Warcry"],"picked":"Combust","floor":0},{"not_picked":["Cleave","Headbutt"],"picked":"Seeing Red","floor":1},{"not_picked":["Dual Wield","Blood for Blood","Pommel Strike","Pummel"],"picked":"Rupture","floor":4},{"not_picked":["Inflame","Spot Weakness","Heavy Blade","Shrug It Off","Corruption"],"picked":"MostiFishMod:KnuckleDown","floor":8},{"not_picked":["Clash","Second Wind","Thunderclap","Metallicize","Shrug It Off"],"picked":"Pommel Strike","floor":11},{"not_picked":["Pummel","Clothesline","Body Slam","True Grit","Headbutt"],"picked":"Heavy Blade","floor":13},{"not_picked":["Body Slam","Anger","Heavy Blade","MostiFishMod:404NotFound","Rampage"],"picked":"Pommel Strike","floor":14},{"not_picked":["Barricade","Double Tap","Corruption","MostiFishMod:OrdinaryWorld","Reaper"],"picked":"MostiFishMod:RainCloud","floor":16},{"not_picked":["Pommel Strike","Twin Strike","Thunderclap","Whirlwind","Searing Blow"],"picked":"Dropkick+1","floor":20},{"not_picked":["Body Slam","Heavy Blade","Anger+1","Warcry","Iron Wave"],"picked":"Armaments","floor":22},{"not_picked":["Twin Strike","True Grit","Battle Trance","Second Wind","Pommel Strike"],"picked":"Juggernaut","floor":24},{"not_picked":["Body Slam","Armaments","Anger+1","Flex","Evolve"],"picked":"Thunderclap+1","floor":25},{"not_picked":["Wild Strike","Shrug It Off","True Grit","Spot Weakness","Dropkick"],"picked":"Pommel Strike","floor":27},{"not_picked":["Dark Embrace+1","Shockwave","Burning Pact","Pummel+1","Cleave"],"picked":"Infernal Blade","floor":29},{"not_picked":["Burning Pact","Inflame","MostiFishMod:#F4004","Hemokinesis+1","Blood for Blood"],"picked":"MostiFishMod:RacingGame","floor":31},{"not_picked":["Reckless Charge+1","Perfected Strike","Hemokinesis+1","Body Slam","Heavy Blade"],"picked":"Blood for Blood+1","floor":35},{"not_picked":["Rupture+1","Perfected Strike","Shrug It Off","Anger","Flex+1"],"picked":"Armaments+1","floor":37},{"not_picked":["Perfected Strike+1","True Grit","Blood for Blood+1","Uppercut","Heavy Blade+1"],"picked":"Dual Wield+1","floor":40},{"not_picked":["Cleave+1","Wild Strike+1","Perfected Strike+1","True Grit","Twin Strike+1","Iron Wave+1"],"picked":"SKIP","floor":42},{"not_picked":["Carnage+1","Iron Wave+1","Sword Boomerang+1","Armaments","Flame Barrier","Anger"],"picked":"SKIP","floor":45},{"not_picked":["MostiFishMod:BrandingRite","Body Slam","Armaments","Sever Soul","Heavy Blade+1"],"picked":"Headbutt","floor":46},{"not_picked":["Clash+1","Heavy Blade","Searing Blow+1","Iron Wave","Disarm"],"picked":"Shrug It Off+1","floor":48}],"player_experience":212670,"relics_obtained":[{"floor":1,"key":"SynthV:TestCard"},{"floor":1,"key":"LetterFromLob"},{"floor":8,"key":"Vajra"},{"floor":9,"key":"CrazyTorch:ReiMu"},{"floor":12,"key":"SynthV:C4"},{"floor":13,"key":"Odd Mushroom"},{"floor":24,"key":"Blood Vial"},{"floor":26,"key":"Whetstone"},{"floor":27,"key":"Red Skull"},{"floor":29,"key":"Potion Belt"},{"floor":40,"key":"War Paint"},{"floor":42,"key":"theSenshi:FeatherClipsRelic"},{"floor":43,"key":"Omamori"},{"floor":45,"key":"DianDianMeat"}],"event_choices":[{"damage_healed":0,"gold_gain":0,"player_choice":"Take Damage","damage_taken":125,"relics_obtained":["Golden Idol"],"max_hp_gain":0,"max_hp_loss":0,"event_name":"Golden Idol","floor":3,"gold_loss":0},{"damage_healed":0,"gold_gain":0,"player_choice":"Leave","damage_taken":0,"max_hp_gain":0,"max_hp_loss":0,"event_name":"FaceTrader","floor":7,"gold_loss":0},{"damage_healed":0,"gold_gain":0,"player_choice":"Fought Mushrooms","damage_taken":0,"max_hp_gain":0,"max_hp_loss":0,"event_name":"Mushrooms","floor":13,"gold_loss":0},{"damage_healed":0,"gold_gain":0,"player_choice":"Ignored","damage_taken":0,"max_hp_gain":0,"max_hp_loss":0,"event_name":"betterNote:BetterNote","floor":21,"gold_loss":0,"cards_obtained":["animator:Wiz"]},{"damage_healed":0,"gold_gain":0,"player_choice":"POTION ","damage_taken":12,"max_hp_gain":0,"max_hp_loss":0,"event_name":"Knowing Skull","floor":28,"potions_obtained":["EssenceOfSteel"],"gold_loss":0,"cards_obtained":[]},{"damage_healed":0,"gold_gain":0,"player_choice":"Paid Gold","damage_taken":0,"relics_obtained":["Bag of Marbles"],"max_hp_gain":0,"max_hp_loss":0,"event_name":"WeMeetAgain","floor":36,"gold_loss":116},{"damage_healed":0,"gold_gain":0,"player_choice":"Memory 1","damage_taken":0,"max_hp_gain":0,"max_hp_loss":0,"event_name":"SensoryStone","floor":39,"gold_loss":0}],"is_beta":false,"boss_relics":[{"not_picked":["JellyFishMachine","Sozu"],"picked":"GuanYuAspect"},{"not_picked":["Cursed Key","Runic Pyramid"],"picked":"TimeKeys"}],"items_purged_floors":[],"is_endless":false,"potions_floor_spawned":[1,8,20,22,25,27,35,37,42,45],"ascension_level":1}}