{"host":"2hea6pl5vmah38iy","time":1613727798,"event":{"mods":["AchievementEnabler","BaseMod","Colored Map","DeckTracker","Keyboard Shortcuts","Minty Spire (QoL Compilation)","Rare Cards Sparkle","StSLib","SuperFastMode","everything is the same but u backflip on backflip"],"gold_per_floor":[20,34,34,45,120,150,17,47,97,97,115,131,281,281,281,281,281],"floor_reached":16,"language":"KOR","playtime":476,"items_purged":[],"score":195,"play_id":"5415e992-9ed3-4ff6-a19a-2f50a0a115e4","local_time":"20210219184318","is_ascension_mode":true,"campfire_choices":[{"floor":10.0,"key":"REST"},{"data":"Stack","floor":15.0,"key":"SMITH"}],"circlet_count":0,"master_deck":["AscendersBane","Strike_B","Strike_B","Strike_B","Strike_B","Defend_B","Defend_B","Defend_B","Defend_B","Zap","Dualcast","Aggregate+1","Ball Lightning","Leap","Static Discharge","Self Repair","Stack+1","FTL","Aggregate","Doubt"],"relics":["Cracked Core","Emotion Chip","Pen Nib","Ancient Tea Set","Golden Idol"],"acts_visited":["Exordium"],"potions_floor_usage":[16],"damage_taken":[{"damage":4.0,"enemies":"Jaw Worm","floor":1.0,"turns":3.0},{"damage":0.0,"enemies":"2 Louse","floor":2.0,"turns":3.0},{"damage":7.0,"enemies":"Small Slimes","floor":4.0,"turns":2.0},{"damage":32.0,"enemies":"Gremlin Nob","floor":6.0,"turns":4.0},{"damage":14.0,"enemies":"Exordium Wildlife","floor":11.0,"turns":4.0},{"damage":5.0,"enemies":"Blue Slaver","floor":12.0,"turns":3.0},{"damage":26,"enemies":"The Guardian","floor":16,"turns":5}],"seed_played":"2088083051009795057","potions_obtained":[{"floor":2.0,"key":"Energy Potion"},{"floor":6.0,"key":"PotionOfCapacity"},{"floor":12.0,"key":"PowerPotion"}],"is_trial":false,"path_per_floor":["M","M","?","M","?","E","$","?","T","R","M","M","?","?","R","B"],"character_chosen":"DEFECT","items_purchased":["Self Repair","Stack"],"campfire_rested":1,"item_purchase_floors":[7,7],"current_hp_per_floor":[60,60,60,53,42,10,10,10,10,31,24,26,26,26,26,0,0],"gold":281,"neow_bonus":"ONE_RARE_RELIC","is_daily":false,"chose_seed":false,"campfire_upgraded":1,"win_rate":0.0,"timestamp":1613727798,"path_taken":["M","M","?","M","?","E","$","?","T","R","?","M","?","?","R","BOSS"],"items_purchased_type":["Card","Card"],"build_version":"2020-12-22","purchased_purges":0,"victory":false,"max_hp_per_floor":[71,71,71,71,71,71,71,71,71,71,71,71,71,64,64,64,64],"card_choices":[{"not_picked":["Hologram","Barrage"],"picked":"Aggregate","floor":1.0},{"not_picked":["Gash","Stack"],"picked":"Ball Lightning","floor":2.0},{"not_picked":["Gash","Rip and Tear"],"picked":"Leap","floor":4.0},{"not_picked":["Hologram","Leap"],"picked":"Static Discharge","floor":6.0},{"not_picked":["Chaos","Turbo"],"picked":"FTL","floor":11.0},{"not_picked":["Ball Lightning","Barrage"],"picked":"Aggregate","floor":12.0}],"player_experience":599855,"relics_obtained":[{"floor":6.0,"key":"Pen Nib"},{"floor":9.0,"key":"Ancient Tea Set"}],"event_choices":[{"damage_healed":0.0,"max_hp_gain":0.0,"max_hp_loss":0.0,"gold_gain":0.0,"event_name":"Living Wall","player_choice":"Grow","floor":3.0,"gold_loss":0.0,"damage_taken":0.0,"cards_upgraded":["Aggregate"]},{"damage_healed":0.0,"max_hp_gain":0.0,"max_hp_loss":0.0,"gold_gain":75.0,"event_name":"World of Goop","player_choice":"Gather Gold","floor":5.0,"gold_loss":0.0,"damage_taken":11.0},{"damage_healed":0.0,"max_hp_gain":0.0,"max_hp_loss":0.0,"gold_gain":30.0,"event_name":"Dead Adventurer","player_choice":"Searched \u00271\u0027 times","floor":8.0,"gold_loss":0.0,"damage_taken":0.0},{"damage_healed":0.0,"max_hp_gain":0.0,"max_hp_loss":0.0,"gold_gain":150.0,"event_name":"Liars Game","player_choice":"AGREE","floor":13.0,"gold_loss":0.0,"damage_taken":0.0,"cards_obtained":["Doubt"]},{"damage_healed":0.0,"max_hp_gain":0.0,"max_hp_loss":7.0,"gold_gain":0.0,"event_name":"Golden Idol","player_choice":"Lose Max HP","floor":14.0,"gold_loss":0.0,"damage_taken":0.0,"relics_obtained":["Golden Idol"]}],"is_beta":false,"boss_relics":[],"items_purged_floors":[],"is_endless":false,"potions_floor_spawned":[2,6,12],"killed_by":"The Guardian","ascension_level":19}}