{"host":"uzp1tn8qxn9571p9","time":1613756936,"event":{"mods":["Aspiration","BaseMod","Better Third Choice","Better Vampires","Bossed Relics","Colored Map","Colored Powertips","Curses Come First","Hermit","Marisa£®ÏF”Í°°ƒß¿Ì…≥£©","Minty Spire (QoL Compilation)","StSLib","The Jungle","The Marked","The Runesmith"],"gold_per_floor":[19,38,52,64,81,116,41,41,64,74,74,86,86,86,86,205,205,224,238,9,284,303,303,303],"floor_reached":23,"language":"ZHS","playtime":1155,"items_purged":["Runesmith:Strike_RS","Runesmith:Strike_RS"],"score":240,"play_id":"faa30536-1fdb-4a4a-a70e-2bdae48f06ec","local_time":"20210220014856","is_ascension_mode":true,"campfire_choices":[{"data":"Runesmith:Firestorm","floor":8.0,"key":"SMITH"},{"data":"Runesmith:Fortify","floor":11.0,"key":"SMITH"},{"data":"Runesmith:HammerThrow","floor":13.0,"key":"SMITH"},{"data":"Runesmith:Reinforce","floor":15.0,"key":"SMITH"}],"circlet_count":0,"master_deck":["Runesmith:Strike_RS","Runesmith:Strike_RS","Runesmith:Defend_RS","Runesmith:Defend_RS","Runesmith:Defend_RS+1","Runesmith:Defend_RS","Runesmith:CraftFirestone+1","Runesmith:Fortify+1","Runesmith:HeatExchange","Runesmith:EnergizedChisel","Runesmith:ChiselStab","Runesmith:Firestorm+1","Runesmith:HammerThrow+1","Runesmith:Reinforce+1","Runesmith:HammerTime","Runesmith:ChaoticBlast","Runesmith:MetallurgicalResearch","Runesmith:UnstableHammer","Runesmith:RuneHurl","Runesmith:PoweredAnvil","Regret"],"relics":["Runesmith:BrokenRuby","Singing Bowl","War Paint","Golden Idol","Black Star"],"acts_visited":["Exordium","Exordium"],"potions_floor_usage":[23],"damage_taken":[{"damage":0.0,"enemies":"Small Slimes","floor":1.0,"turns":4.0},{"damage":0.0,"enemies":"Cultist","floor":2.0,"turns":3.0},{"damage":3.0,"enemies":"2 Louse","floor":3.0,"turns":2.0},{"damage":5.0,"enemies":"Red Slaver","floor":4.0,"turns":4.0},{"damage":2.0,"enemies":"Large Slime","floor":5.0,"turns":7.0},{"damage":22.0,"enemies":"3 Sentries","floor":6.0,"turns":7.0},{"damage":6.0,"enemies":"Looter","floor":10.0,"turns":3.0},{"damage":0.0,"enemies":"Gremlin Gang","floor":12.0,"turns":4.0},{"damage":20.0,"enemies":"The Guardian","floor":16.0,"turns":8.0},{"damage":10,"enemies":"theJungle:Flameango_and_Byrd","floor":18,"turns":5},{"damage":21,"enemies":"Shell Parasite","floor":19,"turns":6},{"damage":28,"enemies":"theJungle:SlimyTreeVines","floor":22,"turns":6},{"damage":35,"enemies":"theJungle:MamaSnecko","floor":23,"turns":4}],"seed_played":"-186276762617629063","potions_obtained":[{"floor":1.0,"key":"GamblersBrew"},{"floor":3.0,"key":"FearPotion"},{"floor":6.0,"key":"FearPotion"},{"floor":10.0,"key":"Energy Potion"},{"floor":19,"key":"ColorlessPotion"},{"floor":22,"key":"Dexterity Potion"}],"is_trial":false,"path_per_floor":["M","M","M","M","M","E","$","R","T","M","R","M","R","?","R","B",null,"M","M","$","?","M","E"],"character_chosen":"RUNESMITH_CLASS","items_purchased":["Runesmith:RuneHurl","Runesmith:PoweredAnvil"],"campfire_rested":0,"item_purchase_floors":[20,20],"current_hp_per_floor":[84,84,81,76,74,52,52,52,52,46,46,46,46,25,25,5,84,74,55,55,55,35,0,0],"gold":303,"neow_bonus":"TWENTY_PERCENT_HP_BONUS","is_daily":false,"chose_seed":false,"campfire_upgraded":4,"win_rate":0.0,"timestamp":1613756936,"path_taken":["M","M","M","M","M","E","$","R","T","M","R","M","R","?","R","BOSS","M","M","$","?","?","E"],"items_purchased_type":["Card","Card"],"build_version":"2020-12-22","purchased_purges":2,"victory":false,"max_hp_per_floor":[84,84,84,84,84,84,84,84,84,84,84,84,84,84,84,84,84,84,86,86,86,88,88,88],"card_choices":[{"not_picked":["Runesmith:GoWithTheFlow","Runesmith:ChiselStab"],"picked":"Runesmith:HeatExchange","floor":1.0},{"not_picked":["Runesmith:MakeshiftArmor","Runesmith:FieryHammer"],"picked":"Runesmith:EnergizedChisel","floor":2.0},{"not_picked":["Runesmith:Grindstone","Runesmith:CraftSpiculum"],"picked":"Runesmith:ChiselStab","floor":3.0},{"not_picked":["Runesmith:CraftMagma","Runesmith:PoweredAnvil"],"picked":"Runesmith:Firestorm","floor":4.0},{"not_picked":["Runesmith:CraftMagma","aspiration:UnbridledHammer"],"picked":"Runesmith:HammerThrow","floor":5.0},{"not_picked":["Runesmith:ShiftingStrike","Runesmith:EarthShield"],"picked":"Runesmith:Reinforce","floor":6.0},{"not_picked":["Runesmith:StaticCage","Runesmith:RuneHurl"],"picked":"Runesmith:HammerTime","floor":10.0},{"not_picked":["Runesmith:CraftObretio","Runesmith:HammerTime"],"picked":"Runesmith:ChaoticBlast","floor":12.0},{"not_picked":["Runesmith:DuctTape","Runesmith:GrandSlam"],"picked":"Runesmith:MetallurgicalResearch","floor":16.0},{"not_picked":["Runesmith:Repurpose+1","aspiration:UnbridledHammer+1"],"picked":"Runesmith:UnstableHammer","floor":18},{"not_picked":["Runesmith:Repurpose","Runesmith:Superposition","Runesmith:StaticCage"],"picked":"Singing Bowl","floor":19},{"not_picked":["Runesmith:Repurpose","Runesmith:HammerThrow","Runesmith:Grindstone+1"],"picked":"Singing Bowl","floor":22}],"player_experience":442475,"relics_obtained":[{"floor":6.0,"key":"Singing Bowl"},{"floor":9.0,"key":"War Paint"}],"event_choices":[{"damage_healed":0.0,"max_hp_gain":0.0,"max_hp_loss":0.0,"gold_gain":0.0,"event_name":"Golden Idol","player_choice":"Take Damage","floor":14.0,"gold_loss":0.0,"damage_taken":21.0,"relics_obtained":["Golden Idol"]},{"damage_healed":0,"gold_gain":275,"player_choice":"Desecrate","damage_taken":0,"max_hp_gain":0,"max_hp_loss":0,"event_name":"Golden Shrine","floor":21,"gold_loss":0,"cards_obtained":["Regret"]}],"is_beta":false,"boss_relics":[{"not_picked":["aspiration:IroncladSkillbook","Snecko Eye"],"picked":"Black Star"}],"items_purged_floors":[7,20],"is_endless":false,"potions_floor_spawned":[1,3,6,10,19,22],"killed_by":"theJungle:MamaSnecko","ascension_level":2}}