{"host":"f3zi5bw4of71qj4o","time":1613745299,"event":{"mods":["BaseMod","DeckTracker","Highlight Path","Minty Spire (QoL Compilation)","Relic Stats","StSLib","SuperFastMode"],"gold_per_floor":[119,119,119,193,214,214,214],"floor_reached":6,"language":"ENG","playtime":258,"items_purged":[],"score":72,"play_id":"deae601c-16ae-48a6-8b8e-19ca0fc90838","local_time":"20210219153459","is_ascension_mode":true,"campfire_choices":[],"circlet_count":0,"master_deck":["AscendersBane","Strike_R","Strike_R","Strike_R","Strike_R","Strike_R","Defend_R","Defend_R","Defend_R","Defend_R","Bash","Flame Barrier","Shrug It Off","Metallicize"],"relics":["Burning Blood","Bird Faced Urn","Golden Idol","SsserpentHead"],"acts_visited":["Exordium"],"potions_floor_usage":[],"damage_taken":[{"damage":7,"enemies":"Small Slimes","floor":1,"turns":5},{"damage":3,"enemies":"2 Louse","floor":4,"turns":4},{"damage":28,"enemies":"Cultist","floor":5,"turns":7},{"damage":43,"enemies":"Lagavulin","floor":6,"turns":7}],"seed_played":"8128661064299832191","potions_obtained":[{"floor":1,"key":"LiquidBronze"},{"floor":5,"key":"Ancient Potion"}],"is_trial":false,"path_per_floor":["M","?","?","M","M","E"],"character_chosen":"IRONCLAD","items_purchased":[],"campfire_rested":0,"item_purchase_floors":[],"current_hp_per_floor":[49,49,49,52,30,0,0],"gold":214,"neow_bonus":"ONE_RARE_RELIC","is_daily":false,"chose_seed":false,"campfire_upgraded":0,"win_rate":0.0,"timestamp":1613745299,"path_taken":["M","?","?","?","M","E"],"items_purchased_type":[],"build_version":"2020-12-22","purchased_purges":0,"victory":false,"max_hp_per_floor":[75,68,68,68,68,68,68],"relic_stats":{"SsserpentHead":50,"counters":[4,23],"Golden Idol":9,"Bird Faced Urn":[2],"obtain_stats":[{"SsserpentHead":3,"Golden Idol":2,"Bird Faced Urn":0,"Burning Blood":0},{"SsserpentHead":1,"Golden Idol":1,"Bird Faced Urn":0,"Burning Blood":0},{"SsserpentHead":5,"Golden Idol":5,"Bird Faced Urn":0,"Burning Blood":0}],"Burning Blood":18},"card_choices":[{"not_picked":["Combust","Clash"],"picked":"Flame Barrier","floor":1},{"not_picked":["Battle Trance","Havoc"],"picked":"Shrug It Off","floor":4},{"not_picked":["Battle Trance","Perfected Strike"],"picked":"Metallicize","floor":5}],"player_experience":2606215,"relics_obtained":[],"event_choices":[{"damage_healed":0,"gold_gain":0,"player_choice":"Lose Max HP","damage_taken":0,"relics_obtained":["Golden Idol"],"max_hp_gain":0,"max_hp_loss":7,"event_name":"Golden Idol","floor":2,"gold_loss":0},{"damage_healed":0,"gold_gain":0,"player_choice":"Trade","damage_taken":0,"relics_obtained":["SsserpentHead"],"max_hp_gain":0,"max_hp_loss":0,"event_name":"FaceTrader","floor":3,"gold_loss":0}],"is_beta":false,"boss_relics":[],"items_purged_floors":[],"is_endless":false,"potions_floor_spawned":[1,5],"killed_by":"Lagavulin","ascension_level":20}}