{"host":"dw8ij7emqco3quom","time":1613694350,"event":{"mods":["BaseMod","Minty Spire (QoL Compilation)"],"gold_per_floor":[112,112,135,203,51,51,126,126,126,162,162,14,29,99,99,224,224,244,244,118,136,235,260,260,292,592,618,638,638,638,638,638,740,740,750,750,762,762,415,415,441,441,517,533,551,563,292,305,305,305,305,305,46,71,71],"floor_reached":56,"language":"FRA","playtime":3983,"items_purged":["Defend_G","Strike_G","Defend_G","Strike_G"],"score":1503,"play_id":"812f8d33-bbe0-4dbd-9327-0fdb89ae7aec","local_time":"20210219012550","is_ascension_mode":true,"campfire_choices":[{"floor":6.0,"key":"REST"},{"floor":8.0,"key":"REST"},{"data":"Finisher","floor":15.0,"key":"SMITH"},{"data":"Phantasmal Killer","floor":24.0,"key":"SMITH"},{"floor":30.0,"key":"REST"},{"data":"Venomology","floor":32.0,"key":"SMITH"},{"floor":40.0,"key":"RECALL"},{"data":"Venomology","floor":42.0,"key":"SMITH"},{"data":"Accuracy","floor":49.0,"key":"SMITH"},{"data":"Caltrops","floor":52.0,"key":"SMITH"}],"circlet_count":0,"master_deck":["Strike_G","Strike_G","Strike_G+1","Defend_G","Defend_G","Defend_G","Survivor","Neutralize","Infinite Blades","Dash+1","Flying Knee","Finisher+1","Infinite Blades","Phantasmal Killer+1","Blade Dance","Caltrops+1","Cloak And Dagger","Blur","Venomology+1","Blade Dance","Venomology+1","Backflip+1","Outmaneuver+1","Caltrops","Adrenaline","Finisher","Normality","Parasite","Accuracy+1","Caltrops+1"],"relics":["SacredBark","Bloody Idol","Sling","Question Card","Meat on the Bone","Membership Card","InkBottle","Black Star","Pantograph","Boot","Shuriken","Blue Candle","Old Coin","Unceasing Top","Paper Crane","Orichalcum","Enchiridion","Cursed Key","Strawberry","Orrery","Whetstone","MealTicket","Bottled Lightning","Gremlin Horn","PreservedInsect","Bronze Scales","ClockworkSouvenir","Pen Nib","Snake Skull"],"acts_visited":["Exordium","TheCity","TheBeyond","TheEnding"],"potions_floor_usage":[55,55,55,55,55,55],"damage_taken":[{"damage":13.0,"enemies":"Jaw Worm","floor":1.0,"turns":8.0},{"damage":7.0,"enemies":"Small Slimes","floor":3.0,"turns":4.0},{"damage":23.0,"enemies":"Lagavulin","floor":10.0,"turns":7.0},{"damage":1.0,"enemies":"2 Louse","floor":13.0,"turns":4.0},{"damage":10.0,"enemies":"3 Sentries","floor":14.0,"turns":7.0},{"damage":52.0,"enemies":"The Guardian","floor":16.0,"turns":15.0},{"damage":28.0,"enemies":"Spheric Guardian","floor":18.0,"turns":5.0},{"damage":6.0,"enemies":"3 Byrds","floor":21.0,"turns":2.0},{"damage":8.0,"enemies":"Slavers","floor":23.0,"turns":3.0},{"damage":25.0,"enemies":"Gremlin Leader","floor":25.0,"turns":5.0},{"damage":13.0,"enemies":"Slavers","floor":27.0,"turns":6.0},{"damage":14.0,"enemies":"Snecko","floor":28.0,"turns":4.0},{"damage":85.0,"enemies":"Collector","floor":33.0,"turns":8.0},{"damage":7.0,"enemies":"3 Shapes","floor":35.0,"turns":5.0},{"damage":0.0,"enemies":"Orb Walker","floor":37.0,"turns":1.0},{"damage":0.0,"enemies":"3 Darklings","floor":38.0,"turns":1.0},{"damage":24.0,"enemies":"Reptomancer","floor":41.0,"turns":4.0},{"damage":7.0,"enemies":"Writhing Mass","floor":44.0,"turns":4.0},{"damage":2.0,"enemies":"Spire Growth","floor":45.0,"turns":4.0},{"damage":8.0,"enemies":"Sphere and 2 Shapes","floor":46.0,"turns":6.0},{"damage":15.0,"enemies":"3 Darklings","floor":48.0,"turns":2.0},{"damage":73.0,"enemies":"Time Eater","floor":50.0,"turns":9.0},{"damage":26.0,"enemies":"Shield and Spear","floor":54.0,"turns":2.0},{"damage":94,"enemies":"The Heart","floor":55,"turns":5}],"seed_played":"-8554905066688174420","potions_obtained":[{"floor":1.0,"key":"LiquidMemories"},{"floor":13.0,"key":"BlessingOfTheForge"},{"floor":14.0,"key":"LiquidMemories"},{"floor":16.0,"key":"Ancient Potion"},{"floor":21.0,"key":"Poison Potion"},{"floor":23.0,"key":"PowerPotion"},{"floor":28.0,"key":"Regen Potion"},{"floor":33.0,"key":"CunningPotion"},{"floor":37.0,"key":"SmokeBomb"},{"floor":44.0,"key":"PowerPotion"}],"is_trial":false,"path_per_floor":["M","?","M","?","$","R","?","R","T","E","?","$","M","?","R","B",null,"M","?","$","M","?","E","R","E","T","E","M","?","R","?","R","B",null,"M","?","M","M","$","R","E","R","T","M","M","M","$","M","R","B",null,"R","$","E","B",null],"character_chosen":"THE_SILENT","items_purchased":["Sling","Membership Card","SteroidPotion","AttackPotion","Caltrops","Strawberry","Orrery","Whetstone","Finisher","LiquidMemories","Gremlin Horn","PreservedInsect","Bronze Scales","ClockworkSouvenir","LiquidMemories"],"campfire_rested":3,"item_purchase_floors":[5,12,20,20,20,39,39,39,39,39,47,47,53,53,53],"current_hp_per_floor":[50,50,43,43,43,64,53,70,70,47,70,70,69,59,59,19,57,41,41,41,52,57,54,54,46,51,43,46,46,67,51,51,42,63,61,61,66,66,73,73,54,54,59,57,60,57,72,62,62,16,62,62,77,56,45],"gold":71,"neow_bonus":"BOSS_RELIC","is_daily":false,"chose_seed":false,"campfire_upgraded":6,"win_rate":0.0,"timestamp":1613694350,"path_taken":["M","?","M","?","$","R","?","R","T","E","?","?","M","?","R","BOSS","M","?","$","M","?","E","R","E","T","E","M","?","R","?","R","BOSS","M","?","M","M","$","R","E","R","T","M","?","M","$","M","R","BOSS","R","$","E","BOSS"],"items_purchased_type":["Relic","Relic","Potion","Potion","Card","Relic","Relic","Relic","Card","Potion","Relic","Relic","Relic","Relic","Potion"],"build_version":"2020-12-22","purchased_purges":4,"victory":true,"max_hp_per_floor":[70,70,70,70,70,70,70,70,70,70,70,70,70,70,70,70,70,70,70,70,70,70,70,70,70,70,70,70,70,70,70,70,70,70,70,70,70,70,77,77,77,77,77,77,77,77,77,77,77,77,77,77,77,77,77],"card_choices":[{"not_picked":["Sucker Punch","Dagger Throw"],"picked":"Infinite Blades","floor":1.0},{"not_picked":["Quick Slash","Backflip"],"picked":"Dash","floor":3.0},{"not_picked":["Dagger Throw","Masterful Stab","Dagger Spray"],"picked":"Flying Knee","floor":10.0},{"not_picked":["Deadly Poison","Dash","Dagger Throw"],"picked":"Finisher","floor":13.0},{"not_picked":["PiercingWail","Envenom","Blade Dance"],"picked":"Infinite Blades","floor":14.0},{"not_picked":["Doppelganger","Burst","Unload"],"picked":"Phantasmal Killer","floor":16.0},{"not_picked":["Quick Slash","PiercingWail","Endless Agony+1"],"picked":"Blade Dance","floor":18.0},{"not_picked":["Deadly Poison","Tactician","Skewer"],"picked":"Cloak And Dagger","floor":21.0},{"not_picked":["Dagger Throw","Cloak And Dagger","Acrobatics"],"picked":"Blur","floor":23.0},{"not_picked":["Sucker Punch","Dagger Spray","Poisoned Stab"],"picked":"Venomology","floor":25.0},{"not_picked":["Leg Sweep","Cloak And Dagger","Deflect+1"],"picked":"Blade Dance","floor":27.0},{"not_picked":["Slice","Bane","Eviscerate+1","Sucker Punch"],"picked":"SKIP","floor":28.0},{"not_picked":["After Image","Die Die Die","Grand Finale"],"picked":"Venomology","floor":33.0},{"not_picked":["PiercingWail+1","Dash+1","Riddle With Holes"],"picked":"Backflip+1","floor":35.0},{"not_picked":["Prepared","Bane+1","Cloak And Dagger+1","Predator"],"picked":"SKIP","floor":37.0},{"not_picked":["Acrobatics","Dash","Tactician+1"],"picked":"Outmaneuver+1","floor":39.0},{"not_picked":["Distraction","Adrenaline","Blade Dance+1"],"picked":"Caltrops","floor":39.0},{"not_picked":["Underhanded Strike","Flying Knee","Deadly Poison"],"picked":"Adrenaline","floor":39.0},{"not_picked":["Cloak And Dagger","Backstab","Poisoned Stab","Dagger Throw"],"picked":"SKIP","floor":41.0},{"not_picked":["Finisher","Slice","Sucker Punch","Dagger Throw"],"picked":"SKIP","floor":44.0},{"not_picked":["Underhanded Strike+1","Flying Knee+1","Bane"],"picked":"Accuracy","floor":45.0},{"not_picked":["PiercingWail+1","Dagger Spray","Bane+1","Acrobatics"],"picked":"SKIP","floor":46.0},{"not_picked":["Calculated Gamble","Cloak And Dagger","Backstab","Masterful Stab"],"picked":"SKIP","floor":48.0},{"not_picked":["Setup+1","Poisoned Stab+1","Blade Dance"],"picked":"Caltrops+1","floor":54.0}],"player_experience":743967,"relics_obtained":[{"floor":9.0,"key":"Question Card"},{"floor":10.0,"key":"Meat on the Bone"},{"floor":14.0,"key":"InkBottle"},{"floor":23.0,"key":"Pantograph"},{"floor":23.0,"key":"Boot"},{"floor":25.0,"key":"Shuriken"},{"floor":25.0,"key":"Blue Candle"},{"floor":26.0,"key":"Old Coin"},{"floor":27.0,"key":"Unceasing Top"},{"floor":27.0,"key":"Paper Crane"},{"floor":31.0,"key":"Enchiridion"},{"floor":41.0,"key":"MealTicket"},{"floor":41.0,"key":"Bottled Lightning"},{"floor":54.0,"key":"Pen Nib"},{"floor":54.0,"key":"Snake Skull"}],"event_choices":[{"damage_healed":0.0,"max_hp_gain":0.0,"max_hp_loss":0.0,"gold_gain":0.0,"event_name":"Golden Idol","player_choice":"Take Wound","floor":2.0,"gold_loss":0.0,"damage_taken":0.0,"relics_obtained":["Golden Idol"],"cards_obtained":["Injury"]},{"damage_healed":0.0,"max_hp_gain":0.0,"max_hp_loss":0.0,"gold_gain":68.0,"event_name":"Golden Wing","player_choice":"Gained Gold","floor":4.0,"gold_loss":0.0,"damage_taken":0.0},{"damage_healed":0.0,"max_hp_gain":0.0,"max_hp_loss":0.0,"gold_gain":75.0,"event_name":"World of Goop","player_choice":"Gather Gold","floor":7.0,"gold_loss":0.0,"damage_taken":11.0},{"damage_healed":23.0,"max_hp_gain":0.0,"max_hp_loss":0.0,"gold_gain":0.0,"event_name":"Big Fish","player_choice":"Banana","floor":11.0,"gold_loss":0.0,"damage_taken":0.0},{"damage_healed":0.0,"max_hp_gain":0.0,"max_hp_loss":0.0,"gold_gain":0.0,"event_name":"Dead Adventurer","player_choice":"Searched \u00271\u0027 times","floor":14.0,"gold_loss":0.0,"damage_taken":0.0},{"damage_healed":0.0,"max_hp_gain":0.0,"max_hp_loss":0.0,"gold_gain":0.0,"event_name":"Forgotten Altar","player_choice":"Gave Idol","floor":19.0,"relics_lost":["Golden Idol"],"gold_loss":0.0,"damage_taken":0.0,"relics_obtained":["Bloody Idol"]},{"damage_healed":0.0,"max_hp_gain":0.0,"max_hp_loss":0.0,"gold_gain":99.0,"event_name":"Nest","player_choice":"Stole From Cult","floor":22.0,"gold_loss":0.0,"damage_taken":0.0},{"damage_healed":0.0,"max_hp_gain":0.0,"max_hp_loss":0.0,"gold_gain":0.0,"event_name":"The Mausoleum","player_choice":"Opened","floor":29.0,"gold_loss":0.0,"damage_taken":0.0,"relics_obtained":["Orichalcum"]},{"damage_healed":0.0,"max_hp_gain":0.0,"max_hp_loss":0.0,"gold_gain":0.0,"event_name":"Cursed Tome","player_choice":"Obtained Book","floor":31.0,"gold_loss":0.0,"damage_taken":16.0},{"cards_removed":["Injury"],"damage_healed":0.0,"max_hp_gain":0.0,"max_hp_loss":0.0,"gold_gain":0.0,"event_name":"Fountain of Cleansing","player_choice":"Removed Curses","floor":36.0,"gold_loss":0.0,"damage_taken":0.0}],"is_beta":false,"boss_relics":[{"not_picked":["SlaversCollar","Runic Pyramid"],"picked":"Black Star"},{"not_picked":["Fusion Hammer","Pandora\u0027s Box"],"picked":"Cursed Key"}],"items_purged_floors":[20,39,47,53],"is_endless":false,"potions_floor_spawned":[1,13,14,16,21,23,28,33,37,38,44],"ascension_level":6}}