{"host":"ffqn1azj9urswy62","time":1613750028,"event":{"mods":["BaseMod","Better Third Choice","Conspire","Googly Eyes","Hubris","Minty Spire (QoL Compilation)","Replay The Spire","StSLib","Wandering Minibosses","slay the spire mod where everything is the same but ironclad has a cowboy hat"],"gold_per_floor":[117,42,57,76,76,76,111,14,59,59,59],"floor_reached":10,"language":"ENG","playtime":378,"items_purged":["Looming Evil"],"score":76,"play_id":"f36f306b-5764-4ed9-ad5d-a5bf9f00f2e8","local_time":"20210219105348","is_ascension_mode":true,"campfire_choices":[{"data":"Panache","floor":6,"key":"SMITH"}],"circlet_count":0,"master_deck":["Strike_P","Strike_P","Strike_P","Strike_P","Defend_P+1","Defend_P","Defend_P","Defend_P","Eruption","Vigilance","Panache+1","Replay:Anticipation+1","CutThroughFate","SignatureMove","LessonLearned","FlurryOfBlows"],"relics":["PureWater","hubris:TenFootPole","War Paint"],"acts_visited":["Exordium"],"potions_floor_usage":[10],"damage_taken":[{"damage":2,"enemies":"Jaw Worm","floor":1,"turns":3},{"damage":0,"enemies":"Cultist","floor":3,"turns":4},{"damage":4,"enemies":"Small Slimes","floor":4,"turns":2},{"damage":52,"enemies":"Lagavulin","floor":7,"turns":4},{"damage":20,"enemies":"Gremlin Nob","floor":10,"turns":2}],"seed_played":"-5893302152587833914","potions_obtained":[{"floor":1,"key":"EssenceOfSteel"}],"is_trial":false,"path_per_floor":["M","$","M","M","?","R","E","$","T","E"],"character_chosen":"WATCHER","items_purchased":["FlurryOfBlows","PowerPotion"],"campfire_rested":0,"item_purchase_floors":[8,8],"current_hp_per_floor":[70,70,70,66,66,66,14,14,14,0,0],"gold":59,"neow_bonus":"RANDOM_COLORLESS_2","is_daily":false,"chose_seed":false,"campfire_upgraded":1,"win_rate":0.0,"timestamp":1613750028,"path_taken":["M","$","M","M","?","R","E","?","T","E"],"items_purchased_type":["Card","Potion"],"build_version":"2020-12-22","purchased_purges":1,"victory":false,"max_hp_per_floor":[72,72,72,72,72,72,72,72,72,72,72],"card_choices":[{"not_picked":["Midas Touch","Master of Strategy"],"picked":"Panache","floor":0},{"not_picked":["DeceiveReality","FollowUp"],"picked":"Replay:Anticipation","floor":1},{"not_picked":["Study","EmptyFist"],"picked":"CutThroughFate","floor":3},{"not_picked":["Evaluate","TalkToTheHand"],"picked":"SignatureMove","floor":4},{"not_picked":["ThirdEye","SignatureMove"],"picked":"LessonLearned","floor":7}],"player_experience":702229,"relics_obtained":[{"floor":7,"key":"hubris:TenFootPole"},{"floor":9,"key":"War Paint"}],"event_choices":[{"damage_healed":0,"gold_gain":0,"player_choice":"Bought 0 Potions","damage_taken":0,"max_hp_gain":0,"max_hp_loss":0,"event_name":"The Woman in Blue","floor":5,"gold_loss":0}],"is_beta":false,"boss_relics":[],"items_purged_floors":[2],"is_endless":false,"potions_floor_spawned":[1],"killed_by":"Gremlin Nob","ascension_level":3}}