{"host":"tyn27qd7gau91f81","time":1613715151,"event":{"mods":["BaseMod","Colored Map","Minty Spire (QoL Compilation)","Permanent Neow","Relic Stats","StSLib","everything is the same but u backflip on backflip"],"gold_per_floor":[211,20,38,51,67,67,100,100,127,139,166,166,176,190,190,295,295,312,19,19,29,48,48,62,94,94,94,94,94],"floor_reached":28,"language":"ENG","playtime":3059,"items_purged":["Defend_R"],"score":267,"play_id":"d0069835-57ed-4df9-94ce-27dda8e6fcc7","local_time":"20210218221231","is_ascension_mode":false,"campfire_choices":[{"data":"Bash","floor":6.0,"key":"SMITH"},{"data":"Inflame","floor":12.0,"key":"SMITH"},{"data":"Combust","floor":15,"key":"SMITH"},{"data":"Fire Breathing","floor":23,"key":"SMITH"},{"data":"Fire Breathing","floor":27,"key":"SMITH"}],"circlet_count":0,"master_deck":["Bash+1","Clash","Shrug It Off","Inflame+1","Dual Wield","Headbutt","Cleave","Impervious+1","Pommel Strike","Combust+1","Rage","Fiend Fire","Pummel","Pommel Strike","Power Through","Fire Breathing+1","Battle Trance","Burning Pact","Rampage","Cleave","Pommel Strike+1","Fire Breathing+1","Power Through","Fiend Fire","Power Through","Pommel Strike+1","Battle Trance+1"],"relics":["Burning Blood","Tiny Chest","Art of War","Lantern","Pandora\u0027s Box","The Courier","Pen Nib","Question Card"],"acts_visited":["Exordium","TheCity"],"potions_floor_usage":[18,25,25],"damage_taken":[{"damage":0.0,"enemies":"Small Slimes","floor":1.0,"turns":3.0},{"damage":0.0,"enemies":"Cultist","floor":3.0,"turns":3.0},{"damage":0.0,"enemies":"2 Louse","floor":4.0,"turns":1.0},{"damage":13.0,"enemies":"Red Slaver","floor":5.0,"turns":4.0},{"damage":36.0,"enemies":"3 Sentries","floor":7.0,"turns":7.0},{"damage":10.0,"enemies":"Exordium Wildlife","floor":10.0,"turns":4.0},{"damage":0.0,"enemies":"3 Louse","floor":13.0,"turns":2.0},{"damage":0,"enemies":"Exordium Thugs","floor":14,"turns":3},{"damage":20,"enemies":"Slime Boss","floor":16,"turns":8},{"damage":20,"enemies":"2 Thieves","floor":18,"turns":4},{"damage":20,"enemies":"3 Byrds","floor":21,"turns":4},{"damage":8,"enemies":"Snake Plant","floor":22,"turns":5},{"damage":22,"enemies":"Sentry and Sphere","floor":24,"turns":6},{"damage":19,"enemies":"Book of Stabbing","floor":25,"turns":4},{"damage":26,"enemies":"Slavers","floor":28,"turns":1}],"seed_played":"1303244041671035041","potions_obtained":[{"floor":5.0,"key":"BlessingOfTheForge"},{"floor":10.0,"key":"Swift Potion"},{"floor":14,"key":"LiquidMemories"},{"floor":22,"key":"Fire Potion"},{"floor":25,"key":"FearPotion"}],"is_trial":false,"path_per_floor":["M","$","M","M","M","R","E","?","T","M","T","R","M","M","R","B",null,"M","$","T","M","M","R","M","E","T","R","E"],"character_chosen":"IRONCLAD","items_purchased":["Shrug It Off","Inflame","Fire Breathing","Power Through","Fiend Fire"],"campfire_rested":0,"item_purchase_floors":[2,2,19,19,19],"current_hp_per_floor":[80,80,80,80,73,73,43,43,43,39,39,39,45,51,51,37,80,66,66,66,52,50,50,34,21,21,21,0,0],"gold":94,"neow_bonus":"HUNDRED_GOLD","is_daily":false,"chose_seed":false,"campfire_upgraded":5,"win_rate":0.0,"timestamp":1613715151,"path_taken":["M","$","M","M","M","R","E","?","T","?","?","R","M","M","R","BOSS","M","$","?","M","?","R","M","E","T","R","E"],"items_purchased_type":["Card","Card","Card","Card","Card"],"build_version":"2020-12-22","purchased_purges":1,"victory":false,"max_hp_per_floor":[80,80,80,80,80,80,80,80,80,80,80,80,80,80,80,80,80,80,80,80,80,80,80,80,80,80,80,80,80],"relic_stats":{"counters":[15,59],"Tiny Chest":1,"Pandora\u0027s Box":["Pummel","Pommel Strike","Power Through","Fire Breathing","Battle Trance","Burning Pact","Rampage","Cleave"],"Pen Nib":[0],"Art of War":[3],"Question Card":0,"obtain_stats":[{"Lantern":11,"Tiny Chest":7,"Pandora\u0027s Box":17,"The Courier":20,"Pen Nib":25,"Art of War":9,"Question Card":26,"Burning Blood":0},{"Lantern":6,"Tiny Chest":5,"Pandora\u0027s Box":9,"The Courier":10,"Pen Nib":14,"Art of War":5,"Question Card":14,"Burning Blood":0},{"Lantern":22,"Tiny Chest":18,"Pandora\u0027s Box":35,"The Courier":39,"Pen Nib":58,"Art of War":18,"Question Card":58,"Burning Blood":0}],"Burning Blood":66},"card_choices":[{"not_picked":["Havoc","Rupture"],"picked":"Clash","floor":1.0},{"not_picked":["Perfected Strike","Iron Wave"],"picked":"Dual Wield","floor":3.0},{"not_picked":["Infernal Blade","Clothesline"],"picked":"Headbutt","floor":4.0},{"not_picked":["Clash","Dropkick"],"picked":"Cleave","floor":5.0},{"not_picked":["Perfected Strike","Cleave"],"picked":"Impervious","floor":7.0},{"not_picked":["Sword Boomerang","Fire Breathing"],"picked":"Pommel Strike","floor":10.0},{"not_picked":["Pommel Strike","Cleave"],"picked":"Combust","floor":13},{"not_picked":["Dropkick","Flex"],"picked":"Rage","floor":14},{"not_picked":["Double Tap","Barricade"],"picked":"Fiend Fire","floor":16},{"not_picked":["Anger","Heavy Blade"],"picked":"Pommel Strike+1","floor":18},{"not_picked":["Headbutt","Flex"],"picked":"Power Through","floor":21},{"not_picked":["Iron Wave+1","Thunderclap"],"picked":"Pommel Strike+1","floor":22},{"not_picked":["Headbutt","Demon Form"],"picked":"Battle Trance+1","floor":24},{"not_picked":["Dropkick","Sword Boomerang","Searing Blow"],"picked":"SKIP","floor":25}],"player_experience":2182047,"relics_obtained":[{"floor":7.0,"key":"Tiny Chest"},{"floor":9.0,"key":"Art of War"},{"floor":11.0,"key":"Lantern"},{"floor":20,"key":"The Courier"},{"floor":25,"key":"Pen Nib"},{"floor":26,"key":"Question Card"}],"event_choices":[{"damage_healed":0.0,"max_hp_gain":0.0,"max_hp_loss":0.0,"gold_gain":0.0,"event_name":"Upgrade Shrine","player_choice":"Upgraded","floor":8.0,"gold_loss":0.0,"damage_taken":0.0,"cards_upgraded":["Impervious"]}],"is_beta":false,"boss_relics":[{"not_picked":["Mark of Pain","Runic Pyramid"],"picked":"Pandora\u0027s Box"}],"items_purged_floors":[2],"is_endless":false,"potions_floor_spawned":[5,10,14,22,24,25],"killed_by":"Slavers","ascension_level":0}}