{"host":"o9lehcdjc4u6j9un","time":1613727417,"event":{"mods":["Aspiration","BaseMod","Better-Laid Plans","Bossed Relics","Colored Map","Downfall","Gremlin Mod","Hermit","Koishi","Marisa£®ÏF”Í°°ƒß¿Ì…≥£©","Minty Spire (QoL Compilation)","Reimu£®≤©¿ˆ¡È√Œ£©","Remilia£®¿Ÿ√◊¿Ú—«£©","Robot Space Explorer","StSLib","The Alterego","The Hierophant","The Jungle","The Marked","The Runesmith","The Senshi","The Servant 0.9.4","Yakumo Yukari mod","Youmu£®ªÍ∆«—˝√Œ£©","≤–¡Ù÷ÆŒÔ"],"gold_per_floor":[113,113,14,30,45,77,77,103,103,53,83,83,118,138,138,237,237,249,249,259,259,259,259,290,290,362,377,397,397,82,114,114,209,209,228,241,241,295,295,295,170,195,195,0,50,63,98,98,98,98,98,98,4,33,33],"floor_reached":56,"language":"ZHS","playtime":2912,"items_purged":["Strike_R+1","Defend_R","Defend_R"],"score":1421,"play_id":"5ba5f067-effe-4fcc-acba-49b8c231b506","local_time":"20210219173657","is_ascension_mode":true,"campfire_choices":[{"data":"True Grit","floor":7.0,"key":"SMITH"},{"data":"Berserk","floor":15.0,"key":"SMITH"},{"data":"Rampage","floor":23.0,"key":"SMITH"},{"data":"Pommel Strike","floor":25.0,"key":"SMITH"},{"data":"Flex","floor":29.0,"key":"SMITH"},{"data":"Flex","floor":32.0,"key":"SMITH"},{"floor":40.0,"key":"RECALL"},{"floor":49.0,"key":"REST"},{"floor":52.0,"key":"REST"}],"circlet_count":0,"master_deck":["Defend_R+1","Bash","Iron Wave","Flex+1","Pommel Strike+1","Flex+1","Headbutt","True Grit+1","Clash","Headbutt","Berserk+1","Headbutt","Armaments+1","Double Tap+1","Rampage+1","Shockwave+1","Dual Wield+1","Cleave","Offering+1","Shrug It Off+1","Dual Wield+1","Offering+1","Combust+1","Pommel Strike","Deep Breath+1"],"relics":["Burning Blood","Happy Flower","aspiration:Nostalgia","Cracked Core","Question Card","Shuriken","Toxic Egg 2","sneckomod:BlankCard","aspiration:RandomNobGenerator","aspiration:SeaSaltIceCream","Empty Cage","Mummified Hand","Lee\u0027s Waffle","aspiration:HiddenCompartment","Fusion Hammer","Calipers","Gambling Chip","Bottled Tornado","Brimstone","CatCart","Toy Ornithopter","Centennial Puzzle"],"acts_visited":["Exordium","TheCity","TheBeyond","TheEnding"],"potions_floor_usage":[55,55,55],"damage_taken":[{"damage":6.0,"enemies":"Small Slimes","floor":1.0,"turns":3.0},{"damage":0.0,"enemies":"2 Louse","floor":4.0,"turns":3.0},{"damage":12.0,"enemies":"Jaw Worm","floor":5.0,"turns":2.0},{"damage":16.0,"enemies":"Lagavulin","floor":6.0,"turns":5.0},{"damage":18.0,"enemies":"3 Sentries","floor":8.0,"turns":8.0},{"damage":0.0,"enemies":"Gremlin Nob","floor":11.0,"turns":3.0},{"damage":22.0,"enemies":"3 Sentries","floor":13.0,"turns":6.0},{"damage":0.0,"enemies":"Red Slaver","floor":14.0,"turns":1.0},{"damage":29.0,"enemies":"The Guardian","floor":16.0,"turns":6.0},{"damage":12.0,"enemies":"Shell Parasite","floor":18.0,"turns":2.0},{"damage":19.0,"enemies":"2 Thieves","floor":20.0,"turns":3.0},{"damage":10.0,"enemies":"Book of Stabbing","floor":24.0,"turns":3.0},{"damage":0.0,"enemies":"Snake Plant","floor":27.0,"turns":2.0},{"damage":26.0,"enemies":"3 Cultists","floor":28.0,"turns":5.0},{"damage":53.0,"enemies":"Gremlin Leader","floor":31.0,"turns":4.0},{"damage":26.0,"enemies":"Collector","floor":33.0,"turns":4.0},{"damage":6.0,"enemies":"Orb Walker","floor":35.0,"turns":2.0},{"damage":6.0,"enemies":"3 Shapes","floor":36.0,"turns":2.0},{"damage":28.0,"enemies":"2 Orb Walkers","floor":38.0,"turns":3.0},{"damage":7.0,"enemies":"Reptomancer","floor":42.0,"turns":2.0},{"damage":12.0,"enemies":"Orin","floor":45.0,"turns":4.0},{"damage":6.0,"enemies":"Jaw Worm Horde","floor":46.0,"turns":1.0},{"damage":13.0,"enemies":"Nemesis","floor":47.0,"turns":1.0},{"damage":29.0,"enemies":"Donu and Deca","floor":50.0,"turns":4.0},{"damage":27.0,"enemies":"Shield and Spear","floor":54.0,"turns":3.0},{"damage":115,"enemies":"The Heart","floor":55,"turns":5}],"seed_played":"-8715539797501733424","potions_obtained":[{"floor":4.0,"key":"bronze:BurnAndBuffPotion"},{"floor":11.0,"key":"SkillPotion"},{"floor":14.0,"key":"Fire Potion"},{"floor":16.0,"key":"DuplicationPotion"},{"floor":20.0,"key":"ElixirPotion"},{"floor":33.0,"key":"PowerPotion"},{"floor":42.0,"key":"AttackPotion"}],"is_trial":false,"path_per_floor":["M","?","$","M","M","E","R","E","T","?","E","T","E","M","R","B",null,"M","?","M","?","T","R","E","R","T","M","M","R","$","E","R","B",null,"M","M","?","?","?","R","$","E","T","$","?","M","E","$","R","B",null,"R","$","E","B",null],"character_chosen":"IRONCLAD","items_purchased":["Flex","Lee\u0027s Waffle","Dual Wield+1","Brimstone","Energy Potion","Deep Breath+1"],"campfire_rested":2,"item_purchase_floors":[3,30,30,44,44,53],"current_hp_per_floor":[72,58,58,64,58,48,48,36,36,36,42,42,26,32,32,9,72,66,66,53,53,53,53,49,49,49,55,35,35,79,32,32,12,79,79,79,79,57,57,57,57,56,56,56,50,50,43,43,66,43,79,79,79,58,43],"gold":33,"neow_bonus":"TRANSFORM_TWO_CARDS","is_daily":false,"chose_seed":false,"campfire_upgraded":6,"win_rate":0.0,"timestamp":1613727417,"path_taken":["M","?","$","M","M","E","R","E","T","?","E","?","E","M","R","BOSS","M","?","M","?","?","R","E","R","T","?","M","R","$","E","R","BOSS","M","M","?","?","?","R","$","E","T","$","?","M","E","?","R","BOSS","R","$","E","BOSS"],"items_purchased_type":["Card","Relic","Card","Relic","Potion","Card"],"build_version":"2020-12-22","purchased_purges":3,"victory":true,"max_hp_per_floor":[72,72,72,72,72,72,72,72,72,72,72,72,72,72,72,72,72,72,72,72,72,72,72,72,72,72,72,72,72,79,79,79,79,79,79,79,79,79,79,79,79,79,79,79,79,79,79,79,79,79,79,79,79,79,79],"card_choices":[{"not_picked":["Wild Strike","Disarm"],"picked":"Pommel Strike","floor":1.0},{"not_picked":["Evolve","Anger"],"picked":"Headbutt","floor":4.0},{"not_picked":["Flex","Wild Strike"],"picked":"True Grit","floor":5.0},{"not_picked":["Dark Embrace","Twin Strike"],"picked":"Clash","floor":6.0},{"not_picked":["Flame Barrier","Shrug It Off"],"picked":"Headbutt","floor":8.0},{"not_picked":["Thunderclap","Havoc","Anger"],"picked":"Berserk","floor":11.0},{"not_picked":["Pummel","Iron Wave","Havoc+1"],"picked":"Headbutt","floor":13.0},{"not_picked":["Reckless Charge","Inflame","Body Slam"],"picked":"Armaments+1","floor":14.0},{"not_picked":["Limit Break+1","Feed","Barricade"],"picked":"Double Tap+1","floor":16.0},{"not_picked":["Body Slam","Headbutt","Perfected Strike+1"],"picked":"Rampage","floor":18.0},{"not_picked":["Ghostly Armor+1","Iron Wave","Perfected Strike","Anger"],"picked":"SKIP","floor":20.0},{"not_picked":["Body Slam","Headbutt","Dark Embrace"],"picked":"Shockwave+1","floor":24.0},{"not_picked":["Berserk","Perfected Strike+1","Ghostly Armor+1","Twin Strike"],"picked":"SKIP","floor":27.0},{"not_picked":["Twin Strike","Headbutt","Seeing Red+1","Reckless Charge"],"picked":"SKIP","floor":28.0},{"not_picked":["Juggernaut","Iron Wave","Exhume+1"],"picked":"Cleave","floor":31.0},{"not_picked":["Corruption","Barricade","Immolate"],"picked":"Offering+1","floor":33.0},{"not_picked":["Rage+1","Metallicize","Havoc+1"],"picked":"Shrug It Off+1","floor":35.0},{"not_picked":["Shrug It Off+1","Body Slam","Shockwave+1"],"picked":"Dual Wield+1","floor":36.0},{"not_picked":["Havoc+1","Pommel Strike+1","Disarm+1"],"picked":"Offering+1","floor":42.0},{"not_picked":["Twin Strike+1","Thunderclap","Clothesline+1"],"picked":"Combust+1","floor":46.0},{"not_picked":["Reckless Charge+1","Pummel+1","Ghostly Armor+1"],"picked":"Pommel Strike","floor":47.0},{"not_picked":["Cleave","Bloodletting+1","Thunderclap","Sever Soul"],"picked":"SKIP","floor":54.0}],"player_experience":350123,"relics_obtained":[{"floor":6.0,"key":"Happy Flower"},{"floor":8.0,"key":"aspiration:Nostalgia"},{"floor":9.0,"key":"Question Card"},{"floor":11.0,"key":"Shuriken"},{"floor":12.0,"key":"Toxic Egg 2"},{"floor":13.0,"key":"sneckomod:BlankCard"},{"floor":24.0,"key":"aspiration:SeaSaltIceCream"},{"floor":26.0,"key":"Mummified Hand"},{"floor":31.0,"key":"aspiration:HiddenCompartment"},{"floor":38.0,"key":"Calipers"},{"floor":42.0,"key":"Gambling Chip"},{"floor":43.0,"key":"Bottled Tornado"},{"floor":45.0,"key":"CatCart"},{"floor":47.0,"key":"Toy Ornithopter"},{"floor":54.0,"key":"Centennial Puzzle"}],"event_choices":[{"damage_healed":0.0,"max_hp_gain":0.0,"max_hp_loss":0.0,"gold_gain":0.0,"event_name":"Shining Light","player_choice":"Entered Light","floor":2.0,"gold_loss":0.0,"damage_taken":14.0,"cards_upgraded":["Defend_R","Strike_R"]},{"cards_removed":["Strike_R"],"damage_healed":0.0,"max_hp_gain":0.0,"max_hp_loss":0.0,"gold_gain":0.0,"event_name":"The Cleric","player_choice":"Card Removal","floor":10.0,"gold_loss":50.0,"damage_taken":0.0},{"damage_healed":0.0,"max_hp_gain":0.0,"max_hp_loss":0.0,"gold_gain":0.0,"event_name":"Vampires","player_choice":"Ignored","floor":19.0,"gold_loss":0.0,"damage_taken":0.0},{"damage_healed":0.0,"max_hp_gain":0.0,"max_hp_loss":0.0,"gold_gain":0.0,"event_name":"Ghosts","player_choice":"Ignored","floor":21.0,"gold_loss":0.0,"damage_taken":0.0},{"damage_healed":0.0,"max_hp_gain":0.0,"max_hp_loss":0.0,"gold_gain":0.0,"event_name":"Tomb of Lord Red Mask","player_choice":"Ignored","floor":37.0,"gold_loss":0.0,"damage_taken":0.0},{"damage_healed":0.0,"max_hp_gain":0.0,"max_hp_loss":0.0,"gold_gain":0.0,"event_name":"Mysterious Sphere","player_choice":"Fight","floor":38.0,"gold_loss":0.0,"damage_taken":0.0},{"damage_healed":0.0,"max_hp_gain":0.0,"max_hp_loss":0.0,"gold_gain":0.0,"event_name":"OrinTheCat","player_choice":"Fight","floor":45.0,"gold_loss":0.0,"damage_taken":0.0}],"is_beta":false,"boss_relics":[{"not_picked":["Snecko Eye","Runic Dome"],"picked":"aspiration:RandomNobGenerator"},{"not_picked":["Runic Cube","Cursed Key"],"picked":"Fusion Hammer"}],"items_purged_floors":[3,30,41],"is_endless":false,"potions_floor_spawned":[4,11,14,16,20,33,42,47],"ascension_level":2}}