{"host":"toh0bbw446wnuexf","time":1613708591,"event":{"mods":["BaseMod","Downfall","Hermit","Minty Spire (QoL Compilation)","Random Character Button","Robot Space Explorer","StSLib"],"gold_per_floor":[110,121,121,121,139,139,172,172,172,172,26,26,46,64,64,160,160,178,178,27,27,40,40,58,72,72,72,72,106,66,85,85,85,85],"floor_reached":33,"language":"ENG","playtime":1837,"items_purged":[],"score":305,"play_id":"0fd63aa2-dfd7-4846-afa6-5a3967c2676a","local_time":"20210219172311","is_ascension_mode":true,"campfire_choices":[{"floor":6,"key":"REST"},{"floor":8,"key":"REST"},{"floor":10,"key":"REST"},{"data":"Quick Slash","floor":12,"key":"SMITH"},{"data":"Cloak And Dagger","floor":15,"key":"SMITH"},{"floor":23,"key":"REST"},{"floor":28,"key":"REST"},{"floor":32,"key":"REST"}],"circlet_count":0,"master_deck":["Strike_G+1","Strike_G+1","Strike_G","Strike_G","Defend_G","Defend_G","Defend_G","Defend_G","Defend_G","Survivor","Neutralize+1","Cloak And Dagger+1","Quick Slash+1","Adrenaline","Unload","Unload","Footwork"],"relics":["Philosopher\u0027s Stone","White Beast Statue","Meat on the Bone","Vajra","Busted Crown","Blue Candle","DollysMirror","Question Card","Sundial","WingedGreaves"],"acts_visited":["Exordium","TheCity"],"potions_floor_usage":[16,22,29,33,33],"damage_taken":[{"damage":2,"enemies":"Small Slimes","floor":1,"turns":3},{"damage":11,"enemies":"2 Louse","floor":2,"turns":3},{"damage":3,"enemies":"Jaw Worm","floor":5,"turns":3},{"damage":43,"enemies":"Gremlin Nob","floor":7,"turns":5},{"damage":0,"enemies":"Blue Slaver","floor":13,"turns":3},{"damage":1,"enemies":"3 Louse","floor":14,"turns":3},{"damage":24,"enemies":"The Guardian","floor":16,"turns":12},{"damage":12,"enemies":"Shell Parasite","floor":18,"turns":5},{"damage":15,"enemies":"3 Byrds","floor":22,"turns":5},{"damage":29,"enemies":"Centurion and Healer","floor":24,"turns":4},{"damage":15,"enemies":"Snake Plant","floor":25,"turns":4},{"damage":36,"enemies":"Slavers","floor":29,"turns":5},{"damage":9,"enemies":"Shelled Parasite and Fungi","floor":31,"turns":5},{"damage":63,"enemies":"Collector","floor":33,"turns":7}],"seed_played":"2264700190292735568","potions_obtained":[{"floor":7,"key":"Swift Potion"},{"floor":13,"key":"Dexterity Potion"},{"floor":14,"key":"Weak Potion"},{"floor":16,"key":"champ:CounterPotion"},{"floor":18,"key":"EssenceOfSteel"},{"floor":22,"key":"LiquidMemories"},{"floor":25,"key":"LiquidBronze"},{"floor":29,"key":"ColorlessPotion"},{"floor":31,"key":"DuplicationPotion"}],"is_trial":false,"path_per_floor":["M","M","?","?","M","R","E","R","T","R","$","R","M","M","R","B",null,"M","?","$","?","M","R","M","M","T","T","R","E","$","M","R","B"],"character_chosen":"THE_SILENT","items_purchased":["Vajra","DollysMirror","Footwork"],"campfire_rested":6,"item_purchase_floors":[11,20,30],"current_hp_per_floor":[68,57,57,43,40,61,18,39,39,60,60,60,60,59,59,47,70,58,53,53,53,38,59,42,39,39,39,60,36,36,39,60,0,0],"gold":85,"neow_bonus":"BOSS_RELIC","is_daily":false,"chose_seed":false,"campfire_upgraded":2,"win_rate":0.0,"timestamp":1613708591,"path_taken":["M","M","?","?","M","R","E","R","T","R","$","R","?","M","R","BOSS","M","?","$","?","?","R","M","M","T","?","R","E","$","M","R","BOSS"],"items_purchased_type":["Relic","Relic","Card"],"build_version":"2020-12-22","purchased_purges":0,"victory":false,"max_hp_per_floor":[70,70,70,70,70,70,70,70,70,70,70,70,70,70,70,70,70,70,70,70,70,70,70,70,70,70,70,70,70,70,70,70,70,70],"card_choices":[{"not_picked":["Outmaneuver","Slice"],"picked":"Cloak And Dagger","floor":1},{"not_picked":["Cloak And Dagger","Outmaneuver"],"picked":"Quick Slash","floor":2},{"not_picked":["Dodge and Roll","Deflect"],"picked":"Adrenaline","floor":5},{"not_picked":["Leg Sweep","Backflip","Blade Dance"],"picked":"SKIP","floor":7},{"not_picked":["Dodge and Roll","Underhanded Strike","Acrobatics"],"picked":"SKIP","floor":13},{"not_picked":["Poisoned Stab","Tactician","Reflex"],"picked":"SKIP","floor":14},{"not_picked":["Glass Knife","Night Terror"],"picked":"Unload","floor":16},{"not_picked":["PiercingWail+1"],"picked":"SKIP","floor":18},{"not_picked":["Dagger Throw"],"picked":"SKIP","floor":22},{"not_picked":["Endless Agony"],"picked":"SKIP","floor":24},{"not_picked":["Flechettes"],"picked":"SKIP","floor":25},{"not_picked":["Flechettes","Dagger Spray+1"],"picked":"SKIP","floor":29},{"not_picked":["Acrobatics","Slice"],"picked":"SKIP","floor":31}],"player_experience":705370,"relics_obtained":[{"floor":7,"key":"White Beast Statue"},{"floor":9,"key":"Meat on the Bone"},{"floor":26,"key":"Question Card"},{"floor":27,"key":"Sundial"},{"floor":29,"key":"WingedGreaves"}],"event_choices":[{"damage_healed":0,"gold_gain":0,"player_choice":"Grow","damage_taken":0,"max_hp_gain":0,"max_hp_loss":0,"event_name":"Living Wall","floor":3,"gold_loss":0,"cards_upgraded":["Neutralize"]},{"damage_healed":0,"gold_gain":0,"player_choice":"Entered Light","damage_taken":14,"max_hp_gain":0,"max_hp_loss":0,"event_name":"Shining Light","floor":4,"gold_loss":0,"cards_upgraded":["Strike_G","Strike_G"]},{"cards_removed":["Strike_G"],"damage_healed":0,"gold_gain":0,"player_choice":"Purged","damage_taken":0,"max_hp_gain":0,"max_hp_loss":0,"event_name":"Purifier","floor":21,"gold_loss":0}],"is_beta":false,"boss_relics":[{"not_picked":["Tiny House","bronze:MakeshiftBattery"],"picked":"Busted Crown"}],"items_purged_floors":[],"is_endless":false,"potions_floor_spawned":[7,13,14,16,18,22,24,25,29,31],"killed_by":"Collector","ascension_level":3}}