{"host":"r91i8wii3z9p67t1","time":1613721268,"event":{"mods":["BaseMod","Minty Spire (QoL Compilation)","Relic Stats","StSLib"],"gold_per_floor":[112,122,297,53,66,66,66,66,66,81,97,97,126,145,145,241,241,254,254,267,284,284,284],"floor_reached":22,"language":"ZHT","playtime":1453,"items_purged":["Doubt"],"score":282,"play_id":"7a0d8ae4-c68e-41e0-a7e8-1c5bf2b4e771","local_time":"20210219155428","is_ascension_mode":true,"campfire_choices":[{"data":"Dash","floor":6,"key":"SMITH"},{"data":"Skewer","floor":12,"key":"SMITH"},{"data":"Reflex","floor":15,"key":"SMITH"}],"circlet_count":0,"master_deck":["AscendersBane","Strike_G","Strike_G","Strike_G","Defend_G+1","Defend_G","Defend_G+1","Defend_G","Defend_G","Survivor","Neutralize","Dash+1","Backflip","Terror+1","Skewer+1","Quick Slash+1","Reflex+1","Tactician","Tools of the Trade","Footwork+1","Predator","Escape Plan","Skewer+1","Infinite Blades"],"relics":["HoveringKite","Pen Nib","War Paint","Cursed Key"],"acts_visited":["Exordium","TheCity"],"potions_floor_usage":[10,13,16,16,20],"damage_taken":[{"damage":1,"enemies":"Jaw Worm","floor":1,"turns":5},{"damage":0,"enemies":"Small Slimes","floor":2,"turns":4},{"damage":0,"enemies":"2 Louse","floor":5,"turns":2},{"damage":0,"enemies":"Large Slime","floor":10,"turns":4},{"damage":1,"enemies":"2 Fungi Beasts","floor":11,"turns":4},{"damage":10,"enemies":"3 Sentries","floor":13,"turns":7},{"damage":2,"enemies":"Red Slaver","floor":14,"turns":3},{"damage":37,"enemies":"Hexaghost","floor":16,"turns":10},{"damage":10,"enemies":"Spheric Guardian","floor":18,"turns":5},{"damage":12,"enemies":"2 Thieves","floor":20,"turns":5},{"damage":0,"enemies":"Sentry and Sphere","floor":21,"turns":2},{"damage":4,"enemies":"3 Cultists","floor":22,"turns":5}],"seed_played":"-6388823441068711208","potions_obtained":[{"floor":1,"key":"PowerPotion"},{"floor":2,"key":"SteroidPotion"},{"floor":11,"key":"Block Potion"},{"floor":14,"key":"GamblersBrew"},{"floor":21,"key":"PowerPotion"}],"is_trial":false,"path_per_floor":["M","M","?","$","M","R","?","?","T","M","M","R","E","M","R","B",null,"M","?","M","M","M"],"character_chosen":"THE_SILENT","items_purchased":["Terror","Skewer","Fire Potion"],"campfire_rested":0,"item_purchase_floors":[4,4,4],"current_hp_per_floor":[62,62,62,62,62,62,48,53,53,53,52,52,42,40,40,3,57,47,47,35,35,31,31],"gold":284,"neow_bonus":"BOSS_RELIC","is_daily":false,"chose_seed":false,"campfire_upgraded":3,"win_rate":0.0,"timestamp":1613721268,"path_taken":["M","M","?","$","M","R","?","?","T","M","M","R","E","M","R","BOSS","M","?","M","M","M"],"items_purchased_type":["Card","Card","Potion"],"build_version":"2020-12-22","purchased_purges":1,"victory":false,"max_hp_per_floor":[70,70,70,70,70,70,70,75,75,75,75,75,75,75,75,75,75,75,75,75,75,75,75],"relic_stats":{"counters":[12,56],"HoveringKite":[14],"Pen Nib":[8],"War Paint":["Defend_G","Defend_G"],"Cursed Key":0,"obtain_stats":[{"HoveringKite":0,"Pen Nib":9,"War Paint":13,"Cursed Key":17,"Ring of the Snake":0},{"HoveringKite":0,"Pen Nib":3,"War Paint":6,"Cursed Key":8,"Ring of the Snake":0},{"HoveringKite":0,"Pen Nib":11,"War Paint":26,"Cursed Key":39,"Ring of the Snake":0}]},"card_choices":[{"not_picked":["Crippling Poison","Slice"],"picked":"Dash","floor":1},{"not_picked":["Concentrate","Bane"],"picked":"Backflip","floor":2},{"not_picked":["Cloak And Dagger","Dodge and Roll"],"picked":"Quick Slash","floor":5},{"not_picked":["Bouncing Flask","Quick Slash","Bane"],"picked":"SKIP","floor":10},{"not_picked":["Dodge and Roll","Outmaneuver"],"picked":"Reflex","floor":11},{"not_picked":["Sucker Punch","Setup","Bane"],"picked":"SKIP","floor":13},{"not_picked":["Leg Sweep","Bane"],"picked":"Tactician","floor":14},{"not_picked":["Venomology","Adrenaline"],"picked":"Tools of the Trade","floor":16},{"not_picked":["Dagger Throw","Backstab"],"picked":"Footwork+1","floor":18},{"not_picked":["Accuracy","Flying Knee+1"],"picked":"Skewer+1","floor":20},{"not_picked":["Sucker Punch+1","Dagger Spray"],"picked":"Infinite Blades","floor":21}],"player_experience":1078639,"relics_obtained":[{"floor":9,"key":"Pen Nib"},{"floor":13,"key":"War Paint"}],"event_choices":[{"damage_healed":0,"gold_gain":175,"player_choice":"AGREE","damage_taken":0,"max_hp_gain":0,"max_hp_loss":0,"event_name":"Liars Game","floor":3,"gold_loss":0,"cards_obtained":["Doubt"]},{"damage_healed":0,"gold_gain":0,"player_choice":"Entered Light","damage_taken":14,"max_hp_gain":0,"max_hp_loss":0,"event_name":"Shining Light","floor":7,"gold_loss":0,"cards_upgraded":["Terror","Quick Slash"]},{"damage_healed":0,"gold_gain":0,"player_choice":"Donut","damage_taken":0,"max_hp_gain":5,"max_hp_loss":0,"event_name":"Big Fish","floor":8,"gold_loss":0},{"damage_healed":0,"gold_gain":0,"cards_transformed":["Strike_G","Strike_G"],"player_choice":"Became Test Subject","damage_taken":0,"max_hp_gain":0,"max_hp_loss":0,"event_name":"Drug Dealer","floor":19,"gold_loss":0,"cards_obtained":["Predator","Escape Plan"]}],"is_beta":false,"boss_relics":[{"not_picked":["Snecko Eye","Coffee Dripper"],"picked":"Cursed Key"}],"items_purged_floors":[4],"is_endless":false,"potions_floor_spawned":[1,2,11,14,21],"killed_by":"3 Cultists","ascension_level":10}}