{"host":"jsd6g3c2vo13e69c","time":1613778539,"event":{"mods":["2.2 Compatiblity","Act Like it!","BaseMod","Better Note","Better Third Choice","BetterRewards","Colored Map","Colored Powertips","Conspire","DeckTracker","Downfall","Friendly Minions","GifTheSpireLib","Googly Eyes","Hermit","Highlight Path","Hubris","Infinite Spire","Lobotomy","LobotomyExtend","Minty Spire (QoL Compilation)","Quick Restart","Random Character Button","Rare Cards Sparkle","Relic Sorter","Relic Stats","Replay The Spire","Ruina","Shop Mod","Spire Arcade","StSLib","SuperFastMode","The Cursed","The Disciple","The Forsaken","The Jungle"],"gold_per_floor":[99,114,114,158,170,170,197,214,225,256,256,58,58,5,20,122,122,122,122,141,241,341,341,353,380,390,390,410,410,410,426,426,436,436,436,436],"floor_reached":16,"language":"ENG","playtime":4150,"items_purged":[],"score":112,"play_id":"73cb030b-52f7-43f0-afa1-2f03d078798e","local_time":"20210219184859","is_ascension_mode":false,"campfire_choices":[{"data":"champ:Taunt","floor":6,"key":"SMITH"},{"data":"champ:SetATrap","floor":11,"key":"SMITH"},{"floor":13,"key":"REST"},{"data":"hubris:InfiniteBlow","floor":18,"key":"SMITH"},{"data":"hubris:InfiniteBlow+1","floor":1,"key":"SMITH"},{"data":"hubris:InfiniteBlow+2","floor":9,"key":"SMITH"},{"data":"hubris:InfiniteBlow+3","floor":11,"key":"SMITH"}],"circlet_count":0,"master_deck":["champ:Strike","champ:Strike","champ:Strike","champ:Strike","champ:Defend","champ:Execute","champ:Taunt+1","champ:SetATrap+1","champ:PerfectedStrike","champ:FanOfKnives","Pummel","champ:VampiricStrike","champ:RisingSlash","champ:Duel","champ:CrownThrow","champ:FlashCut+1","champ:FlashCut","champ:IronFortress","champ:ShieldSlam","champ:CheapShot","champ:LastStand","TheCursedMod:Dregs","Replay:GuardianBash","champ:SteelEdge","Discovery","hubris:InfiniteBlow+5","champ:Duel","champ:StanceDance","Sword Boomerang","Eclipse","champ:FancyFootwork","champ:StanceDance"],"relics":["champ:ChampionCrown","hubris:DisguiseKit","Smiling Mask","hubris:ToyBattleship","Dream Catcher","ReplayTheSpireMod:SealedPack","LetterFromLob","Champion Belt","Lantern","Gaze_r","Moonlight_r","MagicBullet_r"],"acts_visited":["Exordium","TheCity"],"potions_floor_usage":[16,10,16,16],"damage_taken":[{"damage":13,"enemies":"Jaw Worm","floor":2,"turns":4},{"damage":42,"enemies":"conspire:MimicChest","floor":4,"turns":6},{"damage":20,"enemies":"2 Louse","floor":5,"turns":2},{"damage":18,"enemies":"Small Slimes","floor":8,"turns":3},{"damage":15,"enemies":"3 Louse","floor":9,"turns":2},{"damage":22,"enemies":"Gremlin Nob","floor":10,"turns":3},{"damage":10,"enemies":"downfall:FleeingMerchant","floor":12,"turns":4},{"damage":11,"enemies":"downfall:FleeingMerchant","floor":14,"turns":4},{"damage":12,"enemies":"Exordium Thugs","floor":15,"turns":4},{"damage":17,"enemies":"IC_STATUS_ARCHETYPE","floor":16,"turns":6},{"damage":10,"enemies":"Cultist","floor":2,"turns":2},{"damage":0,"enemies":"Cultist","floor":4,"turns":3},{"damage":0,"enemies":"2 Louse","floor":6,"turns":1},{"damage":5,"enemies":"Jaw Worm","floor":8,"turns":3},{"damage":9,"enemies":"2 Fungi Beasts","floor":10,"turns":2},{"damage":4,"enemies":"2 Fungi Beasts","floor":12,"turns":3},{"damage":0,"enemies":"Exordium Thugs","floor":13,"turns":2},{"damage":0,"enemies":"downfall:LooterAlt","floor":15,"turns":2},{"damage":108,"enemies":"DF_ARCHETYPE_ORBS","floor":16,"turns":8}],"seed_played":"-6741029121572956298","potions_obtained":[{"floor":4,"key":"Strength Potion"},{"floor":8,"key":"hexamod:SoulburnPotion"},{"floor":15,"key":"Block Potion"},{"floor":16,"key":"FairyPotion"},{"floor":10,"key":"AttackPotion"}],"is_trial":false,"path_per_floor":["R_BF","M","?","?","M","R","T","M","M","E","R","$","R","$","M","B",null,"R","M","R","M","?","?","?","M","T","M","R","M","R","?","M","?","M","B"],"character_chosen":"THE_CHAMP","items_purchased":["champ:FlashCut+1","Dream Catcher","champ:ShieldSlam"],"campfire_rested":1,"item_purchase_floors":[12,12,14],"current_hp_per_floor":[99,96,96,64,54,54,54,46,41,29,29,29,58,57,45,28,99,99,99,99,99,99,64,64,64,64,64,55,55,36,36,36,36,0,0,0],"gold":436,"neow_bonus":"TEN_PERCENT_HP_BONUS","is_daily":false,"chose_seed":false,"campfire_upgraded":6,"win_rate":0.0,"timestamp":1613778539,"path_taken":["R_BF","M","?","?","M","R","T","M","M","E","R","$","R","$","M","BOSS","R","M","R","M","?","?","?","?","T","M","R","M","R","?","M","?","M","BOSS"],"items_purchased_type":["Card","Relic","Card"],"build_version":"2020-12-22","purchased_purges":0,"victory":false,"max_hp_per_floor":[99,99,99,99,99,99,99,99,99,99,99,99,99,99,99,99,99,99,99,99,99,99,99,99,99,99,99,99,99,99,99,99,99,99,99,99],"relic_stats":{"Dream Catcher":1,"counters":[19,64],"Champion Belt":[1],"Smiling Mask":0,"obtain_stats":[{"hubris:DisguiseKit":4,"Moonlight_r":12,"Dream Catcher":12,"Lantern":7,"MagicBullet_r":12,"champ:ChampionCrown":0,"ReplayTheSpireMod:SealedPack":17,"LetterFromLob":2,"hubris:ToyBattleship":10,"Champion Belt":4,"Smiling Mask":7,"Gaze_r":12},{"hubris:DisguiseKit":2,"Moonlight_r":16,"Dream Catcher":7,"Lantern":13,"MagicBullet_r":16,"champ:ChampionCrown":0,"ReplayTheSpireMod:SealedPack":10,"LetterFromLob":1,"hubris:ToyBattleship":6,"Champion Belt":12,"Smiling Mask":3,"Gaze_r":16},{"hubris:DisguiseKit":10,"Moonlight_r":52,"Dream Catcher":24,"Lantern":44,"MagicBullet_r":52,"champ:ChampionCrown":0,"ReplayTheSpireMod:SealedPack":38,"LetterFromLob":4,"hubris:ToyBattleship":20,"Champion Belt":43,"Smiling Mask":12,"Gaze_r":52}]},"card_choices":[{"not_picked":["champ:Backstep","champ:EndlessRage"],"picked":"champ:PerfectedStrike","floor":2},{"not_picked":["champ:BringItOn","champ:Circumvent"],"picked":"champ:FanOfKnives","floor":4},{"not_picked":["champ:Circumvent","champ:FalseCounter","champ:RisingSlash"],"picked":"Pummel","floor":5},{"not_picked":["champ:PerfectedStrike","champ:StanceDance","Spot Weakness"],"picked":"champ:VampiricStrike","floor":8},{"not_picked":["champ:BerserkersShout","champ:StanceDance","Flame Barrier"],"picked":"champ:RisingSlash","floor":9},{"not_picked":["champ:RecklessLeap","champ:AdrenalArmor","Combust"],"picked":"champ:Duel","floor":10},{"not_picked":["champ:Backstep","champ:RecklessLeap","Run Through"],"picked":"champ:CrownThrow","floor":12},{"not_picked":["champ:ShieldSlam","champ:CrownThrow","Armaments"],"picked":"champ:FlashCut","floor":13},{"not_picked":["champ:HeartStrike","champ:ShieldSlam","Headbutt"],"picked":"champ:IronFortress","floor":14},{"not_picked":["champ:Backstep","champ:PerfectedStrike","Clothesline"],"picked":"champ:CheapShot","floor":15},{"not_picked":["champ:HoldFirm","champ:DancingMaster","Bludgeon"],"picked":"champ:LastStand","floor":16},{"not_picked":["champ:Execute","bronze:Replicate","SpAim"],"picked":"Replay:GuardianBash","floor":17},{"not_picked":["champ:Devastate","champ:IgnorePain","champ:UltimateStance"],"picked":"champ:SteelEdge","floor":17},{"not_picked":["Jack Of All Trades","ReplayTheSpireMod:Uncanny Aura","ReplayTheSpireMod:Trickstab"],"picked":"Discovery","floor":17},{"not_picked":["infinitespire:Fortify","infinitespire:Gouge","infinitespire:NeuralNetwork"],"picked":"hubris:InfiniteBlow","floor":17},{"not_picked":["champ:Haymaker","champ:FanOfKnives","Rage"],"picked":"champ:Duel","floor":2},{"not_picked":["champ:Backstep","champ:PreciseThrust","Sever Soul"],"picked":"champ:StanceDance","floor":4},{"not_picked":["champ:DefensiveShout","champ:FanOfKnives","champ:TornadoPunch"],"picked":"Sword Boomerang","floor":6},{"not_picked":["champ:StanceDance","champ:PreciseThrust","champ:TornadoPunch"],"picked":"Eclipse","floor":8},{"not_picked":["champ:Backstep","champ:EnGarde","Flex"],"picked":"champ:FancyFootwork","floor":10},{"not_picked":["champ:CrookedStrike","champ:PreemptiveStrike","Searing Blow"],"picked":"champ:StanceDance","floor":13},{"not_picked":["champ:PreciseThrust","champ:SetATrap","champ:Endure","ReplayTheSpireMod:Strike From Hell"],"picked":"SKIP","floor":15}],"player_experience":365555,"relics_obtained":[{"floor":2,"key":"LetterFromLob"},{"floor":4,"key":"hubris:DisguiseKit"},{"floor":7,"key":"Smiling Mask"},{"floor":10,"key":"hubris:ToyBattleship"},{"floor":2,"key":"LetterFromLob"},{"floor":4,"key":"Champion Belt"},{"floor":7,"key":"Lantern"}],"event_choices":[],"is_beta":false,"boss_relics":[{"not_picked":["Busted Crown","Runic Pyramid"],"picked":"ReplayTheSpireMod:SealedPack"}],"items_purged_floors":[],"is_endless":false,"potions_floor_spawned":[4,8,15,16,4,8,10,12],"killed_by":"DF_ARCHETYPE_ORBS","ascension_level":0}}