{"host":"tqx2hwjda5x2l78j","time":1613715448,"event":{"mods":["2.2 Compatiblity","Act Like it!","BaseMod","Better Match","Better Third Choice","BetterRewards","Block Reminder","Bossed Relics","Card Filter","Colored Map","Dark Map","Downfall","GifTheSpireLib","Gremlin Skip","Hubris","Marisa????????","Minty Spire (QoL Compilation)","Quick Restart","Rare Cards Sparkle","StSLib","Stuff the Spire","The Alterego","The Animator","The Jungle","Unceasing Turn Reminder"],"gold_per_floor":[99,117,134,164,11,11,35,35,84,113,138,176,76,88,104,217,217,217,74,123,123,234,245,245,257,284,305,371,171,256,304,361,517,517,517,530,614,686,686,741,766,766,766,777,777,272,272,68,84,84,84,119,17,17,69,69,69],"floor_reached":56,"language":"ENG","playtime":4125,"items_purged":["Strike_MRS","Strike_MRS","Strike_MRS","Parasite"],"score":738,"play_id":"0efc5ea1-016a-4a9d-a12a-7e7bfabc60df","local_time":"20210219001728","is_ascension_mode":false,"campfire_choices":[{"data":"UpSweep","floor":1,"key":"SMITH"},{"floor":6,"key":"RECALL"},{"data":"MachineGunSpark","floor":13,"key":"SMITH"},{"data":"DarkMatter","floor":18,"key":"SMITH"},{"floor":29,"key":"REST"},{"data":"CasketOfStar","floor":35,"key":"SMITH"},{"data":"CollectingQuirk","floor":43,"key":"SMITH"},{"data":"SprinkleStarSeal","floor":45,"key":"SMITH"},{"data":"EarthLightRay","floor":47,"key":"SMITH"},{"floor":54,"key":"REST"}],"circlet_count":0,"master_deck":["Strike_MRS","Defend_MRS","Defend_MRS","Defend_MRS","Defend_MRS","MasterSpark","UpSweep+1","MachineGunSpark+1","Robbery","SuperPerseids","SporeBomb","OrrerysSun","ShootTheMoon","DarkMatter+1","AsteroidBelt","RefractionSpark","GalacticHalo","SatelliteIllusion","MagicAbsorber","CasketOfStar+1","SprinkleStarSeal+1","WitchOfGreed","MilkyWay+1","MagicChant+1","CollectingQuirk+1","PropBag+1","EarthLightRay+1","MagicAbsorber","expansioncontent:Chronoboost","Orbital+1"],"relics":["MiniHakkero","Bronze Scales","StuffTheSpire:Gunfinga","downfall:HeartBlessingRed","hubris:ScarierMask","downfall:GremlinWheel","Smiling Mask","downfall:HeartBlessingGreen","downfall:HeartBlessingBlue","Potion Belt","hubris:FunFungus","Blue Candle","StuffTheSpire:HeavyRock","hubris:ToyBattleship","Eternal Feather","Shuriken","StuffTheSpire:BottledEssence","Pocketwatch","Toolbox","Ornamental Fan","Sundial"],"acts_visited":["Exordium","TheCity","TheBeyond","TheEnding"],"potions_floor_usage":[10,15,16,16,26,28,32,33,33,38,40,40,40,46,52,55,55,55],"damage_taken":[{"damage":2,"enemies":"Small Slimes","floor":2,"turns":3},{"damage":1,"enemies":"Cultist","floor":3,"turns":3},{"damage":6,"enemies":"Jaw Worm","floor":4,"turns":3},{"damage":0,"enemies":"downfall:FleeingMerchant","floor":5,"turns":4},{"damage":0,"enemies":"Large Slime","floor":9,"turns":5},{"damage":15,"enemies":"Exordium Thugs","floor":10,"turns":2},{"damage":12,"enemies":"Blue Slaver","floor":11,"turns":3},{"damage":0,"enemies":"Large Slime","floor":12,"turns":5},{"damage":10,"enemies":"Exordium Thugs","floor":14,"turns":2},{"damage":3,"enemies":"Red Slaver","floor":15,"turns":1},{"damage":25,"enemies":"DF_ARCHETYPE_STREAMLINE","floor":16,"turns":10},{"damage":15,"enemies":"downfall:FleeingMerchant","floor":19,"turns":4},{"damage":0,"enemies":"3 Byrds","floor":20,"turns":3},{"damage":21,"enemies":"3 Byrds","floor":22,"turns":4},{"damage":2,"enemies":"Spheric Guardian","floor":23,"turns":3},{"damage":1,"enemies":"Centurion and Healer","floor":25,"turns":3},{"damage":17,"enemies":"Slavers","floor":26,"turns":5},{"damage":6,"enemies":"Snake Plant","floor":27,"turns":4},{"damage":2,"enemies":"Snecko","floor":28,"turns":7},{"damage":0,"enemies":"Gremlin Leader","floor":31,"turns":6},{"damage":10,"enemies":"Chosen and Byrds","floor":32,"turns":5},{"damage":15,"enemies":"IC_MUSHROOM_ARCHETYPE","floor":33,"turns":8},{"damage":3,"enemies":"3 Darklings","floor":36,"turns":4},{"damage":7,"enemies":"Orb Walker","floor":37,"turns":5},{"damage":7,"enemies":"2 Orb Walkers","floor":38,"turns":3},{"damage":47,"enemies":"Giant Head","floor":40,"turns":8},{"damage":0,"enemies":"4 Shapes","floor":44,"turns":3},{"damage":0,"enemies":"downfall:FleeingMerchant","floor":46,"turns":2},{"damage":13,"enemies":"Writhing Mass","floor":49,"turns":5},{"damage":44,"enemies":"SI_POISON_ARCHETYPE","floor":50,"turns":11},{"damage":85,"enemies":"downfall:CharBossMerchant","floor":52,"turns":7},{"damage":5,"enemies":"downfall:NeowBoss","floor":55,"turns":7},{"damage":55,"enemies":"downfall:NeowBossFinal","floor":56,"turns":5}],"seed_played":"-6863176464936823849","potions_obtained":[{"floor":3,"key":"SkillPotion"},{"floor":9,"key":"BottledSpark"},{"floor":10,"key":"SteroidPotion"},{"floor":11,"key":"Regen Potion"},{"floor":12,"key":"Energy Potion"},{"floor":22,"key":"Dexterity Potion"},{"floor":25,"key":"Swift Potion"},{"floor":27,"key":"SkillPotion"},{"floor":28,"key":"Energy Potion"},{"floor":31,"key":"Energy Potion"},{"floor":32,"key":"GamblersBrew"},{"floor":33,"key":"hexamod:SoulburnPotion"},{"floor":36,"key":"Swift Potion"},{"floor":37,"key":"hexamod:SoulburnPotion"},{"floor":38,"key":"PowerPotion"},{"floor":40,"key":"Block Potion"},{"floor":44,"key":"ColorlessPotion"},{"floor":52,"key":"BlessingOfTheForge"}],"is_trial":false,"path_per_floor":["R","M","M","M","$","R","T","?","M","M","M","M","R","M","M","B",null,"R","$","M","?","?","M","T","M","E","M","M","R","?","E","M","B",null,"R","M","M","?","?","E","T","T","R","M","R","$","R","$","M","B",null,"E","$","R","B","B"],"character_chosen":"MARISA","items_purchased":["OrrerysSun","ChargingUp","MagicAbsorber","Shuriken","StuffTheSpire:BottledEssence","expansioncontent:Chronoboost","Pocketwatch","Toolbox","PowerPotion"],"campfire_rested":2,"item_purchase_floors":[5,5,19,46,46,46,46,48,53],"current_hp_per_floor":[75,73,72,66,66,66,66,75,75,60,48,48,48,38,35,25,75,75,60,60,60,39,37,37,36,19,13,11,46,36,36,26,11,85,85,82,75,68,63,16,16,16,85,85,85,85,85,85,78,55,85,6,6,48,50,0,0],"gold":69,"neow_bonus":"RANDOM_COMMON_RELIC","is_daily":false,"chose_seed":false,"campfire_upgraded":7,"win_rate":0.0,"timestamp":1613715448,"path_taken":["R","M","M","M","$","R","T","?","M","?","M","M","R","M","M","BOSS","R","$","M","?","?","?","T","M","E","M","M","R","?","E","M","BOSS","R","M","M","?","?","E","T","?","R","?","R","$","R","?","M","BOSS","E","$","R","BOSS","BOSS"],"items_purchased_type":["Card","Card","Card","Relic","Relic","Card","Relic","Relic","Potion"],"build_version":"2020-12-22","purchased_purges":4,"victory":false,"max_hp_per_floor":[75,75,75,75,75,75,75,75,75,75,75,75,75,75,75,75,75,75,75,75,75,75,75,75,75,75,75,75,85,85,85,85,85,85,85,85,85,85,85,85,85,85,85,85,85,85,85,85,85,85,85,85,82,82,82,82,82],"card_choices":[{"not_picked":["ShootingEcho","StarlightTyphoon"],"picked":"MachineGunSpark","floor":2},{"not_picked":["DeepEcoloBomb","SporeBomb"],"picked":"Robbery","floor":3},{"not_picked":["UnstableBomb","AlicesGift"],"picked":"SuperPerseids","floor":4},{"not_picked":["WitchLeyline","DeepEcoloBomb"],"picked":"SporeBomb","floor":5},{"not_picked":["ShootingEcho","OpenUniverse"],"picked":"ShootTheMoon","floor":9},{"not_picked":["ShootTheMoon","DeepEcoloBomb"],"picked":"DarkMatter","floor":10},{"not_picked":["DragonMeteor","StarlightTyphoon"],"picked":"AsteroidBelt","floor":11},{"not_picked":["AsteroidBelt","Occultation"],"picked":"RefractionSpark","floor":12},{"not_picked":["SuperPerseids","Robbery","DC"],"picked":"SKIP","floor":14},{"not_picked":["WitchOfGreed","SporeBomb"],"picked":"GalacticHalo","floor":15},{"not_picked":["MaximisePower","BigCrunch"],"picked":"SatelliteIllusion","floor":16},{"not_picked":["DoubleSpark","UnstableBomb","6A"],"picked":"SKIP","floor":19},{"not_picked":["WitchLeyline","GrandCross","SporeBomb"],"picked":"SKIP","floor":20},{"not_picked":["AlicesGift+1","NonDirectionalLaser"],"picked":"SprinkleStarSeal","floor":23},{"not_picked":["AsteroidBelt+1","SuperPerseids"],"picked":"WitchOfGreed","floor":25},{"not_picked":["AbsoluteMagnitude","OpenUniverse"],"picked":"MilkyWay+1","floor":26},{"not_picked":["WitchOfGreed","IllusionStar+1"],"picked":"MagicChant+1","floor":27},{"not_picked":["IllusionStar","WitchLeyline+1","UnstableBomb"],"picked":"SKIP","floor":28},{"not_picked":["6A","WitchOfGreed+1"],"picked":"CollectingQuirk","floor":31},{"not_picked":["GravityBeat","DoubleSpark","MilkyWay"],"picked":"SKIP","floor":32},{"not_picked":["GalacticHalo","SprinkleStarSeal+1","MeteoricShower"],"picked":"SKIP","floor":36},{"not_picked":["EventHorizon","Singularity","DC+1"],"picked":"SKIP","floor":37},{"not_picked":["NonDirectionalLaser","GravityBeat+1"],"picked":"PropBag+1","floor":40},{"not_picked":["GalacticHalo+1","LuminesStrike+1"],"picked":"EarthLightRay","floor":44},{"not_picked":["SatelliteIllusion","SuperNova"],"picked":"MagicAbsorber","floor":46},{"not_picked":["MysteriousBeam","PowerUp+1","OneTimeOff+1"],"picked":"SKIP","floor":49},{"not_picked":["GrandCross","GravityBeat"],"picked":"Orbital+1","floor":52}],"player_experience":360640,"relics_obtained":[{"floor":7,"key":"StuffTheSpire:Gunfinga"},{"floor":22,"key":"downfall:GremlinWheel"},{"floor":26,"key":"Smiling Mask"},{"floor":31,"key":"Potion Belt"},{"floor":38,"key":"hubris:FunFungus"},{"floor":40,"key":"StuffTheSpire:HeavyRock"},{"floor":41,"key":"hubris:ToyBattleship"},{"floor":42,"key":"Eternal Feather"},{"floor":52,"key":"Ornamental Fan"}],"event_choices":[{"cards_removed":["ChargingUp"],"damage_healed":9,"gold_gain":0,"player_choice":"Offered Uncommon","damage_taken":0,"max_hp_gain":0,"max_hp_loss":0,"event_name":"Bonfire Elementals","floor":8,"gold_loss":0},{"damage_healed":0,"gold_gain":0,"player_choice":"Read","damage_taken":0,"max_hp_gain":0,"max_hp_loss":0,"event_name":"The Library","floor":21,"gold_loss":0,"cards_obtained":["CasketOfStar"]},{"damage_healed":0,"gold_gain":0,"player_choice":"Fight","damage_taken":0,"max_hp_gain":0,"max_hp_loss":0,"event_name":"Mysterious Sphere","floor":38,"gold_loss":0},{"damage_healed":54,"gold_gain":0,"player_choice":"Full Heal","damage_taken":0,"max_hp_gain":0,"max_hp_loss":0,"event_name":"Wheel of Change","floor":43,"gold_loss":0}],"is_beta":false,"boss_relics":[{"not_picked":["StuffTheSpire:RunicConfusion","hubris:VirtuousBlindfold"],"picked":"hubris:ScarierMask"},{"not_picked":["Fusion Hammer","StuffTheSpire:Kangaroo","StuffTheSpire:ModemDavis"]}],"items_purged_floors":[19,46,48,53],"is_endless":false,"potions_floor_spawned":[3,9,10,11,12,14,22,25,27,28,31,33,36,37,38,44,52],"killed_by":"downfall:NeowBossFinal","ascension_level":0}}