{"host":"swphzoo6hmc78epl","time":1613703329,"event":{"mods":["BaseMod","Highlight Path","Minty Spire (QoL Compilation)","Quick Restart"],"gold_per_floor":[40,72,107,145,156,156,200,475,475,519,519,43,43,43,43,166,166,176,176,176,76,56,85,96,115,115,115,133,8,8,8,8,132,132,142,142,267,277,277,304,304,329,329,361,361,361,43,403,403,428,428,428,36,63,63,63],"floor_reached":55,"language":"ENG","playtime":3330,"items_purged":["Regret","Writhe","Strike_B","Strike_B"],"score":877,"play_id":"c611e4c7-54bf-484f-ae80-0cc9acd2fe30","local_time":"20210218215529","is_ascension_mode":true,"campfire_choices":[{"data":"HandOfGreed","floor":6,"key":"SMITH"},{"data":"Fusion","floor":11,"key":"SMITH"},{"data":"Chaos","floor":13,"key":"SMITH"},{"floor":15,"key":"REST"},{"data":"Creative AI","floor":32,"key":"SMITH"},{"data":"Magnetism","floor":41,"key":"SMITH"},{"data":"Fission","floor":46,"key":"SMITH"},{"floor":49,"key":"RECALL"},{"data":"Capacitor","floor":52,"key":"SMITH"}],"circlet_count":0,"master_deck":["Defend_B","Defend_B","Defend_B+1","Defend_B","Zap","Dualcast","HandOfGreed+1","Hello World","Sweeping Beam","Fusion+1","Gash","Chaos+1","Biased Cognition","BootSequence","Glacier","Melter+1","Creative AI+1","Storm+1","Stack+1","Leap","Redo+1","Machine Learning","Stack","Amplify+1","CurseOfTheBell","Loop","Magnetism+1","Capacitor+1","Meteor Strike","Fission+1","Double Energy+1","Mayhem","Core Surge+1"],"relics":["Cracked Core","Turnip","Ice Cream","Nuclear Battery","Enchiridion","Akabeko","Thread and Needle","Eternal Feather","Calling Bell","Centennial Puzzle","Singing Bowl","StoneCalendar","Lizard Tail","CaptainsWheel","Bronze Scales","War Paint","Old Coin","Mummified Hand","Whetstone"],"acts_visited":["Exordium","TheCity","TheBeyond","TheEnding"],"potions_floor_usage":[10,23,25,28,35,37,44,55,55,55,55],"damage_taken":[{"damage":10,"enemies":"Small Slimes","floor":1,"turns":3},{"damage":1,"enemies":"Cultist","floor":2,"turns":4},{"damage":9,"enemies":"Jaw Worm","floor":3,"turns":4},{"damage":0,"enemies":"2 Fungi Beasts","floor":4,"turns":2},{"damage":7,"enemies":"Looter","floor":5,"turns":3},{"damage":17,"enemies":"Lots of Slimes","floor":7,"turns":3},{"damage":14,"enemies":"Large Slime","floor":10,"turns":5},{"damage":30,"enemies":"The Guardian","floor":16,"turns":13},{"damage":23,"enemies":"3 Byrds","floor":18,"turns":5},{"damage":30,"enemies":"Book of Stabbing","floor":23,"turns":5},{"damage":0,"enemies":"Spheric Guardian","floor":24,"turns":3},{"damage":0,"enemies":"Snecko","floor":25,"turns":2},{"damage":0,"enemies":"Sentry and Sphere","floor":28,"turns":2},{"damage":29,"enemies":"Champ","floor":33,"turns":12},{"damage":9,"enemies":"3 Darklings","floor":35,"turns":3},{"damage":0,"enemies":"Mind Bloom Boss Battle","floor":37,"turns":6},{"damage":2,"enemies":"Orb Walker","floor":38,"turns":2},{"damage":42,"enemies":"Reptomancer","floor":40,"turns":7},{"damage":11,"enemies":"Nemesis","floor":42,"turns":7},{"damage":56,"enemies":"Reptomancer","floor":44,"turns":6},{"damage":16,"enemies":"Giant Head","floor":48,"turns":6},{"damage":24,"enemies":"Time Eater","floor":50,"turns":8},{"damage":17,"enemies":"Shield and Spear","floor":54,"turns":6},{"damage":60,"enemies":"The Heart","floor":55,"turns":3}],"seed_played":"5098482474237271061","potions_obtained":[{"floor":1,"key":"SteroidPotion"},{"floor":2,"key":"Swift Potion"},{"floor":5,"key":"BlessingOfTheForge"},{"floor":22,"key":"Dexterity Potion"},{"floor":24,"key":"PowerPotion"},{"floor":25,"key":"FocusPotion"},{"floor":28,"key":"Strength Potion"},{"floor":33,"key":"Ancient Potion"},{"floor":35,"key":"LiquidMemories"},{"floor":48,"key":"Energy Potion"},{"floor":54,"key":"EntropicBrew"}],"is_trial":false,"path_per_floor":["M","M","M","M","M","R","M","?","T","M","R","$","R","$","R","B",null,"M","?","?","$","?","E","M","M","T","?","M","$","?","?","R","B",null,"M","?","?","M","?","E","R","E","T","E","?","R","$","E","R","B",null,"R","$","E","B"],"character_chosen":"DEFECT","items_purchased":["Glacier","Melter","Ice Cream","Mayhem","Mummified Hand","Core Surge"],"campfire_rested":1,"item_purchase_floors":[12,12,12,47,53,53],"current_hp_per_floor":[65,64,55,55,48,48,31,31,31,17,17,17,17,17,39,9,75,52,36,36,36,36,6,6,6,6,31,31,31,31,31,43,14,75,66,66,68,66,66,24,42,31,31,36,36,54,54,40,58,34,75,75,75,60,0,0],"gold":63,"neow_bonus":"RANDOM_COLORLESS_2","is_daily":false,"chose_seed":false,"campfire_upgraded":7,"win_rate":0.0,"timestamp":1613703329,"path_taken":["M","M","M","M","M","R","M","?","T","M","R","$","R","?","R","BOSS","M","?","?","$","?","E","?","M","T","?","M","$","?","?","R","BOSS","M","?","?","?","?","E","R","E","T","E","?","R","$","E","R","BOSS","R","$","E","BOSS"],"items_purchased_type":["Card","Card","Relic","Card","Relic","Card"],"build_version":"2020-12-22","purchased_purges":4,"victory":false,"max_hp_per_floor":[75,75,75,75,75,75,75,75,75,75,75,75,75,75,75,75,75,75,75,75,75,75,75,75,75,75,75,75,75,75,75,75,75,75,75,75,77,77,73,73,73,73,73,73,73,73,73,75,75,75,75,75,75,77,77,77],"card_choices":[{"not_picked":["Master of Strategy","Secret Weapon"],"picked":"HandOfGreed","floor":0},{"not_picked":["Rip and Tear","Redo"],"picked":"Hello World","floor":1},{"not_picked":["Go for the Eyes","Streamline"],"picked":"Sweeping Beam","floor":2},{"not_picked":["Steam","Turbo"],"picked":"Fusion","floor":3},{"not_picked":["BootSequence","Force Field"],"picked":"Gash","floor":4},{"not_picked":["Gash","Steam"],"picked":"Chaos","floor":5},{"not_picked":["Skim","Leap"],"picked":"Biased Cognition","floor":7},{"not_picked":["Fusion","Sunder"],"picked":"BootSequence","floor":10},{"not_picked":["All For One","Reboot"],"picked":"Creative AI","floor":16},{"not_picked":["Capacitor","Gash"],"picked":"Storm+1","floor":18},{"not_picked":["Redo","Genetic Algorithm+1"],"picked":"Stack+1","floor":23},{"not_picked":["Streamline","Rebound+1","Cold Snap"],"picked":"SKIP","floor":24},{"not_picked":["Ball Lightning","Go for the Eyes"],"picked":"Leap","floor":25},{"not_picked":["Steam Power","Reboot"],"picked":"Redo+1","floor":28},{"not_picked":["All For One","Machine Learning"],"picked":"Amplify","floor":33},{"not_picked":["Go for the Eyes","Double Energy"],"picked":"Loop","floor":35},{"not_picked":["PanicButton","Enlightenment"],"picked":"Magnetism","floor":36},{"not_picked":["Barrage","Gash","Beam Cell"],"picked":"Singing Bowl","floor":37},{"not_picked":["Chill+1","Genetic Algorithm"],"picked":"Capacitor","floor":38},{"not_picked":["Scrape","Leap"],"picked":"Meteor Strike","floor":40},{"not_picked":["Conserve Battery+1","Go for the Eyes"],"picked":"Fission","floor":42},{"not_picked":["Redo+1","Go for the Eyes+1"],"picked":"Double Energy+1","floor":44},{"not_picked":["Hologram+1","Coolheaded+1","Redo"],"picked":"Singing Bowl","floor":48},{"not_picked":["Barrage+1","Genetic Algorithm","Stack+1"],"picked":"Singing Bowl","floor":54}],"player_experience":882088,"relics_obtained":[{"floor":9,"key":"Turnip"},{"floor":19,"key":"Enchiridion"},{"floor":23,"key":"Thread and Needle"},{"floor":26,"key":"Eternal Feather"},{"floor":34,"key":"Centennial Puzzle"},{"floor":34,"key":"Singing Bowl"},{"floor":34,"key":"StoneCalendar"},{"floor":37,"key":"Lizard Tail"},{"floor":40,"key":"CaptainsWheel"},{"floor":42,"key":"Bronze Scales"},{"floor":44,"key":"War Paint"},{"floor":48,"key":"Old Coin"},{"floor":54,"key":"Whetstone"}],"event_choices":[{"damage_healed":0,"gold_gain":275,"player_choice":"Desecrate","damage_taken":0,"max_hp_gain":0,"max_hp_loss":0,"event_name":"Golden Shrine","floor":8,"gold_loss":0,"cards_obtained":["Regret"]},{"damage_healed":0,"gold_gain":0,"player_choice":"Obtained Book","damage_taken":16,"max_hp_gain":0,"max_hp_loss":0,"event_name":"Cursed Tome","floor":19,"gold_loss":0},{"damage_healed":0,"gold_gain":0,"player_choice":"Opened","damage_taken":0,"relics_obtained":["Akabeko"],"max_hp_gain":0,"max_hp_loss":0,"event_name":"The Mausoleum","floor":20,"gold_loss":0,"cards_obtained":["Writhe"]},{"damage_healed":0,"gold_gain":0,"player_choice":"Bought 1 Potion","damage_taken":0,"max_hp_gain":0,"max_hp_loss":0,"event_name":"The Woman in Blue","floor":22,"gold_loss":0},{"damage_healed":25,"gold_gain":0,"player_choice":"Heal","damage_taken":0,"max_hp_gain":0,"max_hp_loss":0,"event_name":"The Library","floor":27,"gold_loss":0},{"damage_healed":0,"gold_gain":0,"cards_transformed":["Strike_B","Strike_B"],"player_choice":"Became Test Subject","damage_taken":0,"max_hp_gain":0,"max_hp_loss":0,"event_name":"Drug Dealer","floor":30,"gold_loss":0,"cards_obtained":["Machine Learning","Stack"]},{"damage_healed":0,"gold_gain":0,"player_choice":"Ignored","damage_taken":0,"max_hp_gain":0,"max_hp_loss":0,"event_name":"Ghosts","floor":31,"gold_loss":0},{"damage_healed":0,"gold_gain":0,"player_choice":"Memory 1","damage_taken":0,"max_hp_gain":0,"max_hp_loss":0,"event_name":"SensoryStone","floor":36,"gold_loss":0},{"damage_healed":0,"gold_gain":0,"player_choice":"Fight","damage_taken":0,"max_hp_gain":0,"max_hp_loss":0,"event_name":"MindBloom","floor":37,"gold_loss":0},{"damage_healed":0,"gold_gain":0,"player_choice":"Max HP","damage_taken":0,"max_hp_gain":0,"max_hp_loss":4,"event_name":"Winding Halls","floor":39,"gold_loss":0},{"damage_healed":0,"gold_gain":0,"player_choice":"Ignored","damage_taken":0,"max_hp_gain":0,"max_hp_loss":0,"event_name":"The Moai Head","floor":45,"gold_loss":0}],"is_beta":false,"boss_relics":[{"not_picked":["Fusion Hammer","Philosopher\u0027s Stone"],"picked":"Nuclear Battery"},{"not_picked":["FrozenCore","Velvet Choker"],"picked":"Calling Bell"}],"items_purged_floors":[12,21,29,47],"is_endless":false,"potions_floor_spawned":[1,2,5,24,25,28,33,35,48,54],"killed_by":"The Heart","ascension_level":3}}