{"host":"ut3q8wc68upnfjmc","time":1613762702,"event":{"mods":["BaseMod","Colored Map","Colored Powertips","Downfall","Minty Spire (QoL Compilation)","StSLib","Unceasing Turn Reminder"],"gold_per_floor":[114,114,64,139,139,139,172,172,252,252,265,288,312,312,312,437,437,450,31,54,75,174,174,89,89,112,112,131,131,131,131,131,259,259,283,283,346,370,27,27,58,58,84,84,148,148,148],"floor_reached":46,"language":"ENG","playtime":1719,"items_purged":["Strike_P","Strike_P"],"score":465,"play_id":"66d6a1b0-99f1-49da-b290-2f24e2918580","local_time":"20210219132502","is_ascension_mode":false,"campfire_choices":[{"data":"ClearTheMind","floor":6,"key":"SMITH"},{"data":"Worship","floor":8,"key":"SMITH"},{"floor":10,"key":"REST"},{"data":"Perseverance","floor":15,"key":"SMITH"},{"data":"Consecrate","floor":23,"key":"SMITH"},{"data":"Study","floor":25,"key":"SMITH"},{"data":"SignatureMove","floor":27,"key":"SMITH"},{"data":"Halt","floor":29,"key":"SMITH"},{"data":"Devotion","floor":32,"key":"SMITH"},{"floor":40,"key":"REST"},{"data":"Establishment","floor":42,"key":"SMITH"},{"floor":44,"key":"REST"}],"circlet_count":0,"master_deck":["Strike_P","Defend_P","Defend_P","Defend_P","Defend_P","Eruption+1","Vigilance","ClearTheMind+1","Worship+1","SignatureMove+1","Halt+1","Perseverance+1","Devotion+1","ThirdEye+1","Study+1","ClearTheMind","Consecrate+1","Halt+1","Omniscience","Pray+1","Ragnarok","FollowUp","Nirvana","Establishment+1","Fasting2+1"],"relics":["Velvet Choker","Golden Idol","Mercury Hourglass","Ornamental Fan","VioletLotus","Lee\u0027s Waffle","Art of War","Letter Opener","Vajra","Runic Pyramid","Ice Cream","Orichalcum","Toy Ornithopter","Girya"],"acts_visited":["Exordium","TheCity","TheBeyond"],"potions_floor_usage":[18,20,20,37,41],"damage_taken":[{"damage":5,"enemies":"2 Louse","floor":1,"turns":3},{"damage":31,"enemies":"3 Sentries","floor":7,"turns":11},{"damage":2,"enemies":"Jaw Worm","floor":11,"turns":3},{"damage":0,"enemies":"Small Slimes","floor":12,"turns":4},{"damage":0,"enemies":"3 Louse","floor":13,"turns":1},{"damage":11,"enemies":"Hexaghost","floor":16,"turns":7},{"damage":16,"enemies":"2 Thieves","floor":18,"turns":4},{"damage":10,"enemies":"Spheric Guardian","floor":20,"turns":4},{"damage":34,"enemies":"Shelled Parasite and Fungi","floor":21,"turns":4},{"damage":0,"enemies":"Snecko","floor":28,"turns":2},{"damage":60,"enemies":"Champ","floor":33,"turns":10},{"damage":8,"enemies":"3 Shapes","floor":35,"turns":4},{"damage":0,"enemies":"Mind Bloom Boss Battle","floor":37,"turns":4},{"damage":42,"enemies":"3 Darklings","floor":38,"turns":4},{"damage":31,"enemies":"Reptomancer","floor":41,"turns":5},{"damage":33,"enemies":"2 Orb Walkers","floor":45,"turns":3},{"damage":36,"enemies":"Jaw Worm Horde","floor":46,"turns":2}],"seed_played":"-8564742815658684039","potions_obtained":[{"floor":12,"key":"Ancient Potion"},{"floor":16,"key":"AttackPotion"},{"floor":18,"key":"PowerPotion"},{"floor":35,"key":"Explosive Potion"},{"floor":38,"key":"BlessingOfTheForge"}],"is_trial":false,"path_per_floor":["M","?","?","?","?","R","E","R","T","R","M","M","M","?","R","B",null,"M","$","M","M","?","R","?","R","T","R","M","R","?","?","R","B",null,"M","?","?","M","$","R","E","R","T","R","?","M"],"character_chosen":"WATCHER","items_purchased":["Lee\u0027s Waffle","Art of War","Study","Ragnarok","FollowUp","Nirvana"],"campfire_rested":3,"item_purchase_floors":[19,19,19,39,39,39],"current_hp_per_floor":[67,67,67,56,56,56,25,25,25,46,44,44,44,44,44,33,72,56,79,69,35,35,35,35,35,35,35,35,35,61,61,61,1,79,71,71,71,29,29,52,21,21,21,44,11,0,0],"gold":148,"neow_bonus":"BOSS_RELIC","is_daily":false,"chose_seed":false,"campfire_upgraded":9,"win_rate":0.0,"timestamp":1613762702,"path_taken":["M","?","?","?","?","R","E","R","T","R","M","M","M","?","R","BOSS","M","$","M","M","?","R","?","R","T","R","M","R","?","?","R","BOSS","M","?","?","M","$","R","E","R","T","R","?","M"],"items_purchased_type":["Relic","Relic","Card","Card","Card","Card"],"build_version":"2020-12-22","purchased_purges":2,"victory":false,"max_hp_per_floor":[72,72,72,72,72,72,72,72,72,72,72,72,72,72,72,72,72,72,79,79,79,79,79,79,79,79,79,79,79,79,79,79,79,79,79,79,79,79,79,79,79,79,79,79,79,79,79],"card_choices":[{"not_picked":["SashWhip","BowlingBash"],"picked":"ClearTheMind","floor":1},{"not_picked":["PathToVictory","LikeWater"],"picked":"Worship","floor":7},{"not_picked":["CutThroughFate","Perseverance"],"picked":"SignatureMove","floor":11},{"not_picked":["Pray","CrushJoints"],"picked":"Halt","floor":12},{"not_picked":["ClearTheMind","WreathOfFlame"],"picked":"Perseverance","floor":13},{"not_picked":["LessonLearned","Blasphemy"],"picked":"Devotion","floor":16},{"not_picked":["ClearTheMind","Protect"],"picked":"ThirdEye+1","floor":18},{"not_picked":["Meditate","Collect"],"picked":"ClearTheMind","floor":20},{"not_picked":["Pray","Indignation+1"],"picked":"Consecrate","floor":21},{"not_picked":["Scrawl","EmptyBody"],"picked":"Halt+1","floor":28},{"not_picked":["Scrawl","Devotion"],"picked":"Omniscience","floor":33},{"not_picked":["EmptyFist","FlyingSleeves+1","JustLucky+1"],"picked":"SKIP","floor":35},{"not_picked":["PathToVictory","EmptyFist"],"picked":"Pray+1","floor":38},{"not_picked":["Prostrate+1","EmptyBody+1"],"picked":"Establishment","floor":41},{"not_picked":["TalkToTheHand+1","FlurryOfBlows+1"],"picked":"Fasting2+1","floor":45}],"player_experience":58223,"relics_obtained":[{"floor":7,"key":"Mercury Hourglass"},{"floor":9,"key":"Ornamental Fan"},{"floor":26,"key":"Vajra"},{"floor":37,"key":"Ice Cream"},{"floor":41,"key":"Orichalcum"},{"floor":43,"key":"Toy Ornithopter"},{"floor":45,"key":"Girya"}],"event_choices":[{"damage_healed":0,"gold_gain":0,"player_choice":"Take Wound","damage_taken":0,"relics_obtained":["Golden Idol"],"max_hp_gain":0,"max_hp_loss":0,"event_name":"Golden Idol","floor":2,"gold_loss":0,"cards_obtained":["Injury"]},{"cards_removed":["Injury"],"damage_healed":0,"gold_gain":0,"player_choice":"Card Removal","damage_taken":0,"max_hp_gain":0,"max_hp_loss":0,"event_name":"The Cleric","floor":3,"gold_loss":50},{"damage_healed":0,"gold_gain":75,"player_choice":"Gather Gold","damage_taken":11,"max_hp_gain":0,"max_hp_loss":0,"event_name":"World of Goop","floor":4,"gold_loss":0},{"damage_healed":0,"gold_gain":0,"player_choice":"Grow","damage_taken":0,"max_hp_gain":0,"max_hp_loss":0,"event_name":"Living Wall","floor":5,"gold_loss":0,"cards_upgraded":["Eruption"]},{"damage_healed":0,"gold_gain":0,"player_choice":"Ignored","damage_taken":0,"max_hp_gain":0,"max_hp_loss":0,"event_name":"Liars Game","floor":14,"gold_loss":0},{"damage_healed":0,"gold_gain":99,"player_choice":"Stole From Cult","damage_taken":0,"max_hp_gain":0,"max_hp_loss":0,"event_name":"Nest","floor":22,"gold_loss":0},{"damage_healed":0,"gold_gain":0,"player_choice":"Obtained Relic","damage_taken":0,"relics_obtained":["Letter Opener"],"max_hp_gain":0,"max_hp_loss":0,"event_name":"Addict","floor":24,"gold_loss":85},{"damage_healed":26,"gold_gain":0,"player_choice":"Heal","damage_taken":0,"max_hp_gain":0,"max_hp_loss":0,"event_name":"The Library","floor":30,"gold_loss":0},{"damage_healed":0,"gold_gain":0,"player_choice":"Ignored","damage_taken":0,"max_hp_gain":0,"max_hp_loss":0,"event_name":"Vampires","floor":31,"gold_loss":0},{"cards_removed":["Strike_P"],"damage_healed":0,"gold_gain":0,"player_choice":"Removed Attack","damage_taken":0,"max_hp_gain":0,"max_hp_loss":0,"event_name":"Falling","floor":36,"gold_loss":0},{"damage_healed":0,"gold_gain":0,"player_choice":"Fight","damage_taken":0,"max_hp_gain":0,"max_hp_loss":0,"event_name":"MindBloom","floor":37,"gold_loss":0},{"damage_healed":0,"gold_gain":0,"player_choice":"Fight","damage_taken":0,"max_hp_gain":0,"max_hp_loss":0,"event_name":"Mysterious Sphere","floor":45,"gold_loss":0}],"is_beta":false,"boss_relics":[{"not_picked":["Fusion Hammer","SacredBark"],"picked":"VioletLotus"},{"not_picked":["Runic Dome","Cursed Key"],"picked":"Runic Pyramid"}],"items_purged_floors":[19,39],"is_endless":false,"potions_floor_spawned":[12,16,18,35,38],"killed_by":"Jaw Worm Horde","ascension_level":0}}