{"host":"7s0ipaqx8m4pdduf","time":1613734235,"event":{"mods":["BaseMod","BetterRewards","Colored Map","Infinite Spire","Minty Spire (QoL Compilation)","StSLib","SuperFastMode"],"gold_per_floor":[119,12,12,12,12,39,39,58,58,93,93,107,107,67,67,67,67],"floor_reached":16,"language":"ENG","playtime":480,"items_purged":["Strike_G"],"score":292,"play_id":"bc18cdab-42bd-443d-ba06-e8aef636985a","local_time":"20210219123035","is_ascension_mode":true,"campfire_choices":[{"floor":7,"key":"REST"},{"floor":11,"key":"REST"},{"floor":15,"key":"DIG"}],"circlet_count":0,"master_deck":["AscendersBane","Strike_G","Strike_G","Strike_G","Strike_G","Defend_G","Defend_G","Defend_G","Defend_G","Defend_G","Survivor","Neutralize","Footwork","Dagger Throw","Bandage Up","Footwork","PiercingWail","Grand Finale"],"relics":["infinitespire:DarkRift","Shovel","Pocketwatch","infinitespire:Cubic Diamond","Strawberry","Letter Opener","Nunchaku","Sundial","Oddly Smooth Stone"],"acts_visited":["Exordium"],"potions_floor_usage":[],"damage_taken":[{"damage":3,"enemies":"Small Slimes","floor":1,"turns":5},{"damage":18,"enemies":"3 Sentries","floor":6,"turns":12},{"damage":2,"enemies":"2 Louse","floor":8,"turns":3},{"damage":58,"enemies":"Gremlin Nob","floor":10,"turns":7},{"damage":0,"enemies":"Cultist","floor":12,"turns":3},{"damage":12,"enemies":"Exordium Thugs","floor":14,"turns":8},{"damage":50,"enemies":"Slime Boss","floor":16,"turns":6}],"seed_played":"-9208878544594142826","potions_obtained":[{"floor":12,"key":"Poison Potion"}],"is_trial":false,"path_per_floor":["M","$","?","?","$","E","R","M","T","E","R","M","?","M","R","B"],"character_chosen":"THE_SILENT","items_purchased":["Shovel","Footwork","Bandage Up"],"campfire_rested":2,"item_purchase_floors":[0,0,2],"current_hp_per_floor":[29,29,29,29,29,22,43,45,45,1,22,26,26,18,18,0,0],"gold":67,"neow_bonus":"","is_daily":false,"chose_seed":false,"campfire_upgraded":0,"win_rate":0.0,"timestamp":1613734235,"path_taken":["M","$","?","?","$","E","R","M","T","E","R","M","?","M","R","BOSS"],"items_purchased_type":["Relic","Card","Card"],"build_version":"2020-12-22","purchased_purges":1,"victory":false,"max_hp_per_floor":[66,66,66,66,66,73,73,73,73,73,73,73,73,73,73,73,73],"card_choices":[{"not_picked":["Escape Plan","Dodge and Roll"],"picked":"Dagger Throw","floor":1},{"not_picked":["Quick Slash","Prepared","Acrobatics"],"picked":"SKIP","floor":6},{"not_picked":["All Out Attack","Distraction"],"picked":"Footwork","floor":8},{"not_picked":["Blade Dance","Prepared"],"picked":"PiercingWail","floor":10},{"not_picked":["Sucker Punch","Deadly Poison","PiercingWail"],"picked":"SKIP","floor":12},{"not_picked":["Outmaneuver","Prepared"],"picked":"Grand Finale","floor":14}],"player_experience":2141103,"relics_obtained":[{"floor":6,"key":"Strawberry"},{"floor":9,"key":"Letter Opener"},{"floor":10,"key":"Nunchaku"},{"floor":15,"key":"Oddly Smooth Stone"}],"event_choices":[{"damage_healed":0,"gold_gain":0,"player_choice":"Ignored","damage_taken":0,"max_hp_gain":0,"max_hp_loss":0,"event_name":"Shining Light","floor":4,"gold_loss":0},{"damage_healed":0,"gold_gain":0,"player_choice":"Gave Potion","damage_taken":0,"relics_obtained":["Sundial"],"max_hp_gain":0,"max_hp_loss":0,"event_name":"WeMeetAgain","floor":13,"gold_loss":0}],"is_beta":false,"boss_relics":[],"items_purged_floors":[0],"is_endless":false,"potions_floor_spawned":[12],"killed_by":"Slime Boss","ascension_level":17}}