{"host":"adt9pv9dmmkchns7","time":1613727146,"event":{"mods":["AchievementEnabler","Aspiration","BaseMod","Beaked The Cultist","Better Third Choice","Curses Come First","Energized Spire","Minty Spire (QoL Compilation)","Permanent Neow","Potionbrewer","Quick Restart","Reliquary","Replay The Spire","Robot Space Explorer","Shade Mod","Spicy Shops","StSLib","The Blackbeard","The Cursed","The Forsaken","The Gatherer","The Necromancer","Wandering Minibosses"],"gold_per_floor":[117,127,147,167,183,183,183,183],"floor_reached":6,"language":"ENG","playtime":731,"items_purged":[],"score":46,"play_id":"4627b876-cda6-42b5-854e-717a63391e10","local_time":"20210219103226","is_ascension_mode":true,"metric_token":1489,"campfire_choices":[],"circlet_count":0,"master_deck":["Gatherer:Strike_Gatherer","Gatherer:Strike_Gatherer","Gatherer:Strike_Gatherer","Gatherer:Strike_Gatherer","Gatherer:Strike_Gatherer","Gatherer:Defend_Gatherer","Gatherer:Defend_Gatherer","Gatherer:Defend_Gatherer","Gatherer:Defend_Gatherer","Gatherer:Defend_Gatherer","Gatherer:Centralize","Gatherer:FlowerWhip","Apotheosis","Gatherer:CollectorsShot","Gatherer:Enchant+1","Gatherer:Polymorphism","Gatherer:EnergyBasket","Gatherer:ColorfulGarden"],"relics":["Gatherer:AlchemyBag"],"acts_visited":["Exordium"],"potions_floor_usage":[4],"damage_taken":[{"damage":0,"enemies":"Jaw Worm","floor":1,"turns":4},{"damage":0,"enemies":"Small Slimes","floor":2,"turns":4},{"damage":7,"enemies":"Cultist","floor":3,"turns":5},{"damage":3,"enemies":"Looter","floor":4,"turns":3},{"damage":27,"enemies":"Lots of Slimes","floor":5,"turns":8},{"damage":28,"enemies":"Gremlin Nob","floor":6,"turns":3}],"seed_played":"7238502594998052498","potions_obtained":[{"floor":4,"key":"potionbrewer:BlacksmithPotion"}],"is_trial":false,"path_per_floor":["M","M","M","M","M","E"],"character_chosen":"THE_GATHERER","items_purchased":[],"campfire_rested":0,"item_purchase_floors":[],"current_hp_per_floor":[65,65,58,55,28,0,0,0],"gold":183,"neow_bonus":"RANDOM_COLORLESS_2","is_daily":false,"chose_seed":false,"campfire_upgraded":0,"win_rate":0.0,"timestamp":1613727146,"path_taken":["M","M","M","M","M","E"],"items_purchased_type":[],"build_version":"2020-12-22","purchased_purges":0,"victory":false,"max_hp_per_floor":[65,65,65,65,65,65,65,65],"card_choices":[{"not_picked":["Violence","Poisoned Strike"],"picked":"Apotheosis","floor":0},{"not_picked":["Gatherer:Herbalism","Gatherer:Nutrients"],"picked":"Gatherer:CollectorsShot","floor":1},{"not_picked":["Gatherer:DrugPower","Gatherer:FeelingFine"],"picked":"Gatherer:Enchant","floor":2},{"not_picked":["Gatherer:FlowerShield","Gatherer:QuickSynthesis"],"picked":"Gatherer:Polymorphism","floor":3},{"not_picked":["Gatherer:DrugPower","Gatherer:CarefulStrike"],"picked":"Gatherer:EnergyBasket","floor":4},{"not_picked":["Gatherer:CarefulStrike","Gatherer:BalancedGrowth"],"picked":"Gatherer:ColorfulGarden","floor":5}],"player_experience":987326,"relics_obtained":[],"event_choices":[],"is_beta":false,"boss_relics":[],"items_purged_floors":[],"is_endless":false,"potions_floor_spawned":[4],"killed_by":"Gremlin Nob","ascension_level":3}}