{"host":"BK","time":1613693134,"event":{"mods":["BaseMod","Highlight Path","Minty Spire (QoL Compilation)","StSLib"],"gold_per_floor":[111,36,53,72,72,72,105,124,124,143,154,154,154,183,183,261,261,231,242,60,60,60,60,95,114,114,140,65,65,65],"floor_reached":29,"language":"ENG","playtime":1293,"items_purged":["Seeing Red"],"score":510,"play_id":"25a46001-96cb-4a37-9164-82ce26f9f2c6","local_time":"20210218170534","is_ascension_mode":true,"campfire_choices":[{"floor":6,"key":"REST"},{"floor":12,"key":"REST"},{"data":"Disarm","floor":15,"key":"SMITH"},{"floor":23,"key":"REST"}],"circlet_count":0,"master_deck":["AscendersBane","Bash","Hemokinesis+1","Fiend Fire","Entrench","Iron Wave","Flame Barrier","Uppercut","Impervious+1","Metallicize","Disarm+1","Shrug It Off","Rupture","Reaper","Disarm","Flash of Steel","J.A.X.","True Grit+1","Blood for Blood+1"],"relics":["Pandora\u0027s Box","Red Skull","Art of War","HornCleat","Philosopher\u0027s Stone","CeramicFish","StoneCalendar"],"acts_visited":["Exordium","TheCity"],"potions_floor_usage":[24,24,29],"damage_taken":[{"damage":2,"enemies":"2 Louse","floor":1,"turns":2},{"damage":2,"enemies":"Jaw Worm","floor":3,"turns":3},{"damage":4,"enemies":"Small Slimes","floor":4,"turns":4},{"damage":17,"enemies":"Lagavulin","floor":7,"turns":6},{"damage":7,"enemies":"3 Louse","floor":8,"turns":3},{"damage":0,"enemies":"Red Slaver","floor":10,"turns":5},{"damage":5,"enemies":"Blue Slaver","floor":11,"turns":2},{"damage":21,"enemies":"Gremlin Nob","floor":14,"turns":4},{"damage":8,"enemies":"Hexaghost","floor":16,"turns":9},{"damage":6,"enemies":"2 Thieves","floor":18,"turns":4},{"damage":10,"enemies":"3 Byrds","floor":19,"turns":4},{"damage":31,"enemies":"Slavers","floor":24,"turns":7},{"damage":14,"enemies":"Cultist and Chosen","floor":25,"turns":6},{"damage":23,"enemies":"Centurion and Healer","floor":27,"turns":7},{"damage":25,"enemies":"Book of Stabbing","floor":29,"turns":3}],"seed_played":"269391383209345080","potions_obtained":[{"floor":4,"key":"Block Potion"},{"floor":8,"key":"Dexterity Potion"},{"floor":27,"key":"LiquidBronze"}],"is_trial":false,"path_per_floor":["M","?","M","M","?","R","E","M","T","M","M","R","?","E","R","B",null,"M","M","$","?","?","R","E","M","T","M","$","E"],"character_chosen":"IRONCLAD","items_purchased":["Disarm","Flash of Steel"],"campfire_rested":3,"item_purchase_floors":[20,20],"current_hp_per_floor":[66,66,64,60,37,59,42,35,35,35,30,52,52,31,31,23,62,56,46,46,46,25,49,30,16,16,23,23,0,0],"gold":65,"neow_bonus":"BOSS_RELIC","is_daily":false,"chose_seed":false,"campfire_upgraded":1,"win_rate":0.0,"timestamp":1613693134,"path_taken":["M","?","M","M","?","R","E","M","T","M","M","R","?","E","R","BOSS","M","M","$","?","?","R","E","M","T","M","?","E"],"items_purchased_type":["Card","Card"],"build_version":"2020-12-18","purchased_purges":1,"victory":false,"max_hp_per_floor":[75,75,75,75,75,75,75,75,75,75,75,75,75,75,75,75,75,75,75,75,75,80,80,80,80,80,80,80,80,80],"card_choices":[{"not_picked":["Heavy Blade","Sever Soul"],"picked":"Metallicize","floor":1},{"not_picked":["Shockwave","Pommel Strike"],"picked":"Disarm","floor":3},{"not_picked":["Uppercut","Body Slam","Fire Breathing"],"picked":"SKIP","floor":4},{"not_picked":["Spot Weakness","Body Slam"],"picked":"Shrug It Off","floor":7},{"not_picked":["Sword Boomerang","Dropkick","Pommel Strike"],"picked":"SKIP","floor":8},{"not_picked":["Sword Boomerang","Twin Strike","Wild Strike"],"picked":"SKIP","floor":10},{"not_picked":["Limit Break","Dropkick"],"picked":"Rupture","floor":11},{"not_picked":["Reckless Charge","Rage","Perfected Strike"],"picked":"SKIP","floor":14},{"not_picked":["Brutality","Barricade"],"picked":"Reaper","floor":16},{"not_picked":["Anger","Thunderclap","Pommel Strike"],"picked":"SKIP","floor":18},{"not_picked":["Pommel Strike","Cleave+1","Headbutt+1"],"picked":"SKIP","floor":19},{"not_picked":["Body Slam","Sentinel","Clash"],"picked":"SKIP","floor":24},{"not_picked":["Battle Trance","Metallicize"],"picked":"True Grit+1","floor":25},{"not_picked":["Juggernaut","Headbutt"],"picked":"Blood for Blood+1","floor":27}],"player_experience":2589178,"relics_obtained":[{"floor":7,"key":"Red Skull"},{"floor":9,"key":"Art of War"},{"floor":14,"key":"HornCleat"},{"floor":24,"key":"CeramicFish"},{"floor":26,"key":"StoneCalendar"}],"event_choices":[{"cards_removed":["Intimidate"],"damage_healed":0,"gold_gain":0,"player_choice":"Card Removal","damage_taken":0,"max_hp_gain":0,"max_hp_loss":0,"event_name":"The Cleric","floor":2,"gold_loss":75},{"damage_healed":0,"gold_gain":0,"player_choice":"Entered Light","damage_taken":23,"max_hp_gain":0,"max_hp_loss":0,"event_name":"Shining Light","floor":5,"gold_loss":0,"cards_upgraded":["Impervious","Hemokinesis"]},{"damage_healed":0,"gold_gain":0,"player_choice":"Ignored","damage_taken":0,"max_hp_gain":0,"max_hp_loss":0,"event_name":"Liars Game","floor":13,"gold_loss":0},{"damage_healed":0,"gold_gain":0,"player_choice":"Obtain J.A.X.","damage_taken":0,"max_hp_gain":0,"max_hp_loss":0,"event_name":"Drug Dealer","floor":21,"gold_loss":0,"cards_obtained":["J.A.X."]},{"damage_healed":0,"gold_gain":0,"player_choice":"Shed Blood","damage_taken":26,"max_hp_gain":5,"max_hp_loss":0,"event_name":"Forgotten Altar","floor":22,"gold_loss":0}],"is_beta":true,"boss_relics":[{"not_picked":["Coffee Dripper","Runic Cube"],"picked":"Philosopher\u0027s Stone"}],"items_purged_floors":[28],"is_endless":false,"potions_floor_spawned":[4,8,10,11,16,19,27],"killed_by":"Book of Stabbing","ascension_level":20}}