{"host":"373g0ui1bgeshz9m","time":1613744779,"event":{"mods":["Act Like it!","Aspiration","BaseMod","Beaked The Cultist","Better Third Choice","Colored Map","Conspire","Downfall","Halation","Hermit","Hubris","Infinite Spire","Minty Spire (QoL Compilation)","Pale of the Ancients","Permanent Neow","Quick Restart","Replay The Spire","Shade Mod","Shop Mod","Spikes Relics","StSLib","The Animator","The Bladedancer","The Florist","The Jungle","The Necromancer","The Sage","Trackpad"],"gold_per_floor":[111,111,111,131,151,186,205,205,205,205,230,35,60,72,72,170,170,190,190,206,206,220,220,220],"floor_reached":23,"language":"ENG","playtime":1481,"items_purged":["Injury"],"score":201,"play_id":"fdf388a9-004d-4a81-8739-051a13b0c5f8","local_time":"20210219092619","is_ascension_mode":true,"campfire_choices":[{"data":"Crescendo","floor":10.0,"key":"SMITH"},{"data":"FlyingSleeves","floor":15.0,"key":"SMITH"}],"circlet_count":0,"master_deck":["Strike_P","Strike_P","Strike_P","Strike_P","Defend_P","Defend_P","Defend_P+1","Defend_P","Eruption+1","Vigilance+1","Consecrate","Crescendo+1","FlyingSleeves+1","EmptyBody","Vengeance","Weave+1","FearNoEvil+1","Alpha","Conclude+1"],"relics":["PureWater","trackpad:Mousetrap","MealTicket","Molten Egg 2","aspiration:TomeofQuesting","Odd Mushroom","Ancient Tea Set","halation:EternalFortune"],"acts_visited":["Exordium","TheCity"],"potions_floor_usage":[16,16],"damage_taken":[{"damage":2.0,"enemies":"Small Slimes","floor":1.0,"turns":2.0},{"damage":0.0,"enemies":"Cultist","floor":4.0,"turns":3.0},{"damage":0.0,"enemies":"2 Louse","floor":5.0,"turns":1.0},{"damage":12.0,"enemies":"Gremlin Nob","floor":6.0,"turns":3.0},{"damage":3.0,"enemies":"Large Slime","floor":7.0,"turns":3.0},{"damage":7.0,"enemies":"The Mushroom Lair","floor":11.0,"turns":3.0},{"damage":7.0,"enemies":"Exordium Wildlife","floor":14.0,"turns":2.0},{"damage":1,"enemies":"Slime Boss","floor":16,"turns":7},{"damage":15,"enemies":"conspire:FuzzyDice","floor":18,"turns":6},{"damage":26,"enemies":"3 Byrds","floor":20,"turns":5},{"damage":26,"enemies":"Snecko","floor":22,"turns":7},{"damage":0,"enemies":"Book of Stabbing","floor":23,"turns":1}],"seed_played":"-4393019916818150667","potions_obtained":[{"floor":4.0,"key":"BlessingOfTheForge"},{"floor":6.0,"key":"SkillPotion"},{"floor":14.0,"key":"ColorlessPotion"},{"floor":16,"key":"Reflective Coating"},{"floor":18,"key":"SpeedPotion"},{"floor":20,"key":"FairyPotion"},{"floor":22,"key":"EntropicBrew"}],"is_trial":false,"path_per_floor":["M","?","?","M","M","E","M","?","T","R","?","$","T","M","R_BF","B",null,"M","?","M","?","M","E"],"character_chosen":"WATCHER","items_purchased":["Weave+1","FearNoEvil+1"],"campfire_rested":0,"item_purchase_floors":[12,12],"current_hp_per_floor":[70,56,56,56,56,44,41,41,41,41,34,49,49,42,42,41,72,57,64,38,41,15,15,15],"gold":220,"neow_bonus":"RANDOM_COMMON_RELIC","is_daily":false,"chose_seed":false,"campfire_upgraded":2,"win_rate":0.0,"timestamp":1613744779,"path_taken":["M","?","?","?","M","E","M","?","T","R","?","$","?","M","R_BF","BOSS","M","?","?","?","M","E"],"items_purchased_type":["Card","Card"],"build_version":"2020-12-22","purchased_purges":1,"victory":false,"max_hp_per_floor":[72,72,72,72,72,72,72,72,72,72,72,72,72,72,72,72,72,72,72,72,75,75,75,75],"card_choices":[{"not_picked":["ThirdEye","MentalFortress"],"picked":"Consecrate","floor":1.0},{"not_picked":["Replay:ManipulateFuture","Prostrate"],"picked":"Crescendo","floor":4.0},{"not_picked":["Replay:ManipulateFuture","Replay:AtTheReady"],"picked":"FlyingSleeves","floor":5.0},{"not_picked":["Replay:Vibes","FlyingSleeves","Wireheading"],"picked":"SKIP","floor":6.0},{"not_picked":["SashWhip","FlyingSleeves"],"picked":"EmptyBody","floor":7.0},{"not_picked":["EmptyFist+1","SandsOfTime+1"],"picked":"Vengeance","floor":11.0},{"not_picked":["Worship","Prostrate","Fasting2"],"picked":"SKIP","floor":14.0},{"not_picked":["Establishment","MasterReality"],"picked":"Alpha","floor":16},{"not_picked":["Crescendo","SashWhip+1","SignatureMove+1"],"picked":"SKIP","floor":18},{"not_picked":["EmptyMind+1","Protect","FlyingSleeves+1"],"picked":"SKIP","floor":20},{"not_picked":["DevaForm","CutThroughFate+1"],"picked":"Conclude+1","floor":22}],"player_experience":391729,"relics_obtained":[{"floor":6.0,"key":"MealTicket"},{"floor":9.0,"key":"aspiration:TomeofQuesting"},{"floor":11.0,"key":"Odd Mushroom"},{"floor":13.0,"key":"Ancient Tea Set"}],"event_choices":[{"damage_healed":70.0,"max_hp_gain":0.0,"max_hp_loss":72.0,"gold_gain":0.0,"event_name":"betterThird:BetterShining","player_choice":"Upgrade","floor":2.0,"gold_loss":0.0,"damage_taken":14.0,"cards_upgraded":["Vigilance","Defend_P"]},{"damage_healed":0.0,"max_hp_gain":0.0,"max_hp_loss":0.0,"gold_gain":0.0,"event_name":"Accursed Blacksmith","player_choice":"Forge","floor":3.0,"gold_loss":0.0,"damage_taken":0.0,"cards_upgraded":["Eruption"]},{"damage_healed":0.0,"max_hp_gain":0.0,"max_hp_loss":0.0,"gold_gain":0.0,"event_name":"Mushrooms","player_choice":"Fought Mushrooms","floor":11.0,"gold_loss":0.0,"damage_taken":0.0}],"is_beta":false,"boss_relics":[{"not_picked":["aspiration:SecretTechniqueScroll","hubris:TerracottaHorce","halation:PinkAlligatorPlush"]}],"items_purged_floors":[12],"is_endless":false,"potions_floor_spawned":[4,6,14,16,18,20,22],"killed_by":"Book of Stabbing","ascension_level":1}}