{"host":"krw8kyiy0um8ye49","time":1613773275,"event":{"mods":["BaseMod","Minty Spire (QoL Compilation)","StSLib"],"gold_per_floor":[117,128,21,34,53,53,84,99,125,125,139,164,164,200,200,330,330,350,373,373,392,406,406,406],"floor_reached":23,"language":"ENG","playtime":1431,"items_purged":[],"score":197,"play_id":"ca1fe4c9-d09f-40fe-9eff-5952f587aaea","local_time":"20210219232115","is_ascension_mode":false,"campfire_choices":[{"data":"Turbo","floor":6.0,"key":"SMITH"},{"data":"Go for the Eyes","floor":13.0,"key":"SMITH"},{"data":"Echo Form","floor":15.0,"key":"SMITH"}],"circlet_count":0,"master_deck":["Strike_B","Strike_B","Strike_B","Strike_B","Defend_B","Defend_B","Defend_B","Defend_B","Zap","Dualcast","Ball Lightning","Echo Form+1","Capacitor","Sunder","Turbo+1","Injury","Go for the Eyes+1","Barrage","Machine Learning","Leap","Steam+1","Fusion+1"],"relics":["Cracked Core","Anchor","Question Card","Art of War","Golden Idol","Odd Mushroom","SlaversCollar","MutagenicStrength"],"acts_visited":["Exordium","TheCity"],"potions_floor_usage":[23],"damage_taken":[{"damage":1.0,"enemies":"Jaw Worm","floor":1.0,"turns":2.0},{"damage":0.0,"enemies":"Small Slimes","floor":2.0,"turns":2.0},{"damage":0.0,"enemies":"Cultist","floor":4.0,"turns":2.0},{"damage":7.0,"enemies":"3 Louse","floor":5.0,"turns":3.0},{"damage":4.0,"enemies":"3 Sentries","floor":7.0,"turns":5.0},{"damage":2.0,"enemies":"2 Fungi Beasts","floor":8.0,"turns":3.0},{"damage":0.0,"enemies":"Exordium Wildlife","floor":11.0,"turns":2.0},{"damage":0.0,"enemies":"Blue Slaver","floor":12.0,"turns":2.0},{"damage":8.0,"enemies":"The Mushroom Lair","floor":14.0,"turns":3.0},{"damage":38.0,"enemies":"The Guardian","floor":16.0,"turns":11.0},{"damage":25.0,"enemies":"Shell Parasite","floor":18.0,"turns":6.0},{"damage":2.0,"enemies":"Chosen","floor":19.0,"turns":4.0},{"damage":17.0,"enemies":"Shelled Parasite and Fungi","floor":21.0,"turns":7.0},{"damage":9.0,"enemies":"Snecko","floor":22.0,"turns":5.0},{"damage":23,"enemies":"Gremlin Leader","floor":23,"turns":6}],"seed_played":"-7120397801417301811","potions_obtained":[{"floor":2.0,"key":"Ancient Potion"},{"floor":4.0,"key":"GamblersBrew"},{"floor":7.0,"key":"FocusPotion"},{"floor":8.0,"key":"Block Potion"},{"floor":14.0,"key":"Fire Potion"},{"floor":21.0,"key":"SpeedPotion"}],"is_trial":false,"path_per_floor":["M","M","$","M","M","R","E","M","T","?","M","M","R","?","R","B",null,"M","M","?","M","M","E"],"character_chosen":"DEFECT","items_purchased":["Capacitor","Sunder"],"campfire_rested":0,"item_purchase_floors":[3,3],"current_hp_per_floor":[74,74,74,74,67,67,63,61,61,61,61,61,61,53,53,15,75,50,48,48,31,22,0,0],"gold":406,"neow_bonus":"RANDOM_COMMON_RELIC","is_daily":false,"chose_seed":false,"campfire_upgraded":3,"win_rate":0.0,"timestamp":1613773275,"path_taken":["M","M","$","M","M","R","E","M","T","?","M","M","R","?","R","BOSS","M","M","?","M","M","E"],"items_purchased_type":["Card","Card"],"build_version":"2020-12-22","purchased_purges":0,"victory":false,"max_hp_per_floor":[75,75,75,75,75,75,75,75,75,75,75,75,75,75,75,75,75,75,75,75,75,75,75,75],"card_choices":[{"not_picked":["Barrage","Hello World"],"picked":"Ball Lightning","floor":1.0},{"not_picked":["Beam Cell","Streamline"],"picked":"Echo Form","floor":2.0},{"not_picked":["Hello World","Gash"],"picked":"Turbo","floor":4.0},{"not_picked":["Steam Power","Turbo","Streamline"],"picked":"SKIP","floor":5.0},{"not_picked":["Rebound","Beam Cell","Static Discharge"],"picked":"SKIP","floor":7.0},{"not_picked":["Sweeping Beam","Static Discharge","Gash","Hologram"],"picked":"SKIP","floor":8.0},{"not_picked":["Aggregate","Compile Driver","Redo","Sweeping Beam"],"picked":"SKIP","floor":11.0},{"not_picked":["Genetic Algorithm","Sweeping Beam","Steam Power"],"picked":"Go for the Eyes","floor":12.0},{"not_picked":["Hologram","Gash","Static Discharge"],"picked":"Barrage","floor":14.0},{"not_picked":["Multi-Cast","Seek","Core Surge"],"picked":"Machine Learning","floor":16.0},{"not_picked":["Beam Cell","Rebound+1","Double Energy"],"picked":"Leap","floor":18.0},{"not_picked":["Stack","Storm","Rainbow"],"picked":"Steam+1","floor":19.0},{"not_picked":["FTL","Compile Driver","Gash","Steam"],"picked":"SKIP","floor":21.0},{"not_picked":["Heatsinks","Gash","Scrape"],"picked":"Fusion+1","floor":22.0}],"player_experience":182188,"relics_obtained":[{"floor":7.0,"key":"Question Card"},{"floor":9.0,"key":"Art of War"},{"floor":14.0,"key":"Odd Mushroom"}],"event_choices":[{"damage_healed":0.0,"max_hp_gain":0.0,"max_hp_loss":0.0,"gold_gain":0.0,"event_name":"Golden Idol","player_choice":"Take Wound","floor":10.0,"gold_loss":0.0,"damage_taken":0.0,"relics_obtained":["Golden Idol"],"cards_obtained":["Injury"]},{"damage_healed":0.0,"max_hp_gain":0.0,"max_hp_loss":0.0,"gold_gain":0.0,"event_name":"Mushrooms","player_choice":"Fought Mushrooms","floor":14.0,"gold_loss":0.0,"damage_taken":0.0},{"damage_healed":0.0,"max_hp_gain":0.0,"max_hp_loss":0.0,"gold_gain":0.0,"event_name":"Drug Dealer","player_choice":"Inject Mutagens","floor":20.0,"gold_loss":0.0,"damage_taken":0.0,"relics_obtained":["MutagenicStrength"]}],"is_beta":false,"boss_relics":[{"not_picked":["FrozenCore","Sozu"],"picked":"SlaversCollar"}],"items_purged_floors":[],"is_endless":false,"potions_floor_spawned":[2,4,7,8,14,21],"killed_by":"Gremlin Leader","ascension_level":0}}