{"host":"684z1xpuwaoqmmh1","time":1613730495,"event":{"mods":["A Magickal Journey","BaseMod","Downfall","Hermit","Jorbs\u0027s Wanderer Trilogy","Marisa????????","Minty Spire (QoL Compilation)","Robot Space Explorer","Shade Mod","StSLib","The Bug Knight","The Dragon Tamer","The Elementalist","The Hayseed","The Hierophant","The Marked","The Mystic","The Runesmith","The Saiyan","The Senshi","The Spell Scribe","The Vixen","TheBandit","TheFirefly"],"gold_per_floor":[217,228,243,254,254,254,267,300,300,300,329,329,329,329],"floor_reached":13,"language":"ENG","playtime":773,"items_purged":[],"score":190,"play_id":"50b53694-4293-49de-9985-efa9241d94e6","local_time":"20210219122815","is_ascension_mode":true,"campfire_choices":[{"data":"theSenshi:MoonCosmicPowerMakeUp","floor":6,"key":"SMITH"},{"floor":10,"key":"REST"}],"circlet_count":0,"master_deck":["AscendersBane","theSenshi:SailorKick","theSenshi:SailorKick","theSenshi:SailorKick","theSenshi:SailorKick","theSenshi:SailorBlock","theSenshi:SailorBlock","theSenshi:SailorBlock","theSenshi:SailorBlock","theSenshi:RoseThrow","theSenshi:MoonPrismPowerMakeUp","theSenshi:MoonTiaraMagic","theSenshi:SailorVenusAssists","theSenshi:MoonCosmicPowerMakeUp+1","theSenshi:SilverMoonCrystalPowerKiss","theSenshi:JupitersPower","theSenshi:MercurysCunning"],"relics":["theSenshi:TransformationBroochRelic","Bag of Preparation","Pear","Letter Opener"],"acts_visited":["Exordium"],"potions_floor_usage":[8,11,13],"damage_taken":[{"damage":14,"enemies":"Small Slimes","floor":1,"turns":5},{"damage":0,"enemies":"2 Louse","floor":2,"turns":4},{"damage":0,"enemies":"Jaw Worm","floor":3,"turns":4},{"damage":0,"enemies":"Red Slaver","floor":4,"turns":4},{"damage":2,"enemies":"Looter","floor":7,"turns":3},{"damage":27,"enemies":"HollowMod:MossKnight","floor":8,"turns":24},{"damage":24,"enemies":"Gremlin Nob","floor":11,"turns":4},{"damage":36,"enemies":"3 Sentries","floor":13,"turns":12}],"seed_played":"3469993804541567877","potions_obtained":[{"floor":1,"key":"SpeedPotion"},{"floor":4,"key":"Slimebound:ThreeZeroPotion"},{"floor":8,"key":"PowerPotion"}],"is_trial":false,"path_per_floor":["M","M","M","M","?","R","M","E","T","R","E","?","E"],"character_chosen":"THE_SENSHI","items_purchased":[],"campfire_rested":1,"item_purchase_floors":[],"current_hp_per_floor":[54,54,54,54,54,54,52,25,35,60,36,36,0,0],"gold":329,"neow_bonus":"HUNDRED_GOLD","is_daily":false,"chose_seed":false,"campfire_upgraded":1,"win_rate":0.0,"timestamp":1613730495,"path_taken":["M","M","M","M","?","R","M","E","T","R","E","?","E"],"items_purchased_type":[],"build_version":"2020-12-22","purchased_purges":0,"victory":false,"max_hp_per_floor":[75,75,75,75,75,75,75,75,85,85,85,85,85,85],"card_choices":[{"not_picked":["theSenshi:SailorStarFighterAssists","theSenshi:MoonPower","theSenshi:LateForSchool"],"picked":"SKIP","floor":1},{"not_picked":["theSenshi:MoonPower","theSenshi:EncouragingSpeech"],"picked":"theSenshi:MoonTiaraMagic","floor":2},{"not_picked":["theSenshi:NeptunesGrace","theSenshi:InTheNickOfTime"],"picked":"theSenshi:SailorVenusAssists","floor":3},{"not_picked":["theSenshi:MoonPower","theSenshi:CrisisMakeUp"],"picked":"theSenshi:MoonCosmicPowerMakeUp","floor":4},{"not_picked":["theSenshi:MoonlightKnight","theSenshi:MoonPrincessHalation"],"picked":"theSenshi:SilverMoonCrystalPowerKiss","floor":7},{"not_picked":["theSenshi:VenusGlamour","theSenshi:RainbowMoonHeartAche"],"picked":"theSenshi:JupitersPower","floor":8},{"not_picked":["theSenshi:SailorVenusAssists","theSenshi:EncouragingSpeech"],"picked":"theSenshi:MercurysCunning","floor":11}],"player_experience":3334599,"relics_obtained":[{"floor":8,"key":"Bag of Preparation"},{"floor":9,"key":"Pear"},{"floor":11,"key":"Letter Opener"}],"event_choices":[{"damage_healed":0,"gold_gain":0,"player_choice":"Ignored","damage_taken":0,"max_hp_gain":0,"max_hp_loss":0,"event_name":"Liars Game","floor":5,"gold_loss":0}],"is_beta":false,"boss_relics":[],"items_purged_floors":[],"is_endless":false,"potions_floor_spawned":[1,4,8],"killed_by":"3 Sentries","ascension_level":20}}