{"host":"df48i9djcn92c5sx","time":1613743507,"event":{"mods":["Act Like it!","Arknights","BaseMod","Decade(王小明)","Downfall","Gensokyo","Marisa（F雨　魔理沙）","Minty Spire (QoL Compilation)","READ ME - Guardian Mod","READ ME - Snecko Mod","Reimu（博丽灵梦）","Remilia（蕾米莉亚）","Shop Mod","StSLib","The Jungle","The Servant 0.9.4"],"gold_per_floor":[112,124,124,124,124,124,141,141,223,223,216,209,209,227,227,204,204],"floor_reached":16,"language":"ZHS","playtime":309,"items_purged":[],"score":170,"play_id":"46d89cd6-61f8-4e78-929d-585cd3d618a1","local_time":"20210219220507","is_ascension_mode":true,"campfire_choices":[{"data":"Neutralize","floor":6,"key":"SMITH"},{"data":"Poisoned Stab","floor":8,"key":"SMITH"},{"data":"Bane","floor":13,"key":"SMITH"},{"data":"Adrenaline","floor":15,"key":"SMITH"}],"circlet_count":0,"master_deck":["AscendersBane","Strike_G","Strike_G","Strike_G","Strike_G","Strike_G","Defend_G","Defend_G","Defend_G","Defend_G","Defend_G","Survivor","Neutralize+1","Leg Sweep+1","Poisoned Stab+1","Poor:ReiMu","Footwork","Bane+1","Adrenaline+1"],"relics":["Ring of the Snake","NeowsBlessing","Ornamental Fan","YidongShenshe:ReiMu"],"acts_visited":["Exordium"],"potions_floor_usage":[12,16],"damage_taken":[{"damage":0.0,"enemies":"2 Louse","floor":1.0,"turns":1.0},{"damage":0.0,"enemies":"Jaw Worm","floor":2.0,"turns":1.0},{"damage":0,"enemies":"Small Slimes","floor":7,"turns":1},{"damage":9,"enemies":"3 Louse","floor":11,"turns":4},{"damage":25,"enemies":"Exordium Wildlife","floor":12,"turns":8},{"damage":2,"enemies":"2 Fungi Beasts","floor":14,"turns":5},{"damage":25,"enemies":"Slime Boss","floor":16,"turns":6}],"seed_played":"-5473894106591354666","potions_obtained":[{"floor":1.0,"key":"Block Potion"},{"floor":7,"key":"ZuzhouPotion:ReiMu"}],"is_trial":false,"path_per_floor":["M","M","?","?","?","R","M","R","T","?","M","M","R","M","R","B"],"character_chosen":"THE_SILENT","items_purchased":[],"campfire_rested":0,"item_purchase_floors":[],"current_hp_per_floor":[59,59,59,59,59,59,59,59,59,59,50,25,25,23,23,0,0],"gold":204,"neow_bonus":"THREE_ENEMY_KILL","is_daily":false,"chose_seed":false,"campfire_upgraded":4,"win_rate":0.0,"timestamp":1613743507,"path_taken":["M","M","?","?","?","R","M","R","T","?","?","M","R","M","R","BOSS"],"items_purchased_type":[],"build_version":"2020-12-22","purchased_purges":0,"victory":false,"max_hp_per_floor":[66,66,66,66,66,66,66,66,66,66,66,66,66,66,66,66,66],"card_choices":[{"not_picked":["Quick Slash","Deflect"],"picked":"Leg Sweep","floor":1.0},{"not_picked":["Slice","Calculated Gamble","Distraction"],"picked":"SKIP","floor":2.0},{"not_picked":["Acrobatics","Dodge and Roll"],"picked":"Poisoned Stab","floor":7},{"not_picked":["Leg Sweep","Slice"],"picked":"Footwork","floor":11},{"not_picked":["Setup","Dagger Throw"],"picked":"Bane","floor":12},{"not_picked":["Distraction","Infinite Blades"],"picked":"Adrenaline","floor":14}],"player_experience":1591458,"relics_obtained":[{"floor":9,"key":"Ornamental Fan"}],"event_choices":[{"damage_healed":0.0,"max_hp_gain":0.0,"max_hp_loss":0.0,"gold_gain":0.0,"event_name":"Living Wall","player_choice":"Grow","floor":3.0,"gold_loss":0.0,"damage_taken":0.0,"cards_upgraded":["Leg Sweep"]},{"damage_healed":0.0,"max_hp_gain":0.0,"max_hp_loss":0.0,"gold_gain":0.0,"event_name":"Liars Game","player_choice":"Ignored","floor":4.0,"gold_loss":0.0,"damage_taken":0.0},{"damage_healed":0,"gold_gain":0,"player_choice":"Ignored","damage_taken":0,"max_hp_gain":0,"max_hp_loss":0,"event_name":"Shining Light","floor":5,"gold_loss":0},{"damage_healed":0,"gold_gain":0,"player_choice":"带走神社","damage_taken":0,"relics_obtained":["YidongShenshe:ReiMu"],"max_hp_gain":0,"max_hp_loss":0,"event_name":"yidonshenshe","floor":10,"gold_loss":0,"cards_obtained":["Poor:ReiMu"]}],"is_beta":false,"boss_relics":[],"items_purged_floors":[],"is_endless":false,"potions_floor_spawned":[1,7,11],"killed_by":"Slime Boss","ascension_level":17}}