{"host":"gm50ke85n5jz306u","time":1613749426,"event":{"mods":["AchievementEnabler","AlwaysNeverKeys","Aspiration","BaseMod","Bestiary","Better Altar","Better Match","Better Note","Better Sensory Stone","Better Skull","Better Third Choice","Better Vampires","Better-Laid Plans","BetterRewards","Colored Powertips","Curses Come First","DNKmod","Decade(???)","Defuse TimeMaze Blight","Disable Question Mark Monsters","Displayed Cursed Tome","Downfall","Emptier Cage","Extra Virgin Snecko Oil","Filter the Spire","Friendly Minions","Gremlin Skip","Hermit","Hubris","Hyrulean Relics","Ironclad Rager","Jorbs\u0027s Wanderer Trilogy","KinomotoSakuraMod(????)","Koishi","Lobotomy","Marisa????????","Marked Mod","Minty Spire (QoL Compilation)","Permanent Neow","Poor People Problems","Quick Restart","Reimu??????","Relic Filter Mod","Relic Sorter","Remilia??????","Remove Card Discount Mod","Reorder Act Four","Replay The Spire","Shop Mod","StSLib","Synergy Search","Td1madao Mod","The Administrix","The Animator","The Blue Laboratory","The Bug Knight","The Construct","The Cursed","The Disciple","The Hierophant","The Necromancer","The Poker Player","The Runesmith","The Senshi","The Servant 0.9.4","Thieving Mod","Transform Curses","WarShipGirlsR/????R mod","Youmu??????"],"gold_per_floor":[1020,1035,1049,1049,1064,1064,1064,1093,1144,1144,454,473,133,159,159,259,259,274,274,291,291,139,152,152,7,7,18,34,69,69,96,96,195,195,210,210,210,228,239,273,140,140,140,159,133,145,158,158,158,176,176,176,176,72,72,105,105,105,105],"floor_reached":57,"language":"ENG","playtime":4969,"items_purged":["Slimebound:Tackle","Slimebound:Split","Slimebound:Defend_Slimebound","Slimebound:Strike_Slimebound","Slimebound:Strike_Slimebound","Slimebound:Defend_Slimebound","Slimebound:Defend_Slimebound","Slimebound:GoopSpray"],"score":1109,"play_id":"2f446484-b015-4603-b0a9-bcde73c89d94","local_time":"20210219164346","is_ascension_mode":false,"campfire_choices":[{"data":"Slimebound:HauntingLick","floor":6.0,"key":"SMITH"},{"data":"Slimebound:HauntingLick","floor":10.0,"key":"SMITH"},{"data":"Mayhem","floor":15.0,"key":"SMITH"},{"data":"Slimebound:Grow","floor":24.0,"key":"SMITH"},{"data":"Slimebound:HauntingLick","floor":30.0,"key":"SMITH"},{"data":"Slimebound:SamplingLick","floor":32.0,"key":"SMITH"},{"data":"Slimebound:RejuvenatingLick","floor":42.0,"key":"SMITH"},{"data":"Slimebound:SamplingLick","floor":51.0,"key":"SMITH"},{"data":"Slimebound:Schlurp","floor":55,"key":"SMITH"}],"circlet_count":0,"master_deck":["Slimebound:HauntingLick+1","Slimebound:Schlurp+1","Slimebound:HauntingLick+1","Slimebound:HauntingLick+1","Slimebound:TongueLash+1","Mayhem+1","Slimebound:Grow+1","Slimebound:HauntingLick","Slimebound:SamplingLick+1","Slimebound:MegaLick+1","Slimebound:SamplingLick","Slimebound:HauntingLick","Slimebound:GoopSpray+1","Slimebound:RejuvenatingLick+1","Slimebound:SamplingLick+1","Slimebound:Schlurp+1","Slimebound:TongueLash+1","Slimebound:MegaLick+1","Slimebound:GoopSpray+1","Slimebound:SamplingLick+1","Slimebound:LeechingTouch+1","Slimebound:SamplingLick+1","Slimebound:RejuvenatingLick+1","Slimebound:SamplingLick","Slimebound:MegaLick+1"],"relics":["Slimebound:AbsorbEndCombat","aspiration:Lifesprig","CaptainsWheel","aspiration:StickyExplosives_weak","Replay:Bottled Snecko","Lantern","Mercury Hourglass","MerchantsRug","Membership Card","Pear","Prayer Wheel","hubris:SlimyHat","hubris:ScarierMask","PreservedInsect","Question Card","ReplayTheSpireMod:Lightbulb","Molten Egg 2","Guide Book","Pen Nib","Whetstone"],"acts_visited":["Exordium","TheCity","TheBeyond","TheEnding"],"potions_floor_usage":[],"damage_taken":[{"damage":10.0,"enemies":"Small Slimes","floor":1.0,"turns":3.0},{"damage":4.0,"enemies":"Cultist","floor":2.0,"turns":3.0},{"damage":0.0,"enemies":"2 Louse","floor":3.0,"turns":3.0},{"damage":16.0,"enemies":"Red Slaver","floor":5.0,"turns":3.0},{"damage":12.0,"enemies":"Lagavulin","floor":8.0,"turns":6.0},{"damage":0.0,"enemies":"Looter","floor":12.0,"turns":2.0},{"damage":2.0,"enemies":"Gremlin Nob","floor":14.0,"turns":3.0},{"damage":8.0,"enemies":"Fading Forest","floor":16.0,"turns":11.0},{"damage":13.0,"enemies":"Chosen","floor":18.0,"turns":4.0},{"damage":3.0,"enemies":"2 Thieves","floor":20.0,"turns":2.0},{"damage":8.0,"enemies":"Centurion and Healer","floor":23.0,"turns":3.0},{"damage":1.0,"enemies":"Snake Plant","floor":27.0,"turns":3.0},{"damage":0.0,"enemies":"Shelled Parasite and Fungi","floor":28.0,"turns":4.0},{"damage":9.0,"enemies":"Gremlin Leader","floor":29.0,"turns":6.0},{"damage":0.0,"enemies":"Book of Stabbing","floor":31.0,"turns":3.0},{"damage":15.0,"enemies":"Pondfish","floor":33.0,"turns":11.0},{"damage":6.0,"enemies":"Orb Walker","floor":35.0,"turns":3.0},{"damage":0.0,"enemies":"3 Darklings","floor":38.0,"turns":3.0},{"damage":0.0,"enemies":"4 Shapes","floor":39.0,"turns":4.0},{"damage":0.0,"enemies":"Giant Head","floor":40.0,"turns":5.0},{"damage":0.0,"enemies":"Jaw Worm Horde","floor":44.0,"turns":2.0},{"damage":0.0,"enemies":"Sphere and 2 Shapes","floor":46.0,"turns":2.0},{"damage":0.0,"enemies":"Spire Growth","floor":47.0,"turns":1.0},{"damage":0.0,"enemies":"Transient","floor":50.0,"turns":5.0},{"damage":0.0,"enemies":"Donu and Deca","floor":52.0,"turns":6.0},{"damage":0,"enemies":"Shield and Spear","floor":56,"turns":2},{"damage":80,"enemies":"The Heart","floor":57,"turns":6}],"seed_played":"7504836875610647972","potions_obtained":[{"floor":3.0,"key":"Ancient Potion"},{"floor":8.0,"key":"LifebloodPotion"},{"floor":12.0,"key":"Guardian:BlockOnCardUsePotion"},{"floor":23.0,"key":"Adrenaline Potion"},{"floor":31.0,"key":"blueLaboratory:PhilterOfMotion"},{"floor":35.0,"key":"GrandPatriotsElixir:ReiMu"},{"floor":38.0,"key":"Reflective Coating"},{"floor":39.0,"key":"blueLaboratory:SavagePotion"}],"is_trial":false,"path_per_floor":["M","M","M","?","M","R","?","E","T","R","$","M","$","E","R","B",null,"M","?","M","?","$","M","R","$","T","M","M","E","R","E","R","B",null,"M","?","?","M","M","E","$","R","T","M","$","M","M","PTL","PTL","M","R","B",null,"$","R","E","B"],"character_chosen":"SLIMEBOUND","items_purchased":["Mayhem","ReplayTheSpireMod:ShopPack","Pear","MerchantsRug","Prayer Wheel","Slimebound:HauntingLick","PreservedInsect","Membership Card","Molten Egg 2","Slimebound:SamplingLick","Guide Book","Pen Nib","Slimebound:SamplingLick"],"campfire_rested":0,"item_purchase_floors":[11,11,11,11,13,13,22,25,41,45,45,54,54],"current_hp_per_floor":[59,61,65,47,35,35,35,29,29,29,39,43,43,45,45,55,75,64,64,65,65,65,65,65,65,65,68,74,71,71,75,75,60,75,71,71,71,75,75,75,75,75,75,75,75,75,75,75,75,75,75,75,75,75,75,75,0,0,0],"gold":105,"neow_bonus":"THREE_CARDS","is_daily":false,"chose_seed":false,"campfire_upgraded":9,"win_rate":0.0,"timestamp":1613749426,"path_taken":["M","M","M","?","M","R","?","E","T","R","$","M","$","E","R","BOSS","M","?","M","?","$","M","R","$","T","M","?","E","R","E","R","BOSS","M","?","?","M","?","E","$","R","T","M","$","M","M","PTL","PTL","M","R","BOSS","$","R","E","BOSS"],"items_purchased_type":["Card","Relic","Relic","Relic","Relic","Card","Relic","Relic","Relic","Card","Relic","Relic","Card"],"build_version":"2020-12-22","purchased_purges":8,"victory":false,"max_hp_per_floor":[65,65,65,65,65,65,65,65,65,65,75,75,75,75,75,75,75,75,75,75,75,75,75,75,75,75,75,75,75,75,75,75,75,75,75,75,75,75,75,75,75,75,75,75,75,75,75,75,75,75,75,75,75,75,75,75,75,75,75],"card_choices":[{"not_picked":["Slimebound:RainOfGoop","Slimebound:FinishingTackle"],"picked":"Slimebound:HauntingLick","floor":0.0},{"not_picked":["Slimebound:ItLooksTasty","Slimebound:FinishingTackle"],"picked":"Slimebound:Schlurp","floor":1.0},{"not_picked":["Slimebound:SplitMire","Slimebound:ForwardTackle","Slimebound:FormOfPuddle"],"picked":"SKIP","floor":2.0},{"not_picked":["Slimebound:ViciousTackle","Slimebound:SlimeBrawl","Slimebound:ForwardTackle"],"picked":"SKIP","floor":3.0},{"not_picked":["Slimebound:FinishingTackle","Slimebound:GoopSpray"],"picked":"Slimebound:HauntingLick","floor":5.0},{"not_picked":["Slimebound:LeechEnergy","Slimebound:GoopSpray"],"picked":"Slimebound:TongueLash","floor":8.0},{"not_picked":["Slimebound:ItLooksTasty","Slimebound:SplitBruiser"],"picked":"Slimebound:Grow","floor":12.0},{"not_picked":["Slimebound:DisruptingSlam","Slimebound:Dissolve","Slimebound:FlameTackle"],"picked":"SKIP","floor":14.0},{"not_picked":["Slimebound:SplitLeeching","Slimebound:FormOfPuddle"],"picked":"Slimebound:SamplingLick","floor":18.0},{"not_picked":["Slimebound:SplitLeeching+1","Slimebound:SlimeSpikes","Slimebound:ForwardTackle+1"],"picked":"SKIP","floor":18.0},{"not_picked":["Slimebound:BestDefense","Slimebound:AcidTongue","Slimebound:ServeAndProtect+1"],"picked":"SKIP","floor":20.0},{"not_picked":["Slimebound:SplitMire","Slimebound:Prepare","Slimebound:SlimeSpikes"],"picked":"SKIP","floor":20.0},{"not_picked":["Slimebound:Chomp","Slimebound:RainOfGoop+1"],"picked":"Slimebound:GoopSpray","floor":23.0},{"not_picked":["Slimebound:Dissolve","Slimebound:SlimeBrawl+1","Slimebound:Prepare"],"picked":"SKIP","floor":23.0},{"not_picked":["Slimebound:RainOfGoop+1","Slimebound:SplitAcid"],"picked":"Slimebound:MegaLick+1","floor":27.0},{"not_picked":["Slimebound:FormOfPuddle+1","Slimebound:LeechEnergy","Slimebound:ItLooksTasty+1"],"picked":"SKIP","floor":27.0},{"not_picked":["Slimebound:Replication+1","Slimebound:HauntingLick"],"picked":"Slimebound:SamplingLick","floor":28.0},{"not_picked":["Slimebound:SplitMire+1","Slimebound:Darklings","Slimebound:ComboTackle+1"],"picked":"SKIP","floor":28.0},{"not_picked":["Slimebound:SplitMire+1","Slimebound:Darklings","Slimebound:ComboTackle+1"],"picked":"SKIP","floor":28.0},{"not_picked":["Slimebound:SlimeTap","Slimebound:ComboTackle"],"picked":"Slimebound:HauntingLick","floor":29.0},{"not_picked":["Slimebound:Repurpose","Slimebound:ViciousTackle+1","Slimebound:Nibble"],"picked":"Slimebound:GoopSpray+1","floor":31.0},{"not_picked":["Slimebound:SlimeBrawl","Slimebound:DisruptingSlam+1","Slimebound:LivingWall"],"picked":"Slimebound:RejuvenatingLick","floor":35.0},{"not_picked":["Slimebound:SplitLeeching","Slimebound:SplitBruiser","Slimebound:PressTheAttack"],"picked":"Slimebound:SamplingLick+1","floor":35.0},{"not_picked":["Slimebound:SlimeSpikes","Slimebound:LevelUp","Slimebound:HauntingLick"],"picked":"Slimebound:Schlurp","floor":38.0},{"not_picked":["Slimebound:RainOfGoop","Slimebound:Teamwork","Slimebound:GoopTackle+1","Slimebound:ComboTackle+1"],"picked":"SKIP","floor":38.0},{"not_picked":["Slimebound:RainOfGoop","Slimebound:Teamwork","Slimebound:GoopTackle+1","Slimebound:ComboTackle+1"],"picked":"SKIP","floor":38.0},{"not_picked":["Slimebound:LeechEnergy","Slimebound:SamplingLick+1","Slimebound:SlimeSpikes"],"picked":"Slimebound:TongueLash+1","floor":39.0},{"not_picked":["Slimebound:LeechEnergy+1","Slimebound:Equalize+1","Slimebound:LeechingTouch+1"],"picked":"Slimebound:MegaLick+1","floor":39.0},{"not_picked":["Slimebound:FormOfPuddle","Slimebound:DouseInSlime","Slimebound:SlimeSlap"],"picked":"Slimebound:GoopSpray+1","floor":40.0},{"not_picked":["Slimebound:SplitAcid+1","Slimebound:FinishingTackle+1","Slimebound:Repurpose"],"picked":"Slimebound:SamplingLick+1","floor":44.0},{"not_picked":["Slimebound:RollThrough+1","Slimebound:Nibble+1","Slimebound:HungryTackle+1"],"picked":"Slimebound:LeechingTouch+1","floor":44.0},{"not_picked":["Slimebound:SlimeBrawl+1","Slimebound:GoopTackle+1","Slimebound:LivingWall+1","Slimebound:GoopSpray"],"picked":"SKIP","floor":46.0},{"not_picked":["Slimebound:WasteNot","Slimebound:SplitMire","Slimebound:SlimeBrawl","Slimebound:GoopTackle+1"],"picked":"SKIP","floor":46.0},{"not_picked":["Slimebound:Schlurp","Slimebound:FlameTackle+1","Slimebound:SplitMire+1"],"picked":"Slimebound:RejuvenatingLick+1","floor":47.0},{"not_picked":["Slimebound:FlameTackle+1","Slimebound:ForwardTackle+1","Slimebound:PressTheAttack+1","Slimebound:SplitMire+1"],"picked":"SKIP","floor":47.0},{"not_picked":["Slimebound:Nibble+1","Slimebound:SplitMire","Slimebound:DivideAndConquer+1","Slimebound:FlameTackle+1"],"picked":"SKIP","floor":50.0},{"not_picked":["Slimebound:ProtectTheBoss","Slimebound:DisruptingSlam+1","Slimebound:GoopSpray","Slimebound:Replication+1"],"picked":"SKIP","floor":50.0},{"not_picked":["Slimebound:RollThrough+1","Slimebound:PressTheAttack+1","Slimebound:SlimeSpikes"],"picked":"Slimebound:MegaLick+1","floor":56}],"player_experience":299631,"relics_obtained":[{"floor":8.0,"key":"Replay:Bottled Snecko"},{"floor":9.0,"key":"Lantern"},{"floor":14.0,"key":"hubris:SlimyHat"},{"floor":26.0,"key":"aspiration:Lifesprig"},{"floor":29.0,"key":"Question Card"},{"floor":31.0,"key":"ReplayTheSpireMod:Lightbulb"},{"floor":40.0,"key":"CaptainsWheel"},{"floor":43.0,"key":"aspiration:StickyExplosives_weak"},{"floor":56,"key":"Whetstone"}],"event_choices":[{"damage_healed":0.0,"max_hp_gain":0.0,"max_hp_loss":0.0,"gold_gain":0.0,"event_name":"Scrap Ooze","player_choice":"Success","floor":4.0,"gold_loss":0.0,"damage_taken":18.0,"relics_obtained":["Mercury Hourglass"]},{"damage_healed":0.0,"max_hp_gain":0.0,"max_hp_loss":0.0,"gold_gain":0.0,"cards_transformed":["Slimebound:CorrosiveSpit"],"event_name":"Living Wall","player_choice":"Change","floor":7.0,"gold_loss":0.0,"damage_taken":0.0,"cards_obtained":["Slimebound:HauntingLick"]},{"cards_removed":["Mayhem"],"damage_healed":0.0,"max_hp_gain":0.0,"max_hp_loss":0.0,"gold_gain":0.0,"event_name":"betterNote:BetterNote","player_choice":"Give","floor":19.0,"gold_loss":0.0,"damage_taken":0.0,"cards_obtained":["None"]},{"damage_healed":0.0,"max_hp_gain":0.0,"max_hp_loss":0.0,"gold_gain":0.0,"event_name":"The Woman in Blue","player_choice":"Bought 0 Potions","floor":21.0,"gold_loss":0.0,"damage_taken":0.0},{"cards_removed":["Slimebound:Strike_Slimebound"],"damage_healed":0.0,"max_hp_gain":0.0,"max_hp_loss":0.0,"gold_gain":0.0,"event_name":"Falling","player_choice":"Removed Attack","floor":36.0,"gold_loss":0.0,"damage_taken":0.0},{"cards_removed":["Slimebound:Defend_Slimebound"],"damage_healed":0.0,"max_hp_gain":0.0,"max_hp_loss":0.0,"gold_gain":0.0,"event_name":"Bonfire Elementals","player_choice":"Offered Basic","floor":37.0,"gold_loss":0.0,"damage_taken":0.0}],"is_beta":false,"boss_relics":[{"not_picked":["SlaversCollar","Kintsugi"],"picked":"hubris:ScarierMask"},{"not_picked":["aspiration:SilentSkillbook","aspiration:SecretTechniqueScroll","Calling Bell"]}],"items_purged_floors":[11,11,11,41,41,41,41,41],"is_endless":false,"potions_floor_spawned":[3,8,12,14,23,27,28,31,35,38,39],"killed_by":"The Heart","ascension_level":0}}