{"host":"uceopoba4zvqsgiy","time":1613746596,"event":{"mods":["2.2 Compatiblity","Act Like it!","BaseMod","Better Skull","Better Third Choice","Elementarium","Evolution","GifTheSpireLib","Hermit","Humility","Infinite Spire","Jorbs\u0027s Wanderer Trilogy","Marked Mod","Minty Spire (QoL Compilation)","Potionbrewer","Reliquary","Replay The Spire","Robot Space Explorer","Shade Mod","Spicy Shops","StS++","StSLib","Stuff the Spire","The Blue Laboratory","The Caster","The Cursed","The Dragon Tamer","The Dragonkin","The Hierophant","The Judge","The Jungle","TheSurvivalist","Wandering Minibosses"],"gold_per_floor":[112,187,187,67,67,95,95,128,128,128,128,128,156,176,192,211,211,308,308,321,332,332,106,106,136,136,154,154,154,170,170,201,215,215,215,215],"floor_reached":35,"language":"ENG","playtime":1610,"items_purged":["Overencumbered"],"score":576,"play_id":"7855da10-b18a-40fa-9366-e5597c448873","local_time":"20210220012636","is_ascension_mode":true,"campfire_choices":[{"data":"Electrodynamics","floor":7,"key":"SMITH"},{"data":"StSpp:Channeliser","floor":12,"key":"SMITH"},{"floor":17,"key":"DIG"},{"floor":26,"key":"REST"},{"floor":31,"key":"REST"},{"floor":34,"key":"DIG"}],"circlet_count":0,"master_deck":["Ball Lightning","Ball Lightning","Ball Lightning","Ball Lightning","Conserve Battery","Conserve Battery","Conserve Battery","Conserve Battery","Zap","Dualcast","Genetic Algorithm","Regret","Electrodynamics+1","Gash","StSpp:Channeliser+1","Core Surge","Genetic Algorithm","FIFO Queue+1","Capacitor+1","Creative AI+1","ReplayTheSpireMod:Calculation Training","Core Surge","StSpp:Igniter+1","Spreading Infection","WordoMod:FoggyMind","infinitespire:Gouge","Ball Lightning+1","Storm+1","StSpp:Converter","Loop+1"],"relics":["Cracked Core","EVO:Axolotl","NeowsBlessing","ReplayTheSpireMod:CursedCoin","StuffTheSpire:RedRose","infinitespire:EmpoweringShard","Tiny Chest","Frozen Egg 2","Bronze Scales","reliquary:RedPaperclip","MutagenicStrength","DollysMirror","reliquary:RosewoodLute","Iron Hammer","potionbrewer:WarMedal","reliquary:Firecrackers","infinitespire:Lucky Rock"],"acts_visited":["Exordium","TheCity"],"potions_floor_usage":[13,18,18,21,30,35,35],"damage_taken":[{"damage":0,"enemies":"Jaw Worm","floor":1,"turns":1},{"damage":0,"enemies":"3 Sentries","floor":6,"turns":1},{"damage":2,"enemies":"Lagavulin","floor":8,"turns":2},{"damage":7,"enemies":"3 Sentries","floor":13,"turns":2},{"damage":0,"enemies":"Small Slimes","floor":14,"turns":2},{"damage":0,"enemies":"Cultist","floor":15,"turns":2},{"damage":0,"enemies":"2 Fungi Beasts","floor":16,"turns":1},{"damage":39,"enemies":"Hexaghost","floor":18,"turns":6},{"damage":0,"enemies":"3 Byrds","floor":20,"turns":2},{"damage":0,"enemies":"Spheric Guardian","floor":21,"turns":3},{"damage":39,"enemies":"Slavers","floor":25,"turns":3},{"damage":26,"enemies":"Snake Plant","floor":27,"turns":3},{"damage":4,"enemies":"Snecko","floor":30,"turns":3},{"damage":19,"enemies":"Nightmare","floor":32,"turns":5},{"damage":2,"enemies":"Shelled Parasite and Fungi","floor":33,"turns":2},{"damage":54,"enemies":"Automaton","floor":35,"turns":5}],"seed_played":"1554282248738377986","potions_obtained":[{"floor":8,"key":"LifebloodPotion"},{"floor":14,"key":"potionbrewer:MidasPotion"},{"floor":15,"key":"PowerPotion"},{"floor":16,"key":"PowerPotion"},{"floor":25,"key":"blueLaboratory:NullPotion"},{"floor":27,"key":"potionbrewer:BarricadePotion"},{"floor":32,"key":"Milkshake"}],"is_trial":false,"path_per_floor":["M","$","?","$","?","E","R","E","PTL","PTL","T","R","E","M","M","M","R","B",null,"M","M","?","$","?","E","R","M","T","T","M","R","NM","M","R","B"],"character_chosen":"DEFECT","items_purchased":["ReplayTheSpireMod:CursedCoin","infinitespire:EmpoweringShard","DollysMirror","StSpp:Igniter+1"],"campfire_rested":2,"item_purchase_floors":[2,4,23,23],"current_hp_per_floor":[68,68,68,68,68,68,68,66,66,66,66,66,59,60,60,60,60,23,62,62,62,62,62,62,23,45,19,19,19,15,37,18,16,16,0,0],"gold":215,"neow_bonus":"THREE_ENEMY_KILL","is_daily":false,"chose_seed":false,"campfire_upgraded":2,"win_rate":0.0,"timestamp":1613746596,"path_taken":["M","$","?","$","?","E","R","E","PTL","PTL","T","T","R","E","M","M","M","R","BOSS","M","?","?","$","?","E","R","M","T","?","M","R","NM","M","R","BOSS"],"items_purchased_type":["Relic","Relic","Relic","Card"],"build_version":"2020-12-22","purchased_purges":1,"victory":false,"max_hp_per_floor":[75,75,75,75,75,75,75,75,75,75,75,75,75,75,75,75,75,75,75,75,75,75,75,75,75,75,75,75,75,75,75,75,75,75,75,75],"card_choices":[{"not_picked":["Sweeping Beam","Panic Button"],"picked":"Genetic Algorithm","floor":1},{"not_picked":["Go for the Eyes","StuffTheSpire:NuclearReactor","Barrage"],"picked":"SKIP","floor":6},{"not_picked":["StuffTheSpire:GlassShard","Leap"],"picked":"StSpp:Channeliser","floor":8},{"not_picked":["Defragment+1","Cold Snap"],"picked":"Core Surge","floor":13},{"not_picked":["Ball Lightning","Darkness"],"picked":"Genetic Algorithm","floor":14},{"not_picked":["Panic Button","StuffTheSpire:Plugnplay"],"picked":"FIFO Queue+1","floor":15},{"not_picked":["Conserve Battery","Coolheaded"],"picked":"Capacitor+1","floor":16},{"not_picked":["Rainbow","StuffTheSpire:LaunchingStrike"],"picked":"Creative AI+1","floor":18},{"not_picked":["Redo","Streamline+1"],"picked":"ReplayTheSpireMod:Calculation Training","floor":20},{"not_picked":["StuffTheSpire:Plugnplay","StuffTheSpire:LoadUp","Steam"],"picked":"SKIP","floor":21},{"not_picked":["infinitespire:SealOfDarkness+","ReplayTheSpireMod:Black Plague"],"picked":"infinitespire:Gouge","floor":24},{"not_picked":["Panic Button","Barrage"],"picked":"Ball Lightning+1","floor":25},{"not_picked":["StuffTheSpire:LoadUp","Redo+1"],"picked":"Storm+1","floor":27},{"not_picked":["Leap+1","Auto Shields","Undo"],"picked":"SKIP","floor":30},{"not_picked":["Barrage","Streamline"],"picked":"StSpp:Converter","floor":32},{"not_picked":["Hello World+1","StuffTheSpire:SnapShoot"],"picked":"Loop+1","floor":33}],"player_experience":1846358,"relics_obtained":[{"floor":6,"key":"Tiny Chest"},{"floor":8,"key":"StuffTheSpire:OldFever"},{"floor":11,"key":"reliquary:PurpleTingedLeaf"},{"floor":13,"key":"Frozen Egg 2"},{"floor":17,"key":"Bronze Scales"},{"floor":25,"key":"reliquary:RosewoodLute"},{"floor":28,"key":"Iron Hammer"},{"floor":29,"key":"potionbrewer:WarMedal"},{"floor":32,"key":"reliquary:Firecrackers"},{"floor":34,"key":"infinitespire:Lucky Rock"}],"event_choices":[{"damage_healed":0,"gold_gain":0,"player_choice":"2 cards matched","damage_taken":0,"max_hp_gain":0,"max_hp_loss":0,"event_name":"Match and Keep!","floor":5,"gold_loss":0,"cards_obtained":["Electrodynamics","Gash"]},{"damage_healed":0,"gold_gain":0,"player_choice":"Inject Mutagens","damage_taken":0,"relics_obtained":["MutagenicStrength"],"max_hp_gain":0,"max_hp_loss":0,"event_name":"Drug Dealer","floor":22,"gold_loss":0}],"is_beta":false,"boss_relics":[{"not_picked":["Replay:Drink Me","StSpp:FireArrow"],"picked":"reliquary:RedPaperclip"}],"items_purged_floors":[2],"is_endless":false,"potions_floor_spawned":[8,14,15,16,25,27,32],"killed_by":"Automaton","ascension_level":9,"is_humility":true}}