{"host":"fbdlh90rovbiajun","time":1613713212,"event":{"mods":["AchievementEnabler","BaseMod","Colored Map","Keyboard Shortcuts","Minty Spire (QoL Compilation)","SuperFastMode"],"gold_per_floor":[119,119,119,135,60,103,103,122,122,147,165,180,80,100,100,223,223,248,123,147,170,183,183,222,72,97,97,112,132,231,231,231,351,351,374,387,50,0,16,16,59,439,451,54,54,73,96,120,120,120],"floor_reached":51,"language":"KOR","playtime":2699,"items_purged":["Defend_P","Defend_P","Defend_P","Strike_P"],"score":853,"play_id":"a6d62914-eeac-49b1-9ae8-788f270b5852","local_time":"20210219144012","is_ascension_mode":false,"campfire_choices":[{"data":"Eruption","floor":7.0,"key":"SMITH"},{"data":"WheelKick","floor":15.0,"key":"SMITH"},{"data":"Halt","floor":23.0,"key":"SMITH"},{"floor":32.0,"key":"REST"},{"data":"Adaptation","floor":40.0,"key":"SMITH"},{"data":"Vigilance","floor":49.0,"key":"SMITH"}],"circlet_count":0,"master_deck":["Eruption+1","Vigilance+1","WheelKick+1","Halt+1","Vengeance+1","Brilliance+1","Adaptation+1","Adaptation+1","FearNoEvil"],"relics":["PureWater","NeowsBlessing","Golden Idol","Turnip","InkBottle","Astrolabe","Strawberry","Happy Flower","VioletLotus","Gambling Chip","Red Mask","MawBank","Old Coin","White Beast Statue","Kunai","HandDrill"],"acts_visited":["Exordium","TheCity","TheBeyond"],"potions_floor_usage":[],"damage_taken":[{"damage":0.0,"enemies":"Jaw Worm","floor":1.0,"turns":1.0},{"damage":0.0,"enemies":"Cultist","floor":4.0,"turns":1.0},{"damage":0.0,"enemies":"Lagavulin","floor":6.0,"turns":1.0},{"damage":5.0,"enemies":"Small Slimes","floor":8.0,"turns":2.0},{"damage":0.0,"enemies":"Exordium Wildlife","floor":10.0,"turns":2.0},{"damage":0.0,"enemies":"Looter","floor":11.0,"turns":2.0},{"damage":5.0,"enemies":"3 Louse","floor":12.0,"turns":2.0},{"damage":25.0,"enemies":"Exordium Thugs","floor":14.0,"turns":3.0},{"damage":29.0,"enemies":"Hexaghost","floor":16.0,"turns":6.0},{"damage":3.0,"enemies":"Chosen","floor":18.0,"turns":2.0},{"damage":1.0,"enemies":"Shell Parasite","floor":20.0,"turns":2.0},{"damage":0.0,"enemies":"Snecko","floor":21.0,"turns":2.0},{"damage":16.0,"enemies":"Chosen and Byrds","floor":22.0,"turns":4.0},{"damage":18.0,"enemies":"Book of Stabbing","floor":24.0,"turns":4.0},{"damage":0.0,"enemies":"Centurion and Healer","floor":28.0,"turns":4.0},{"damage":13.0,"enemies":"Snake Plant","floor":29.0,"turns":2.0},{"damage":0.0,"enemies":"Collector","floor":33.0,"turns":6.0},{"damage":0.0,"enemies":"3 Darklings","floor":35.0,"turns":4.0},{"damage":10.0,"enemies":"Orb Walker","floor":36.0,"turns":3.0},{"damage":0.0,"enemies":"Sphere and 2 Shapes","floor":39.0,"turns":2.0},{"damage":0.0,"enemies":"Nemesis","floor":41.0,"turns":3.0},{"damage":0.0,"enemies":"2 Orb Walkers","floor":42.0,"turns":1.0},{"damage":0.0,"enemies":"Maw","floor":46.0,"turns":2.0},{"damage":0.0,"enemies":"4 Shapes","floor":47.0,"turns":1.0},{"damage":0.0,"enemies":"Spire Growth","floor":48.0,"turns":2.0},{"damage":21,"enemies":"Awakened One","floor":50,"turns":3}],"seed_played":"-2398705495573632828","potions_obtained":[{"floor":4.0,"key":"SteroidPotion"},{"floor":10.0,"key":"Regen Potion"},{"floor":14.0,"key":"Fire Potion"},{"floor":18.0,"key":"CultistPotion"},{"floor":21.0,"key":"PowerPotion"},{"floor":29.0,"key":"EssenceOfSteel"},{"floor":33.0,"key":"PowerPotion"},{"floor":48.0,"key":"EntropicBrew"}],"is_trial":false,"path_per_floor":["M","?","?","M","$","E","R","M","T","M","M","M","$","M","R","B",null,"M","$","M","M","M","R","E","$","T","$","M","M","?","$","R","B",null,"M","M","$","?","M","R","E","?","T","$","?","M","M","M","R","B",null],"character_chosen":"WATCHER","items_purchased":["Adaptation","Gambling Chip","Kunai","HandDrill"],"campfire_rested":1,"item_purchase_floors":[37,37,44,44],"current_hp_per_floor":[72,54,54,54,54,54,54,49,49,49,49,44,44,19,19,4,72,69,69,68,68,52,52,41,41,41,41,41,28,28,28,51,51,79,79,69,69,69,69,69,69,69,69,69,69,69,69,69,69,48],"gold":120,"neow_bonus":"THREE_ENEMY_KILL","is_daily":false,"chose_seed":false,"campfire_upgraded":5,"win_rate":0.0,"timestamp":1613713212,"path_taken":["M","?","?","M","$","E","R","M","T","M","?","M","$","M","R","BOSS","M","$","M","?","M","R","E","$","T","?","M","M","?","?","R","BOSS","M","M","$","?","M","R","E","?","T","$","?","M","M","M","R","BOSS"],"items_purchased_type":["Card","Relic","Relic","Relic"],"build_version":"2020-12-22","purchased_purges":4,"victory":true,"max_hp_per_floor":[72,72,72,72,72,72,72,72,72,72,72,72,72,72,72,72,72,72,72,72,72,72,72,79,79,79,79,79,79,79,79,79,79,79,79,79,79,79,79,79,79,79,79,79,79,79,79,79,79,79],"card_choices":[{"not_picked":["FollowUp","SashWhip","Vengeance"],"picked":"SKIP","floor":1.0},{"not_picked":["Weave","Halt","EmptyFist"],"picked":"SKIP","floor":4.0},{"not_picked":["EmptyBody","Study","Swivel"],"picked":"SKIP","floor":6.0},{"not_picked":["CutThroughFate","Wish","Meditate"],"picked":"SKIP","floor":8.0},{"not_picked":["Meditate","ThirdEye","SashWhip"],"picked":"SKIP","floor":10.0},{"not_picked":["ClearTheMind","EmptyBody"],"picked":"WheelKick","floor":11.0},{"not_picked":["FlurryOfBlows","BowlingBash","EmptyFist"],"picked":"SKIP","floor":12.0},{"not_picked":["Consecrate","Evaluate"],"picked":"Halt","floor":14.0},{"not_picked":["Consecrate+1","EmptyBody","FlurryOfBlows"],"picked":"SKIP","floor":18.0},{"not_picked":["Evaluate","Prostrate","FollowUp+1"],"picked":"SKIP","floor":20.0},{"not_picked":["Perseverance","PathToVictory"],"picked":"Adaptation+1","floor":21.0},{"not_picked":["Crescendo","CarveReality","Evaluate"],"picked":"SKIP","floor":22.0},{"not_picked":["Swivel","EmptyFist+1","JustLucky"],"picked":"SKIP","floor":24.0},{"not_picked":["FearNoEvil","WindmillStrike","Perseverance"],"picked":"SKIP","floor":28.0},{"not_picked":["PathToVictory+1","Indignation","Vengeance"],"picked":"SKIP","floor":29.0},{"not_picked":["PathToVictory+1","Indignation","Vengeance"],"picked":"SKIP","floor":29.0},{"not_picked":["EmptyMind","Perseverance+1","BowlingBash+1"],"picked":"SKIP","floor":35.0},{"not_picked":["Halt+1","PathToVictory","Collect"],"picked":"SKIP","floor":36.0},{"not_picked":["PathToVictory","EmptyMind","Pray+1"],"picked":"SKIP","floor":39.0},{"not_picked":["ConjureBlade","FlyingSleeves+1","LessonLearned"],"picked":"SKIP","floor":41.0},{"not_picked":["ConjureBlade","FlyingSleeves+1","LessonLearned"],"picked":"SKIP","floor":41.0},{"not_picked":["Crescendo","EmptyFist","PathToVictory"],"picked":"SKIP","floor":46.0},{"not_picked":["DeceiveReality","Adaptation"],"picked":"FearNoEvil","floor":47.0},{"not_picked":["JustLucky+1","EmptyBody","Evaluate"],"picked":"SKIP","floor":48.0}],"player_experience":82824,"relics_obtained":[{"floor":6.0,"key":"Turnip"},{"floor":9.0,"key":"InkBottle"},{"floor":24.0,"key":"Strawberry"},{"floor":26.0,"key":"Happy Flower"},{"floor":41.0,"key":"MawBank"},{"floor":42.0,"key":"Old Coin"},{"floor":43.0,"key":"White Beast Statue"}],"event_choices":[{"damage_healed":0.0,"max_hp_gain":0.0,"max_hp_loss":0.0,"gold_gain":0.0,"event_name":"Golden Idol","player_choice":"Take Damage","floor":2.0,"gold_loss":0.0,"damage_taken":18.0,"relics_obtained":["Golden Idol"]},{"cards_removed":["Defend_P"],"damage_healed":0.0,"max_hp_gain":0.0,"max_hp_loss":0.0,"gold_gain":0.0,"event_name":"Purifier","player_choice":"Purged","floor":3.0,"gold_loss":0.0,"damage_taken":0.0},{"damage_healed":0.0,"max_hp_gain":0.0,"max_hp_loss":0.0,"gold_gain":99.0,"event_name":"Nest","player_choice":"Stole From Cult","floor":30.0,"gold_loss":0.0,"damage_taken":0.0},{"damage_healed":0.0,"max_hp_gain":0.0,"max_hp_loss":0.0,"gold_gain":0.0,"event_name":"Tomb of Lord Red Mask","player_choice":"Paid","floor":38.0,"gold_loss":50.0,"damage_taken":0.0,"relics_obtained":["Red Mask"]},{"damage_healed":0.0,"max_hp_gain":0.0,"max_hp_loss":0.0,"gold_gain":0.0,"event_name":"Mysterious Sphere","player_choice":"Fight","floor":42.0,"gold_loss":0.0,"damage_taken":0.0},{"cards_removed":["Devotion"],"damage_healed":0.0,"max_hp_gain":0.0,"max_hp_loss":0.0,"gold_gain":0.0,"event_name":"Falling","player_choice":"Removed Power","floor":45.0,"gold_loss":0.0,"damage_taken":0.0}],"is_beta":false,"boss_relics":[{"not_picked":["Philosopher\u0027s Stone","Runic Dome"],"picked":"Astrolabe"},{"not_picked":["SlaversCollar","Pandora\u0027s Box"],"picked":"VioletLotus"}],"items_purged_floors":[5,13,19,25],"is_endless":false,"potions_floor_spawned":[4,10,14,18,21,29,33,41,42,46,47,48],"ascension_level":0}}