{"host":"vm8b3ptwl81uq21f","time":1613719276,"event":{"mods":["Act Like it!","Aspiration","BaseMod","BetterRewards","Colored Map","Colored Powertips","Conspire","Gensokyo","GifTheSpireLib","Googly Eyes","GungeonMod","Halation","Hubris","Infinite Spire","Minty Spire (QoL Compilation)","MostiFishMod","Quick Restart","Rare Cards Sparkle","Reliquary","Replay The Spire","Shop Mod","Spicy Shops","Spire Arcade","StSLib","Stuff the Spire","The IronCluck","The Jungle","[IsaacMod]????","??????REMEMod"],"gold_per_floor":[119,135,148,165,177,177,177,177,200,20,31,60,70,104,104,201,201,214,229,249,267,279,279,304,304,304,330,330,330,330,362,434,529,529,548,548,561,460,480,507,368,395,395,409,409,429,429,440,440,440,440,440,11,39,39],"floor_reached":56,"language":"ENG","playtime":2773,"items_purged":["Strike_B","Strike_B","Pain","Strike_B","Defend_B","Defend_B","Defend_B","REME_SelfUpgrade","MostiFishMod:OneDayCity+1","Rebound","REME_SelfUpgrade+1","Gash"],"score":2662,"play_id":"41c78498-ce7e-4c82-950c-852e1046b280","local_time":"20210219022116","is_ascension_mode":true,"campfire_choices":[{"data":"Recycle","floor":6,"key":"SMITH"},{"data":"REME_SelfUpgrade","floor":8,"key":"SMITH"},{"floor":15,"key":"RECALL"},{"data":"infinitespire:Collect","floor":23,"key":"SMITH"},{"data":"Zap","floor":25,"key":"SMITH"},{"data":"Dualcast","floor":30,"key":"SMITH"},{"data":"Pot Of Greed","floor":47,"key":"SMITH"},{"data":"Pot Of Greed","floor":49,"key":"SMITH"},{"data":"REME_Whirling","floor":52,"key":"SMITH"}],"circlet_count":0,"master_deck":["Zap+1","Dualcast+1","REME_Whirling+1","Recycle+1","Gash","Beam Cell","infinitespire:Collect+1","hubris:DoWhile+1","Echo Form+1","Gash","Reboot+1","Gash","REME_ForAll+1","Turbo+1","Pot Of Greed+1","Pot Of Greed+1","Fission+1","Double Energy+1","Steam+1","Conserve Battery"],"relics":["HushsDoor","SteamSale","BrkXgEgg","MerchantsRug","Void","Nunchaku","BirthdayGift-Icosahedron","SynthV:TestCard","BirthdayGift-Tetrahedron","DeadEye","Smiling Mask","DemoMod:WaxWing","Bronze Scales","Centennial Puzzle","Medical Kit","Vajra","Oddly Smooth Stone","reliquary:Boomerang","halation:Sosunser"],"acts_visited":["Exordium","Gensokyo:Gensokyo","TheBeyond","TheEnding"],"potions_floor_usage":[55,55,55],"damage_taken":[{"damage":0,"enemies":"Gensokyo:Gryphon","floor":1,"turns":1},{"damage":0,"enemies":"Gensokyo:Python","floor":2,"turns":2},{"damage":0,"enemies":"Gensokyo:2_Kodama","floor":3,"turns":1},{"damage":0,"enemies":"Gensokyo:Kitsune","floor":4,"turns":2},{"damage":0,"enemies":"Gensokyo:CorruptedTreant","floor":5,"turns":1},{"damage":0,"enemies":"Gensokyo:3_Kodama","floor":11,"turns":1},{"damage":0,"enemies":"Gensokyo:Cirno","floor":12,"turns":4},{"damage":0,"enemies":"Gensokyo:Aya","floor":14,"turns":1},{"damage":0,"enemies":"Gensokyo:Reimu","floor":16,"turns":2},{"damage":0,"enemies":"Gensokyo:Chomper","floor":18,"turns":1},{"damage":0,"enemies":"Gensokyo:CosmicMonolith","floor":19,"turns":1},{"damage":0,"enemies":"Gensokyo:3_Gloops","floor":20,"turns":2},{"damage":0,"enemies":"Gensokyo:Wraith","floor":21,"turns":2},{"damage":0,"enemies":"Gensokyo:Monolith_and_Dog","floor":22,"turns":1},{"damage":0,"enemies":"Gensokyo:Tenshi","floor":24,"turns":1},{"damage":0,"enemies":"Gensokyo:Koishi","floor":27,"turns":2},{"damage":0,"enemies":"Gensokyo:Tenshi","floor":31,"turns":1},{"damage":0,"enemies":"Gensokyo:Eiki","floor":33,"turns":1},{"damage":0,"enemies":"Orb Walker","floor":35,"turns":1},{"damage":0,"enemies":"3 Darklings","floor":37,"turns":1},{"damage":0,"enemies":"Jaw Worm Horde","floor":39,"turns":1},{"damage":0,"enemies":"Giant Head","floor":40,"turns":1},{"damage":0,"enemies":"R_Hoarder","floor":42,"turns":2},{"damage":0,"enemies":"Transient","floor":44,"turns":1},{"damage":0,"enemies":"3 Darklings","floor":46,"turns":1},{"damage":0,"enemies":"Writhing Mass","floor":48,"turns":1},{"damage":6,"enemies":"infinitespire:MassOfShapes","floor":50,"turns":1},{"damage":0,"enemies":"Shield and Spear","floor":54,"turns":1},{"damage":3,"enemies":"The Heart","floor":55,"turns":3}],"seed_played":"-8144531161984279669","potions_obtained":[{"floor":2,"key":"DemoMod:LeadSkinPotion"},{"floor":4,"key":"DemoMod:LeadSkinPotion"},{"floor":5,"key":"Swift Potion"},{"floor":20,"key":"CultistPotion"},{"floor":24,"key":"Fire Potion"},{"floor":31,"key":"PowerPotion"},{"floor":40,"key":"Adrenaline Potion"}],"is_trial":false,"path_per_floor":["M","M","M","M","M","R","?","R","T","$","M","E","$","E","R_BF","B",null,"M","M","M","M","M","R","E","R","T","E","?","AVR","R","E","R_BF","B",null,"M","?","M","$","M","E","$","E","T","M","?","M","R","M","R","B",null,"R","$","E","B",null],"character_chosen":"DEFECT","items_purchased":["Boot","BrkXgEgg","Gash","REME_SelfUpgrade","Rebound","MerchantsRug","Nunchaku","MostiFishMod:OneDayCity+1","BirthdayGift-Icosahedron","DemoMod:MeatBun","BirthdayGift-Tetrahedron","Bronze Scales","BargainBundle","SneckoOil","Adrenaline Potion","Swift Potion","Dexterity Potion","Grinning Jar","Medical Kit","Vajra","Oddly Smooth Stone","reliquary:Boomerang","halation:Sosunser","Conserve Battery"],"campfire_rested":0,"item_purchase_floors":[0,0,0,0,0,0,0,0,0,0,10,38,38,38,38,38,38,41,53,53,53,53,53,53],"current_hp_per_floor":[35,36,37,38,39,39,22,22,22,22,23,24,24,25,25,26,59,60,61,62,63,64,64,65,65,65,66,66,66,66,67,67,68,63,63,63,63,63,63,63,63,63,63,63,63,63,63,63,63,58,62,62,62,63,61],"gold":39,"neow_bonus":"","is_daily":false,"chose_seed":false,"campfire_upgraded":8,"win_rate":0.0,"timestamp":1613719276,"path_taken":["M","M","M","M","M","R","?","R","T","?","?","E","$","E","R_BF","BOSS","M","M","M","M","M","R","E","R","T","E","?","AVR","R","E","R_BF","BOSS","M","?","M","$","?","E","$","E","T","?","?","M","R","M","R","BOSS","R","$","E","BOSS"],"items_purchased_type":["Relic","Relic","Card","Card","Card","Relic","Relic","Card","Relic","Relic","Relic","Relic","Relic","Potion","Potion","Potion","Potion","Relic","Relic","Relic","Relic","Relic","Relic","Card"],"build_version":"2020-12-22","purchased_purges":12,"victory":true,"max_hp_per_floor":[75,75,75,75,75,75,75,75,75,75,75,75,75,75,75,75,70,70,70,70,70,70,70,70,70,70,70,70,70,70,70,70,70,63,63,63,63,63,63,63,63,63,63,63,63,63,63,63,63,63,63,63,63,63,63],"card_choices":[{"not_picked":[],"picked":"Bomb","floor":0},{"not_picked":["Time Bomb","Skim","StuffTheSpire:ShieldGenerator","White Noise","BasicCrystalCard","Sweeping Beam","Rebound","StuffTheSpire:LoadUp","Streamline","Ball Lightning"],"picked":"SKIP","floor":1},{"not_picked":["Chaos","Cold Snap","MostiFishMod:LinkProtocol","Panic Button","Defragment","ReplayTheSpireMod:System Scan","Reprogram","aspiration:Polymerization","MostiFishMod:ReprogramOld"],"picked":"REME_Whirling","floor":2},{"not_picked":["MostiFishMod:Impulse","StuffTheSpire:Plugnplay","Redo","Sweeping Beam","Distribution","Compile Driver","Blizzard","Steam"],"picked":"Recycle","floor":3},{"not_picked":["StuffTheSpire:Plugnplay","Defragment","Barrage","Recycle","Hologram","MostiFishMod:PushDownKick","Rebound","Beam Cell"],"picked":"Gash","floor":4},{"not_picked":["StuffTheSpire:LoadUp","MostiFishMod:PushDownKick","FTL","Chaos","Undo","StuffTheSpire:Plugnplay","MostiFishMod:Nova+1","Go for the Eyes"],"picked":"Beam Cell","floor":5},{"not_picked":["ReplayTheSpireMod:Black Plague","hubris:Fate"],"picked":"infinitespire:Collect","floor":7},{"not_picked":["Turbo","Rebound","Static Discharge","hubris:PowerSurge","Beam Cell","REME_DataAnalysis","Streamline","Cold Snap","Ball Lightning"],"picked":"hubris:DoWhile+1","floor":11},{"not_picked":["Distribution","StuffTheSpire:Plugnplay","Hello World","Conserve Battery","StuffTheSpire:LoadUp","MostiFishMod:Impulse","White Noise","Panic Button","MostiFishMod:Exploitation+1","Stack","Buffer+1","Redo","StuffTheSpire:Rend"],"picked":"SKIP","floor":12},{"not_picked":["Mirror Shield+1","Steam Power","Fusion","Ball Lightning","Barrage","Panic Button","conspire:SharedLibrary","Go for the Eyes","MostiFishMod:Prepare+1"],"picked":"SKIP","floor":14},{"not_picked":["Electrodynamics+1","MostiFishMod:TalkingToTheRain+1","REME_ForAll+1","Meteor Strike+1","MostiFishMod:Distribution+1","Thunder Strike+1","MostiFishMod:Culaccino+1","Hyperbeam+1","StuffTheSpire:Purify+1","All For One+1"],"picked":"Echo Form+1","floor":16},{"not_picked":["ReplaySolidLightProjector","Streamline","Rip and Tear","Cold Snap","Darkness+1","Consume","White Noise","MostiFishMod:Impulse","StuffTheSpire:GlassShard+1","Coolheaded+1","Pulse+1","ReplayTheSpireMod:Dual Polarity","BasicCrystalCard","Conserve Battery"],"picked":"SKIP","floor":18},{"not_picked":["Stack","aspiration:Polymerization","Capacitor","Blizzard","Fan+1","ReplayTheSpireMod:System Scan","StuffTheSpire:LoadUp","Beam Cell","MostiFishMod:PushDownKick+1","Barrage","Hologram","Rebound+1","Melter+1","Cold Snap"],"picked":"SKIP","floor":19},{"not_picked":["MostiFishMod:Exploitation+1","Conserve Battery","MostiFishMod:FluxCapactior","StuffTheSpire:CleanHardDrive+1","Melter+1","Compile Driver","Rebound","StuffTheSpire:Plugnplay","StuffTheSpire:LoadUp","BasicCrystalCard","Consume","MostiFishMod:PushDownKick"],"picked":"Gash","floor":20},{"not_picked":["Distribution+1","Ball Lightning","Leap+1","Go for the Eyes","Streamline+1","Stack","Self Repair","MostiFishMod:PushDownKick","Barrage","Cold Snap"],"picked":"Reboot+1","floor":21},{"not_picked":["BasicCrystalCard","MostiFishMod:LinkProtocol","Time Bomb+1","MostiFishMod:InterfaceCompatibility+1","Blizzard+1","Conserve Battery+1","Compile Driver+1"],"picked":"SKIP","floor":22},{"not_picked":["Glacier","Beam Cell","Sweeping Beam","StuffTheSpire:Rend"],"picked":"Gash","floor":24},{"not_picked":["Coolheaded","StuffTheSpire:GlassShard+1","Streamline","Conserve Battery+1","Compile Driver+1","StuffTheSpire:Purify+1","Doom and Gloom","Lockon+1","Redo+1","Panic Button","Stack","hubris:SpecializedCircuitry+1","Static Discharge"],"picked":"SKIP","floor":27},{"not_picked":["Stack","StuffTheSpire:Synthwave","Ball Lightning","aspiration:Polymerization","MostiFishMod:GatherIntelligence","Hello World+1","Streamline","Beam Cell","Leap","MostiFishMod:PushDownKick"],"picked":"SKIP","floor":31},{"not_picked":["Multi-Cast+1","MostiFishMod:Overload+1","Rainbow+1","MostiFishMod:Exploitation+1","Buffer+1","Seek+1","hubris:DoWhile+1","ReplayTheSpireMod:Omega Cannon+1","MostiFishMod:Nova+1","hubris:SpecializedCircuitry+1","MostiFishMod:DeathFromBelow+1","ElectricPowerLearning+1","StuffTheSpire:Purify+1"],"picked":"REME_ForAll+1","floor":33},{"not_picked":["Barrage+1","Stack+1","Tempest+1","Cold Snap","Rebound+1","Sunder","conspire:SharedLibrary+1","Conserve Battery+1"],"picked":"Turbo+1","floor":35},{"not_picked":["StuffTheSpire:LoadUp","Turbo+1","Reprogram","Hologram","Leap","Redo+1","Rebound+1","Compile Driver","Cold Snap","StuffTheSpire:Coldhearted","MostiFishMod:SeaWaves+1","BasicCrystalCard+1","Barrage+1","Fusion+1"],"picked":"SKIP","floor":37},{"not_picked":["StuffTheSpire:LoadUp","Turbo+1","Reprogram","Hologram","Leap","Redo+1","Rebound+1","Compile Driver","Cold Snap","StuffTheSpire:Coldhearted","MostiFishMod:SeaWaves+1","BasicCrystalCard+1","Barrage+1","Fusion+1"],"picked":"SKIP","floor":37},{"not_picked":["Coolheaded+1","Panic Button","StuffTheSpire:Synthwave","Cold Snap","Go for the Eyes+1","Conserve Battery+1","Sweeping Beam","Beam Cell","Rebound+1"],"picked":"SKIP","floor":39},{"not_picked":["ElectricPowerLearning+1","ReplayTheSpireMod:Repulse","MostiFishMod:StrandedSiren+1","MostiFishMod:Exploitation+1","Loop+1","Genetic Algorithm+1","Double Energy","Glacier","Undo+1"],"picked":"SKIP","floor":40},{"not_picked":["MostiFishMod:LinkProtocol","Melter","aspiration:Polymerization+1","Hologram"],"picked":"Double Energy+1","floor":42},{"not_picked":["Beam Cell+1","conspire:SharedLibrary+1","Rebound","aspiration:Polymerization","Redo"],"picked":"SKIP","floor":44},{"not_picked":["Coolheaded+1","Hologram","ReplayTheSpireMod:Reroute Power+1","Go for the Eyes","MostiFishMod:PushDownKick"],"picked":"SKIP","floor":44},{"not_picked":["StuffTheSpire:Plugnplay+1","Stack","Turbo","Rebound","Go for the Eyes"],"picked":"SKIP","floor":46},{"not_picked":["Gash+1","Chaos+1","Sweeping Beam","StuffTheSpire:GlassShard","Go for the Eyes+1"],"picked":"SKIP","floor":46},{"not_picked":["Panic Button+1","ReplayTheSpireMod:Omega Cannon+1","Redo","MostiFishMod:PushDownKick+1"],"picked":"Steam+1","floor":48},{"not_picked":["MostiFishMod:PushDownKick","Turbo+1","Sweeping Beam","Streamline","REME_SelfUpgrade+1"],"picked":"SKIP","floor":48},{"not_picked":["ReplaySolidLightProjector+1","MostiFishMod:LinkProtocol+1","MostiFishMod:PushDownKick","StuffTheSpire:Plugnplay","Sunder+1"],"picked":"SKIP","floor":54}],"player_experience":427956,"relics_obtained":[{"floor":1,"key":"SynthV:TestCard"},{"floor":9,"key":"halation:PromiseList"},{"floor":12,"key":"StuffTheSpire:Tea"},{"floor":14,"key":"hubris:DeckOfHolding"},{"floor":24,"key":"DeadEye"},{"floor":26,"key":"Bottled Flame"},{"floor":27,"key":"SharpPlug"},{"floor":31,"key":"Smiling Mask"},{"floor":40,"key":"Centennial Puzzle"},{"floor":42,"key":"GnawedLeaf"},{"floor":54,"key":"Orichalcum"}],"event_choices":[{"damage_healed":0,"gold_gain":0,"player_choice":"Leave","damage_taken":0,"max_hp_gain":0,"max_hp_loss":0,"event_name":"conspire:Investor","floor":28,"gold_loss":0}],"is_beta":false,"boss_relics":[{"not_picked":["Replay:Grab Bag","Coffee Dripper"],"picked":"Empty Cage"},{"not_picked":[]},{"not_picked":["REME_ChargedStone","EE1DDrone"],"picked":"DemoMod:WaxWing"},{"not_picked":[]}],"items_purged_floors":[0,0,10,13,17,29,34,38,38,41,41,53],"is_endless":false,"potions_floor_spawned":[2,4,5,20,24,31,37,40,42,44],"ascension_level":9}}