{"host":"iirf6tm60n5v4e3j","time":1613771675,"event":{"mods":["Act Like it!","BaseMod","Gensokyo","Marisa????????","Minty Spire (QoL Compilation)","StSLib","The Marked"],"gold_per_floor":[110,110,110,130,130,157,157,174,174,206,156,156,186,213,213,312,312,331,331,349,37,55,88,88,41,68,68,28,28,28,28],"floor_reached":30,"language":"ENG","playtime":1505,"items_purged":[],"score":431,"play_id":"508c66d2-cc91-484e-a33e-8c78dc37a171","local_time":"20210219135435","is_ascension_mode":true,"campfire_choices":[{"data":"OortCloud","floor":7,"key":"SMITH"},{"floor":12,"key":"REST"},{"data":"MagicChant","floor":15,"key":"SMITH"},{"data":"1","floor":24,"key":"LIFT"},{"floor":27,"key":"REST"}],"circlet_count":0,"master_deck":["AscendersBane","Strike_MRS","Strike_MRS","Strike_MRS","Defend_MRS","Defend_MRS","Defend_MRS+1","MasterSpark","UpSweep","OortCloud+1","Gensokyo:MarisaTwilightSpark","PowerUp","TreasureHunter","MilkyWay+1","GalacticHalo","Gensokyo:BlessingOfFortitude","MagicChant+1","MillisecondPulsars","Acceleration","OneTimeOff+1","GalacticHalo"],"relics":["MiniHakkero","Mango","Omamori","Darkstone Periapt","War Paint","CaptainsWheel","Pear","Girya","Sozu","Ice Cream","Vajra","Oddly Smooth Stone"],"acts_visited":["Exordium","Gensokyo:Gensokyo"],"potions_floor_usage":[10],"damage_taken":[{"damage":3,"enemies":"Gensokyo:Gryphon","floor":1,"turns":3},{"damage":0,"enemies":"Gensokyo:3_Fairies","floor":4,"turns":3},{"damage":14,"enemies":"Gensokyo:Mamizou","floor":6,"turns":8},{"damage":0,"enemies":"Gensokyo:Python","floor":8,"turns":3},{"damage":14,"enemies":"Gensokyo:Aya","floor":10,"turns":6},{"damage":2,"enemies":"Gensokyo:Cirno","floor":13,"turns":7},{"damage":8,"enemies":"Gensokyo:Yukari","floor":16,"turns":10},{"damage":0,"enemies":"Gensokyo:AngelMirror","floor":18,"turns":3},{"damage":0,"enemies":"Gensokyo:CosmicMonolith","floor":20,"turns":5},{"damage":0,"enemies":"Gensokyo:Wraith","floor":22,"turns":5},{"damage":107,"enemies":"Gensokyo:Koishi","floor":23,"turns":9},{"damage":41,"enemies":"Gensokyo:Reisen","floor":30,"turns":8}],"seed_played":"2144769865589229539","potions_obtained":[{"floor":4,"key":"FairyPotion"},{"floor":8,"key":"Dexterity Potion"}],"is_trial":false,"path_per_floor":["M","?","?","M","?","E","R","M","T","E","?","R","E","T","R","B",null,"M","?","M","$","M","E","R","$","T","R","?","$","E"],"character_chosen":"MARISA","items_purchased":["Ice Cream","GalacticHalo"],"campfire_rested":2,"item_purchase_floors":[21,25],"current_hp_per_floor":[47,47,47,47,40,26,26,26,26,12,12,38,46,46,46,38,84,84,84,84,84,84,10,10,10,10,39,39,39,0,0],"gold":28,"neow_bonus":"REMOVE_TWO","is_daily":false,"chose_seed":false,"campfire_upgraded":2,"win_rate":0.0,"timestamp":1613771675,"path_taken":["M","?","?","?","?","E","R","M","T","E","?","R","E","?","R","BOSS","M","?","?","?","M","E","R","$","T","R","?","$","E"],"items_purchased_type":["Relic","Card"],"build_version":"2020-12-22","purchased_purges":0,"victory":false,"max_hp_per_floor":[75,75,75,75,89,89,89,89,89,89,89,89,99,99,99,99,99,99,99,99,99,99,99,99,99,99,99,99,99,99,99],"card_choices":[{"not_picked":["SporeBomb","6A"],"picked":"OortCloud","floor":1},{"not_picked":["OneTimeOff","ManaConvection"],"picked":"PowerUp","floor":4},{"not_picked":["MysteriousBeam","ShootTheMoon"],"picked":"TreasureHunter","floor":6},{"not_picked":["GravityBeat","MachineGunSpark"],"picked":"MilkyWay","floor":8},{"not_picked":["EventHorizon","IllusionStar"],"picked":"GalacticHalo","floor":10},{"not_picked":["EarthLightRay","GalacticHalo"],"picked":"MagicChant","floor":13},{"not_picked":["ManaRampage","UltimateShortwave"],"picked":"MillisecondPulsars","floor":16},{"not_picked":["MysteriousBeam","DragonMeteor","SuperPerseids"],"picked":"SKIP","floor":18},{"not_picked":["FairyDestructionRay","SuperPerseids"],"picked":"Acceleration","floor":20},{"not_picked":["NonDirectionalLaser","ShootingEcho","FairyDestructionRay"],"picked":"SKIP","floor":22},{"not_picked":["MagicChant","Occultation+1"],"picked":"OneTimeOff","floor":23}],"player_experience":216978,"relics_obtained":[{"floor":6,"key":"Omamori"},{"floor":9,"key":"Darkstone Periapt"},{"floor":10,"key":"War Paint"},{"floor":10,"key":"CaptainsWheel"},{"floor":13,"key":"Pear"},{"floor":16,"key":"Girya"},{"floor":23,"key":"Vajra"},{"floor":26,"key":"Oddly Smooth Stone"}],"event_choices":[],"is_beta":false,"boss_relics":[{"not_picked":["Empty Cage","Snecko Eye"],"picked":"Sozu"}],"items_purged_floors":[],"is_endless":false,"potions_floor_spawned":[4,8,18,20,23],"killed_by":"Gensokyo:Reisen","ascension_level":10}}