{"host":"arn2jcql7xd3a3xg","time":1613714497,"event":{"mods":["AchievementEnabler","AlwaysNeverKeys","BaseMod","Better Third Choice","Colored Map","Colored Powertips","Downfall","GifTheSpireLib","Highlight Path","Infinite Spire","Minty Spire (QoL Compilation)","Permanent Neow","Quick Restart","Rare Cards Sparkle","Replay The Spire","StSLib","SuperFastMode"],"gold_per_floor":[99,115,129,140,240,271,271,271,187,204,204,140,150,59,78,178,178,78,89,89,108,108,120,120,20,31,44,44,63,63,75,94,193,193,93,106,106,106,206,206,206,222,51,70,70,70,88,88,108,108,108,140,28,28,28,28,28,28],"floor_reached":56,"language":"ENG","playtime":4030,"items_purged":["Sickly"],"score":678,"play_id":"23e1153e-694c-4500-abfb-e08c1835ae26","local_time":"20210218220137","is_ascension_mode":false,"campfire_choices":[{"data":"champ:Taunt","floor":1.0,"key":"SMITH"},{"data":"champ:FaceSlap","floor":8.0,"key":"SMITH"},{"floor":11.0,"key":"REST"},{"data":"champ:IgnorePain","floor":18.0,"key":"SMITH"},{"data":"champ:ShieldWall","floor":25.0,"key":"SMITH"},{"data":"champ:TripleStrike","floor":28.0,"key":"SMITH"},{"data":"champ:MurderStrike","floor":30.0,"key":"SMITH"},{"data":"champ:StrikeOfGenius","floor":35.0,"key":"SMITH"},{"data":"champ:IgnorePain","floor":40.0,"key":"SMITH"},{"floor":54.0,"key":"REST"}],"circlet_count":0,"master_deck":["champ:Strike","champ:Defend","champ:Defend","champ:Defend","champ:Defend","champ:Execute","champ:Taunt+1","champ:PerfectedStrike+1","champ:Improvising+1","champ:FocusedBerserking+1","champ:AdrenalArmor","champ:EnGarde","champ:BringItOn","champ:FaceSlap+1","champ:IgnorePain+1","champ:ShieldWall","champ:EnragedBash","champ:ShieldWall+1","champ:AdrenalArmor","champ:EndlessRage","champ:TripleStrike+1","champ:MurderStrike+1","CurseOfTheBell","champ:EnGarde+1","infinitespire:Fortify","champ:ArenaPreparation","champ:Encircle","champ:PerfectedStrike","champ:StrikeOfGenius+1","Replay:Sssssssssshield","infinitespire:Fortify","champ:IgnorePain+1","champ:FaceSlap+1","champ:FocusedBerserking+1","champ:Lariat","champ:ShieldWall+1","champ:BringItOn+1","champ:HeartStrike+1"],"relics":["Astrolabe","Onion Ring","infinitespire:FocusingShard","Calling Bell","champ:FightingForDummies","Snack Pack","Turnip","downfall:HeartBlessingGreen","ChewingGum","Letter Opener","CaptainsWheel","downfall:HeartBlessingBlue","ReplayTheSpireMod:SealedPack","downfall:HeartBlessingRed","White Beast Statue","Shovel","DollysMirror","Molten Egg 2"],"acts_visited":["Exordium","TheCity","TheBeyond","TheEnding"],"potions_floor_usage":[],"damage_taken":[{"damage":11.0,"enemies":"2 Louse","floor":2.0,"turns":3.0},{"damage":30.0,"enemies":"Cultist","floor":3.0,"turns":4.0},{"damage":60.0,"enemies":"Small Slimes","floor":4.0,"turns":5.0},{"damage":53.0,"enemies":"Gremlin Nob","floor":6.0,"turns":7.0},{"damage":22.0,"enemies":"downfall:FleeingMerchant","floor":9.0,"turns":4.0},{"damage":20.0,"enemies":"2 Fungi Beasts","floor":10.0,"turns":4.0},{"damage":35.0,"enemies":"downfall:FleeingMerchant","floor":12.0,"turns":4.0},{"damage":20.0,"enemies":"Exordium Thugs","floor":13.0,"turns":5.0},{"damage":25.0,"enemies":"downfall:FleeingMerchant","floor":14.0,"turns":4.0},{"damage":67.0,"enemies":"Large Slime","floor":15.0,"turns":7.0},{"damage":78.0,"enemies":"IC_STATUS_ARCHETYPE","floor":16.0,"turns":6.0},{"damage":41.0,"enemies":"Chosen","floor":19.0,"turns":4.0},{"damage":30.0,"enemies":"3 Byrds","floor":21.0,"turns":6.0},{"damage":60.0,"enemies":"Centurion and Healer","floor":23.0,"turns":6.0},{"damage":50.0,"enemies":"Shelled Parasite and Fungi","floor":26.0,"turns":4.0},{"damage":14.0,"enemies":"Snake Plant","floor":27.0,"turns":5.0},{"damage":45.0,"enemies":"Centurion and Healer","floor":29.0,"turns":3.0},{"damage":17.0,"enemies":"Shelled Parasite and Fungi","floor":31.0,"turns":5.0},{"damage":35.0,"enemies":"Sentry and Sphere","floor":32.0,"turns":3.0},{"damage":91.0,"enemies":"WA_ARCHETYPE_CALM","floor":33.0,"turns":8.0},{"damage":14.0,"enemies":"Orb Walker","floor":36.0,"turns":3.0},{"damage":62.0,"enemies":"downfall:LadyInBlue","floor":39.0,"turns":6.0},{"damage":32.0,"enemies":"3 Shapes","floor":42.0,"turns":4.0},{"damage":30.0,"enemies":"downfall:FleeingMerchant","floor":43.0,"turns":4.0},{"damage":50.0,"enemies":"Jaw Worm Horde","floor":44.0,"turns":5.0},{"damage":45.0,"enemies":"Writhing Mass","floor":47.0,"turns":6.0},{"damage":25.0,"enemies":"Sphere and 2 Shapes","floor":49.0,"turns":5.0},{"damage":98.0,"enemies":"DF_ARCHETYPE_ORBS","floor":50.0,"turns":8.0},{"damage":102.0,"enemies":"downfall:CharBossMerchant","floor":52.0,"turns":8.0},{"damage":105.0,"enemies":"downfall:NeowBoss","floor":55.0,"turns":15.0},{"damage":173,"enemies":"downfall:NeowBossFinal","floor":56,"turns":8}],"seed_played":"6808511299374968667","potions_obtained":[{"floor":3.0,"key":"Energy Potion"},{"floor":4.0,"key":"Adrenaline Potion"},{"floor":10.0,"key":"Dexterity Potion"},{"floor":15.0,"key":"DistilledChaos"},{"floor":16.0,"key":"Energy Potion"},{"floor":27.0,"key":"PowerPotion"}],"is_trial":false,"path_per_floor":["R","M","M","M","?","E","T","R","$","M","R","$","M","$","M","B",null,"R","M","AVR","M","T","M","T","R","M","M","R","M","R","M","M","B",null,"R","M","?","?","?","R","T","M","$","M","?","?","M","T","M","B",null,"E","$","R","B","B"],"character_chosen":"THE_CHAMP","items_purchased":["champ:ShieldWall","champ:Backstep","champ:EndlessRage","DollysMirror","champ:HeartStrike+1"],"campfire_rested":2,"item_purchase_floors":[9,12,14,43,53],"current_hp_per_floor":[90,84,84,84,84,41,41,41,39,39,66,66,66,66,54,26,90,90,90,90,82,82,89,89,99,100,98,98,98,98,93,97,92,100,100,96,96,96,98,98,98,93,93,95,95,95,100,100,100,73,100,75,75,100,100,0,0,0],"gold":28,"neow_bonus":"BOSS_RELIC","is_daily":false,"chose_seed":false,"campfire_upgraded":8,"win_rate":0.0,"timestamp":1613714497,"path_taken":["R","M","M","M","?","E","T","R","$","M","R","$","?","$","M","BOSS","R","M","AVR","?","?","M","T","R","M","M","R","M","R","M","M","BOSS","R","M","?","?","?","R","T","M","$","?","?","?","M","?","M","BOSS","E","$","R","BOSS","BOSS"],"items_purchased_type":["Card","Card","Card","Relic","Card"],"build_version":"2020-12-22","purchased_purges":1,"victory":false,"max_hp_per_floor":[90,90,90,90,90,90,90,90,90,90,90,90,90,90,90,90,90,90,90,90,90,90,90,90,100,100,100,100,100,100,100,100,100,100,100,100,100,100,100,100,100,100,100,100,100,100,100,100,100,100,100,100,100,100,100,100,100,100],"card_choices":[{"not_picked":["champ:Backstep","champ:FanOfKnives"],"picked":"champ:AdrenalArmor","floor":2.0},{"not_picked":["champ:CrownThrow","champ:IronFortress"],"picked":"champ:EnGarde","floor":3.0},{"not_picked":["champ:IgnorePain","champ:FanOfKnives"],"picked":"champ:BringItOn","floor":4.0},{"not_picked":["champ:BerserkersShout","champ:SkillfulDodge"],"picked":"champ:FaceSlap","floor":6.0},{"not_picked":["champ:SetATrap","champ:DefensiveShout"],"picked":"champ:IgnorePain","floor":9.0},{"not_picked":["champ:FlashCut","champ:FocusedDefense"],"picked":"champ:EnragedBash","floor":10.0},{"not_picked":["champ:Haymaker","champ:GutPunch"],"picked":"champ:ShieldWall","floor":12.0},{"not_picked":["champ:CrownThrow","champ:SkillfulDodge","champ:DefensiveShout"],"picked":"SKIP","floor":13.0},{"not_picked":["champ:EnGarde","champ:SetATrap"],"picked":"champ:AdrenalArmor","floor":14.0},{"not_picked":["champ:Parry","champ:IronFortress"],"picked":"champ:TripleStrike","floor":15.0},{"not_picked":["champ:DancingMaster","champ:UltimateStance"],"picked":"champ:MurderStrike","floor":16.0},{"not_picked":["champ:TornadoPunch+1","champ:Haymaker"],"picked":"champ:EnGarde+1","floor":19.0},{"not_picked":["champ:DefensiveShout","champ:StanceDance"],"picked":"champ:ArenaPreparation","floor":21.0},{"not_picked":["champ:FaceSlap","champ:GladiatorStyle"],"picked":"champ:Encircle","floor":23.0},{"not_picked":["champ:EnragedBash","champ:HeartStrike"],"picked":"champ:PerfectedStrike","floor":26.0},{"not_picked":["champ:FanOfKnives","champ:Shatter","champ:GutPunch"],"picked":"SKIP","floor":27.0},{"not_picked":["champ:PreciseThrust","champ:BladeFlurry","champ:CrookedStrike"],"picked":"SKIP","floor":29.0},{"not_picked":["champ:PreciseThrust","champ:Duel","champ:IronFortress+1"],"picked":"SKIP","floor":31.0},{"not_picked":["champ:TornadoPunch","champ:PreciseThrust","champ:GutPunch+1"],"picked":"SKIP","floor":32.0},{"not_picked":["champ:CheapShot","champ:SwordThrow"],"picked":"champ:StrikeOfGenius","floor":33.0},{"not_picked":["Finesse","Forethought"],"picked":"Replay:Sssssssssshield","floor":34.0},{"not_picked":["infinitespire:Collect","ReplayTheSpireMod:Haul"],"picked":"infinitespire:Fortify","floor":34.0},{"not_picked":["champ:ShieldThrow","champ:Devastate"],"picked":"champ:IgnorePain","floor":34.0},{"not_picked":["champ:Duel+1","champ:SetATrap+1","champ:HeartStrike+1"],"picked":"SKIP","floor":36.0},{"not_picked":["champ:BerserkersShout","champ:GutPunch"],"picked":"champ:FaceSlap+1","floor":39.0},{"not_picked":["champ:BerserkersShout","champ:IronFortress+1"],"picked":"champ:FocusedBerserking+1","floor":42.0},{"not_picked":["champ:FanOfKnives","champ:HeavySlash"],"picked":"champ:Lariat","floor":43.0},{"not_picked":["champ:GladiatorStyle+1","champ:RecklessLeap","champ:BringItOn"],"picked":"SKIP","floor":44.0},{"not_picked":["champ:Shatter","champ:GutPunch+1","champ:PerfectedStrike+1"],"picked":"SKIP","floor":47.0},{"not_picked":["champ:PerfectedStrike+1","champ:Lariat","champ:FocusedDefense"],"picked":"SKIP","floor":49.0},{"not_picked":["champ:FlashCut+1","champ:DeathBlow+1"],"picked":"champ:BringItOn+1","floor":52.0}],"player_experience":88975,"relics_obtained":[{"floor":6.0,"key":"Onion Ring"},{"floor":7.0,"key":"infinitespire:FocusingShard"},{"floor":17.0,"key":"champ:FightingForDummies"},{"floor":17.0,"key":"Snack Pack"},{"floor":17.0,"key":"Turnip"},{"floor":22.0,"key":"Letter Opener"},{"floor":24.0,"key":"CaptainsWheel"},{"floor":39.0,"key":"White Beast Statue"},{"floor":41.0,"key":"Shovel"},{"floor":48.0,"key":"Molten Egg 2"}],"event_choices":[{"cards_removed":["champ:Backstep"],"damage_healed":0.0,"max_hp_gain":0.0,"max_hp_loss":0.0,"gold_gain":0.0,"event_name":"Falling","player_choice":"Removed Skill","floor":38.0,"gold_loss":0.0,"damage_taken":0.0},{"damage_healed":0.0,"max_hp_gain":0.0,"max_hp_loss":0.0,"gold_gain":0.0,"event_name":"Mysterious Sphere","player_choice":"Ignored","floor":45.0,"gold_loss":0.0,"damage_taken":0.0}],"is_beta":false,"boss_relics":[{"not_picked":["Replay:Ancient Bell","Tiny House"],"picked":"Calling Bell"},{"not_picked":["Runic Pyramid","Replay:Bronze Core"],"picked":"ReplayTheSpireMod:SealedPack"}],"items_purged_floors":[53],"is_endless":false,"potions_floor_spawned":[3,4,10,15,16,19,21,27,31,32,42,43,44,47,49,52],"killed_by":"downfall:NeowBossFinal","ascension_level":0}}