{"host":"my4gslufyvqsq7r2","time":1613747843,"event":{"mods":["BaseMod","Colored Powertips","Hermit","Hubris","Infinite Spire","Minty Spire (QoL Compilation)","Rare Cards Sparkle","Relic Stats","Reliquary","Replay The Spire","Robot Space Explorer","StSLib"],"gold_per_floor":[113,29,39,53,16,16,30,50,50,50,67,67,87,87,87,194,194,215,68,91,110,110,110,143,159,186,191,191],"floor_reached":27,"language":"ENG","playtime":7967,"items_purged":[],"score":227,"play_id":"53b73d17-d23d-4cf9-b6c1-e781c4439ee9","local_time":"20210219101723","is_ascension_mode":false,"campfire_choices":[{"data":"hermit:Snapshot","floor":6,"key":"SMITH"},{"floor":10,"key":"REST"},{"data":"hermit:WideOpen","floor":12,"key":"SMITH"},{"data":"hermit:Vantage","floor":15,"key":"SMITH"},{"floor":23,"key":"REST"}],"circlet_count":0,"master_deck":["hermit:Strike_Hermit","hermit:Strike_Hermit","hermit:Strike_Hermit","hermit:Strike_Hermit","hermit:Defend_Hermit","hermit:Defend_Hermit","hermit:Defend_Hermit","hermit:Defend_Hermit","hermit:Snapshot+1","hermit:Covet","hermit:Grudge","hermit:Scavenge","hermit:Snipe","hermit:BigShot","hermit:FlashPowder","hermit:Ricochet","hermit:WideOpen+1","hermit:Vantage+1","hermit:FinalCanter","hermit:TrackingShot","hermit:Showdown","hermit:CursedWeapon","hermit:FatalDesire","hermit:Brawl+1","hermit:FullyLoaded","hermit:Glare","hubris:Gluttony"],"relics":["hermit:Momento","NeowsBlessing","Snack Pack","Replay:Bottled Snecko","CultistMask","Cursed Key","Happy Flower","Orichalcum"],"acts_visited":["Exordium","TheCity"],"potions_floor_usage":[11,16,16,24],"damage_taken":[{"damage":0,"enemies":"Small Slimes","floor":1,"turns":1},{"damage":0,"enemies":"Cultist","floor":3,"turns":1},{"damage":0,"enemies":"Jaw Worm","floor":4,"turns":1},{"damage":14,"enemies":"3 Louse","floor":7,"turns":5},{"damage":10,"enemies":"Looter","floor":8,"turns":4},{"damage":5,"enemies":"Exordium Thugs","floor":11,"turns":5},{"damage":8,"enemies":"2 Fungi Beasts","floor":13,"turns":3},{"damage":41,"enemies":"Slime Boss","floor":16,"turns":12},{"damage":9,"enemies":"Chosen","floor":18,"turns":6},{"damage":6,"enemies":"3 Byrds","floor":20,"turns":7},{"damage":24,"enemies":"3 Cultists","floor":21,"turns":6},{"damage":52,"enemies":"Slavers","floor":24,"turns":7},{"damage":15,"enemies":"Centurion and Healer","floor":25,"turns":5},{"damage":16,"enemies":"Snake Plant","floor":27,"turns":3}],"seed_played":"6327567492381703987","potions_obtained":[{"floor":3,"key":"SpeedPotion"},{"floor":7,"key":"SkillPotion"},{"floor":8,"key":"EssenceOfSteel"},{"floor":13,"key":"EntropicBrew"},{"floor":25,"key":"SpeedPotion"}],"is_trial":false,"path_per_floor":["M","?","M","M","$","R","M","M","T","R","M","R","M","?","R","B",null,"M","$","M","M","?","R","E","M","T","M"],"character_chosen":"HERMIT","items_purchased":["hermit:BigShot","hermit:Showdown","hermit:CursedWeapon"],"campfire_rested":2,"item_purchase_floors":[5,19,19],"current_hp_per_floor":[75,75,75,75,75,75,61,51,51,73,70,70,62,62,62,23,75,66,66,68,50,50,72,22,11,11,0,0],"gold":191,"neow_bonus":"THREE_ENEMY_KILL","is_daily":false,"chose_seed":false,"campfire_upgraded":3,"win_rate":0.0,"timestamp":1613747843,"path_taken":["M","?","?","M","$","R","M","M","T","R","M","R","M","?","R","BOSS","M","$","M","M","?","R","E","M","T","M"],"items_purchased_type":["Card","Card","Card"],"build_version":"2020-12-22","purchased_purges":0,"victory":false,"max_hp_per_floor":[75,75,75,75,75,75,75,75,75,75,75,75,75,75,75,75,75,75,75,75,75,75,75,75,75,75,75,75],"relic_stats":{"Happy Flower":[2],"counters":[14,66],"Orichalcum":[6],"Cursed Key":1,"obtain_stats":[{"NeowsBlessing":0,"Happy Flower":24,"CultistMask":14,"Snack Pack":2,"Replay:Bottled Snecko":9,"Orichalcum":26,"Cursed Key":17,"hermit:Momento":0},{"NeowsBlessing":0,"Happy Flower":12,"CultistMask":7,"Snack Pack":1,"Replay:Bottled Snecko":5,"Orichalcum":13,"Cursed Key":8,"hermit:Momento":0},{"NeowsBlessing":0,"Happy Flower":58,"CultistMask":20,"Snack Pack":1,"Replay:Bottled Snecko":12,"Orichalcum":63,"Cursed Key":32,"hermit:Momento":0}]},"card_choices":[{"not_picked":["hermit:SprayPray","hermit:Midnight"],"picked":"hermit:Grudge","floor":1},{"not_picked":["hermit:Ricochet","hermit:ItchyTrigger"],"picked":"hermit:Scavenge","floor":3},{"not_picked":["hermit:Coalescence","hermit:Dive"],"picked":"hermit:Snipe","floor":4},{"not_picked":["hermit:Glare","hermit:Roulette"],"picked":"hermit:FlashPowder","floor":7},{"not_picked":["hermit:Roughhouse","hermit:ShadowCloak"],"picked":"hermit:Ricochet","floor":8},{"not_picked":["hermit:LuckOfTheDraw","hermit:Horror"],"picked":"hermit:WideOpen","floor":11},{"not_picked":["hermit:Ricochet","hermit:Virtue"],"picked":"hermit:Vantage","floor":13},{"not_picked":["hermit:Reprieve","hermit:HighNoon"],"picked":"hermit:FinalCanter","floor":16},{"not_picked":["hermit:Dive","hermit:WideOpen"],"picked":"hermit:TrackingShot","floor":18},{"not_picked":["hermit:NoHoldsBarred+1","hermit:Dive"],"picked":"hermit:FatalDesire","floor":20},{"not_picked":["hermit:NoHoldsBarred","hermit:BodyArmor"],"picked":"hermit:Brawl+1","floor":21},{"not_picked":["hermit:Manifest","hermit:Roughhouse"],"picked":"hermit:FullyLoaded","floor":24},{"not_picked":["hermit:Cheat+1","hermit:FlashPowder+1"],"picked":"hermit:Glare","floor":25}],"player_experience":528198,"relics_obtained":[{"floor":9,"key":"Replay:Bottled Snecko"},{"floor":24,"key":"Happy Flower"},{"floor":26,"key":"Orichalcum"}],"event_choices":[{"damage_healed":0,"gold_gain":0,"player_choice":"Paid Gold","damage_taken":0,"relics_obtained":["Snack Pack"],"max_hp_gain":0,"max_hp_loss":0,"event_name":"WeMeetAgain","floor":2,"gold_loss":84},{"damage_healed":0,"gold_gain":0,"player_choice":"Trade","damage_taken":0,"relics_obtained":["CultistMask"],"max_hp_gain":0,"max_hp_loss":0,"event_name":"FaceTrader","floor":14,"gold_loss":0}],"is_beta":false,"boss_relics":[{"not_picked":["Calling Bell","hubris:HollowSoul"],"picked":"Cursed Key"}],"items_purged_floors":[],"is_endless":false,"potions_floor_spawned":[3,7,8,13,21,25],"killed_by":"Snake Plant","ascension_level":0}}