{"host":"sxnl403xm2xmiyj1","time":1613762416,"event":{"mods":["BaseMod","Colored Map","Keyboard Shortcuts","Koishi","Minty Spire (QoL Compilation)","Quick Restart","StSLib","SuperFastMode"],"gold_per_floor":[12,27,27,43,60,60,60],"floor_reached":6,"language":"KOR","playtime":110,"items_purged":[],"score":70,"play_id":"3af80408-86bb-42f7-a3ea-0e76207ff5f4","local_time":"20210220042016","is_ascension_mode":true,"campfire_choices":[],"circlet_count":0,"master_deck":["AscendersBane","Koishi:BasicStrike","Koishi:BasicStrike","Koishi:BasicStrike","Koishi:BasicStrike","Koishi:BasicDefend","Koishi:BasicDefend","Koishi:BasicDefend","Koishi:BasicDefend","Koishi:Provoke","Koishi:HauntingSlash","Koishi:BloodcurdlingScream","Pain","Koishi:ParalyzingFear","Koishi:ParalyzingFear"],"relics":["Koishi:ImaginaryFriend","Girya","WarpedTongs"],"acts_visited":["Exordium"],"potions_floor_usage":[6],"damage_taken":[{"damage":8.0,"enemies":"2 Louse","floor":1.0,"turns":2.0},{"damage":11.0,"enemies":"Cultist","floor":2.0,"turns":4.0},{"damage":3.0,"enemies":"Small Slimes","floor":4.0,"turns":3.0},{"damage":2.0,"enemies":"2 Fungi Beasts","floor":5.0,"turns":3.0},{"damage":33,"enemies":"Gremlin Nob","floor":6,"turns":6}],"seed_played":"648746831777603730","potions_obtained":[{"floor":2.0,"key":"EssenceOfSteel"}],"is_trial":false,"path_per_floor":["M","M","?","M","M","E"],"character_chosen":"KOISHI","items_purchased":[],"campfire_rested":0,"item_purchase_floors":[],"current_hp_per_floor":[44,35,35,34,33,0,0],"gold":60,"neow_bonus":"ONE_RARE_RELIC","is_daily":false,"chose_seed":false,"campfire_upgraded":0,"win_rate":0.0,"timestamp":1613762416,"path_taken":["M","M","?","M","?","E"],"items_purchased_type":[],"build_version":"2020-12-22","purchased_purges":0,"victory":false,"max_hp_per_floor":[57,57,57,57,57,57,57],"card_choices":[{"not_picked":["Koishi:DreadfulBlow","Koishi:CatchAndRose"],"picked":"Koishi:BloodcurdlingScream","floor":1.0},{"not_picked":["Koishi:PhantomBarrier","Koishi:RorschachInDanmaku","Koishi:UnconsciousUrges"],"picked":"SKIP","floor":2.0},{"not_picked":["Koishi:FourthEye","Koishi:HeartfeltFancy"],"picked":"Koishi:ParalyzingFear","floor":4.0},{"not_picked":["Koishi:Jaunt","Koishi:HeartfeltFancy"],"picked":"Koishi:ParalyzingFear","floor":5.0}],"player_experience":278318,"relics_obtained":[],"event_choices":[{"damage_healed":0.0,"max_hp_gain":0.0,"max_hp_loss":0.0,"gold_gain":0.0,"event_name":"Accursed Blacksmith","player_choice":"Rummage","floor":3.0,"gold_loss":0.0,"damage_taken":0.0,"relics_obtained":["WarpedTongs"],"cards_obtained":["Pain"]}],"is_beta":false,"boss_relics":[],"items_purged_floors":[],"is_endless":false,"potions_floor_spawned":[2],"killed_by":"Gremlin Nob","ascension_level":17}}