{"host":"dlqyscxstsnu98l1","time":1613709966,"event":{"mods":["AchievementEnabler","BaseMod","Colored Map","Colored Powertips","GifTheSpireLib","Highlight Path","Minty Spire (QoL Compilation)","Random Character Button","SacredBarkPlus","StSLib","everything is the same but u backflip on backflip"],"gold_per_floor":[114,128,53,66,76,109,124,124,124,124,151,171,171,184,184,184,184],"floor_reached":16,"language":"ENG","playtime":709,"items_purged":[],"score":114,"play_id":"4d96c549-c4ec-4fe0-bea9-7c93b510ec71","local_time":"20210218224606","is_ascension_mode":false,"campfire_choices":[{"data":"1","floor":13,"key":"LIFT"},{"floor":15,"key":"REST"}],"circlet_count":0,"master_deck":["Strike_G","Strike_G","Strike_G","Strike_G","Strike_G","Defend_G","Defend_G","Defend_G","Defend_G","Defend_G","Survivor+1","Neutralize","Panacea","Quick Slash","Dagger Throw","Crippling Poison","Leg Sweep","Deadly Poison","Burst+1","Slice","Cloak And Dagger","Dagger Spray","Bane"],"relics":["Ring of the Snake","Girya","White Beast Statue","War Paint"],"acts_visited":["Exordium"],"potions_floor_usage":[11,11,16,16,16],"damage_taken":[{"damage":4,"enemies":"Cultist","floor":1,"turns":4},{"damage":0,"enemies":"2 Louse","floor":2,"turns":3},{"damage":8,"enemies":"Jaw Worm","floor":4,"turns":3},{"damage":7,"enemies":"3 Louse","floor":5,"turns":3},{"damage":17,"enemies":"3 Sentries","floor":6,"turns":11},{"damage":14,"enemies":"Large Slime","floor":7,"turns":9},{"damage":8,"enemies":"Gremlin Nob","floor":11,"turns":5},{"damage":1,"enemies":"Looter","floor":12,"turns":3},{"damage":4,"enemies":"Blue Slaver","floor":14,"turns":3},{"damage":27,"enemies":"The Guardian","floor":16,"turns":10}],"seed_played":"-6182497067949544107","potions_obtained":[{"floor":2,"key":"FearPotion"},{"floor":4,"key":"GamblersBrew"},{"floor":7,"key":"Block Potion"},{"floor":10,"key":"DistilledChaos"},{"floor":10,"key":"CultistPotion"},{"floor":11,"key":"Poison Potion"},{"floor":12,"key":"Block Potion"}],"is_trial":false,"path_per_floor":["M","M","$","M","M","E","M","?","T","?","E","M","R","M","R","B"],"character_chosen":"THE_SILENT","items_purchased":["Crippling Poison"],"campfire_rested":1,"item_purchase_floors":[3],"current_hp_per_floor":[66,66,66,58,51,34,20,43,43,43,35,34,34,30,51,24,24],"gold":184,"neow_bonus":"RANDOM_COLORLESS","is_daily":false,"chose_seed":false,"campfire_upgraded":0,"win_rate":0.0,"timestamp":1613709966,"path_taken":["M","M","?","M","M","E","M","?","T","?","E","M","R","?","R","BOSS"],"items_purchased_type":["Card"],"build_version":"2020-12-22","purchased_purges":0,"victory":false,"max_hp_per_floor":[70,70,70,70,70,70,70,70,70,70,70,70,70,70,70,70,70],"card_choices":[{"not_picked":["Madness","Discovery"],"picked":"Panacea","floor":0},{"not_picked":["Setup","Backflip"],"picked":"Quick Slash","floor":1},{"not_picked":["All Out Attack","Prepared"],"picked":"Dagger Throw","floor":2},{"not_picked":["Underhanded Strike","Choke"],"picked":"Leg Sweep","floor":4},{"not_picked":["Outmaneuver","Dagger Throw"],"picked":"Deadly Poison","floor":5},{"not_picked":["Dodge and Roll","Catalyst"],"picked":"Burst","floor":6},{"not_picked":["Tactician","Calculated Gamble"],"picked":"Slice","floor":7},{"not_picked":["Blur","Underhanded Strike"],"picked":"Cloak And Dagger","floor":11},{"not_picked":["Reflex","Blur"],"picked":"Dagger Spray","floor":12},{"not_picked":["Backflip","Dagger Spray"],"picked":"Bane","floor":14}],"player_experience":229917,"relics_obtained":[{"floor":6,"key":"Girya"},{"floor":9,"key":"White Beast Statue"},{"floor":11,"key":"War Paint"}],"event_choices":[{"damage_healed":23,"gold_gain":0,"player_choice":"Banana","damage_taken":0,"max_hp_gain":0,"max_hp_loss":0,"event_name":"Big Fish","floor":8,"gold_loss":0},{"damage_healed":0,"gold_gain":0,"player_choice":"Got Potions","damage_taken":0,"max_hp_gain":0,"max_hp_loss":0,"event_name":"Lab","floor":10,"gold_loss":0}],"is_beta":false,"boss_relics":[],"items_purged_floors":[],"is_endless":false,"potions_floor_spawned":[2,4,7,11,12,14],"killed_by":"The Guardian","ascension_level":0}}