{"host":"5n1fl7z5i1vf7jan","time":1613736974,"event":{"mods":["BaseMod","Minty Spire (QoL Compilation)","Quick Restart","Relic Stats"],"gold_per_floor":[11,30,30,44,67,67,106,106,106,120,120,141,141,177,177,276,276,289,0,50,75,2,33,33,68,91,91,21,21,21,41,41,132,132,156,156,175,35,49,49,89,89,89,26,40,64,77,120,120,120,120],"floor_reached":50,"language":"ENG","playtime":1732,"items_purged":["Strike_B","Strike_B","Strike_B"],"score":1196,"play_id":"8f57e4ec-d99d-4507-98d2-357cb9b1f423","local_time":"20210219041614","is_ascension_mode":true,"campfire_choices":[{"data":"Beam Cell","floor":6.0,"key":"SMITH"},{"data":"FTL","floor":8.0,"key":"SMITH"},{"data":"Defragment","floor":13.0,"key":"SMITH"},{"floor":15.0,"key":"REST"},{"floor":24.0,"key":"RECALL"},{"floor":29.0,"key":"REST"},{"floor":32.0,"key":"REST"},{"floor":40.0,"key":"REST"},{"floor":49,"key":"REST"}],"circlet_count":0,"master_deck":["AscendersBane","Defend_B+1","Defend_B","Defend_B","Zap","Dualcast","Self Repair","FTL+1","Ball Lightning+1","Beam Cell+1","Cold Snap+1","Sweeping Beam","Doom and Gloom","Defragment+1","Ball Lightning","Echo Form","Chill","Cold Snap+1","Capacitor","Streamline","Capacitor","Barrage","Biased Cognition","Undo","Apotheosis+1","Defragment+1"],"relics":["Cracked Core","Golden Idol","Bag of Marbles","Calipers","Matryoshka","Eternal Feather","Fusion Hammer","Membership Card","Pantograph","The Courier","Darkstone Periapt","Blood Vial","Busted Crown","Strawberry","Whetstone","DollysMirror","StoneCalendar"],"acts_visited":["TheCity","TheBeyond"],"potions_floor_usage":[46,47],"damage_taken":[{"damage":9.0,"enemies":"Small Slimes","floor":1.0,"turns":4.0},{"damage":2.0,"enemies":"Jaw Worm","floor":2.0,"turns":3.0},{"damage":1.0,"enemies":"Cultist","floor":4.0,"turns":3.0},{"damage":16.0,"enemies":"Lagavulin","floor":7.0,"turns":4.0},{"damage":7.0,"enemies":"3 Louse","floor":10.0,"turns":2.0},{"damage":7.0,"enemies":"Exordium Thugs","floor":12.0,"turns":3.0},{"damage":13.0,"enemies":"3 Sentries","floor":14.0,"turns":3.0},{"damage":14.0,"enemies":"Hexaghost","floor":16.0,"turns":6.0},{"damage":20.0,"enemies":"2 Thieves","floor":18.0,"turns":3.0},{"damage":2.0,"enemies":"Spheric Guardian","floor":21.0,"turns":4.0},{"damage":4.0,"enemies":"Slavers","floor":23.0,"turns":4.0},{"damage":58.0,"enemies":"Book of Stabbing","floor":25.0,"turns":5.0},{"damage":14.0,"enemies":"Centurion and Healer","floor":31.0,"turns":6.0},{"damage":40.0,"enemies":"Champ","floor":33.0,"turns":17.0},{"damage":16.0,"enemies":"Orb Walker","floor":35.0,"turns":3.0},{"damage":0.0,"enemies":"3 Shapes","floor":37.0,"turns":5.0},{"damage":41.0,"enemies":"Spire Growth","floor":39.0,"turns":6.0},{"damage":0.0,"enemies":"Reptomancer","floor":41.0,"turns":7.0},{"damage":29,"enemies":"Writhing Mass","floor":45,"turns":7},{"damage":0,"enemies":"Transient","floor":46,"turns":6},{"damage":29,"enemies":"Jaw Worm Horde","floor":47,"turns":5},{"damage":41,"enemies":"Nemesis","floor":48,"turns":9},{"damage":69,"enemies":"Time Eater","floor":50,"turns":5}],"seed_played":"-5809092868912136442","potions_obtained":[{"floor":4.0,"key":"Block Potion"},{"floor":10.0,"key":"LiquidBronze"},{"floor":16.0,"key":"Swift Potion"},{"floor":18.0,"key":"FearPotion"},{"floor":21.0,"key":"EntropicBrew"},{"floor":33.0,"key":"Explosive Potion"},{"floor":37.0,"key":"Ancient Potion"},{"floor":45,"key":"DistilledChaos"},{"floor":46,"key":"Explosive Potion"},{"floor":48,"key":"Dexterity Potion"}],"is_trial":false,"path_per_floor":["M","M","?","M","T","R","E","R","T","M","?","M","R","E","R","B",null,"M","$","?","M","$","E","R","E","T","?","$","R","$","M","R","B",null,"M","?","M","$","M","R","E","?","T","$","M","M","M","E","R","B"],"character_chosen":"DEFECT","items_purchased":["Membership Card","Chill","Block Potion","Cold Snap","Capacitor","Regen Potion","Capacitor","Apotheosis","DollysMirror"],"campfire_rested":5,"item_purchase_floors":[19,19,19,19,22,28,28,38,44],"current_hp_per_floor":[62,67,64,64,64,64,48,48,48,48,29,29,29,16,44,30,56,43,43,43,48,48,44,56,17,17,17,17,48,48,64,64,31,56,49,49,58,58,26,59,68,68,68,68,53,65,45,26,61,0,0],"gold":120,"neow_bonus":"TRANSFORM_TWO_CARDS","is_daily":false,"chose_seed":false,"campfire_upgraded":3,"win_rate":0.0,"timestamp":1613736974,"path_taken":["M","M","?","M","?","R","E","R","T","?","?","M","R","E","R","BOSS","M","$","?","?","?","E","R","E","T","?","$","R","$","M","R","BOSS","M","?","M","$","M","R","E","?","T","$","M","M","?","E","R","BOSS"],"items_purchased_type":["Relic","Card","Potion","Card","Card","Potion","Card","Card","Relic"],"build_version":"2020-12-22","purchased_purges":3,"victory":false,"max_hp_per_floor":[71,71,64,64,64,64,64,64,64,64,64,64,64,64,64,64,64,64,64,64,64,64,64,64,64,64,64,64,64,64,64,64,64,64,64,61,61,61,61,61,68,68,68,68,68,68,68,68,68,68,68],"relic_stats":{"Darkstone Periapt":0,"Blood Vial":18,"Busted Crown":16,"counters":[23,120],"Golden Idol":128,"Pantograph":5,"Eternal Feather":63,"StoneCalendar":[0],"Whetstone":["Cold Snap","Ball Lightning"],"obtain_stats":[{"Darkstone Periapt":26,"Calipers":7,"Golden Idol":3,"Eternal Feather":14,"StoneCalendar":48,"The Courier":25,"Whetstone":43,"Blood Vial":26,"Matryoshka":9,"Busted Crown":34,"DollysMirror":44,"Pantograph":23,"Strawberry":41,"Fusion Hammer":17,"Bag of Marbles":5,"Membership Card":19,"Cracked Core":0},{"Darkstone Periapt":12,"Calipers":4,"Golden Idol":2,"Eternal Feather":7,"StoneCalendar":22,"The Courier":12,"Whetstone":18,"Blood Vial":12,"Matryoshka":4,"Busted Crown":14,"DollysMirror":18,"Pantograph":11,"Strawberry":18,"Fusion Hammer":8,"Bag of Marbles":3,"Membership Card":9,"Cracked Core":0},{"Darkstone Periapt":44,"Calipers":14,"Golden Idol":7,"Eternal Feather":22,"StoneCalendar":115,"The Courier":44,"Whetstone":88,"Blood Vial":44,"Matryoshka":14,"Busted Crown":67,"DollysMirror":88,"Pantograph":39,"Strawberry":88,"Fusion Hammer":28,"Bag of Marbles":10,"Membership Card":31,"Cracked Core":0}]},"card_choices":[{"not_picked":["Compile Driver","Heatsinks"],"picked":"Ball Lightning","floor":1.0},{"not_picked":["Gash","Tempest"],"picked":"Beam Cell","floor":2.0},{"not_picked":["Beam Cell","Darkness"],"picked":"Cold Snap","floor":4.0},{"not_picked":["Reinforced Body","Gash"],"picked":"Sweeping Beam","floor":7.0},{"not_picked":["Loop","Beam Cell"],"picked":"Doom and Gloom","floor":10.0},{"not_picked":["Steam","Beam Cell"],"picked":"Defragment","floor":12.0},{"not_picked":["Rip and Tear","FTL"],"picked":"Ball Lightning","floor":14.0},{"not_picked":["Multi-Cast","Thunder Strike"],"picked":"Echo Form","floor":16.0},{"not_picked":["Gash","Genetic Algorithm","Sweeping Beam"],"picked":"SKIP","floor":18.0},{"not_picked":["Beam Cell","Consume","Chaos"],"picked":"SKIP","floor":21.0},{"not_picked":["Heatsinks","Redo","Undo"],"picked":"SKIP","floor":23.0},{"not_picked":["Beam Cell","Force Field"],"picked":"Streamline","floor":25.0},{"not_picked":["Streamline","Beam Cell"],"picked":"Barrage","floor":31.0},{"not_picked":["Machine Learning","Echo Form"],"picked":"Biased Cognition","floor":33.0},{"not_picked":[],"picked":"Undo","floor":35.0},{"not_picked":["Coolheaded"],"picked":"SKIP","floor":37.0},{"not_picked":["Beam Cell"],"picked":"SKIP","floor":39.0},{"not_picked":["Recycle"],"picked":"SKIP","floor":41.0},{"not_picked":["Melter"],"picked":"SKIP","floor":45},{"not_picked":["Sweeping Beam+1"],"picked":"SKIP","floor":46},{"not_picked":["Fusion"],"picked":"SKIP","floor":47},{"not_picked":["Skim"],"picked":"SKIP","floor":48}],"player_experience":365306,"relics_obtained":[{"floor":5.0,"key":"Bag of Marbles"},{"floor":7.0,"key":"Calipers"},{"floor":9.0,"key":"Matryoshka"},{"floor":14.0,"key":"Eternal Feather"},{"floor":23.0,"key":"Pantograph"},{"floor":25.0,"key":"The Courier"},{"floor":26.0,"key":"Darkstone Periapt"},{"floor":26.0,"key":"Blood Vial"},{"floor":41.0,"key":"Strawberry"},{"floor":43.0,"key":"Whetstone"},{"floor":48,"key":"StoneCalendar"}],"event_choices":[{"damage_healed":0.0,"max_hp_gain":0.0,"max_hp_loss":7.0,"gold_gain":0.0,"event_name":"Golden Idol","player_choice":"Lose Max HP","floor":3.0,"gold_loss":0.0,"damage_taken":0.0,"relics_obtained":["Golden Idol"]},{"damage_healed":0.0,"max_hp_gain":0.0,"max_hp_loss":0.0,"gold_gain":0.0,"event_name":"Shining Light","player_choice":"Entered Light","floor":11.0,"gold_loss":0.0,"damage_taken":19.0,"cards_upgraded":["Defend_B","Cold Snap"]},{"damage_healed":0.0,"max_hp_gain":0.0,"max_hp_loss":0.0,"gold_gain":50.0,"event_name":"Golden Shrine","player_choice":"Pray","floor":20.0,"gold_loss":0.0,"damage_taken":0.0},{"damage_healed":0.0,"max_hp_gain":0.0,"max_hp_loss":0.0,"gold_gain":0.0,"event_name":"Cursed Tome","player_choice":"Ignored","floor":27.0,"gold_loss":0.0,"damage_taken":0.0},{"damage_healed":0.0,"max_hp_gain":0.0,"max_hp_loss":3.0,"gold_gain":0.0,"event_name":"Winding Halls","player_choice":"Max HP","floor":36.0,"gold_loss":0.0,"damage_taken":0.0},{"damage_healed":0.0,"max_hp_gain":0.0,"max_hp_loss":0.0,"gold_gain":0.0,"event_name":"Accursed Blacksmith","player_choice":"Forge","floor":42.0,"gold_loss":0.0,"damage_taken":0.0,"cards_upgraded":["Apotheosis"]}],"is_beta":false,"boss_relics":[{"not_picked":["Sozu","Cursed Key"],"picked":"Fusion Hammer"},{"not_picked":["Coffee Dripper","Runic Dome"],"picked":"Busted Crown"}],"items_purged_floors":[19,22,38],"is_endless":false,"potions_floor_spawned":[4,10,14,16,18,21,33,37,45,46,48],"killed_by":"Time Eater","ascension_level":20}}