{"host":"nq733qv0wuvl6xd6","time":1613763070,"event":{"mods":["BaseMod","Downfall","Minty Spire (QoL Compilation)","StSLib","The Poker Player"],"gold_per_floor":[114,128,143,161,177,210,242,242,242,272,272,31,60,71,71,166,166,185,195,215,227,227,227,256,256,282,297,332,367,367,399,399,502,502,519,537,237,252,252,252,252],"floor_reached":39,"language":"ZHS","playtime":1488,"items_purged":["PokerPlayerMod:Diamond1","PokerPlayerMod:DamnStraight"],"score":673,"play_id":"822bde03-80d5-4a2a-b974-976c06059c17","local_time":"20210220033110","daily_mods":["SealedDeck","Flight","DeadlyEvents","Elite Swarm"],"is_ascension_mode":true,"metric_token":342,"campfire_choices":[{"floor":8,"key":"REST"},{"data":"PokerPlayerMod:GamblerForm","floor":11,"key":"SMITH"},{"floor":15,"key":"REST"},{"floor":23,"key":"REST"},{"floor":25,"key":"REST"},{"floor":30,"key":"REST"},{"floor":32,"key":"REST"}],"circlet_count":0,"master_deck":["PokerPlayerMod:DiamondStrike","PokerPlayerMod:CloakAndDiamond","PokerPlayerMod:Diamond5","PokerPlayerMod:Diamond2","PokerPlayerMod:Diamond3","PokerPlayerMod:Diamond6","PokerPlayerMod:Diamond5","PokerPlayerMod:Diamond4","PokerPlayerMod:Diamond6","PokerPlayerMod:Diamond3","PokerPlayerMod:Diamond5","PokerPlayerMod:Diamond3","PokerPlayerMod:Promotion","PokerPlayerMod:GamblerForm+1","PokerPlayerMod:Diamond6","Apotheosis","PokerPlayerMod:Diamond5","PokerPlayerMod:DiamondStrike","PokerPlayerMod:Diamond5","PokerPlayerMod:Diamond6","PokerPlayerMod:Diamond7","PokerPlayerMod:GamblerForm","PokerPlayerMod:DiamondStrike","PokerPlayerMod:Diamond9","PokerPlayerMod:Heart3","PokerPlayerMod:Sharpen","PokerPlayerMod:Heart2"],"relics":["PokerPlayerMod:DeckCase","Ornamental Fan","hexamod:Sixitude","Meat on the Bone","TungstenRod","StrikeDummy","SacredBark","Akabeko","Dream Catcher","Omamori","Strawberry","Molten Egg 2","expansioncontent:StudyCardRelic"],"acts_visited":["Exordium","TheCity","TheBeyond"],"potions_floor_usage":[13,16,21,33,33,33,38],"damage_taken":[{"damage":0,"enemies":"2 Louse","floor":1,"turns":1},{"damage":0,"enemies":"Cultist","floor":2,"turns":1},{"damage":0,"enemies":"Small Slimes","floor":3,"turns":1},{"damage":5,"enemies":"Exordium Wildlife","floor":4,"turns":2},{"damage":0,"enemies":"Lots of Slimes","floor":5,"turns":1},{"damage":0,"enemies":"Lagavulin","floor":6,"turns":2},{"damage":12,"enemies":"3 Sentries","floor":7,"turns":3},{"damage":12,"enemies":"Lagavulin","floor":10,"turns":3},{"damage":0,"enemies":"Gremlin Nob","floor":13,"turns":2},{"damage":9,"enemies":"Exordium Thugs","floor":14,"turns":2},{"damage":0,"enemies":"Hexaghost","floor":16,"turns":2},{"damage":0,"enemies":"Spheric Guardian","floor":18,"turns":2},{"damage":9,"enemies":"2 Thieves","floor":19,"turns":2},{"damage":16,"enemies":"Centurion and Healer","floor":20,"turns":3},{"damage":4,"enemies":"Cultist and Chosen","floor":21,"turns":3},{"damage":36,"enemies":"Slavers","floor":24,"turns":3},{"damage":0,"enemies":"3 Cultists","floor":27,"turns":2},{"damage":18,"enemies":"Gremlin Leader","floor":28,"turns":4},{"damage":30,"enemies":"Slavers","floor":29,"turns":5},{"damage":30,"enemies":"Book of Stabbing","floor":31,"turns":3},{"damage":30,"enemies":"Automaton","floor":33,"turns":6},{"damage":28,"enemies":"3 Darklings","floor":35,"turns":5},{"damage":14,"enemies":"Orb Walker","floor":36,"turns":2},{"damage":32,"enemies":"Maw","floor":38,"turns":5},{"damage":35,"enemies":"Jaw Worm Horde","floor":39,"turns":1}],"seed_played":"-8203455997709988895","potions_obtained":[{"floor":1,"key":"AttackPotion"},{"floor":5,"key":"Dexterity Potion"},{"floor":6,"key":"PowerPotion"},{"floor":10,"key":"Block Potion"},{"floor":16,"key":"AttackPotion"},{"floor":19,"key":"bronze:BurnAndBuffPotion"},{"floor":28,"key":"SpeedPotion"},{"floor":35,"key":"SmokeBomb"}],"is_trial":true,"path_per_floor":["M","M","M","M","M","E","E","R","T","E","R","$","E","M","R","B",null,"M","M","M","M","$","R","E","R","T","M","E","E","R","E","R","B",null,"M","M","$","M","M"],"character_chosen":"THE_POKER_PLAYER","items_purchased":["Apotheosis","PokerPlayerMod:Sharpen","Regen Potion","PokerPlayerMod:Heart2"],"campfire_rested":6,"item_purchase_floors":[12,37,37,37],"current_hp_per_floor":[52,52,52,47,47,47,35,50,50,38,38,38,38,29,44,44,52,52,43,27,35,35,50,26,41,41,41,35,24,41,23,40,22,59,31,29,29,30,0,0,0],"gold":252,"neow_bonus":"","is_daily":false,"chose_seed":false,"campfire_upgraded":1,"win_rate":0.0,"timestamp":1613763070,"path_taken":["M","M","M","M","M","E","E","R","T","E","R","$","E","M","R","BOSS","M","M","M","M","$","R","E","R","T","M","E","E","R","E","R","BOSS","M","M","$","M","M"],"items_purchased_type":["Card","Card","Potion","Card"],"build_version":"2020-12-22","purchased_purges":2,"victory":false,"max_hp_per_floor":[52,52,52,52,52,52,52,52,52,52,52,52,52,52,52,52,52,52,52,52,52,52,52,52,52,52,52,52,59,59,59,59,59,59,59,59,59,59,59,59,59],"card_choices":[{"not_picked":["PokerPlayerMod:Diamond1","PokerPlayerMod:Diamond2"],"picked":"PokerPlayerMod:Diamond3","floor":1},{"not_picked":["PokerPlayerMod:DartThrow","PokerPlayerMod:Spade1"],"picked":"PokerPlayerMod:Diamond5","floor":2},{"not_picked":["PokerPlayerMod:JackOfSpades","PokerPlayerMod:ClubsClub"],"picked":"PokerPlayerMod:Diamond3","floor":3},{"not_picked":["PokerPlayerMod:ClubShade","PokerPlayerMod:MagicTrick","PokerPlayerMod:DartThrow"],"picked":"SKIP","floor":4},{"not_picked":["PokerPlayerMod:Configure","PokerPlayerMod:Overdeal"],"picked":"PokerPlayerMod:Promotion","floor":5},{"not_picked":["PokerPlayerMod:TheDieIsCast","PokerPlayerMod:Spade2","PokerPlayerMod:Club1"],"picked":"SKIP","floor":6},{"not_picked":["PokerPlayerMod:Heart4","PokerPlayerMod:WildCard"],"picked":"PokerPlayerMod:GamblerForm","floor":7},{"not_picked":["PokerPlayerMod:Spade4","PokerPlayerMod:ItsShowtime"],"picked":"PokerPlayerMod:Diamond6","floor":10},{"not_picked":["PokerPlayerMod:Heart1","PokerPlayerMod:ChangeRules","PokerPlayerMod:Diamond1"],"picked":"SKIP","floor":13},{"not_picked":["PokerPlayerMod:Club1","PokerPlayerMod:Diamond2"],"picked":"PokerPlayerMod:Diamond5","floor":14},{"not_picked":["PokerPlayerMod:Club2","PokerPlayerMod:MagicTrick"],"picked":"PokerPlayerMod:DiamondStrike","floor":18},{"not_picked":["PokerPlayerMod:Raise","PokerPlayerMod:PoorCopy","PokerPlayerMod:Diamond2"],"picked":"SKIP","floor":19},{"not_picked":["PokerPlayerMod:Heart2","PokerPlayerMod:HotShotCut+1"],"picked":"PokerPlayerMod:Diamond5","floor":20},{"not_picked":["PokerPlayerMod:Diamond1","PokerPlayerMod:Spade4"],"picked":"PokerPlayerMod:Diamond6","floor":21},{"not_picked":["PokerPlayerMod:ChangeRules","PokerPlayerMod:Diamond5"],"picked":"PokerPlayerMod:Diamond7","floor":24},{"not_picked":["PokerPlayerMod:SpadeStrike+1","PokerPlayerMod:MagicTrick"],"picked":"PokerPlayerMod:DamnStraight","floor":27},{"not_picked":["PokerPlayerMod:Diamond5","PokerPlayerMod:Diamond1"],"picked":"PokerPlayerMod:GamblerForm","floor":28},{"not_picked":["PokerPlayerMod:FakeSymbols","PokerPlayerMod:RoyalStrike","PokerPlayerMod:WasteCollection"],"picked":"SKIP","floor":29},{"not_picked":["PokerPlayerMod:Diamond3","PokerPlayerMod:JackOfSpades"],"picked":"PokerPlayerMod:DiamondStrike","floor":30},{"not_picked":["PokerPlayerMod:ChangeRules+1","PokerPlayerMod:StackedDeck","PokerPlayerMod:Club4"],"picked":"SKIP","floor":31},{"not_picked":["PokerPlayerMod:Spade9","PokerPlayerMod:Spade10+"],"picked":"PokerPlayerMod:Diamond9","floor":33},{"not_picked":["PokerPlayerMod:Spade2","PokerPlayerMod:Raise","PokerPlayerMod:Diamond4"],"picked":"SKIP","floor":35},{"not_picked":["PokerPlayerMod:Diamond2","PokerPlayerMod:Configure+1"],"picked":"PokerPlayerMod:Heart3","floor":36},{"not_picked":["PokerPlayerMod:DartThrow+1","PokerPlayerMod:Diamond4","PokerPlayerMod:Raise"],"picked":"SKIP","floor":38}],"player_experience":53869,"relics_obtained":[{"floor":6,"key":"Ornamental Fan"},{"floor":7,"key":"hexamod:Sixitude"},{"floor":9,"key":"Meat on the Bone"},{"floor":10,"key":"TungstenRod"},{"floor":13,"key":"StrikeDummy"},{"floor":24,"key":"Akabeko"},{"floor":26,"key":"Dream Catcher"},{"floor":28,"key":"Omamori"},{"floor":29,"key":"Strawberry"},{"floor":31,"key":"Molten Egg 2"}],"event_choices":[],"is_beta":false,"boss_relics":[{"not_picked":["Sozu","Calling Bell"],"picked":"SacredBark"},{"not_picked":["Velvet Choker","Astrolabe"],"picked":"expansioncontent:StudyCardRelic"}],"items_purged_floors":[12,37],"is_endless":true,"potions_floor_spawned":[1,5,6,10,16,19,20,28,29,31,35],"killed_by":"Jaw Worm Horde","ascension_level":1}}