{"host":"zlmf7uudqr1sj8t0","time":1613715242,"event":{"mods":["BaseMod","Colored Map","DeckTracker","Highlight Path","Minty Spire (QoL Compilation)"],"gold_per_floor":[112,112,125,141,154,183,183,209,209,209,64,64,84,96,96,192,192,208,223,242,242,242,242,242],"floor_reached":23,"language":"ENG","playtime":1196,"items_purged":[],"score":244,"play_id":"0fd45717-70ac-4c71-8559-eeeab6446123","local_time":"20210218221402","is_ascension_mode":true,"campfire_choices":[{"floor":7,"key":"REST"},{"data":"Ball Lightning","floor":10,"key":"SMITH"},{"floor":12,"key":"REST"},{"floor":15,"key":"REST"}],"circlet_count":0,"master_deck":["Strike_B+1","Strike_B+1","Strike_B+1","Strike_B+1","Defend_B+1","Defend_B+1","Defend_B+1","Defend_B+1","Zap","Dualcast","Ball Lightning+1","Defragment","Decay","Auto Shields","Thunder Strike","Lockon","Defragment","Electrodynamics","Ball Lightning"],"relics":["Cracked Core","Mercury Hourglass","Lantern","Mummified Hand","TheAbacus","Black Star"],"acts_visited":["Exordium","TheCity"],"potions_floor_usage":[8,8,13,16,16,23,23],"damage_taken":[{"damage":0,"enemies":"Small Slimes","floor":1,"turns":2},{"damage":1,"enemies":"Cultist","floor":3,"turns":3},{"damage":0,"enemies":"Jaw Worm","floor":4,"turns":3},{"damage":3,"enemies":"3 Louse","floor":5,"turns":3},{"damage":42,"enemies":"3 Sentries","floor":6,"turns":7},{"damage":23,"enemies":"Gremlin Nob","floor":8,"turns":4},{"damage":7,"enemies":"Exordium Wildlife","floor":13,"turns":2},{"damage":4,"enemies":"2 Fungi Beasts","floor":14,"turns":3},{"damage":29,"enemies":"The Guardian","floor":16,"turns":8},{"damage":22,"enemies":"Shell Parasite","floor":18,"turns":4},{"damage":0,"enemies":"Spheric Guardian","floor":19,"turns":3},{"damage":40,"enemies":"Snake Plant","floor":20,"turns":3},{"damage":14,"enemies":"Slavers","floor":23,"turns":1}],"seed_played":"-5843899526101268721","potions_obtained":[{"floor":1,"key":"SpeedPotion"},{"floor":6,"key":"EntropicBrew"},{"floor":13,"key":"Dexterity Potion"},{"floor":16,"key":"Strength Potion"},{"floor":18,"key":"Energy Potion"},{"floor":20,"key":"SkillPotion"}],"is_trial":false,"path_per_floor":["M","?","M","M","M","E","R","E","T","R","$","R","M","M","R","B",null,"M","M","M","?","?","E"],"character_chosen":"DEFECT","items_purchased":["TheAbacus"],"campfire_rested":3,"item_purchase_floors":[11],"current_hp_per_floor":[75,75,74,74,71,29,51,28,28,28,28,50,43,39,61,32,75,53,53,13,13,13,0,0],"gold":242,"neow_bonus":"THREE_CARDS","is_daily":false,"chose_seed":false,"campfire_upgraded":1,"win_rate":0.0,"timestamp":1613715242,"path_taken":["M","?","M","M","M","E","R","E","T","R","$","R","M","?","R","BOSS","M","M","M","?","?","E"],"items_purchased_type":["Relic"],"build_version":"2020-12-22","purchased_purges":0,"victory":false,"max_hp_per_floor":[75,75,75,75,75,75,75,75,75,75,75,75,75,75,75,75,75,75,75,75,75,75,75,75],"card_choices":[{"not_picked":["Sweeping Beam","Conserve Battery"],"picked":"Ball Lightning","floor":0},{"not_picked":["Steam","Turbo"],"picked":"Defragment","floor":1},{"not_picked":["Self Repair","Sweeping Beam"],"picked":"Auto Shields","floor":3},{"not_picked":["Rebound","Darkness","Hologram"],"picked":"SKIP","floor":4},{"not_picked":["Hello World","Turbo","Rebound"],"picked":"SKIP","floor":5},{"not_picked":["Steam","Self Repair"],"picked":"Thunder Strike","floor":6},{"not_picked":["Loop","Defragment"],"picked":"Lockon","floor":8},{"not_picked":["Glacier","Auto Shields","Conserve Battery"],"picked":"SKIP","floor":13},{"not_picked":["Turbo","Thunder Strike"],"picked":"Defragment","floor":14},{"not_picked":["Reboot","Seek"],"picked":"Electrodynamics","floor":16},{"not_picked":["Cold Snap+1","Conserve Battery","Barrage"],"picked":"SKIP","floor":18},{"not_picked":["FTL","Rip and Tear","Steam"],"picked":"SKIP","floor":19},{"not_picked":["Hello World+1","White Noise"],"picked":"Ball Lightning","floor":20}],"player_experience":188912,"relics_obtained":[{"floor":6,"key":"Mercury Hourglass"},{"floor":8,"key":"Lantern"},{"floor":9,"key":"Mummified Hand"}],"event_choices":[{"damage_healed":0,"gold_gain":0,"player_choice":"Cursed","damage_taken":0,"max_hp_gain":0,"max_hp_loss":0,"event_name":"Wheel of Change","floor":2,"gold_loss":0,"cards_obtained":["Decay"]},{"damage_healed":0,"gold_gain":0,"player_choice":"Ignored","damage_taken":0,"max_hp_gain":0,"max_hp_loss":0,"event_name":"Cursed Tome","floor":21,"gold_loss":0},{"damage_healed":0,"gold_gain":0,"player_choice":"Simplicity","damage_taken":0,"max_hp_gain":0,"max_hp_loss":0,"event_name":"Back to Basics","floor":22,"gold_loss":0,"cards_upgraded":["Strike_B","Strike_B","Strike_B","Strike_B","Defend_B","Defend_B","Defend_B","Defend_B"]}],"is_beta":false,"boss_relics":[{"not_picked":["Runic Pyramid","Snecko Eye"],"picked":"Black Star"}],"items_purged_floors":[],"is_endless":false,"potions_floor_spawned":[1,6,8,13,16,18,20],"killed_by":"Slavers","ascension_level":4}}