{"host":"o3b7ow6d1xe49css","time":1613717482,"event":{"mods":["Act Like it!","Aspiration","BaseMod","Bestiary","Better Altar","Better Match","Better Note","Better Sensory Stone","Better Skull","Better Third Choice","Colored Powertips","Conspire","Energized Spire","Force Act Four","GifTheSpireLib","Halation","Hermit","Hubris","Infinite Spire","Lobotomy","Minty Spire (QoL Compilation)","Quick Restart","Rare Cards Sparkle","Relic Filter Mod","Reliquary","Replay The Spire","Spicy Shops","Spikes Relics","StSLib","Stuff the Spire","The Blue Laboratory","The Hierophant","The Jungle","Wandering Minibosses"],"gold_per_floor":[112,128,140,53,53,53,88,116,140,166,177,20,20,39,39,39,39],"floor_reached":16,"language":"ENG","playtime":794,"items_purged":[],"score":150,"play_id":"c1e12ab9-6abb-48af-beaa-6b4eb046ebcf","local_time":"20210218215122","daily_mods":["Heirloom","Flight"],"is_ascension_mode":true,"campfire_choices":[{"data":"ReplayTheSpireMod:Scrap Shanks","floor":6,"key":"SMITH"},{"data":"Neutralize","floor":6,"key":"SMITH"},{"data":"Dash","floor":15,"key":"SMITH"}],"circlet_count":0,"master_deck":["Strike_G","Strike_G","Strike_G","Defend_G","Defend_G","Defend_G","Defend_G","Defend_G","Survivor","Neutralize+1","ReplayTheSpireMod:Scrap Shanks+1","Dash","Dash+1","UniverseFragment","Blade Dance","Hidden Blade","Grand Finale"],"relics":["Ring of the Snake","Ring of Chaos","halation:PenCase","CogitoBucket","Tingsha","Replay:Multitool","ReplayTheSpireMod:TigerMarble","SpikesRelics:DaevaFist","halation:WeightlessCrab","SkinProphecy","Omamori"],"acts_visited":["Exordium"],"potions_floor_usage":[3,8,11,16],"damage_taken":[{"damage":0,"enemies":"Small Slimes","floor":1,"turns":4},{"damage":1,"enemies":"Cultist","floor":2,"turns":4},{"damage":0,"enemies":"Jaw Worm","floor":3,"turns":4},{"damage":21,"enemies":"3 Sentries","floor":7,"turns":14},{"damage":7,"enemies":"Lagavulin","floor":8,"turns":9},{"damage":17,"enemies":"3 Sentries","floor":10,"turns":18},{"damage":2,"enemies":"Red Slaver","floor":11,"turns":5},{"damage":16,"enemies":"Large Slime","floor":14,"turns":8},{"damage":1,"enemies":"Slime Boss","floor":16,"turns":3}],"seed_played":"-1060738115154227497","potions_obtained":[{"floor":2,"key":"blueLaboratory:FruitPunch"},{"floor":3,"key":"blueLaboratory:ArtistsPotion"},{"floor":10,"key":"Venom Potion"},{"floor":14,"key":"BlessingOfTheForge"}],"is_trial":true,"path_per_floor":["M","M","M","$","?","R","E","E","T","E","M","$","?","M","R","B"],"character_chosen":"THE_SILENT","items_purchased":["Tingsha","Omamori"],"campfire_rested":0,"item_purchase_floors":[4,12],"current_hp_per_floor":[70,69,71,71,71,71,50,43,43,26,24,24,24,4,4,0,0],"gold":39,"neow_bonus":"","is_daily":false,"chose_seed":false,"campfire_upgraded":3,"win_rate":0.0,"timestamp":1613717482,"path_taken":["M","M","M","$","?","R","E","E","T","E","?","$","?","M","R","BOSS"],"items_purchased_type":["Relic","Relic"],"build_version":"2020-12-22","purchased_purges":0,"victory":false,"max_hp_per_floor":[70,70,72,72,72,72,72,72,72,72,72,72,72,74,74,76,76],"card_choices":[{"not_picked":["PiercingWail","Acrobatics"],"picked":"ReplayTheSpireMod:Scrap Shanks","floor":1},{"not_picked":["SpiderBud","LittleHelper","BigBadWolf"],"picked":"Singing Bowl","floor":1},{"not_picked":["ReplayTheSpireMod:Scrap Shanks","Sneak Up"],"picked":"Dash","floor":2},{"not_picked":["LittleHelper","OSAHOGD","WallGazer"],"picked":"Singing Bowl","floor":2},{"not_picked":["ShyLook","Scarecrow","CherryBlossoms"],"picked":"Singing Bowl","floor":3},{"not_picked":["Sucker Punch","Deflect","All Out Attack"],"picked":"SKIP","floor":3},{"not_picked":["Underhanded Strike","Sucker Punch"],"picked":"Dash","floor":7},{"not_picked":["OldLady","CrumblingArmor"],"picked":"UniverseFragment","floor":7},{"not_picked":["hubris:TrickCloak","Underhanded Strike","Eviscerate"],"picked":"SKIP","floor":8},{"not_picked":["Quick Slash","Underhanded Strike"],"picked":"Blade Dance","floor":10},{"not_picked":["Poison Darts","Fluid Movement"],"picked":"Hidden Blade","floor":11},{"not_picked":["Deadly Poison","StuffTheSpire:BumpUp","Underhanded Strike"],"picked":"SKIP","floor":14}],"player_experience":1418417,"relics_obtained":[{"floor":7,"key":"reliquary:FerryPass"},{"floor":8,"key":"Replay:Multitool"},{"floor":8,"key":"ReplayTheSpireMod:TigerMarble"},{"floor":9,"key":"SpikesRelics:DaevaFist"},{"floor":10,"key":"halation:WeightlessCrab"}],"event_choices":[{"damage_healed":0,"gold_gain":0,"player_choice":"Ignored","damage_taken":0,"max_hp_gain":0,"max_hp_loss":0,"event_name":"betterNote:BetterNote","floor":5,"gold_loss":0,"cards_obtained":["Strike_R"]},{"damage_healed":0,"gold_gain":0,"cards_transformed":["Strike_G"],"player_choice":"Transformed","damage_taken":0,"max_hp_gain":0,"max_hp_loss":0,"event_name":"Transmorgrifier","floor":13,"gold_loss":0,"cards_obtained":["Grand Finale"]}],"is_beta":false,"boss_relics":[],"items_purged_floors":[],"is_endless":false,"potions_floor_spawned":[2,3,10,14],"killed_by":"Slime Boss","ascension_level":5}}