{"host":"xvcswx52z80fmg13","time":1613759069,"event":{"mods":["BaseMod","Colored Map","Colored Powertips","Highlight Path","Minty Spire (QoL Compilation)"],"gold_per_floor":[112,124,137,137,137,137,170,195,195,239,239,311,311,334,334,334,334],"floor_reached":16,"language":"ENG","playtime":1014,"items_purged":[],"score":110,"play_id":"67eecdf2-52f4-43ef-a63f-be4763a3f2ad","local_time":"20210219142429","is_ascension_mode":false,"campfire_choices":[{"data":"Armaments","floor":6,"key":"SMITH"},{"data":"Uppercut","floor":13,"key":"SMITH"},{"floor":15,"key":"REST"}],"circlet_count":0,"master_deck":["Strike_R","Strike_R","Strike_R","Strike_R","Defend_R","Defend_R","Defend_R","Defend_R","Bash","Cleave","Armaments+1","Uppercut","Searing Blow","Limit Break","Uppercut+1","Warcry"],"relics":["Burning Blood","Golden Idol","Gremlin Horn","Letter Opener","Question Card","Bottled Lightning"],"acts_visited":["Exordium"],"potions_floor_usage":[7,7,7,10],"damage_taken":[{"damage":0,"enemies":"Small Slimes","floor":1,"turns":5},{"damage":7,"enemies":"2 Louse","floor":2,"turns":4},{"damage":10,"enemies":"Jaw Worm","floor":3,"turns":4},{"damage":19,"enemies":"Gremlin Nob","floor":7,"turns":4},{"damage":1,"enemies":"Lots of Slimes","floor":8,"turns":4},{"damage":35,"enemies":"Lagavulin","floor":10,"turns":8},{"damage":22,"enemies":"Exordium Thugs","floor":14,"turns":7},{"damage":35,"enemies":"The Guardian","floor":16,"turns":15}],"seed_played":"3279445826639772018","potions_obtained":[{"floor":2,"key":"EntropicBrew"},{"floor":10,"key":"SmokeBomb"}],"is_trial":false,"path_per_floor":["M","M","M","?","?","R","E","M","T","E","?","T","R","M","R","B"],"character_chosen":"IRONCLAD","items_purchased":[],"campfire_rested":1,"item_purchase_floors":[],"current_hp_per_floor":[88,87,83,83,61,61,48,53,53,24,24,24,24,8,34,0,0],"gold":334,"neow_bonus":"TEN_PERCENT_HP_BONUS","is_daily":false,"chose_seed":false,"campfire_upgraded":2,"win_rate":0.0,"timestamp":1613759069,"path_taken":["M","M","M","?","?","R","E","M","T","E","?","?","R","M","R","BOSS"],"items_purchased_type":[],"build_version":"2020-12-22","purchased_purges":0,"victory":false,"max_hp_per_floor":[88,88,88,88,88,88,88,88,88,88,88,88,88,88,88,88,88],"card_choices":[{"not_picked":["Sword Boomerang","Havoc"],"picked":"Cleave","floor":1},{"not_picked":["Flex","Anger"],"picked":"Armaments","floor":2},{"not_picked":["True Grit","Carnage"],"picked":"Uppercut","floor":3},{"not_picked":["Evolve","Flex"],"picked":"Searing Blow","floor":7},{"not_picked":["Warcry","Twin Strike"],"picked":"Limit Break","floor":8},{"not_picked":["Immolate","Intimidate"],"picked":"Uppercut","floor":10},{"not_picked":["True Grit","Wild Strike","Clash"],"picked":"Warcry","floor":14}],"player_experience":1336309,"relics_obtained":[{"floor":7,"key":"Gremlin Horn"},{"floor":9,"key":"Letter Opener"},{"floor":10,"key":"Question Card"},{"floor":12,"key":"Bottled Lightning"}],"event_choices":[{"cards_removed":["Strike_R"],"damage_healed":0,"gold_gain":0,"player_choice":"Forget","damage_taken":0,"max_hp_gain":0,"max_hp_loss":0,"event_name":"Living Wall","floor":4,"gold_loss":0},{"damage_healed":0,"gold_gain":0,"player_choice":"Take Damage","damage_taken":22,"relics_obtained":["Golden Idol"],"max_hp_gain":0,"max_hp_loss":0,"event_name":"Golden Idol","floor":5,"gold_loss":0},{"damage_healed":0,"gold_gain":0,"player_choice":"Ignored","damage_taken":0,"max_hp_gain":0,"max_hp_loss":0,"event_name":"Liars Game","floor":11,"gold_loss":0}],"is_beta":false,"boss_relics":[],"items_purged_floors":[],"is_endless":false,"potions_floor_spawned":[2,10],"killed_by":"The Guardian","ascension_level":0}}