{"host":"i09pxcjttd31eh4q","time":1613699205,"event":{"mods":["AchievementEnabler","BaseMod","Colored Map","Keyboard Shortcuts","Minty Spire (QoL Compilation)","StSLib","SuperFastMode"],"gold_per_floor":[118,131,56,66,66,66,66,101,101,101,162,3,53,71,71,147,147,147,147,147,22,22,22,22,22,22,22,22,22,22,22,22,22,22,22,0,0,0,0,0,0,0,0,0,0,0,0,0],"floor_reached":47,"language":"KOR","playtime":981,"items_purged":["Defend_P","Defend_P","Strike_P"],"score":992,"play_id":"911385e3-ce62-4397-b05d-cd89336529ba","local_time":"20210219104645","is_ascension_mode":true,"campfire_choices":[{"data":"Eruption","floor":6.0,"key":"SMITH"},{"data":"CrushJoints","floor":10.0,"key":"SMITH"},{"data":"EmptyFist","floor":15.0,"key":"SMITH"},{"data":"Scrawl","floor":23.0,"key":"SMITH"},{"floor":32.0,"key":"RECALL"},{"data":"Vigilance","floor":40,"key":"SMITH"},{"floor":42,"key":"REST"}],"circlet_count":0,"master_deck":["AscendersBane","Eruption+1","Vigilance+1","CrushJoints+1","EmptyFist+1","Scrawl+1"],"relics":["Busted Crown","Question Card","Happy Flower","Pen Nib","Blood Vial","Ectoplasm","Nunchaku","Bag of Preparation","Empty Cage","Red Mask","Eternal Feather"],"acts_visited":["Exordium","TheCity","TheBeyond"],"potions_floor_usage":[],"damage_taken":[{"damage":7.0,"enemies":"Jaw Worm","floor":1.0,"turns":4.0},{"damage":0.0,"enemies":"2 Louse","floor":2.0,"turns":3.0},{"damage":8.0,"enemies":"Small Slimes","floor":4.0,"turns":2.0},{"damage":34.0,"enemies":"3 Sentries","floor":8.0,"turns":12.0},{"damage":1.0,"enemies":"Gremlin Nob","floor":11.0,"turns":3.0},{"damage":1.0,"enemies":"Looter","floor":14.0,"turns":2.0},{"damage":3.0,"enemies":"Hexaghost","floor":16.0,"turns":6.0},{"damage":0.0,"enemies":"Spheric Guardian","floor":18.0,"turns":1.0},{"damage":0.0,"enemies":"Chosen","floor":20.0,"turns":2.0},{"damage":0.0,"enemies":"Centurion and Healer","floor":22.0,"turns":3.0},{"damage":0.0,"enemies":"Shelled Parasite and Fungi","floor":24.0,"turns":2.0},{"damage":0.0,"enemies":"Gremlin Leader","floor":25.0,"turns":3.0},{"damage":6.0,"enemies":"Snake Plant","floor":28.0,"turns":2.0},{"damage":0.0,"enemies":"3 Cultists","floor":29.0,"turns":3.0},{"damage":1.0,"enemies":"Centurion and Healer","floor":30.0,"turns":3.0},{"damage":8.0,"enemies":"Book of Stabbing","floor":31.0,"turns":3.0},{"damage":40.0,"enemies":"Champ","floor":33.0,"turns":6.0},{"damage":0.0,"enemies":"3 Darklings","floor":35.0,"turns":2.0},{"damage":17.0,"enemies":"3 Shapes","floor":37.0,"turns":2.0},{"damage":0.0,"enemies":"Jaw Worm Horde","floor":38.0,"turns":2.0},{"damage":14,"enemies":"Writhing Mass","floor":39,"turns":3},{"damage":0,"enemies":"Transient","floor":44,"turns":6},{"damage":18,"enemies":"Spire Growth","floor":45,"turns":3},{"damage":22,"enemies":"Maw","floor":46,"turns":4},{"damage":0,"enemies":"3 Darklings","floor":47,"turns":1}],"seed_played":"-6973541541235728810","potions_obtained":[{"floor":1.0,"key":"Block Potion"},{"floor":2.0,"key":"SkillPotion"},{"floor":14.0,"key":"CultistPotion"},{"floor":16.0,"key":"Explosive Potion"},{"floor":22.0,"key":"SkillPotion"},{"floor":25.0,"key":"Explosive Potion"},{"floor":29.0,"key":"Energy Potion"},{"floor":30.0,"key":"LiquidMemories"},{"floor":33.0,"key":"EssenceOfSteel"},{"floor":35.0,"key":"Strength Potion"},{"floor":37.0,"key":"StancePotion"},{"floor":39,"key":"Weak Potion"}],"is_trial":false,"path_per_floor":["M","M","$","M","?","R","?","E","T","R","?","$","?","M","R","B",null,"M","?","M","$","M","R","M","E","T","?","M","M","M","E","R","B",null,"M","?","M","M","M","R","?","R","T","M","M","M","M"],"character_chosen":"WATCHER","items_purchased":["EmptyFist"],"campfire_rested":1,"item_purchase_floors":[12],"current_hp_per_floor":[54,54,54,46,41,41,41,7,7,7,8,8,2,3,3,2,52,54,54,56,56,58,58,60,62,62,62,58,60,61,55,55,17,55,57,57,42,44,32,32,32,52,52,54,38,18,20,20],"gold":0,"neow_bonus":"BOSS_RELIC","is_daily":false,"chose_seed":false,"campfire_upgraded":5,"win_rate":0.0,"timestamp":1613699205,"path_taken":["M","M","$","M","?","R","?","E","T","R","?","?","?","?","R","BOSS","M","?","M","$","M","R","?","E","T","?","M","M","M","E","R","BOSS","M","?","M","M","M","R","?","R","T","M","M","M","M"],"items_purchased_type":["Card"],"build_version":"2020-12-22","purchased_purges":3,"victory":false,"max_hp_per_floor":[68,68,68,68,68,68,68,68,68,68,68,68,68,68,68,68,68,68,68,68,68,68,68,68,68,68,68,68,68,68,68,68,68,68,68,68,68,68,68,68,68,68,68,68,68,68,68,68],"card_choices":[{"not_picked":["Weave"],"picked":"SKIP","floor":1.0},{"not_picked":["EmptyBody"],"picked":"SKIP","floor":2.0},{"not_picked":[],"picked":"CrushJoints","floor":4.0},{"not_picked":["Vengeance","Perseverance"],"picked":"SKIP","floor":8.0},{"not_picked":["SashWhip","ForeignInfluence"],"picked":"SKIP","floor":14.0},{"not_picked":["Ragnarok"],"picked":"Scrawl","floor":16.0},{"not_picked":["FlyingSleeves","ReachHeaven"],"picked":"SKIP","floor":18.0},{"not_picked":["CutThroughFate+1","FlurryOfBlows"],"picked":"SKIP","floor":20.0},{"not_picked":["DeceiveReality","ForeignInfluence"],"picked":"SKIP","floor":22.0},{"not_picked":["FollowUp","FlyingSleeves+1"],"picked":"SKIP","floor":24.0},{"not_picked":["Alpha","Swivel"],"picked":"SKIP","floor":25.0},{"not_picked":["WaveOfTheHand","Halt"],"picked":"SKIP","floor":28.0},{"not_picked":["JustLucky","Prostrate"],"picked":"SKIP","floor":29.0},{"not_picked":["EmptyBody","Halt"],"picked":"SKIP","floor":30.0},{"not_picked":["EmptyBody","JustLucky"],"picked":"SKIP","floor":31.0},{"not_picked":["Evaluate","DeceiveReality"],"picked":"SKIP","floor":35.0},{"not_picked":["CrushJoints","ThirdEye"],"picked":"SKIP","floor":37.0},{"not_picked":["FlyingSleeves+1","ThirdEye"],"picked":"SKIP","floor":38.0},{"not_picked":["Prostrate+1","ThirdEye+1"],"picked":"SKIP","floor":39},{"not_picked":["PathToVictory","Perseverance"],"picked":"SKIP","floor":44},{"not_picked":["DeceiveReality","WindmillStrike"],"picked":"SKIP","floor":45},{"not_picked":["InnerPeace+1","FlurryOfBlows"],"picked":"SKIP","floor":46}],"player_experience":925616,"relics_obtained":[{"floor":8.0,"key":"Happy Flower"},{"floor":9.0,"key":"Pen Nib"},{"floor":25.0,"key":"Nunchaku"},{"floor":31.0,"key":"Bag of Preparation"},{"floor":43,"key":"Eternal Feather"}],"event_choices":[{"damage_healed":0.0,"max_hp_gain":0.0,"max_hp_loss":0.0,"gold_gain":0.0,"event_name":"Scrap Ooze","player_choice":"Success","floor":5.0,"gold_loss":0.0,"damage_taken":5.0,"relics_obtained":["Question Card"]},{"cards_removed":["Strike_P"],"damage_healed":0.0,"max_hp_gain":0.0,"max_hp_loss":0.0,"gold_gain":0.0,"event_name":"Living Wall","player_choice":"Forget","floor":7.0,"gold_loss":0.0,"damage_taken":0.0},{"damage_healed":0.0,"max_hp_gain":0.0,"max_hp_loss":0.0,"gold_gain":0.0,"event_name":"Dead Adventurer","player_choice":"Searched \u00273\u0027 times","floor":11.0,"gold_loss":0.0,"damage_taken":0.0,"relics_obtained":["Blood Vial"]},{"damage_healed":0.0,"max_hp_gain":0.0,"max_hp_loss":0.0,"gold_gain":50.0,"event_name":"FaceTrader","player_choice":"Touch","floor":13.0,"gold_loss":0.0,"damage_taken":6.0},{"cards_removed":["Strike_P"],"damage_healed":0.0,"max_hp_gain":0.0,"max_hp_loss":0.0,"gold_gain":0.0,"event_name":"Bonfire Elementals","player_choice":"Offered Basic","floor":19.0,"gold_loss":0.0,"damage_taken":0.0},{"cards_removed":["Strike_P"],"damage_healed":0.0,"max_hp_gain":0.0,"max_hp_loss":0.0,"gold_gain":0.0,"event_name":"Back to Basics","player_choice":"Elegance","floor":27.0,"gold_loss":0.0,"damage_taken":0.0},{"damage_healed":0.0,"max_hp_gain":0.0,"max_hp_loss":0.0,"gold_gain":0.0,"event_name":"Tomb of Lord Red Mask","player_choice":"Paid","floor":36.0,"gold_loss":22.0,"damage_taken":0.0,"relics_obtained":["Red Mask"]},{"damage_healed":0,"gold_gain":0,"player_choice":"Ignored","damage_taken":0,"max_hp_gain":0,"max_hp_loss":0,"event_name":"SecretPortal","floor":41,"gold_loss":0}],"is_beta":false,"boss_relics":[{"not_picked":["Fusion Hammer","Pandora\u0027s Box"],"picked":"Ectoplasm"},{"not_picked":["Runic Pyramid","Philosopher\u0027s Stone"],"picked":"Empty Cage"}],"items_purged_floors":[3,12,21],"is_endless":false,"potions_floor_spawned":[1,2,14,16,22,25,29,30,33,35,37,39],"killed_by":"3 Darklings","ascension_level":20}}