{"host":"8elhr9pirthjn68a","time":1613748055,"event":{"mods":["ATMod(阿瑾Mod)","Act Like it!","Arknights","BaseMod","HumanHunterMod(怪物杀人mod)","Marisa（F雨　魔理沙）","Minty Spire (QoL Compilation)","Reimu（博丽灵梦）","RumiaBox-露米娅的神秘盒子","Ryuuou龙王","StSLib","TestMod","【功能Mod】聪明的最终Boss","【遗物卡牌】REMEMod"],"gold_per_floor":[118,136,156,67,81,81,81,81],"floor_reached":7,"language":"ZHS","playtime":360,"items_purged":[],"score":43,"play_id":"a4993f1b-01a3-4adb-ab60-f6553195e8be","local_time":"20210219232055","is_ascension_mode":false,"campfire_choices":[{"floor":6,"key":"RECALL"}],"circlet_count":0,"master_deck":["Strike_R","Strike_R","Strike_R","Strike_R","Strike_R","Defend_R","Defend_R","Defend_R","Defend_R","Bash+1","AT_KneejerkReflex+1","RunawayExorcism:ReiMu+1","Pommel Strike","Cleave+1","Armaments+1"],"relics":["REME_ComplimentaryCards","testmod-TestBox","AT_ATBox","testmod-BloodSacrificeSpiritualization","testmod-PortableAltar","Baka","AT_ForceNature"],"acts_visited":["Exordium"],"potions_floor_usage":[],"damage_taken":[{"damage":14.0,"enemies":"ats:Genji","floor":1.0,"turns":3.0},{"damage":24.0,"enemies":"Jaw Worm","floor":2.0,"turns":4.0},{"damage":17.0,"enemies":"Cultist","floor":3.0,"turns":1.0},{"damage":3,"enemies":"Lots of Slimes","floor":5,"turns":1},{"damage":29,"enemies":"3 Sentries","floor":7,"turns":3}],"seed_played":"-1884986603581635393","potions_obtained":[],"is_trial":false,"path_per_floor":["M","M","M","?","M","R","E"],"character_chosen":"IRONCLAD","items_purchased":[],"campfire_rested":0,"item_purchase_floors":[],"current_hp_per_floor":[65,43,26,26,23,23,0,0],"gold":81,"neow_bonus":"BOSS_RELIC","is_daily":false,"chose_seed":false,"campfire_upgraded":0,"win_rate":0.0,"timestamp":1613748055,"path_taken":["M","M","M","?","M","R","E"],"items_purchased_type":[],"build_version":"2020-12-22","purchased_purges":0,"victory":false,"max_hp_per_floor":[79,80,79,78,77,76,75,75],"card_choices":[{"not_picked":["AT_BodySlamDance","Headbutt"],"picked":"Pommel Strike","floor":1.0},{"not_picked":["Headbutt","True Grit","Flex"],"picked":"SKIP","floor":2.0},{"not_picked":["Ghostly Armor","Metallicize"],"picked":"Cleave","floor":3.0},{"not_picked":["True Grit","AT_ShrugMaster"],"picked":"Armaments","floor":5}],"player_experience":129671,"relics_obtained":[{"floor":1.0,"key":"Baka"}],"event_choices":[{"damage_healed":0.0,"max_hp_gain":0.0,"max_hp_loss":0.0,"gold_gain":0.0,"event_name":"WeMeetAgain","player_choice":"Paid Gold","floor":4.0,"gold_loss":89.0,"damage_taken":0.0,"relics_obtained":["AT_ForceNature"]}],"is_beta":false,"boss_relics":[],"items_purged_floors":[],"is_endless":false,"potions_floor_spawned":[],"killed_by":"3 Sentries","ascension_level":0}}