{"host":"hbyfssekv6xsfxrf","time":1613744549,"event":{"mods":["Act Like it!","Aspiration","BaseMod","Decade(王小明)","Downfall","Gensokyo","Hallownest","Hermit","KinomotoSakuraMod(木之本樱)","Koishi","KomeijiMod","Lobotomy","LobotomyExtend","Minty Spire (QoL Compilation)","Quick Restart","Reimu（博丽灵梦）","Remilia（蕾米莉亚）","Replay The Spire","StSLib","The Animator","The Bug Knight","The Cursed","The Hierophant","The Jungle","The Poker Player","The Runesmith","The Senshi","The Servant 0.9.4","WarShipGirlsR/战舰少女R mod","Youmu（魂魄妖梦）"],"gold_per_floor":[119,119,13,13,24,24,36,53,101,61,91,102,52,67,67,162,162,175,175,175,195,208,208,208,208,288,203,218,218,229,241,241,241,241],"floor_reached":33,"language":"ZHS","playtime":1546,"items_purged":[],"score":264,"play_id":"2832348c-e2d7-4bbb-a067-7793a3657031","local_time":"20210219222229","is_ascension_mode":false,"campfire_choices":[{"data":"Zap","floor":6,"key":"SMITH"},{"floor":15,"key":"RECALL"},{"floor":24,"key":"REST"},{"floor":32,"key":"REST"}],"circlet_count":0,"master_deck":["Strike_B","Strike_B","Strike_B","Defend_B","Defend_B","Defend_B","Defend_B","Zap+1","Dualcast","Panic Button","Coolheaded","Barrage","Ball Lightning","Loop","Lockon","Rip and Tear","Cold Snap","Compile Driver","Electrodynamics","Redo+1","BasicCrystalCard","Panic Button","Ball Lightning","Ball Lightning","Gash","Ball Lightning+1","Steam","Streamline"],"relics":["Cracked Core","aspiration:Nostalgia","Koishi:ImaginaryFriend","LetterFromLob","PaintedHorse:ReiMu","aspiration:MobileForge","GreatHeart","Question Card"],"acts_visited":["Exordium","TheCity"],"potions_floor_usage":[],"damage_taken":[{"damage":0,"enemies":"Small Slimes","floor":1,"turns":3},{"damage":0,"enemies":"Cultist","floor":5,"turns":3},{"damage":0,"enemies":"2 Louse","floor":7,"turns":2},{"damage":12,"enemies":"Exordium Wildlife","floor":8,"turns":5},{"damage":6,"enemies":"Red Slaver","floor":12,"turns":3},{"damage":22,"enemies":"Gremlin Gang","floor":14,"turns":4},{"damage":16,"enemies":"Hexaghost","floor":16,"turns":9},{"damage":10,"enemies":"3 Byrds","floor":18,"turns":3},{"damage":35,"enemies":"Shelled Parasite and Fungi","floor":21,"turns":6},{"damage":16,"enemies":"Centurion and Healer","floor":22,"turns":5},{"damage":19,"enemies":"Snake Plant","floor":28,"turns":3},{"damage":5,"enemies":"Sentry and Sphere","floor":30,"turns":3},{"damage":17,"enemies":"Snecko","floor":31,"turns":4},{"damage":42,"enemies":"Champ","floor":33,"turns":10}],"seed_played":"-7858480476672894610","potions_obtained":[{"floor":7,"key":"PowerPotion"},{"floor":16,"key":"PotionOfCapacity"},{"floor":18,"key":"Block Potion"},{"floor":28,"key":"SteroidPotion"},{"floor":30,"key":"BlessingOfTheForge"}],"is_trial":false,"path_per_floor":["M","?","$","?","M","R","M","M","T","?","?","M","$","M","R","B",null,"M","?","?","M","M","E","R","?","T","$","M","?","M","M","R","B"],"character_chosen":"DEFECT","items_purchased":["Coolheaded","Barrage","Cold Snap","Ball Lightning","Gash"],"campfire_rested":2,"item_purchase_floors":[3,3,13,27,27],"current_hp_per_floor":[75,75,75,75,75,75,75,63,63,63,63,57,57,35,35,19,75,65,65,65,30,14,14,36,36,36,36,17,42,37,20,42,0,0],"gold":241,"neow_bonus":"NOSTALGIA","is_daily":false,"chose_seed":false,"campfire_upgraded":1,"win_rate":0.0,"timestamp":1613744549,"path_taken":["M","?","$","?","M","R","?","M","T","?","?","M","?","M","R","BOSS","M","?","?","?","?","E","R","?","T","$","M","?","M","M","R","BOSS"],"items_purchased_type":["Card","Card","Card","Card","Card"],"build_version":"2020-12-22","purchased_purges":0,"victory":false,"max_hp_per_floor":[75,75,75,75,75,75,75,75,75,75,75,75,75,75,75,75,75,75,75,75,75,75,75,75,75,75,75,75,75,75,75,75,75,75],"card_choices":[{"not_picked":["Stack","Leap"],"picked":"Panic Button","floor":1},{"not_picked":["Barrage","Consume"],"picked":"Ball Lightning","floor":5},{"not_picked":["Streamline","Gash"],"picked":"Loop","floor":7},{"not_picked":["ReplaySolidLightProjector","Steam"],"picked":"Lockon","floor":8},{"not_picked":["Reprogram","ReplayTheSpireMod:System Scan"],"picked":"Rip and Tear","floor":12},{"not_picked":["Panic Button","Force Field"],"picked":"Compile Driver","floor":14},{"not_picked":["Biased Cognition","Machine Learning"],"picked":"Electrodynamics","floor":16},{"not_picked":["Reprogram","Panic Button"],"picked":"Redo+1","floor":18},{"not_picked":["Hologram","Stack"],"picked":"BasicCrystalCard","floor":21},{"not_picked":["Reprogram","Aggregate"],"picked":"Panic Button","floor":22},{"not_picked":["Gash","Beam Cell","Steam Power"],"picked":"Ball Lightning+1","floor":28},{"not_picked":["Genetic Algorithm+1","Fission","Hologram"],"picked":"Steam","floor":30},{"not_picked":["Go for the Eyes+1","Redo","Genetic Algorithm+1"],"picked":"Streamline","floor":31}],"player_experience":5411,"relics_obtained":[{"floor":1,"key":"LetterFromLob"},{"floor":26,"key":"Question Card"}],"event_choices":[{"cards_removed":["Strike_B"],"damage_healed":0,"gold_gain":0,"player_choice":"Offered Basic","damage_taken":0,"max_hp_gain":0,"max_hp_loss":0,"event_name":"Bonfire Elementals","floor":4,"gold_loss":0},{"damage_healed":0,"gold_gain":0,"player_choice":"塞钱","damage_taken":0,"relics_obtained":["PaintedHorse:ReiMu"],"max_hp_gain":0,"max_hp_loss":0,"event_name":"yidonshenshe","floor":10,"gold_loss":40},{"damage_healed":0,"gold_gain":30,"player_choice":"Searched \u00272\u0027 times","damage_taken":0,"max_hp_gain":0,"max_hp_loss":0,"event_name":"Dead Adventurer","floor":11,"gold_loss":0},{"cards_removed":["Pride"],"damage_healed":0,"gold_gain":0,"player_choice":"Removed Curses","damage_taken":0,"max_hp_gain":0,"max_hp_loss":0,"event_name":"Fountain of Cleansing","floor":20,"gold_loss":0},{"damage_healed":25,"gold_gain":0,"player_choice":"Heal","damage_taken":0,"max_hp_gain":0,"max_hp_loss":0,"event_name":"The Library","floor":29,"gold_loss":0}],"is_beta":false,"boss_relics":[{"not_picked":["Runesmith:UraniumAnvil","Calling Bell"],"picked":"aspiration:MobileForge"}],"items_purged_floors":[],"is_endless":false,"potions_floor_spawned":[7,16,18,28,30,31],"killed_by":"Champ","ascension_level":0}}