{"host":"dcj2yvrgcvh5dl2s","time":1613698627,"event":{"mods":["BaseMod","Bestiary","Better Note","Block Reminder","Colored Powertips","Curses Come First","DeckTracker","Displayed Cursed Tome","Minty Spire (QoL Compilation)","Quick Restart","Rare Cards Sparkle","Relic Stats","StSLib"],"gold_per_floor":[118,136,152,77,89,89,89,89],"floor_reached":7,"language":"ENG","playtime":374,"items_purged":[],"score":86,"play_id":"813c1964-c24d-417e-b0ad-5f103eb02c76","local_time":"20210219113707","is_ascension_mode":true,"campfire_choices":[{"floor":6,"key":"REST"}],"circlet_count":0,"master_deck":["AscendersBane","Strike_R","Strike_R","Strike_R","Strike_R","Defend_R","Defend_R","Defend_R","Defend_R","Bash","Fire Breathing","Evolve","Body Slam"],"relics":["Burning Blood","StoneCalendar"],"acts_visited":["Exordium"],"potions_floor_usage":[],"damage_taken":[{"damage":9,"enemies":"Jaw Worm","floor":1,"turns":4},{"damage":12,"enemies":"2 Louse","floor":2,"turns":3},{"damage":12,"enemies":"Cultist","floor":3,"turns":4},{"damage":32,"enemies":"3 Louse","floor":5,"turns":6},{"damage":35,"enemies":"Lagavulin","floor":7,"turns":6}],"seed_played":"2549127306594743000","potions_obtained":[{"floor":3,"key":"Swift Potion"},{"floor":5,"key":"Ancient Potion"}],"is_trial":false,"path_per_floor":["M","M","M","?","M","R","E"],"character_chosen":"IRONCLAD","items_purchased":[],"campfire_rested":1,"item_purchase_floors":[],"current_hp_per_floor":[65,59,53,53,27,47,12,12],"gold":89,"neow_bonus":"ONE_RARE_RELIC","is_daily":false,"chose_seed":false,"campfire_upgraded":0,"win_rate":0.0,"timestamp":1613698627,"path_taken":["M","M","M","?","M","R","E"],"items_purchased_type":[],"build_version":"2020-12-22","purchased_purges":0,"victory":false,"max_hp_per_floor":[68,68,68,68,68,68,68,68],"relic_stats":{"counters":[5,23],"StoneCalendar":[0],"obtain_stats":[{"StoneCalendar":0,"Burning Blood":0},{"StoneCalendar":0,"Burning Blood":0},{"StoneCalendar":0,"Burning Blood":0}],"Burning Blood":24},"card_choices":[{"not_picked":["Thunderclap","Armaments"],"picked":"Fire Breathing","floor":1},{"not_picked":["Entrench","Flame Barrier"],"picked":"Evolve","floor":2},{"not_picked":["Power Through","Pommel Strike"],"picked":"Body Slam","floor":3},{"not_picked":["Anger","Searing Blow","Twin Strike"],"picked":"SKIP","floor":5}],"player_experience":2437575,"relics_obtained":[],"event_choices":[{"cards_removed":["Strike_R"],"damage_healed":0,"gold_gain":0,"player_choice":"Card Removal","damage_taken":0,"max_hp_gain":0,"max_hp_loss":0,"event_name":"The Cleric","floor":4,"gold_loss":75}],"is_beta":false,"boss_relics":[],"items_purged_floors":[],"is_endless":false,"potions_floor_spawned":[3,5],"killed_by":"Lagavulin","ascension_level":20}}