{"host":"msmkw03x1o7nq45i","time":1613741945,"event":{"mods":["AchievementEnabler","BaseMod","Bestiary","Colored Powertips","GifTheSpireLib","Highlight Path","Minty Spire (QoL Compilation)","Random Character Button","Relic Stats","StSLib","everything is the same but u backflip on backflip"],"gold_per_floor":[19,32,51,63,77,77,108,108,161,30,30,30,42,75,75,75,75],"floor_reached":16,"language":"ENG","playtime":766,"items_purged":["Strike_R"],"score":213,"play_id":"209849ae-1547-4603-9571-bf855490399a","local_time":"20210219153905","is_ascension_mode":true,"campfire_choices":[{"data":"Whirlwind","floor":6,"key":"SMITH"},{"data":"Inflame","floor":8,"key":"SMITH"},{"data":"Iron Wave","floor":11,"key":"SMITH"},{"data":"Rupture","floor":15,"key":"SMITH"}],"circlet_count":0,"master_deck":["AscendersBane","Strike_R","Strike_R","Strike_R","Strike_R","Defend_R","Defend_R","Defend_R","Defend_R","Bash","Offering","Thunderclap","Iron Wave+1","Headbutt","Whirlwind+1","Disarm+1","Inflame+1","Rupture+1","Combust"],"relics":["Burning Blood","Champion Belt","Tiny Chest","Shuriken"],"acts_visited":["Exordium"],"potions_floor_usage":[7,14,16],"damage_taken":[{"damage":14,"enemies":"Cultist","floor":1,"turns":5},{"damage":10,"enemies":"2 Louse","floor":2,"turns":3},{"damage":6,"enemies":"Small Slimes","floor":3,"turns":2},{"damage":28,"enemies":"Exordium Thugs","floor":4,"turns":5},{"damage":24,"enemies":"Red Slaver","floor":5,"turns":4},{"damage":20,"enemies":"3 Sentries","floor":7,"turns":3},{"damage":9,"enemies":"Looter","floor":13,"turns":3},{"damage":8,"enemies":"Lagavulin","floor":14,"turns":5},{"damage":28,"enemies":"Slime Boss","floor":16,"turns":3}],"seed_played":"-948403053501207855","potions_obtained":[{"floor":4,"key":"FairyPotion"},{"floor":5,"key":"Strength Potion"},{"floor":13,"key":"SteroidPotion"}],"is_trial":false,"path_per_floor":["M","M","M","M","M","R","E","R","T","$","R","?","M","E","R","B"],"character_chosen":"IRONCLAD","items_purchased":["Strength Potion"],"campfire_rested":0,"item_purchase_floors":[10],"current_hp_per_floor":[60,56,56,34,16,16,28,28,28,28,28,28,25,23,23,0,0],"gold":75,"neow_bonus":"THREE_RARE_CARDS","is_daily":false,"chose_seed":false,"campfire_upgraded":4,"win_rate":0.0,"timestamp":1613741945,"path_taken":["M","?","M","M","M","R","E","R","T","?","R","?","M","E","R","BOSS"],"items_purchased_type":["Potion"],"build_version":"2020-12-22","purchased_purges":1,"victory":false,"max_hp_per_floor":[75,75,75,75,75,75,75,75,75,75,75,75,75,75,75,75,75],"relic_stats":{"counters":[9,33],"Shuriken":[0],"Tiny Chest":0,"Champion Belt":[6],"obtain_stats":[{"Shuriken":14,"Tiny Chest":9,"Champion Belt":7,"Burning Blood":0},{"Shuriken":8,"Tiny Chest":6,"Champion Belt":6,"Burning Blood":0},{"Shuriken":30,"Tiny Chest":22,"Champion Belt":22,"Burning Blood":0}],"Burning Blood":48},"card_choices":[{"not_picked":["Corruption","Demon Form"],"picked":"Offering","floor":0},{"not_picked":["Clash","Shrug It Off"],"picked":"Thunderclap","floor":1},{"not_picked":["Body Slam","Flex"],"picked":"Iron Wave","floor":2},{"not_picked":["Ghostly Armor","Perfected Strike"],"picked":"Headbutt","floor":3},{"not_picked":["Pommel Strike","Pummel"],"picked":"Whirlwind","floor":4},{"not_picked":["Thunderclap","Limit Break"],"picked":"Disarm","floor":5},{"not_picked":["Cleave","Wild Strike"],"picked":"Inflame","floor":7},{"not_picked":["Anger","Clothesline"],"picked":"Rupture","floor":13},{"not_picked":["Blood for Blood","True Grit"],"picked":"Combust","floor":14}],"player_experience":555266,"relics_obtained":[{"floor":7,"key":"Champion Belt"},{"floor":9,"key":"Tiny Chest"},{"floor":14,"key":"Shuriken"}],"event_choices":[{"damage_healed":0,"gold_gain":0,"player_choice":"Upgraded","damage_taken":0,"max_hp_gain":0,"max_hp_loss":0,"event_name":"Upgrade Shrine","floor":12,"gold_loss":0,"cards_upgraded":["Disarm"]}],"is_beta":false,"boss_relics":[],"items_purged_floors":[10],"is_endless":false,"potions_floor_spawned":[4,5,13],"killed_by":"Slime Boss","ascension_level":18}}