{"host":"hfxp6ue4pvwo3fit","time":1613695476,"event":{"mods":["AchievementEnabler","BaseMod","Colored Map","Colored Powertips","Highlight Path","Minty Spire (QoL Compilation)","Relic Stats","StSLib","SuperFastMode"],"gold_per_floor":[99,99,99,99,99,99,99,99,99,99,99,99,99,99,99,99,99,99,99,39,39,39,39,39],"floor_reached":23,"language":"ENG","playtime":738,"items_purged":[],"score":406,"play_id":"331a3279-0673-4511-9478-56a9edff6ea0","local_time":"20210218184436","is_ascension_mode":true,"campfire_choices":[{"data":"Bash","floor":6,"key":"SMITH"},{"floor":13,"key":"REST"},{"data":"True Grit","floor":15,"key":"SMITH"}],"circlet_count":0,"master_deck":["AscendersBane","Strike_R","Strike_R","Strike_R","Strike_R","Strike_R","Defend_R","Defend_R","Defend_R","Defend_R","Bash+1","True Grit+1","Whirlwind+1","Pommel Strike","Twin Strike","Shrug It Off","Dual Wield","Warcry","Exhume","True Grit","Dark Embrace","Bash","Clothesline"],"relics":["Ectoplasm","Golden Idol","Dead Branch","InkBottle","Bottled Lightning","Runic Pyramid","MutagenicStrength"],"acts_visited":["Exordium","TheCity"],"potions_floor_usage":[12,16,22,23],"damage_taken":[{"damage":2,"enemies":"Jaw Worm","floor":1,"turns":3},{"damage":3,"enemies":"Small Slimes","floor":3,"turns":4},{"damage":10,"enemies":"3 Sentries","floor":7,"turns":5},{"damage":0,"enemies":"Cultist","floor":8,"turns":2},{"damage":30,"enemies":"Lagavulin","floor":10,"turns":4},{"damage":0,"enemies":"Blue Slaver","floor":11,"turns":3},{"damage":0,"enemies":"2 Fungi Beasts","floor":12,"turns":1},{"damage":13,"enemies":"Gremlin Gang","floor":14,"turns":3},{"damage":17,"enemies":"The Guardian","floor":16,"turns":10},{"damage":26,"enemies":"Shell Parasite","floor":18,"turns":5},{"damage":16,"enemies":"2 Thieves","floor":20,"turns":3},{"damage":9,"enemies":"Snake Plant","floor":22,"turns":4},{"damage":25,"enemies":"Sentry and Sphere","floor":23,"turns":5}],"seed_played":"-2615653851207508212","potions_obtained":[{"floor":1,"key":"BloodPotion"},{"floor":10,"key":"ElixirPotion"},{"floor":12,"key":"Weak Potion"},{"floor":18,"key":"FairyPotion"},{"floor":20,"key":"Block Potion"},{"floor":22,"key":"HeartOfIron"}],"is_trial":false,"path_per_floor":["M","?","M","?","?","R","E","M","T","E","M","M","R","M","R","B",null,"M","?","M","?","M","M"],"character_chosen":"IRONCLAD","items_purchased":[],"campfire_rested":1,"item_purchase_floors":[],"current_hp_per_floor":[66,55,52,52,52,52,42,42,42,12,12,25,45,32,32,15,55,29,29,13,13,4,0,0],"gold":39,"neow_bonus":"BOSS_RELIC","is_daily":false,"chose_seed":false,"campfire_upgraded":2,"win_rate":0.0,"timestamp":1613695476,"path_taken":["M","?","M","?","?","R","E","M","T","E","?","M","R","M","R","BOSS","M","?","M","?","?","M"],"items_purchased_type":[],"build_version":"2020-12-22","purchased_purges":0,"victory":false,"max_hp_per_floor":[75,75,75,68,68,68,68,68,68,68,68,68,68,68,68,68,68,68,68,68,68,68,68,68],"relic_stats":{"counters":[13,52],"Golden Idol":62,"Dead Branch":[52],"Ectoplasm":459,"obtain_stats":[{"Golden Idol":4,"Dead Branch":7,"MutagenicStrength":19,"Ectoplasm":0,"Bottled Lightning":10,"Burning Blood":0,"InkBottle":9,"Runic Pyramid":17},{"Golden Idol":2,"Dead Branch":3,"MutagenicStrength":10,"Ectoplasm":0,"Bottled Lightning":5,"Burning Blood":0,"InkBottle":4,"Runic Pyramid":9},{"Golden Idol":7,"Dead Branch":12,"MutagenicStrength":40,"Ectoplasm":0,"Bottled Lightning":18,"Burning Blood":0,"InkBottle":14,"Runic Pyramid":35}],"InkBottle":[11]},"card_choices":[{"not_picked":["Feel No Pain","Flex"],"picked":"True Grit","floor":1},{"not_picked":["Twin Strike","Warcry"],"picked":"Whirlwind","floor":3},{"not_picked":["Cleave","Demon Form"],"picked":"Pommel Strike","floor":7},{"not_picked":["True Grit","Shrug It Off"],"picked":"Twin Strike","floor":8},{"not_picked":["Perfected Strike","Wild Strike"],"picked":"Shrug It Off","floor":10},{"not_picked":["Rupture","Iron Wave","Thunderclap"],"picked":"SKIP","floor":11},{"not_picked":["Bludgeon","Sword Boomerang"],"picked":"Dual Wield","floor":12},{"not_picked":["Sword Boomerang","Flex"],"picked":"Warcry","floor":14},{"not_picked":["Berserk","Bludgeon"],"picked":"Exhume","floor":16},{"not_picked":["Rage","Sword Boomerang"],"picked":"True Grit","floor":18},{"not_picked":["Heavy Blade","Rampage"],"picked":"Dark Embrace","floor":20},{"not_picked":["Whirlwind","Second Wind"],"picked":"Clothesline","floor":22}],"player_experience":520125,"relics_obtained":[{"floor":7,"key":"Dead Branch"},{"floor":9,"key":"InkBottle"},{"floor":10,"key":"Bottled Lightning"}],"event_choices":[{"damage_healed":0,"gold_gain":75,"player_choice":"Gather Gold","damage_taken":11,"max_hp_gain":0,"max_hp_loss":0,"event_name":"World of Goop","floor":2,"gold_loss":0},{"damage_healed":0,"gold_gain":0,"player_choice":"Lose Max HP","damage_taken":0,"relics_obtained":["Golden Idol"],"max_hp_gain":0,"max_hp_loss":7,"event_name":"Golden Idol","floor":4,"gold_loss":0},{"damage_healed":0,"gold_gain":0,"player_choice":"Forge","damage_taken":0,"max_hp_gain":0,"max_hp_loss":0,"event_name":"Accursed Blacksmith","floor":5,"gold_loss":0,"cards_upgraded":["Whirlwind"]},{"damage_healed":0,"gold_gain":0,"player_choice":"Inject Mutagens","damage_taken":0,"relics_obtained":["MutagenicStrength"],"max_hp_gain":0,"max_hp_loss":0,"event_name":"Drug Dealer","floor":19,"gold_loss":0},{"damage_healed":0,"gold_gain":0,"player_choice":"1 cards matched","damage_taken":0,"max_hp_gain":0,"max_hp_loss":0,"event_name":"Match and Keep!","floor":21,"gold_loss":0,"cards_obtained":["Bash"]}],"is_beta":false,"boss_relics":[{"not_picked":["SlaversCollar","Velvet Choker"],"picked":"Runic Pyramid"}],"items_purged_floors":[],"is_endless":false,"potions_floor_spawned":[1,10,12,14,18,20,22],"killed_by":"Sentry and Sphere","ascension_level":20}}