{"host":"6pietnjer90du4bs","time":1613730975,"event":{"mods":["Aspiration","BaseMod","Bossed Relics","Colored Map","Infinite Spire","Minty Spire (QoL Compilation)","Replay The Spire","StSLib"],"gold_per_floor":[109,31,31,306,323,323,352,365,365,130,160,170,187,214,214,285,285,296,296,27,45,45,45,45],"floor_reached":23,"language":"ENG","playtime":615,"items_purged":["Regret","Regret"],"score":456,"play_id":"96cd52de-cc38-4e5c-b6eb-c36db2e5fd55","local_time":"20210219113615","is_ascension_mode":true,"campfire_choices":[{"data":"Whirlwind","floor":6,"key":"SMITH"},{"floor":15,"key":"REST"}],"circlet_count":0,"master_deck":["AscendersBane","Strike_R","Strike_R+1","Strike_R","Strike_R+1","Strike_R","Defend_R","Defend_R","Defend_R","Defend_R","Bash","Cleave","Whirlwind+1","Demon Form","Demonic Infusion","Blood for Blood","Hemogenesis","Brutality","AbeCurse","infinitespire:Gouge"],"relics":["Burning Blood","NeowsBlessing","Potion Belt","Centennial Puzzle","ReplayTheSpireMod:Ninjato","Replay:Mystery Machine","aspiration:FetidBarrel","Whetstone","Abe\u0027s Treasure","MealTicket"],"acts_visited":["Exordium","TheCity"],"potions_floor_usage":[11,11,13,14,23],"damage_taken":[{"damage":0,"enemies":"2 Louse","floor":1,"turns":2},{"damage":0,"enemies":"Jaw Worm","floor":5,"turns":1},{"damage":0,"enemies":"Replay:BlueRogue","floor":7,"turns":1},{"damage":1,"enemies":"Cultist","floor":8,"turns":3},{"damage":26,"enemies":"3 Sentries","floor":11,"turns":3},{"damage":21,"enemies":"Blue Slaver","floor":12,"turns":4},{"damage":0,"enemies":"2 Fungi Beasts","floor":13,"turns":3},{"damage":28,"enemies":"Gremlin Nob","floor":14,"turns":4},{"damage":29,"enemies":"Slime Boss","floor":16,"turns":8},{"damage":9,"enemies":"3 Byrds","floor":18,"turns":4},{"damage":27,"enemies":"Chosen","floor":21,"turns":4},{"damage":45,"enemies":"Slavers","floor":23,"turns":2}],"seed_played":"618894162541987855","potions_obtained":[{"floor":1,"key":"BloodPotion"},{"floor":7,"key":"LiquidMemories"},{"floor":12,"key":"Fire Potion"},{"floor":13,"key":"Block Potion"},{"floor":21,"key":"Languid Potion"}],"is_trial":false,"path_per_floor":["M","$","?","?","M","R","E","M","T","$","E","M","M","E","R","B",null,"M","?","$","M","?","E"],"character_chosen":"IRONCLAD","items_purchased":["Whirlwind","Replay:Mystery Machine","MealTicket"],"campfire_rested":1,"item_purchase_floors":[2,10,20],"current_hp_per_floor":[74,74,74,74,75,75,75,75,75,75,70,55,61,39,61,38,66,68,51,51,35,35,0,0],"gold":45,"neow_bonus":"THREE_ENEMY_KILL","is_daily":false,"chose_seed":false,"campfire_upgraded":1,"win_rate":0.0,"timestamp":1613730975,"path_taken":["M","$","?","?","M","R","E","M","T","$","E","M","?","E","R","BOSS","M","?","$","M","?","E"],"items_purchased_type":["Card","Relic","Relic"],"build_version":"2020-12-22","purchased_purges":2,"victory":false,"max_hp_per_floor":[75,75,75,75,75,75,75,75,75,75,75,75,75,75,75,75,75,75,75,75,75,75,75,75],"card_choices":[{"not_picked":["Replay:Undeath\u0027s Touch","Havoc"],"picked":"Cleave","floor":1},{"not_picked":["Body Slam","Havoc"],"picked":"Demon Form","floor":5},{"not_picked":["ReplayTheSpireMod:Strike From Hell","True Grit"],"picked":"Demonic Infusion","floor":7},{"not_picked":["Warcry","Burning Pact","Infernal Blade"],"picked":"SKIP","floor":8},{"not_picked":["ReplayTheSpireMod:Limb From Limb","Armaments"],"picked":"Blood for Blood","floor":11},{"not_picked":["Thunderclap","Massacre","Shrug It Off"],"picked":"SKIP","floor":12},{"not_picked":["Iron Wave","Evolve"],"picked":"Hemogenesis","floor":13},{"not_picked":["ReplayTheSpireMod:Strike From Hell","Wild Strike","Clash"],"picked":"SKIP","floor":14},{"not_picked":["Double Tap","Feed"],"picked":"Brutality","floor":16},{"not_picked":["Body Slam","Cleave","Wild Strike"],"picked":"SKIP","floor":18},{"not_picked":["infinitespire:SealOfDarkness+","infinitespire:Starlight"],"picked":"infinitespire:Gouge","floor":19},{"not_picked":["Shrug It Off","Twin Strike","ReplayTheSpireMod:Strike From Hell+1"],"picked":"SKIP","floor":21}],"player_experience":747681,"relics_obtained":[{"floor":7,"key":"Centennial Puzzle"},{"floor":9,"key":"ReplayTheSpireMod:Ninjato"},{"floor":11,"key":"aspiration:FetidBarrel"},{"floor":14,"key":"Whetstone"}],"event_choices":[{"damage_healed":0,"gold_gain":0,"player_choice":"Box","damage_taken":0,"relics_obtained":["Potion Belt"],"max_hp_gain":0,"max_hp_loss":0,"event_name":"Big Fish","floor":3,"gold_loss":0,"cards_obtained":["Regret"]},{"damage_healed":0,"gold_gain":275,"player_choice":"Desecrate","damage_taken":0,"max_hp_gain":0,"max_hp_loss":0,"event_name":"Golden Shrine","floor":4,"gold_loss":0,"cards_obtained":["Regret"]},{"damage_healed":0,"gold_gain":0,"player_choice":"0 cards matched","damage_taken":0,"max_hp_gain":0,"max_hp_loss":0,"event_name":"Match and Keep!","floor":22,"gold_loss":0,"cards_obtained":[]}],"is_beta":false,"boss_relics":[{"not_picked":["aspiration:SilentSkillbook","ChewingGum"],"picked":"Abe\u0027s Treasure"}],"items_purged_floors":[10,20],"is_endless":false,"potions_floor_spawned":[1,7,12,13,21],"killed_by":"Slavers","ascension_level":19}}