{"host":"lklj3eidp7g5an38","time":1613779188,"event":{"mods":["AchievementEnabler","BaseMod","Colored Map","Colored Powertips","Curses Come First","DeckTracker","Highlight Path","Minty Spire (QoL Compilation)","Relic Stats","StSLib"],"gold_per_floor":[118,135,135,60,60,92,92,104,104,29,39,54,1,1,1,78,78,94,144,59,59,31,31,31],"floor_reached":23,"language":"ENG","playtime":1228,"items_purged":["Defend_B"],"score":392,"play_id":"bb04a134-9ec9-40d8-af0b-6fa03fa67423","local_time":"20210219235948","is_ascension_mode":true,"campfire_choices":[{"data":"Zap","floor":7,"key":"SMITH"},{"floor":15,"key":"REST"}],"circlet_count":0,"master_deck":["AscendersBane","Zap+1","Dualcast","Rip and Tear","Aggregate","Scrape","Go for the Eyes","Hologram","Capacitor","Steam","Reboot","All For One","Reboot","Barrage","Streamline","Gash","Creative AI","BootSequence","Sweeping Beam"],"relics":["Cracked Core","NeowsBlessing","StrikeDummy","InkBottle","Pandora\u0027s Box","Girya"],"acts_visited":["Exordium","TheCity"],"potions_floor_usage":[12,16],"damage_taken":[{"damage":0,"enemies":"2 Louse","floor":1,"turns":1},{"damage":0,"enemies":"Small Slimes","floor":2,"turns":1},{"damage":0,"enemies":"3 Sentries","floor":6,"turns":1},{"damage":0,"enemies":"Jaw Worm","floor":8,"turns":2},{"damage":37,"enemies":"Exordium Thugs","floor":11,"turns":5},{"damage":0,"enemies":"Large Slime","floor":12,"turns":3},{"damage":20,"enemies":"Slime Boss","floor":16,"turns":8},{"damage":26,"enemies":"3 Byrds","floor":18,"turns":5},{"damage":36,"enemies":"Book of Stabbing","floor":23,"turns":4}],"seed_played":"1967559673897915628","potions_obtained":[{"floor":1,"key":"BlessingOfTheForge"},{"floor":11,"key":"ColorlessPotion"}],"is_trial":false,"path_per_floor":["M","M","?","?","$","E","R","M","T","$","M","M","$","?","R","B",null,"M","?","?","?","$","E"],"character_chosen":"DEFECT","items_purchased":["Steam","Sweeping Beam"],"campfire_rested":1,"item_purchase_floors":[13,22],"current_hp_per_floor":[64,64,64,64,64,64,64,64,64,64,27,27,27,27,48,28,60,34,34,34,34,34,0,0],"gold":31,"neow_bonus":"THREE_ENEMY_KILL","is_daily":false,"chose_seed":false,"campfire_upgraded":1,"win_rate":0.0,"timestamp":1613779188,"path_taken":["M","M","?","?","$","E","R","M","T","$","M","M","$","?","R","BOSS","M","?","?","?","$","E"],"items_purchased_type":["Card","Card"],"build_version":"2020-12-22","purchased_purges":1,"victory":false,"max_hp_per_floor":[71,71,71,71,71,71,71,71,71,71,71,71,71,71,71,71,71,71,71,71,71,71,71,71],"relic_stats":{"counters":[9,30],"Pandora\u0027s Box":["Reboot","Barrage","Streamline","Gash","Creative AI"],"obtain_stats":[{"Girya":20,"NeowsBlessing":0,"Pandora\u0027s Box":17,"Cracked Core":0,"StrikeDummy":6,"InkBottle":9},{"Girya":8,"NeowsBlessing":0,"Pandora\u0027s Box":7,"Cracked Core":0,"StrikeDummy":3,"InkBottle":4},{"Girya":26,"NeowsBlessing":0,"Pandora\u0027s Box":21,"Cracked Core":0,"StrikeDummy":3,"InkBottle":5}],"InkBottle":[12]},"card_choices":[{"not_picked":["Reinforced Body","Gash"],"picked":"Rip and Tear","floor":1},{"not_picked":["Streamline","Gash"],"picked":"Aggregate","floor":2},{"not_picked":["Consume","Fusion"],"picked":"Go for the Eyes","floor":6},{"not_picked":["Chaos","Cold Snap"],"picked":"Hologram","floor":8},{"not_picked":["Lockon","Go for the Eyes","Rebound"],"picked":"SKIP","floor":11},{"not_picked":["Amplify","Blizzard"],"picked":"Capacitor","floor":12},{"not_picked":["Echo Form","Machine Learning"],"picked":"All For One","floor":16},{"not_picked":["Self Repair","Hologram"],"picked":"BootSequence","floor":18}],"player_experience":959860,"relics_obtained":[{"floor":6,"key":"StrikeDummy"},{"floor":9,"key":"InkBottle"}],"event_choices":[{"damage_healed":0,"gold_gain":0,"cards_transformed":["Strike_B"],"player_choice":"Change","damage_taken":0,"max_hp_gain":0,"max_hp_loss":0,"event_name":"Living Wall","floor":3,"gold_loss":0,"cards_obtained":["Scrape"]},{"cards_removed":["Strike_B"],"damage_healed":0,"gold_gain":0,"player_choice":"Card Removal","damage_taken":0,"max_hp_gain":0,"max_hp_loss":0,"event_name":"The Cleric","floor":4,"gold_loss":75},{"damage_healed":0,"gold_gain":0,"player_choice":"1 cards matched","damage_taken":0,"max_hp_gain":0,"max_hp_loss":0,"event_name":"Match and Keep!","floor":14,"gold_loss":0,"cards_obtained":["Reboot"]},{"damage_healed":0,"gold_gain":50,"player_choice":"Stole From Cult","damage_taken":0,"max_hp_gain":0,"max_hp_loss":0,"event_name":"Nest","floor":19,"gold_loss":0},{"damage_healed":0,"gold_gain":0,"player_choice":"Obtained Relic","damage_taken":0,"relics_obtained":["Girya"],"max_hp_gain":0,"max_hp_loss":0,"event_name":"Addict","floor":20,"gold_loss":85},{"damage_healed":0,"gold_gain":0,"player_choice":"Ignored","damage_taken":0,"max_hp_gain":0,"max_hp_loss":0,"event_name":"Vampires","floor":21,"gold_loss":0}],"is_beta":false,"boss_relics":[{"not_picked":["Empty Cage","Inserter"],"picked":"Pandora\u0027s Box"}],"items_purged_floors":[10],"is_endless":false,"potions_floor_spawned":[1,11],"killed_by":"Book of Stabbing","ascension_level":17}}