{"host":"bzq0skgbben6khkk","time":1613719950,"event":{"mods":["Act Like it!","BaseMod","Minty Spire (QoL Compilation)","MostiFishMod","StSLib","Swap Starting Deck Mod"],"gold_per_floor":[113,130,150,75,95,95,128,128,153,180,180,199,227,256,256,359,359,377,397,322,322,340,370,370,398,422,422,422,622,633,236,236,339,339,357,371,388,388,408,408,408,408],"floor_reached":41,"language":"ZHS","playtime":1288,"items_purged":["Dualcast"],"score":656,"play_id":"4b5cadbe-bfef-407f-84b1-2249d87d8f95","local_time":"20210219153230","is_ascension_mode":true,"campfire_choices":[{"data":"Hologram","floor":6,"key":"SMITH"},{"data":"Streamline","floor":11,"key":"SMITH"},{"data":"Hologram","floor":15,"key":"SMITH"},{"floor":27,"key":"RECALL"},{"data":"Coolheaded","floor":32,"key":"SMITH"},{"data":"MostiFishMod:MusicBox","floor":40,"key":"SMITH"}],"circlet_count":0,"master_deck":["Strike_B","Strike_B","Strike_B","Strike_B","Defend_B","Defend_B","Gash","Sweeping Beam","Turbo","Hologram+1","Conserve Battery","Streamline+1","Gash","Recycle","Hologram+1","Machine Learning","Coolheaded+1","Ghostly","Ghostly","Ghostly","Ghostly","Ghostly","MostiFishMod:ReprogramOld","Loop","MostiFishMod:Hijack","All For One","Self Repair","Fusion+1","MostiFishMod:MusicBox+1","Deep Breath"],"relics":["DaveBox","ShadowXiaoBlade","RhineSuit","SynthV:TestCard","Oddly Smooth Stone","Juzu Bracelet","Art of War","Odd Mushroom","Philosopher\u0027s Stone","Orichalcum","SynthV:C4","Nunchaku","SynthV","Blue Candle","RhineFirstAidKit"],"acts_visited":["Exordium","TheCity","TheBeyond"],"potions_floor_usage":[],"damage_taken":[{"damage":0,"enemies":"Cultist","floor":1,"turns":2},{"damage":11,"enemies":"Jaw Worm","floor":2,"turns":2},{"damage":0,"enemies":"Small Slimes","floor":3,"turns":2},{"damage":0,"enemies":"3 Louse","floor":5,"turns":2},{"damage":0,"enemies":"Gremlin Nob","floor":7,"turns":2},{"damage":0,"enemies":"Lagavulin","floor":10,"turns":3},{"damage":0,"enemies":"Exordium Wildlife","floor":12,"turns":2},{"damage":0,"enemies":"3 Sentries","floor":13,"turns":4},{"damage":0,"enemies":"The Mushroom Lair","floor":14,"turns":3},{"damage":1,"enemies":"The Guardian","floor":16,"turns":6},{"damage":13,"enemies":"2 Thieves","floor":18,"turns":3},{"damage":0,"enemies":"Spheric Guardian","floor":19,"turns":1},{"damage":0,"enemies":"Centurion and Healer","floor":22,"turns":3},{"damage":0,"enemies":"Gremlin Leader","floor":23,"turns":5},{"damage":0,"enemies":"Book of Stabbing","floor":25,"turns":5},{"damage":0,"enemies":"Snake Plant","floor":30,"turns":1},{"damage":12,"enemies":"Champ","floor":33,"turns":4},{"damage":0,"enemies":"3 Darklings","floor":35,"turns":3},{"damage":4,"enemies":"3 Shapes","floor":36,"turns":2},{"damage":0,"enemies":"Maw","floor":37,"turns":2},{"damage":2,"enemies":"Sphere and 2 Shapes","floor":39,"turns":3},{"damage":33,"enemies":"Mind Bloom Boss Battle","floor":41,"turns":2}],"seed_played":"-3901846011235721548","potions_obtained":[{"floor":1,"key":"EntropicBrew"},{"floor":3,"key":"Dexterity Potion"},{"floor":7,"key":"SneckoOil"},{"floor":13,"key":"Ancient Potion"},{"floor":18,"key":"PowerPotion"}],"is_trial":false,"path_per_floor":["M","M","M","$","M","R","E","?","T","E","R","M","E","?","R","B",null,"M","M","?","?","M","E","?","E","T","R","?","?","M","$","R","B",null,"M","M","M","?","M","R","?"],"character_chosen":"DEFECT","items_purchased":["SynthV","Blue Candle"],"campfire_rested":0,"item_purchase_floors":[31,31],"current_hp_per_floor":[75,64,64,64,64,64,64,64,64,64,64,64,64,64,64,63,75,62,62,62,37,37,37,37,37,37,37,37,37,37,37,37,25,37,37,33,37,32,30,30,0,0],"gold":408,"neow_bonus":"BOSS_RELIC","is_daily":false,"chose_seed":false,"campfire_upgraded":5,"win_rate":0.0,"timestamp":1613719950,"path_taken":["M","M","M","$","?","R","E","?","T","E","R","M","E","?","R","BOSS","M","M","?","?","M","E","?","E","T","R","?","?","M","$","R","BOSS","M","M","M","?","M","R","?"],"items_purchased_type":["Relic","Relic"],"build_version":"2020-12-22","purchased_purges":1,"victory":false,"max_hp_per_floor":[75,75,75,75,75,75,75,75,75,75,75,75,75,75,75,75,75,75,75,75,37,37,37,37,37,37,37,37,37,37,37,37,37,37,37,37,37,37,37,37,37,37],"card_choices":[{"not_picked":["Aggregate","Beam Cell"],"picked":"Gash","floor":1},{"not_picked":["Force Field","Skim","Steam","Double Energy"],"picked":"Sweeping Beam","floor":2},{"not_picked":["Redo","Cold Snap","Sweeping Beam","Steam Power"],"picked":"Turbo","floor":3},{"not_picked":["Stack","Chaos","Redo","Auto Shields"],"picked":"Hologram","floor":5},{"not_picked":["Sweeping Beam","MostiFishMod:Impulse","MostiFishMod:TalkingToTheRain","Force Field"],"picked":"Conserve Battery","floor":7},{"not_picked":["Redo","Heatsinks","Rebound","Go for the Eyes"],"picked":"Streamline","floor":10},{"not_picked":["Leap","Streamline","Chaos","Rebound"],"picked":"Gash","floor":12},{"not_picked":["Beam Cell","Lockon","MostiFishMod:SeaWaves","Storm"],"picked":"Recycle","floor":13},{"not_picked":["Gash","Beam Cell","Stack","MostiFishMod:GatherIntelligence"],"picked":"Hologram","floor":14},{"not_picked":["Amplify","MostiFishMod:ATRI","MostiFishMod:ActiveDefenseSystem","MostiFishMod:DawningShadow"],"picked":"Machine Learning","floor":16},{"not_picked":["Melter","Capacitor","Hologram","Stack","Rip and Tear"],"picked":"SKIP","floor":18},{"not_picked":["Consume","Redo","MostiFishMod:FluxCapactior","MostiFishMod:PushDownKick"],"picked":"Coolheaded","floor":19},{"not_picked":["Ball Lightning","Force Field","Steam Power","Steam","Streamline"],"picked":"SKIP","floor":22},{"not_picked":["MostiFishMod:Impulse","MostiFishMod:GatherIntelligence","Beam Cell","Tempest+1","Turbo"],"picked":"SKIP","floor":23},{"not_picked":["Beam Cell","Barrage","Turbo+1","Double Energy","Go for the Eyes"],"picked":"SKIP","floor":25},{"not_picked":["Reprogram","Sweeping Beam","MostiFishMod:TalkingToTheRain","Redo","Rip and Tear"],"picked":"SKIP","floor":30},{"not_picked":["MostiFishMod:DeathFromBelow","MostiFishMod:Exploitation","MostiFishMod:Prepare","MostiFishMod:StrandedSiren"],"picked":"All For One","floor":33},{"not_picked":["Lockon","Rebound","Ball Lightning","Barrage","Leap+1"],"picked":"SKIP","floor":35},{"not_picked":["MostiFishMod:GatherIntelligence+1","Capacitor","Aggregate+1","Steam+1"],"picked":"Self Repair","floor":36},{"not_picked":["Rebound+1","Compile Driver","MostiFishMod:GatherIntelligence+1","Tempest+1"],"picked":"Fusion+1","floor":37},{"not_picked":["Secret Technique","Impatience","Dramatic Entrance","Discovery"],"picked":"MostiFishMod:MusicBox","floor":38},{"not_picked":["Purity","Dark Shackles","Swift Strike","Jack Of All Trades"],"picked":"Deep Breath","floor":38},{"not_picked":["Sweeping Beam","Cold Snap","Loop+1","Compile Driver+1","MostiFishMod:Impulse+1"],"picked":"SKIP","floor":39}],"player_experience":469544,"relics_obtained":[{"floor":1,"key":"SynthV:TestCard"},{"floor":7,"key":"Oddly Smooth Stone"},{"floor":10,"key":"Juzu Bracelet"},{"floor":13,"key":"Art of War"},{"floor":14,"key":"Odd Mushroom"},{"floor":23,"key":"Orichalcum"},{"floor":25,"key":"SynthV:C4"},{"floor":26,"key":"Nunchaku"}],"event_choices":[{"damage_healed":0,"gold_gain":0,"player_choice":"Bought 0 Potions","damage_taken":0,"max_hp_gain":0,"max_hp_loss":0,"event_name":"The Woman in Blue","floor":8,"gold_loss":0},{"damage_healed":0,"gold_gain":0,"player_choice":"Fought Mushrooms","damage_taken":0,"max_hp_gain":0,"max_hp_loss":0,"event_name":"Mushrooms","floor":14,"gold_loss":0},{"cards_removed":["Defend_B"],"damage_healed":0,"gold_gain":0,"player_choice":"Gave Gold","damage_taken":0,"max_hp_gain":0,"max_hp_loss":0,"event_name":"Beggar","floor":20,"gold_loss":75},{"damage_healed":0,"gold_gain":0,"player_choice":"Became a Ghost","damage_taken":0,"max_hp_gain":0,"max_hp_loss":38,"event_name":"Ghosts","floor":21,"gold_loss":0,"cards_obtained":["Ghostly","Ghostly","Ghostly","Ghostly","Ghostly"]},{"damage_healed":0,"gold_gain":0,"cards_transformed":["Zap","Defend_B"],"player_choice":"Became Test Subject","damage_taken":0,"max_hp_gain":0,"max_hp_loss":0,"event_name":"Drug Dealer","floor":24,"gold_loss":0,"cards_obtained":["MostiFishMod:ReprogramOld","Loop"]},{"damage_healed":0,"gold_gain":0,"player_choice":"Read","damage_taken":0,"max_hp_gain":0,"max_hp_loss":0,"event_name":"The Library","floor":28,"gold_loss":0,"cards_obtained":["MostiFishMod:Hijack"]},{"damage_healed":0,"gold_gain":250,"player_choice":"Bet on Owner","damage_taken":0,"max_hp_gain":0,"max_hp_loss":0,"event_name":"The Joust","floor":29,"gold_loss":50},{"damage_healed":0,"gold_gain":0,"player_choice":"Memory 2","damage_taken":5,"max_hp_gain":0,"max_hp_loss":0,"event_name":"SensoryStone","floor":38,"gold_loss":0},{"damage_healed":0,"gold_gain":0,"player_choice":"Fight","damage_taken":0,"max_hp_gain":0,"max_hp_loss":0,"event_name":"MindBloom","floor":41,"gold_loss":0}],"is_beta":false,"boss_relics":[{"not_picked":["Velvet Choker","EE1DDrone"],"picked":"Philosopher\u0027s Stone"},{"not_picked":["Sozu","OneHitWonderSystem"],"picked":"RhineFirstAidKit"}],"items_purged_floors":[4],"is_endless":false,"potions_floor_spawned":[1,3,7,13,16,18,25,33,35,39],"killed_by":"Mind Bloom Boss Battle","ascension_level":1}}