{"host":"js2su9tbbk4rmjfl","time":1613698357,"event":{"mods":["AchievementEnabler","BaseMod","Block Reminder","Colored Map","Colored Powertips","Highlight Path","Minty Spire (QoL Compilation)","Relic Stats"],"gold_per_floor":[109,120,132,146,163,163,195,208,208,35,101,113,113,128,128,128,128],"floor_reached":16,"language":"ENG","playtime":649,"items_purged":[],"score":201,"play_id":"22801bc4-1035-4910-af04-c9ec266d8f34","local_time":"20210219023237","is_ascension_mode":true,"campfire_choices":[{"data":"Burning Pact","floor":6,"key":"SMITH"},{"data":"Intimidate","floor":13,"key":"SMITH"},{"data":"Hemokinesis","floor":15,"key":"SMITH"}],"circlet_count":0,"master_deck":["AscendersBane","Strike_R","Strike_R","Strike_R","Strike_R","Strike_R","Defend_R","Defend_R","Defend_R","Defend_R","Bash","Havoc","Hemokinesis+1","Metallicize","Burning Pact+1","Anger","Intimidate+1","Anger"],"relics":["Burning Blood","NeowsBlessing","Potion Belt","Charon\u0027s Ashes","Medical Kit"],"acts_visited":["Exordium"],"potions_floor_usage":[7,14,16],"damage_taken":[{"damage":0,"enemies":"Cultist","floor":1,"turns":1},{"damage":0,"enemies":"2 Louse","floor":2,"turns":1},{"damage":0,"enemies":"Jaw Worm","floor":3,"turns":1},{"damage":7,"enemies":"Looter","floor":4,"turns":3},{"damage":9,"enemies":"Blue Slaver","floor":5,"turns":5},{"damage":37,"enemies":"Lagavulin","floor":7,"turns":7},{"damage":18,"enemies":"Red Slaver","floor":8,"turns":4},{"damage":2,"enemies":"2 Fungi Beasts","floor":12,"turns":3},{"damage":8,"enemies":"Exordium Thugs","floor":14,"turns":4},{"damage":30,"enemies":"Hexaghost","floor":16,"turns":7}],"seed_played":"1710697709046619165","potions_obtained":[{"floor":3,"key":"ElixirPotion"},{"floor":4,"key":"Weak Potion"},{"floor":7,"key":"Strength Potion"},{"floor":12,"key":"Block Potion"}],"is_trial":false,"path_per_floor":["M","M","M","M","M","R","E","M","T","$","?","M","R","M","R","B"],"character_chosen":"IRONCLAD","items_purchased":["Medical Kit"],"campfire_rested":0,"item_purchase_floors":[10],"current_hp_per_floor":[74,75,75,74,71,71,40,28,28,28,28,32,32,30,30,0,0],"gold":128,"neow_bonus":"THREE_ENEMY_KILL","is_daily":false,"chose_seed":false,"campfire_upgraded":3,"win_rate":0.0,"timestamp":1613698357,"path_taken":["M","?","M","M","M","R","E","M","T","$","?","M","R","M","R","BOSS"],"items_purchased_type":["Relic"],"build_version":"2020-12-22","purchased_purges":0,"victory":false,"max_hp_per_floor":[75,75,75,75,75,75,75,75,75,75,75,75,75,75,75,75,75],"relic_stats":{"counters":[10,36],"Charon\u0027s Ashes":[42],"Medical Kit":[0],"obtain_stats":[{"Potion Belt":7,"NeowsBlessing":0,"Charon\u0027s Ashes":9,"Medical Kit":10,"Burning Blood":0},{"Potion Belt":6,"NeowsBlessing":0,"Charon\u0027s Ashes":7,"Medical Kit":7,"Burning Blood":0},{"Potion Belt":18,"NeowsBlessing":0,"Charon\u0027s Ashes":22,"Medical Kit":22,"Burning Blood":0}],"Burning Blood":43},"card_choices":[{"not_picked":["Armaments","Sword Boomerang"],"picked":"Havoc","floor":1},{"not_picked":["Twin Strike","Wild Strike"],"picked":"Hemokinesis","floor":2},{"not_picked":["Metallicize","Sword Boomerang","Dark Embrace"],"picked":"SKIP","floor":3},{"not_picked":["Sword Boomerang","Dark Embrace"],"picked":"Metallicize","floor":3},{"not_picked":["Second Wind","Wild Strike","Reaper"],"picked":"SKIP","floor":4},{"not_picked":["Havoc","Thunderclap"],"picked":"Burning Pact","floor":5},{"not_picked":["Body Slam","Iron Wave"],"picked":"Anger","floor":7},{"not_picked":["Pommel Strike","Iron Wave"],"picked":"Intimidate","floor":8},{"not_picked":["Twin Strike","Perfected Strike"],"picked":"Anger","floor":12},{"not_picked":["Intimidate","Brutality","Cleave"],"picked":"SKIP","floor":14}],"player_experience":859184,"relics_obtained":[{"floor":7,"key":"Potion Belt"},{"floor":9,"key":"Charon\u0027s Ashes"}],"event_choices":[{"damage_healed":0,"gold_gain":66,"player_choice":"Gained Gold","damage_taken":0,"max_hp_gain":0,"max_hp_loss":0,"event_name":"Golden Wing","floor":11,"gold_loss":0}],"is_beta":false,"boss_relics":[],"items_purged_floors":[],"is_endless":false,"potions_floor_spawned":[3,4,7,12],"killed_by":"Hexaghost","ascension_level":18}}