{"host":"eglukmwb6rueyn6u","time":1613729938,"event":{"mods":["AchievementEnabler","BaseMod","Colored Powertips","Highlight Path","Minty Spire (QoL Compilation)"],"gold_per_floor":[116,2,2,13,27,27,47,47,47,47,222,222,237,256,256,353,353,369,380,380,330,347,347,359,359,384,398,398,412,422,105,105,105,105],"floor_reached":33,"language":"ENG","playtime":5851,"items_purged":["Defend_B","Strike_B"],"score":241,"play_id":"ae737443-42ba-49f2-8bb2-97ba1818e3b9","local_time":"20210219121858","is_ascension_mode":false,"campfire_choices":[{"data":"Dualcast","floor":6.0,"key":"SMITH"},{"data":"BootSequence","floor":8.0,"key":"SMITH"},{"data":"Doom and Gloom","floor":10.0,"key":"SMITH"},{"data":"Barrage","floor":15.0,"key":"SMITH"},{"data":"RitualDagger","floor":23.0,"key":"SMITH"},{"floor":28.0,"key":"REST"},{"data":"Loop","floor":32.0,"key":"SMITH"}],"circlet_count":0,"master_deck":["Strike_B","Strike_B","Strike_B","Defend_B","Defend_B","Defend_B","Zap+1","Dualcast+1","Genetic Algorithm+1","Undo","BootSequence+1","Doom and Gloom+1","Doubt","Barrage+1","Leap","Cold Snap","Barrage","RitualDagger+1","Sweeping Beam+1","Ball Lightning","Compile Driver","Coolheaded+1","Loop+1"],"relics":["Cracked Core","Nuclear Battery","Nloth\u0027s Gift","MealTicket","Happy Flower"],"acts_visited":["Exordium","TheCity"],"potions_floor_usage":[33,33],"damage_taken":[{"damage":0.0,"enemies":"Small Slimes","floor":1.0,"turns":3.0},{"damage":0.0,"enemies":"Cultist","floor":4.0,"turns":4.0},{"damage":0.0,"enemies":"2 Louse","floor":5.0,"turns":2.0},{"damage":1.0,"enemies":"Large Slime","floor":7.0,"turns":4.0},{"damage":0.0,"enemies":"Blue Slaver","floor":13.0,"turns":3.0},{"damage":10.0,"enemies":"Lots of Slimes","floor":14.0,"turns":4.0},{"damage":42.0,"enemies":"Slime Boss","floor":16.0,"turns":10.0},{"damage":0.0,"enemies":"Chosen","floor":18.0,"turns":4.0},{"damage":5.0,"enemies":"2 Thieves","floor":19.0,"turns":4.0},{"damage":14.0,"enemies":"Snecko","floor":22.0,"turns":6.0},{"damage":15.0,"enemies":"Cultist and Chosen","floor":24.0,"turns":6.0},{"damage":23.0,"enemies":"Snake Plant","floor":27.0,"turns":5.0},{"damage":5.0,"enemies":"Centurion and Healer","floor":29.0,"turns":5.0},{"damage":0.0,"enemies":"Cultist and Chosen","floor":30.0,"turns":4.0},{"damage":56,"enemies":"Collector","floor":33,"turns":6}],"seed_played":"6460357223613541440","potions_obtained":[{"floor":1.0,"key":"Dexterity Potion"},{"floor":7.0,"key":"FearPotion"},{"floor":13.0,"key":"ColorlessPotion"},{"floor":19.0,"key":"DistilledChaos"},{"floor":30.0,"key":"SmokeBomb"}],"is_trial":false,"path_per_floor":["M","$","?","M","M","R","M","R","T","R","?","?","M","M","R","B",null,"M","M","?","?","M","R","M","?","T","M","R","M","M","$","R","B"],"character_chosen":"DEFECT","items_purchased":["Undo","Happy Flower","Loop"],"campfire_rested":1,"item_purchase_floors":[2,31,31],"current_hp_per_floor":[75,75,75,75,75,75,74,74,74,74,74,74,74,64,64,22,75,75,70,64,64,50,50,35,35,35,12,34,29,29,44,44,0,0],"gold":105,"neow_bonus":"UPGRADE_CARD","is_daily":false,"chose_seed":false,"campfire_upgraded":6,"win_rate":0.0,"timestamp":1613729938,"path_taken":["M","$","?","M","M","R","?","R","T","R","?","?","M","M","R","BOSS","M","M","?","?","?","R","M","?","T","?","R","M","M","$","R","BOSS"],"items_purchased_type":["Card","Relic","Card"],"build_version":"2020-12-22","purchased_purges":2,"victory":false,"max_hp_per_floor":[75,75,75,75,75,75,75,75,75,75,75,75,75,75,75,75,75,75,75,75,75,75,75,75,75,75,75,75,75,75,75,75,75,75],"card_choices":[{"not_picked":["Chaos","Stack"],"picked":"Genetic Algorithm","floor":1.0},{"not_picked":["Sweeping Beam","Barrage"],"picked":"BootSequence","floor":4.0},{"not_picked":["Reinforced Body","Darkness"],"picked":"Doom and Gloom","floor":5.0},{"not_picked":["Turbo","Force Field","White Noise"],"picked":"SKIP","floor":7.0},{"not_picked":["Skim","Undo"],"picked":"Barrage","floor":13.0},{"not_picked":["Rebound","Reprogram"],"picked":"Leap","floor":14.0},{"not_picked":["Turbo+1","Self Repair"],"picked":"Cold Snap","floor":18.0},{"not_picked":["Coolheaded","Hologram"],"picked":"Barrage","floor":19.0},{"not_picked":["Static Discharge","Streamline"],"picked":"Sweeping Beam+1","floor":22.0},{"not_picked":["Recycle","Sunder"],"picked":"Ball Lightning","floor":24.0},{"not_picked":["Doom and Gloom","Rebound"],"picked":"Compile Driver","floor":27.0},{"not_picked":["Sunder","Sweeping Beam","Heatsinks+1"],"picked":"SKIP","floor":29.0},{"not_picked":["Force Field+1","Steam"],"picked":"Coolheaded+1","floor":30.0}],"player_experience":100418,"relics_obtained":[{"floor":9.0,"key":"Bag of Preparation"},{"floor":26.0,"key":"MealTicket"}],"event_choices":[{"damage_healed":0.0,"max_hp_gain":0.0,"max_hp_loss":0.0,"gold_gain":0.0,"event_name":"Upgrade Shrine","player_choice":"Upgraded","floor":3.0,"gold_loss":0.0,"damage_taken":0.0,"cards_upgraded":["Genetic Algorithm"]},{"damage_healed":0.0,"max_hp_gain":0.0,"max_hp_loss":0.0,"gold_gain":175.0,"event_name":"Liars Game","player_choice":"AGREE","floor":11.0,"gold_loss":0.0,"damage_taken":0.0,"cards_obtained":["Doubt"]},{"damage_healed":0.0,"max_hp_gain":0.0,"max_hp_loss":0.0,"gold_gain":0.0,"event_name":"Dead Adventurer","player_choice":"Searched \u00271\u0027 times","floor":12.0,"gold_loss":0.0,"damage_taken":0.0},{"damage_healed":0.0,"max_hp_gain":0.0,"max_hp_loss":0.0,"gold_gain":0.0,"event_name":"Nest","player_choice":"Joined the Cult","floor":20.0,"gold_loss":0.0,"damage_taken":6.0,"cards_obtained":["RitualDagger"]},{"damage_healed":0.0,"max_hp_gain":0.0,"max_hp_loss":0.0,"gold_gain":0.0,"event_name":"The Joust","player_choice":"Bet on Owner","floor":21.0,"gold_loss":50.0,"damage_taken":0.0},{"damage_healed":0.0,"max_hp_gain":0.0,"max_hp_loss":0.0,"gold_gain":0.0,"event_name":"N\u0027loth","player_choice":"Traded Relic","floor":25.0,"relics_lost":["Bag of Preparation"],"gold_loss":0.0,"damage_taken":0.0,"relics_obtained":["Nloth\u0027s Gift"]}],"is_beta":false,"boss_relics":[{"not_picked":["Velvet Choker","Cursed Key"],"picked":"Nuclear Battery"}],"items_purged_floors":[2,31],"is_endless":false,"potions_floor_spawned":[1,7,13,14,19,22,27,30],"killed_by":"Collector","ascension_level":0}}