{"host":"jx3f6ezc0g3s9edc","time":1613700774,"event":{"mods":["AchievementEnabler","BaseMod","Bestiary","Colored Map","Highlight Path","Minty Spire (QoL Compilation)","StSLib"],"gold_per_floor":[109,209,221,40,55,55,68,68,68,81,81,108,119,149,161,268,280,310,28,47,62,62,62,79,79,105,105,105],"floor_reached":27,"language":"ENG","playtime":2498,"items_purged":[],"score":340,"play_id":"68704f67-96b7-4568-90cf-5ee17ed62b1e","local_time":"20210218211254","is_ascension_mode":true,"campfire_choices":[{"data":"Apotheosis","floor":6,"key":"SMITH"},{"data":"White Noise","floor":8,"key":"SMITH"},{"floor":11,"key":"REST"},{"data":"Dualcast","floor":15,"key":"SMITH"},{"floor":23,"key":"REST"}],"circlet_count":0,"master_deck":["Defend_B","Defend_B","Defend_B","Zap","Dualcast+1","White Noise+1","Coolheaded","Cold Snap","Apotheosis+1","Barrage","Cold Snap","Sweeping Beam","FTL","Streamline","Conserve Battery","Creative AI","Compile Driver+1","Sunder+1","Beam Cell","Consume","Conserve Battery","Amplify","Capacitor","Consume"],"relics":["Cracked Core","Ornamental Fan","Pear","MawBank","Astrolabe","Medical Kit","Pen Nib","Tiny Chest"],"acts_visited":["Exordium","TheCity"],"potions_floor_usage":[7,10,16,21],"damage_taken":[{"damage":11.0,"enemies":"2 Louse","floor":1.0,"turns":4.0},{"damage":1.0,"enemies":"Cultist","floor":3.0,"turns":6.0},{"damage":10,"enemies":"Small Slimes","floor":5,"turns":3},{"damage":2,"enemies":"3 Louse","floor":7,"turns":5},{"damage":3,"enemies":"Looter","floor":10,"turns":2},{"damage":10,"enemies":"3 Sentries","floor":12,"turns":7},{"damage":0,"enemies":"Large Slime","floor":13,"turns":5},{"damage":6,"enemies":"Lagavulin","floor":14,"turns":5},{"damage":11,"enemies":"Hexaghost","floor":16,"turns":8},{"damage":44,"enemies":"3 Byrds","floor":18,"turns":5},{"damage":14,"enemies":"2 Thieves","floor":20,"turns":2},{"damage":20,"enemies":"Sentry and Sphere","floor":21,"turns":4},{"damage":22,"enemies":"Centurion and Healer","floor":24,"turns":7},{"damage":8,"enemies":"Colosseum Slavers","floor":27,"turns":1}],"seed_played":"6355967256284132798","potions_obtained":[{"floor":1.0,"key":"DistilledChaos"},{"floor":5,"key":"SteroidPotion"},{"floor":7,"key":"Fruit Juice"},{"floor":12,"key":"SkillPotion"},{"floor":20,"key":"SkillPotion"},{"floor":24,"key":"Swift Potion"}],"is_trial":false,"path_per_floor":["M","?","M","$","M","R","M","R","T","M","R","E","M","E","R","B",null,"M","$","M","M","?","R","M","?","T","?"],"character_chosen":"DEFECT","items_purchased":["Apotheosis","Medical Kit","Pen Nib"],"campfire_rested":2,"item_purchase_floors":[4,19,19],"current_hp_per_floor":[57,57,56,56,46,46,49,49,49,46,70,70,70,64,64,53,81,37,37,23,3,3,30,8,8,8,0,0],"gold":105,"neow_bonus":"TRANSFORM_CARD","is_daily":false,"chose_seed":false,"campfire_upgraded":3,"win_rate":0.0,"timestamp":1613700774,"path_taken":["M","?","M","$","?","R","M","R","T","M","R","E","M","E","R","BOSS","M","$","M","?","?","R","M","?","T","?"],"items_purchased_type":["Card","Relic","Relic"],"build_version":"2020-12-22","purchased_purges":0,"victory":false,"max_hp_per_floor":[75,75,75,75,75,75,80,80,80,80,80,90,90,90,90,90,90,90,90,90,90,90,90,90,90,90,90,90],"card_choices":[{"not_picked":["Undo","Steam"],"picked":"Coolheaded","floor":1.0},{"not_picked":["Steam","Glacier"],"picked":"Cold Snap","floor":3.0},{"not_picked":["Fission","Steam Power"],"picked":"Barrage","floor":5},{"not_picked":["Loop","Barrage"],"picked":"Cold Snap","floor":7},{"not_picked":["Leap","Rebound"],"picked":"Sweeping Beam","floor":10},{"not_picked":["Compile Driver","Rebound"],"picked":"FTL","floor":12},{"not_picked":["Auto Shields","Reprogram"],"picked":"Streamline","floor":13},{"not_picked":["Rip and Tear","Auto Shields"],"picked":"Conserve Battery","floor":14},{"not_picked":["Core Surge","Amplify"],"picked":"Creative AI","floor":16},{"not_picked":["Rebound","Steam"],"picked":"Beam Cell","floor":18},{"not_picked":["Fusion","Rebound"],"picked":"Consume","floor":20},{"not_picked":["Gash","Beam Cell"],"picked":"Conserve Battery","floor":21},{"not_picked":["Force Field","Gash"],"picked":"Amplify","floor":24}],"player_experience":886900,"relics_obtained":[{"floor":9,"key":"Ornamental Fan"},{"floor":12,"key":"Pear"},{"floor":14,"key":"MawBank"},{"floor":26,"key":"Tiny Chest"}],"event_choices":[{"damage_healed":0.0,"max_hp_gain":0.0,"max_hp_loss":0.0,"gold_gain":100.0,"event_name":"Golden Shrine","player_choice":"Pray","floor":2.0,"gold_loss":0.0,"damage_taken":0.0},{"damage_healed":0,"gold_gain":0,"cards_transformed":["Defend_B","Sunder"],"player_choice":"Became Test Subject","damage_taken":0,"max_hp_gain":0,"max_hp_loss":0,"event_name":"Drug Dealer","floor":25,"gold_loss":0,"cards_obtained":["Capacitor","Consume"]},{"damage_healed":0,"gold_gain":0,"player_choice":"Fight","damage_taken":0,"max_hp_gain":0,"max_hp_loss":0,"event_name":"Colosseum","floor":27,"gold_loss":0}],"is_beta":false,"boss_relics":[{"not_picked":["Busted Crown","Philosopher\u0027s Stone"],"picked":"Astrolabe"}],"items_purged_floors":[],"is_endless":false,"potions_floor_spawned":[1,5,7,12,20,24],"killed_by":"Colosseum Slavers","ascension_level":8}}