{"host":"qheym18ww6mhskxf","time":1613709353,"event":{"mods":["100% Spire Juice","BaseMod","CapriCore","Friendly Minions","GungeonMod","KOR Keyword Fix","Kiyohime£¨?ýï£©","Minty Spire (QoL Compilation)","Prisma Mod","Quick Restart","Rare Cards Sparkle","Shop Mod","Spicy Shops","StSLib","Td1madao Mod","The Dragon Tamer","Username Fix"],"gold_per_floor":[117,136,17,17,17,17,30,30,112,135,168,65,65,100,100,100,100],"floor_reached":16,"language":"KOR","playtime":350,"items_purged":["Strike_R"],"score":316,"play_id":"c2aeaded-c9fe-41a4-952d-5ead7e2af79f","local_time":"20210219133553","daily_mods":["Heirloom","Time Dilation","DeadlyEvents","Elite Swarm"],"is_ascension_mode":true,"campfire_choices":[{"data":"Pommel Strike","floor":6.0,"key":"SMITH"},{"data":"Twin Strike","floor":8.0,"key":"SMITH"},{"data":"Pommel Strike","floor":13.0,"key":"SMITH"},{"data":"Bash","floor":15.0,"key":"SMITH"}],"circlet_count":0,"master_deck":["AscendersBane","Strike_R","Strike_R","Strike_R","Strike_R","Defend_R","Defend_R","Defend_R","Defend_R","Bash+1","Pommel Strike+1","Twin Strike+1","Pommel Strike+1"],"relics":["Burning Blood","DemoMod:NanoMachines","Golden Idol","Charon\u0027s Ashes","MerchantsRug","Magic Flower"],"acts_visited":["Exordium"],"potions_floor_usage":[],"damage_taken":[{"damage":0.0,"enemies":"Cultist","floor":1.0,"turns":3.0},{"damage":4.0,"enemies":"Jaw Worm","floor":2.0,"turns":4.0},{"damage":0.0,"enemies":"2 Louse","floor":7.0,"turns":3.0},{"damage":8.0,"enemies":"Red Slaver","floor":10.0,"turns":4.0},{"damage":6.0,"enemies":"Gremlin Nob","floor":11.0,"turns":3.0},{"damage":29.0,"enemies":"Lagavulin","floor":14.0,"turns":5.0},{"damage":41,"enemies":"The Guardian","floor":16,"turns":10}],"seed_played":"-4145343264816835394","potions_obtained":[{"floor":2.0,"key":"Fire Potion"},{"floor":7.0,"key":"PowerPotion"}],"is_trial":true,"path_per_floor":["M","M","$","?","?","R","M","R","T","M","E","$","R","E","R","B"],"character_chosen":"IRONCLAD","items_purchased":["DemoMod:PoisonVial","Pommel Strike","MerchantsRug"],"campfire_rested":0,"item_purchase_floors":[3,3,12],"current_hp_per_floor":[74,75,75,68,73,73,73,73,73,71,71,71,71,48,48,7,7],"gold":100,"neow_bonus":"","is_daily":false,"chose_seed":false,"campfire_upgraded":4,"win_rate":0.0,"timestamp":1613709353,"path_taken":["M","M","$","?","?","R","M","R","T","?","E","$","R","E","R","BOSS"],"items_purchased_type":["Relic","Card","Relic"],"build_version":"2020-12-22","purchased_purges":1,"victory":false,"max_hp_per_floor":[75,75,75,68,73,73,73,73,73,73,73,73,73,73,73,73,73],"card_choices":[{"not_picked":["Wild Strike","Iron Wave"],"picked":"Pommel Strike","floor":1.0},{"not_picked":["Havoc","PrismaMod:ChloeEyeOfTheEuryale"],"picked":"Twin Strike","floor":2.0},{"not_picked":["PrismaMod:ChloeDiscardRecovery","Sentinel","Pummel"],"picked":"SKIP","floor":7.0},{"not_picked":["PrismaMod:ChloeDiscardRecovery","Pommel Strike","Sentinel"],"picked":"SKIP","floor":10.0},{"not_picked":["PrismaMod:ChloeAnyCommonTrace","PrismaMod:ChloeGreatTracePools","PrismaMod:ChloeDoubleRelicSpeed"],"picked":"SKIP","floor":11.0},{"not_picked":["Feed","PrismaMod:ChloeDoubleRelicSpeed","PrismaMod:ChloeCarnivalAOEAttack"],"picked":"SKIP","floor":14.0}],"player_experience":510229,"relics_obtained":[{"floor":9.0,"key":"Darkstone Periapt"},{"floor":11.0,"key":"Charon\u0027s Ashes"},{"floor":14.0,"key":"Magic Flower"}],"event_choices":[{"damage_healed":0.0,"max_hp_gain":0.0,"max_hp_loss":7.0,"gold_gain":0.0,"event_name":"Golden Idol","player_choice":"Lose Max HP","floor":4.0,"gold_loss":0.0,"damage_taken":0.0,"relics_obtained":["Golden Idol"]},{"damage_healed":0.0,"max_hp_gain":5.0,"max_hp_loss":0.0,"gold_gain":0.0,"event_name":"Big Fish","player_choice":"Donut","floor":5.0,"gold_loss":0.0,"damage_taken":0.0}],"is_beta":false,"boss_relics":[],"items_purged_floors":[12],"is_endless":true,"potions_floor_spawned":[2,7],"killed_by":"The Guardian","ascension_level":20}}