{"host":"5n1fl7z5i1vf7jan","time":1613702705,"event":{"mods":["BaseMod","Minty Spire (QoL Compilation)","Quick Restart","Relic Stats"],"gold_per_floor":[114,26,26,26,45,79,95,95,118,131,150,177,105,119,119,190,190,205,205,221,221,233,233,233,233],"floor_reached":24,"language":"ENG","playtime":1699,"items_purged":[],"score":466,"play_id":"cd5192bc-10e6-4d97-b4c1-f9ba82427519","local_time":"20210218184505","is_ascension_mode":true,"campfire_choices":[{"data":"Predator","floor":8.0,"key":"SMITH"},{"floor":15.0,"key":"REST"},{"floor":23,"key":"REST"}],"circlet_count":0,"master_deck":["AscendersBane","Strike_G","Strike_G+1","Strike_G","Strike_G","Strike_G","Defend_G","Defend_G","Defend_G","Defend_G","Defend_G","Survivor+1","Neutralize","Dagger Throw","Predator+1","Cloak And Dagger","Backstab","Sucker Punch","Acrobatics","Cloak And Dagger","Leg Sweep","Caltrops","Deflect","Die Die Die","Writhe","Well Laid Plans+1","Flying Knee+1","Dagger Spray"],"relics":["Ring of the Serpent","NeowsBlessing","Dream Catcher","Bronze Scales","Pocketwatch","Bag of Preparation","Letter Opener"],"acts_visited":["Exordium","TheCity"],"potions_floor_usage":[],"damage_taken":[{"damage":0.0,"enemies":"Small Slimes","floor":1.0,"turns":1.0},{"damage":0.0,"enemies":"Jaw Worm","floor":5.0,"turns":1.0},{"damage":0.0,"enemies":"Lagavulin","floor":6.0,"turns":1.0},{"damage":0.0,"enemies":"Cultist","floor":7.0,"turns":3.0},{"damage":3.0,"enemies":"Large Slime","floor":10.0,"turns":4.0},{"damage":0.0,"enemies":"2 Fungi Beasts","floor":11.0,"turns":3.0},{"damage":11.0,"enemies":"3 Sentries","floor":12.0,"turns":6.0},{"damage":10.0,"enemies":"Exordium Wildlife","floor":14.0,"turns":5.0},{"damage":19.0,"enemies":"The Guardian","floor":16.0,"turns":13.0},{"damage":15,"enemies":"Spheric Guardian","floor":18,"turns":4},{"damage":0,"enemies":"3 Byrds","floor":20,"turns":1},{"damage":13,"enemies":"3 Cultists","floor":22,"turns":5},{"damage":80,"enemies":"Gremlin Leader","floor":24,"turns":13}],"seed_played":"443371675993978245","potions_obtained":[{"floor":1.0,"key":"SteroidPotion"},{"floor":5.0,"key":"Ancient Potion"},{"floor":6.0,"key":"ColorlessPotion"},{"floor":7.0,"key":"Fire Potion"},{"floor":14.0,"key":"Block Potion"}],"is_trial":false,"path_per_floor":["M","$","?","?","M","E","M","R","T","M","M","E","?","M","R","B",null,"M","?","M","T","M","R","E"],"character_chosen":"THE_SILENT","items_purchased":["Predator"],"campfire_rested":2,"item_purchase_floors":[2],"current_hp_per_floor":[59,59,64,43,43,43,43,43,43,40,40,29,29,19,40,21,59,44,44,44,44,31,52,0,0],"gold":233,"neow_bonus":"THREE_ENEMY_KILL","is_daily":false,"chose_seed":false,"campfire_upgraded":1,"win_rate":0.0,"timestamp":1613702705,"path_taken":["M","$","?","?","M","E","M","R","T","M","M","E","?","M","R","BOSS","M","?","M","?","M","R","E"],"items_purchased_type":["Card"],"build_version":"2020-12-22","purchased_purges":0,"victory":false,"max_hp_per_floor":[66,66,71,71,71,71,71,71,71,71,71,71,71,71,71,71,71,71,71,71,71,71,71,71,71],"relic_stats":{"Dream Catcher":2,"counters":[13,60],"Bronze Scales":[165],"Bag of Preparation":[6],"Letter Opener":[25],"obtain_stats":[{"Dream Catcher":6,"NeowsBlessing":0,"Bronze Scales":9,"Bag of Preparation":19,"Letter Opener":21,"Ring of the Serpent":17,"Ring of the Snake":0,"Pocketwatch":12},{"Dream Catcher":3,"NeowsBlessing":0,"Bronze Scales":4,"Bag of Preparation":10,"Letter Opener":11,"Ring of the Serpent":9,"Ring of the Snake":0,"Pocketwatch":7},{"Dream Catcher":3,"NeowsBlessing":0,"Bronze Scales":6,"Bag of Preparation":41,"Letter Opener":42,"Ring of the Serpent":37,"Ring of the Snake":0,"Pocketwatch":19}],"Pocketwatch":[57]},"card_choices":[{"not_picked":["Endless Agony","Accuracy"],"picked":"Dagger Throw","floor":1.0},{"not_picked":["Distraction","Setup"],"picked":"Cloak And Dagger","floor":5.0},{"not_picked":["Flying Knee","Backflip"],"picked":"Backstab","floor":6.0},{"not_picked":["Deflect","Catalyst"],"picked":"Sucker Punch","floor":7.0},{"not_picked":["PiercingWail","Heel Hook"],"picked":"Acrobatics","floor":10.0},{"not_picked":["Dagger Throw","Backflip"],"picked":"Cloak And Dagger","floor":11.0},{"not_picked":["Flying Knee","Dagger Throw"],"picked":"Leg Sweep","floor":12.0},{"not_picked":["Dagger Spray","Outmaneuver"],"picked":"Caltrops","floor":14.0},{"not_picked":["Distraction","Slice"],"picked":"Deflect","floor":15.0},{"not_picked":["Bullet Time","Tools of the Trade"],"picked":"Die Die Die","floor":16.0},{"not_picked":["Heel Hook+1","Noxious Fumes","Prepared"],"picked":"SKIP","floor":18},{"not_picked":["Finisher","Outmaneuver"],"picked":"Well Laid Plans+1","floor":20},{"not_picked":["Deflect","Sucker Punch"],"picked":"Flying Knee+1","floor":22},{"not_picked":["Dagger Throw","Crippling Poison"],"picked":"Dagger Spray","floor":23}],"player_experience":358660,"relics_obtained":[{"floor":6.0,"key":"Dream Catcher"},{"floor":9.0,"key":"Bronze Scales"},{"floor":12.0,"key":"Pocketwatch"},{"floor":21,"key":"Letter Opener"}],"event_choices":[{"damage_healed":0.0,"max_hp_gain":5.0,"max_hp_loss":0.0,"gold_gain":0.0,"event_name":"Big Fish","player_choice":"Donut","floor":3.0,"gold_loss":0.0,"damage_taken":0.0},{"damage_healed":0.0,"max_hp_gain":0.0,"max_hp_loss":0.0,"gold_gain":0.0,"event_name":"Shining Light","player_choice":"Entered Light","floor":4.0,"gold_loss":0.0,"damage_taken":21.0,"cards_upgraded":["Strike_G","Survivor"]},{"damage_healed":0.0,"max_hp_gain":0.0,"max_hp_loss":0.0,"gold_gain":0.0,"event_name":"World of Goop","player_choice":"Left Gold","floor":13.0,"gold_loss":72.0,"damage_taken":0.0},{"damage_healed":0,"gold_gain":0,"player_choice":"Opened","damage_taken":0,"relics_obtained":["Bag of Preparation"],"max_hp_gain":0,"max_hp_loss":0,"event_name":"The Mausoleum","floor":19,"gold_loss":0,"cards_obtained":["Writhe"]}],"is_beta":false,"boss_relics":[{"not_picked":["Ectoplasm","Snecko Eye"],"picked":"Ring of the Serpent"}],"items_purged_floors":[],"is_endless":false,"potions_floor_spawned":[1,5,6,7,14],"killed_by":"Gremlin Leader","ascension_level":20}}