{"host":"8ztb9kwpjc2zof9s","time":1613776623,"event":{"mods":["BaseMod","Block Reminder","Curses Come First","Minty Spire (QoL Compilation)","Relic Stats","StSLib"],"gold_per_floor":[117,133,133,22,22,22,51,51,51,326,342,362,375,375,375,454,454,469,519,537,537,537],"floor_reached":21,"language":"ENG","playtime":654,"items_purged":[],"score":337,"play_id":"774fb05a-1ee5-4fcf-bdd1-342cbb8ed9c1","local_time":"20210219151703","is_ascension_mode":true,"campfire_choices":[{"data":"Leg Sweep","floor":6.0,"key":"SMITH"},{"data":"Noxious Fumes","floor":15.0,"key":"SMITH"}],"circlet_count":0,"master_deck":["AscendersBane","Strike_G","Strike_G","Strike_G","Strike_G","Defend_G","Defend_G","Defend_G","Defend_G","Defend_G","Survivor","Neutralize","Slice","Cloak And Dagger","Infinite Blades","Leg Sweep+1","Noxious Fumes+1","Regret","Blade Dance","Backflip","Leg Sweep","Envenom","Leg Sweep","Blur"],"relics":["Ring of the Snake","NeowsBlessing","Akabeko","Orichalcum","Pantograph","Cursed Key"],"acts_visited":["Exordium","TheCity"],"potions_floor_usage":[21],"damage_taken":[{"damage":0.0,"enemies":"2 Louse","floor":1.0,"turns":1.0},{"damage":0.0,"enemies":"Jaw Worm","floor":2.0,"turns":1.0},{"damage":0.0,"enemies":"3 Sentries","floor":7.0,"turns":1.0},{"damage":9.0,"enemies":"Small Slimes","floor":11.0,"turns":5.0},{"damage":2.0,"enemies":"Exordium Thugs","floor":12.0,"turns":5.0},{"damage":2.0,"enemies":"Blue Slaver","floor":13.0,"turns":5.0},{"damage":33.0,"enemies":"Slime Boss","floor":16.0,"turns":11.0},{"damage":13.0,"enemies":"3 Byrds","floor":18.0,"turns":7.0},{"damage":17.0,"enemies":"Chosen","floor":20.0,"turns":6.0},{"damage":39,"enemies":"Masked Bandits","floor":21,"turns":3}],"seed_played":"-4437525052993171195","potions_obtained":[{"floor":2.0,"key":"Swift Potion"},{"floor":12.0,"key":"Strength Potion"},{"floor":13.0,"key":"Energy Potion"},{"floor":18.0,"key":"BlessingOfTheForge"}],"is_trial":false,"path_per_floor":["M","M","?","$","?","R","E","?","T","?","M","M","M","?","R","B",null,"M","?","M","?"],"character_chosen":"THE_SILENT","items_purchased":["Infinite Blades","Leg Sweep"],"campfire_rested":0,"item_purchase_floors":[4,4],"current_hp_per_floor":[63,63,68,68,61,61,61,54,54,54,45,43,41,41,41,33,65,52,52,35,0,0],"gold":537,"neow_bonus":"THREE_ENEMY_KILL","is_daily":false,"chose_seed":false,"campfire_upgraded":2,"win_rate":0.0,"timestamp":1613776623,"path_taken":["M","M","?","$","?","R","E","?","T","?","M","?","M","?","R","BOSS","M","?","?","?"],"items_purchased_type":["Card","Card"],"build_version":"2020-12-22","purchased_purges":0,"victory":false,"max_hp_per_floor":[70,70,75,75,75,75,75,75,75,75,75,75,75,75,75,75,75,75,75,75,75,75],"relic_stats":{"counters":[10,45],"Pantograph":25,"Orichalcum":[48],"Cursed Key":0,"obtain_stats":[{"NeowsBlessing":0,"Pantograph":9,"Orichalcum":7,"Cursed Key":17,"Akabeko":5,"Ring of the Snake":0},{"NeowsBlessing":0,"Pantograph":3,"Orichalcum":3,"Cursed Key":7,"Akabeko":2,"Ring of the Snake":0},{"NeowsBlessing":0,"Pantograph":3,"Orichalcum":3,"Cursed Key":29,"Akabeko":2,"Ring of the Snake":0}],"Ring of the Snake":[20]},"card_choices":[{"not_picked":["Slice","Dodge and Roll","Underhanded Strike"],"picked":"SKIP","floor":1.0},{"not_picked":["Dodge and Roll","Underhanded Strike"],"picked":"Slice","floor":1.0},{"not_picked":["All Out Attack","Skewer"],"picked":"Cloak And Dagger","floor":2.0},{"not_picked":["Reflex","Wraith Form v2"],"picked":"Noxious Fumes","floor":7.0},{"not_picked":["Reflex","Tactician"],"picked":"Blade Dance","floor":11.0},{"not_picked":["Slice","Sucker Punch"],"picked":"Backflip","floor":12.0},{"not_picked":["Blur","Terror"],"picked":"Leg Sweep","floor":13.0},{"not_picked":["Phantasmal Killer","Adrenaline"],"picked":"Envenom","floor":16.0},{"not_picked":["Bouncing Flask","Underhanded Strike"],"picked":"Leg Sweep","floor":18.0},{"not_picked":["Acrobatics","Expertise"],"picked":"Blur","floor":20.0}],"player_experience":358283,"relics_obtained":[{"floor":7.0,"key":"Orichalcum"},{"floor":9.0,"key":"Pantograph"}],"event_choices":[{"damage_healed":0.0,"max_hp_gain":5.0,"max_hp_loss":0.0,"gold_gain":0.0,"event_name":"Big Fish","player_choice":"Donut","floor":3.0,"gold_loss":0.0,"damage_taken":0.0},{"damage_healed":0.0,"max_hp_gain":0.0,"max_hp_loss":0.0,"gold_gain":0.0,"event_name":"Scrap Ooze","player_choice":"Success","floor":5.0,"gold_loss":0.0,"damage_taken":7.0,"relics_obtained":["Akabeko"]},{"cards_removed":["Strike_G"],"damage_healed":0.0,"max_hp_gain":0.0,"max_hp_loss":0.0,"gold_gain":0.0,"event_name":"Golden Wing","player_choice":"Card Removal","floor":8.0,"gold_loss":0.0,"damage_taken":7.0},{"damage_healed":0.0,"max_hp_gain":0.0,"max_hp_loss":0.0,"gold_gain":275.0,"event_name":"Golden Shrine","player_choice":"Desecrate","floor":10.0,"gold_loss":0.0,"damage_taken":0.0,"cards_obtained":["Regret"]},{"damage_healed":0.0,"max_hp_gain":0.0,"max_hp_loss":0.0,"gold_gain":0.0,"event_name":"Dead Adventurer","player_choice":"Searched \u00270\u0027 times","floor":14.0,"gold_loss":0.0,"damage_taken":0.0},{"damage_healed":0.0,"max_hp_gain":0.0,"max_hp_loss":0.0,"gold_gain":100.0,"event_name":"The Joust","player_choice":"Bet on Murderer","floor":19.0,"gold_loss":50.0,"damage_taken":0.0},{"damage_healed":0,"gold_gain":0,"player_choice":"Fought Bandits","damage_taken":0,"max_hp_gain":0,"max_hp_loss":0,"event_name":"Masked Bandits","floor":21,"gold_loss":0}],"is_beta":false,"boss_relics":[{"not_picked":["Runic Dome","Astrolabe"],"picked":"Cursed Key"}],"items_purged_floors":[],"is_endless":false,"potions_floor_spawned":[2,12,13,18],"killed_by":"Masked Bandits","ascension_level":13}}