{"host":"6u7moiwxtr8zcn5m","time":1613701523,"event":{"mods":["BaseMod","Downfall","Minty Spire (QoL Compilation)","Quick Restart","Reliquary","Replay The Spire","StSLib"],"gold_per_floor":[99,99,99,99,99,99,99,44,61,80,108,108,118,118,130,130,130,130],"floor_reached":16,"language":"ENG","playtime":975,"items_purged":[],"score":103,"play_id":"23bb1164-8a4e-47a4-88a6-05a8a69b8844","local_time":"20210218192523","is_ascension_mode":true,"campfire_choices":[{"floor":1,"key":"DIG"},{"floor":12,"key":"RECALL"}],"circlet_count":0,"master_deck":["bronze:Strike","bronze:Strike","bronze:Strike","bronze:Defend","bronze:Defend","bronze:Defend","bronze:Defend","bronze:Replicate","bronze:Goto","bronze:Constructor","bronze:MaxOutput","bronze:OilSpill","bronze:Frontload","bronze:BronzeOrb","bronze:DelayedSlice","bronze:BuggyMess","bronze:Iterate","bronze:Frontload","bronze:Spike","bronze:DazingPulse","bronze:Explode","bronze:BugBarrage","bronze:Fortify"],"relics":["bronze:BronzeCore","downfall:HeartsMalice","Toy Ornithopter","reliquary:PorcupineQuills","ReplayTheSpireMod:Lightbulb"],"acts_visited":["Exordium"],"potions_floor_usage":[16,16],"damage_taken":[{"damage":0,"enemies":"Small Slimes","floor":2,"turns":1},{"damage":0,"enemies":"Jaw Worm","floor":3,"turns":1},{"damage":0,"enemies":"2 Louse","floor":6,"turns":1},{"damage":0,"enemies":"downfall:FleeingMerchant","floor":8,"turns":4},{"damage":0,"enemies":"Exordium Wildlife","floor":9,"turns":4},{"damage":1,"enemies":"Large Slime","floor":10,"turns":5},{"damage":9,"enemies":"Replay:BlueRogue","floor":11,"turns":7},{"damage":3,"enemies":"Blue Slaver","floor":13,"turns":3},{"damage":39,"enemies":"Blue Slaver","floor":14,"turns":8},{"damage":0,"enemies":"downfall:LooterAlt","floor":15,"turns":3},{"damage":36,"enemies":"WA_ARCHETYPE_RETAIN","floor":16,"turns":7}],"seed_played":"5914272849623994711","potions_obtained":[{"floor":9,"key":"Venom Potion"},{"floor":10,"key":"SmokeBomb"},{"floor":13,"key":"Dexterity Potion"}],"is_trial":false,"path_per_floor":["R","M","M","?","?","M","T","$","M","M","E","R","M","?","M","B"],"character_chosen":"THE_AUTOMATON","items_purchased":["bronze:BronzeOrb"],"campfire_rested":0,"item_purchase_floors":[8],"current_hp_per_floor":[70,70,70,70,70,70,70,70,70,69,60,60,57,18,18,0,0,0],"gold":130,"neow_bonus":"THREE_ENEMY_KILL","is_daily":false,"chose_seed":false,"campfire_upgraded":0,"win_rate":0.0,"timestamp":1613701523,"path_taken":["R","M","M","?","?","M","T","?","M","M","E","R","M","?","M","BOSS"],"items_purchased_type":["Card"],"build_version":"2020-12-22","purchased_purges":0,"victory":false,"max_hp_per_floor":[70,70,70,70,70,70,70,70,70,70,70,70,70,70,70,70,70,70],"card_choices":[{"not_picked":["bronze:Backtrace","bronze:FineTuning"],"picked":"bronze:Constructor","floor":2},{"not_picked":["bronze:Deprecate","bronze:Allocate"],"picked":"bronze:MaxOutput","floor":3},{"not_picked":["bronze:DelayedGuard","bronze:Deprecate"],"picked":"bronze:OilSpill","floor":6},{"not_picked":["bronze:BronzeArmor","bronze:Return"],"picked":"bronze:Frontload","floor":8},{"not_picked":["bronze:NullPointer","bronze:ItsAFeature"],"picked":"bronze:DelayedSlice","floor":9},{"not_picked":["bronze:Shield","bronze:BugBarrage"],"picked":"bronze:BuggyMess","floor":10},{"not_picked":["bronze:MaxOutput","bronze:DelayedGuard"],"picked":"bronze:Iterate","floor":11},{"not_picked":["bronze:Refactor","bronze:Shell"],"picked":"bronze:Frontload","floor":13},{"not_picked":[],"picked":"bronze:Spike","floor":14},{"not_picked":[],"picked":"bronze:DazingPulse","floor":14},{"not_picked":[],"picked":"bronze:Explode","floor":14},{"not_picked":["bronze:InfiniteBeams","bronze:Branch"],"picked":"bronze:BugBarrage","floor":14},{"not_picked":["bronze:BuggyMess","bronze:NullPointer"],"picked":"bronze:Fortify","floor":15}],"player_experience":491962,"relics_obtained":[{"floor":1,"key":"Toy Ornithopter"},{"floor":7,"key":"reliquary:PorcupineQuills"},{"floor":11,"key":"ReplayTheSpireMod:Lightbulb"}],"event_choices":[],"is_beta":false,"boss_relics":[],"items_purged_floors":[],"is_endless":false,"potions_floor_spawned":[9,10,13,14,15],"killed_by":"WA_ARCHETYPE_RETAIN","ascension_level":1}}