{"host":"0rxdudjy6rylha1k","time":1613743058,"event":{"mods":["Aspiration","BaseMod","Colored Map","Colored Powertips","Downfall","Highlight Path","Hubris","Minty Spire (QoL Compilation)","StSLib"],"gold_per_floor":[99,119,137,147,164,183,236,236,262,62,62,62,95,80,97,196,196,96,116,136,154,139,139,162,262,297,297,297,297],"floor_reached":27,"language":"ENG","playtime":2029,"items_purged":[],"score":340,"play_id":"98fb474d-8ea3-4428-8048-92f9759aa3a5","local_time":"20210219065738","is_ascension_mode":true,"campfire_choices":[{"floor":1.0,"key":"RECALL"},{"floor":10.0,"key":"REST"},{"data":"hexamod:Float","floor":12.0,"key":"SMITH"},{"data":"hexamod:SwordOfDarkness","floor":18.0,"key":"SMITH"}],"circlet_count":0,"master_deck":["hexamod:Strike","hexamod:Strike","hexamod:Strike","hexamod:Strike","hexamod:Defend","hexamod:Defend","hexamod:Defend","hexamod:Defend","hexamod:Sear","hexamod:Float+1","hexamod:AdvancingGuard","hexamod:FourthSeal","hexamod:FirstSeal","hexamod:SwordOfDarkness+1","hexamod:SpectersWail","hexamod:ShieldOfDarkness","hexamod:PhantomFireball+1","hexamod:SoulSteal","hexamod:TimeWarp+1","hexamod:EmpoweredFlame+1","hexamod:Rewind","hexamod:SecondSeal","hexamod:NightmareGuise"],"relics":["hexamod:SpiritBrand","Molten Egg 2","downfall:HeartBlessingRed","downfall:HeartBlessingGreen","hubris:SphereOfDissonance","downfall:HeartBlessingBlue","Nunchaku","aspiration:Stabinomicon"],"acts_visited":["Exordium","TheCity"],"potions_floor_usage":[20,21,21,22,26,27],"damage_taken":[{"damage":1.0,"enemies":"2 Louse","floor":2.0,"turns":3.0},{"damage":8.0,"enemies":"Small Slimes","floor":3.0,"turns":6.0},{"damage":7.0,"enemies":"Jaw Worm","floor":4.0,"turns":3.0},{"damage":14.0,"enemies":"Red Slaver","floor":5.0,"turns":3.0},{"damage":21.0,"enemies":"Large Slime","floor":6.0,"turns":6.0},{"damage":10.0,"enemies":"Lagavulin","floor":9.0,"turns":7.0},{"damage":21.0,"enemies":"Gremlin Nob","floor":13.0,"turns":5.0},{"damage":0.0,"enemies":"downfall:FleeingMerchant","floor":14.0,"turns":4.0},{"damage":0.0,"enemies":"downfall:LooterAlt","floor":15.0,"turns":2.0},{"damage":27.0,"enemies":"DF_ARCHETYPE_STREAMLINE","floor":16.0,"turns":11.0},{"damage":15.0,"enemies":"3 Byrds","floor":19.0,"turns":5.0},{"damage":0,"enemies":"Spheric Guardian","floor":20,"turns":3},{"damage":18,"enemies":"3 Cultists","floor":21,"turns":5},{"damage":0,"enemies":"downfall:FleeingMerchant","floor":22,"turns":4},{"damage":66,"enemies":"Book of Stabbing","floor":26,"turns":7},{"damage":47,"enemies":"Chosen and Byrds","floor":27,"turns":4}],"seed_played":"-8225062626374687366","potions_obtained":[{"floor":3.0,"key":"CultistPotion"},{"floor":3.0,"key":"Energy Potion"},{"floor":4.0,"key":"hexamod:SoulburnPotion"},{"floor":5.0,"key":"hexamod:DoubleChargePotion"},{"floor":6.0,"key":"EntropicBrew"},{"floor":6.0,"key":"Block Potion"},{"floor":9.0,"key":"SteroidPotion"},{"floor":13.0,"key":"Guardian:BlockOnCardUsePotion"},{"floor":14.0,"key":"Block Potion"},{"floor":15.0,"key":"Fire Potion"},{"floor":16.0,"key":"sneckomod:MuddlingPotion"},{"floor":16.0,"key":"sneckomod:MuddlingPotion"},{"floor":19.0,"key":"SkillPotion"},{"floor":19.0,"key":"DistilledChaos"},{"floor":20,"key":"Regen Potion"},{"floor":21,"key":"Guardian:BlockOnCardUsePotion"},{"floor":22,"key":"SkillPotion"},{"floor":26,"key":"FairyPotion"},{"floor":26,"key":"PowerPotion"}],"is_trial":false,"path_per_floor":["R","M","M","M","M","M","T","?","E","R","?","R","E","$","M","B",null,"R","M","M","M","$","?","T","?","E","M"],"character_chosen":"THE_SPIRIT","items_purchased":[],"campfire_rested":1,"item_purchase_floors":[],"current_hp_per_floor":[63,62,54,54,47,33,33,33,30,51,51,51,37,44,44,24,59,69,61,61,64,71,71,71,71,12,0,0,0],"gold":297,"neow_bonus":"THREE_CARDS","is_daily":false,"chose_seed":false,"campfire_upgraded":2,"win_rate":0.0,"timestamp":1613743058,"path_taken":["R","M","M","M","M","M","T","?","E","R","?","R","E","?","M","BOSS","R","M","M","M","$","?","T","?","E","M"],"items_purchased_type":[],"build_version":"2020-12-22","purchased_purges":0,"victory":false,"max_hp_per_floor":[70,70,70,70,70,70,70,70,70,70,70,70,70,70,70,70,70,80,80,80,80,80,80,80,80,80,80,80,80],"card_choices":[{"not_picked":["hexamod:HauntingEcho","hexamod:FlamesFromBeyond"],"picked":"hexamod:AdvancingGuard","floor":0.0},{"not_picked":["hexamod:GhostLash","hexamod:HauntingEcho"],"picked":"hexamod:FourthSeal","floor":2.0},{"not_picked":["hexamod:FlamesFromBeyond","hexamod:SwordOfDarkness"],"picked":"hexamod:FirstSeal","floor":3.0},{"not_picked":["hexamod:DynamicBlow","hexamod:Haunt"],"picked":"hexamod:SwordOfDarkness","floor":4.0},{"not_picked":["hexamod:FlamesFromBeyond","hexamod:NightmareGuise","hexamod:GhostLash"],"picked":"SKIP","floor":5.0},{"not_picked":["hexamod:Firestarter","hexamod:ApocalypticArmor"],"picked":"hexamod:SpectersWail","floor":6.0},{"not_picked":["hexamod:BurningTouch","hexamod:RetreatToShadows","hexamod:ApocalypticArmor"],"picked":"SKIP","floor":9.0},{"not_picked":["hexamod:Hexaguard","hexamod:AdvancingGuard"],"picked":"hexamod:ShieldOfDarkness","floor":13.0},{"not_picked":["hexamod:HexaLevel","hexamod:FastForward"],"picked":"hexamod:PhantomFireball+1","floor":14.0},{"not_picked":["hexamod:HauntingEcho+1","hexamod:SkipABeat"],"picked":"hexamod:SoulSteal","floor":15.0},{"not_picked":["hexamod:ApocalypseNow","hexamod:ApocalypticArmor"],"picked":"hexamod:TimeWarp+1","floor":16.0},{"not_picked":["hexamod:SuperheatedStrike+1","hexamod:GhostLash+1"],"picked":"hexamod:EmpoweredFlame+1","floor":19.0},{"not_picked":["hexamod:SkipABeat","hexamod:PhantomCloak"],"picked":"hexamod:Rewind","floor":20},{"not_picked":["hexamod:InspiringFlames+1","hexamod:ThermalTransfer+1"],"picked":"hexamod:SecondSeal","floor":21},{"not_picked":["hexamod:SuperheatedStrike+1","hexamod:BacktrackSmack+1","hexamod:FirstSeal"],"picked":"SKIP","floor":22},{"not_picked":["hexamod:GhostLash+1","hexamod:GhostOfSpireFuture"],"picked":"hexamod:NightmareGuise","floor":26}],"player_experience":3010275,"relics_obtained":[{"floor":9.0,"key":"Molten Egg 2"},{"floor":13.0,"key":"hubris:SphereOfDissonance"},{"floor":24,"key":"Nunchaku"},{"floor":26,"key":"aspiration:Stabinomicon"}],"event_choices":[],"is_beta":false,"boss_relics":[{"not_picked":["hexamod:IceCube","Philosopher\u0027s Stone","hubris:TerracottaHorce"]}],"items_purged_floors":[],"is_endless":false,"potions_floor_spawned":[3,6,15,16,19,26],"killed_by":"Chosen and Byrds","ascension_level":8}}