{"host":"8elhr9pirthjn68a","time":1613747610,"event":{"mods":["ATMod(阿瑾Mod)","Act Like it!","Arknights","BaseMod","HumanHunterMod(怪物杀人mod)","Marisa（F雨　魔理沙）","Minty Spire (QoL Compilation)","Reimu（博丽灵梦）","RumiaBox-露米娅的神秘盒子","Ryuuou龙王","StSLib","TestMod","【功能Mod】聪明的最终Boss","【遗物卡牌】REMEMod"],"gold_per_floor":[116,291,306,3,403,438,515,528,528,528,559,579,579,595,595,706,706,721,721,458,458,458,458],"floor_reached":22,"language":"ZHS","playtime":658,"items_purged":["Strike_R"],"score":292,"play_id":"89502f40-8e16-45ac-bf20-b8570a8096fe","local_time":"20210219231330","is_ascension_mode":false,"campfire_choices":[{"data":"REME_EyeOfCthun","floor":10.0,"key":"SMITH"},{"data":"Infernal Blade","floor":13.0,"key":"SMITH"},{"data":"REME_BuildACard","floor":15.0,"key":"SMITH"}],"circlet_count":0,"master_deck":["Strike_R","Strike_R","Strike_R","Strike_R","Defend_R","Defend_R","Defend_R","Defend_R","Bash","REME_BuildACard+1","AT_TinkerSharpsword","Flex","Doubt","Infernal Blade+1","REME_EyeOfCthun+1","Offering","AT_IchimonjiDouble","Demon Form","Pommel Strike","testmod-VirtualReality","Pain"],"relics":["Burning Blood","REME_ComplimentaryCards","testmod-TestBox","testmod-StringDisintegrator","NeowsBlessing","testmod-TheFather","Matryoshka","SSSystem","Regal Pillow","EasyGame_NEW","WarpedTongs"],"acts_visited":["Exordium","TheCity"],"potions_floor_usage":[],"damage_taken":[{"damage":0.0,"enemies":"2 Louse","floor":1.0,"turns":1.0},{"damage":0.0,"enemies":"Jaw Worm","floor":3.0,"turns":1.0},{"damage":6.0,"enemies":"Lagavulin","floor":6.0,"turns":2.0},{"damage":0.0,"enemies":"Cultist","floor":8.0,"turns":2.0},{"damage":6.0,"enemies":"Gremlin Nob","floor":11.0,"turns":2.0},{"damage":0.0,"enemies":"3 Louse","floor":12.0,"turns":2.0},{"damage":6.0,"enemies":"Large Slime","floor":14.0,"turns":2.0},{"damage":6.0,"enemies":"Slime Boss","floor":16.0,"turns":8.0},{"damage":73,"enemies":"Shell Parasite","floor":18,"turns":9},{"damage":13,"enemies":"Chosen","floor":22,"turns":1}],"seed_played":"-1993014885816792848","potions_obtained":[{"floor":8.0,"key":"HeartOfIron"},{"floor":11.0,"key":"Strength Potion"},{"floor":12.0,"key":"FearPotion"}],"is_trial":false,"path_per_floor":["M","?","M","$","?","E","T","M","T","R","E","M","R","M","R","B",null,"M","?","$","?","M"],"character_chosen":"IRONCLAD","items_purchased":["REME_EyeOfCthun","Offering","testmod-VirtualReality"],"campfire_rested":0,"item_purchase_floors":[4,4,20],"current_hp_per_floor":[80,80,80,80,80,80,80,80,80,80,80,80,80,80,80,80,80,13,13,13,13,0,0],"gold":458,"neow_bonus":"THREE_ENEMY_KILL","is_daily":false,"chose_seed":false,"campfire_upgraded":3,"win_rate":0.0,"timestamp":1613747610,"path_taken":["M","?","M","$","?","E","?","M","T","R","E","M","R","?","R","BOSS","M","?","$","?","?"],"items_purchased_type":["Card","Card","Card"],"build_version":"2020-12-22","purchased_purges":1,"victory":false,"max_hp_per_floor":[80,80,80,80,80,80,80,80,80,80,80,80,80,80,80,80,80,80,80,80,80,80,80],"card_choices":[{"not_picked":["Havoc","Thunderclap"],"picked":"Flex","floor":1.0},{"not_picked":["Iron Wave","Anger"],"picked":"Infernal Blade","floor":3.0},{"not_picked":["Warcry","Power Through","Clothesline"],"picked":"SKIP","floor":6.0},{"not_picked":["AT_BodySlamDance","Anger","Carnage"],"picked":"SKIP","floor":8.0},{"not_picked":["Rampage","Clash"],"picked":"AT_IchimonjiDouble","floor":11.0},{"not_picked":["Flex","Cleave","Headbutt"],"picked":"SKIP","floor":12.0},{"not_picked":["AT_CaressingTears","Bloodletting","REME_FearOfPain"],"picked":"SKIP","floor":14.0},{"not_picked":["Impervious","Fiend Fire"],"picked":"Demon Form","floor":16.0},{"not_picked":["Body Slam","Twin Strike+1"],"picked":"Pommel Strike","floor":18}],"player_experience":129013,"relics_obtained":[{"floor":6.0,"key":"testmod-TheFather"},{"floor":7.0,"key":"Matryoshka"},{"floor":9.0,"key":"SSSystem"},{"floor":11.0,"key":"Regal Pillow"}],"event_choices":[{"damage_healed":0.0,"max_hp_gain":0.0,"max_hp_loss":0.0,"gold_gain":175.0,"event_name":"Liars Game","player_choice":"AGREE","floor":2.0,"gold_loss":0.0,"damage_taken":0.0,"cards_obtained":["Doubt"]},{"damage_healed":0.0,"max_hp_gain":0.0,"max_hp_loss":0.0,"gold_gain":400.0,"event_name":"恩洛斯的盘子","player_choice":"Sell","floor":5.0,"relics_lost":["AT_ATBox"],"gold_loss":0.0,"damage_taken":0.0},{"damage_healed":0,"gold_gain":0,"player_choice":"Ignored","damage_taken":0,"max_hp_gain":0,"max_hp_loss":0,"event_name":"Vampires","floor":19,"gold_loss":0},{"damage_healed":0,"gold_gain":0,"player_choice":"Rummage","damage_taken":0,"relics_obtained":["WarpedTongs"],"max_hp_gain":0,"max_hp_loss":0,"event_name":"Accursed Blacksmith","floor":21,"gold_loss":0,"cards_obtained":["Pain"]}],"is_beta":false,"boss_relics":[{"not_picked":["RedLine:ReiMu","AddBug"],"picked":"EasyGame_NEW"}],"items_purged_floors":[20],"is_endless":false,"potions_floor_spawned":[8,11,12],"killed_by":"Chosen","ascension_level":0}}