{"host":"kmq7aw60w430zvtx","time":1613751937,"event":{"mods":["BaseMod","Downfall","GifTheSpireLib","Hermit","Hubris","Infinite Spire","Minty Spire (QoL Compilation)","Reliquary","Replay The Spire","Spire Arcade","StSLib","The Construct","The Cursed","The Hierophant","The Jungle","The Necromancer","The Runesmith"],"gold_per_floor":[113,127,127,127,145,145,145,145,145,65,83,103,121,132,132,232,232,243,255,86,86,123,150,150,425,425,440,456,456,456,456,456,554,554,570,580,580,580,599,599,626,654,734,754,754,795,818,852,852,852,852,852,201,241,241,241],"floor_reached":55,"language":"ENG","playtime":3644,"items_purged":["downfall:Bewildered","downfall:Malfunctioning"],"score":970,"play_id":"ffbb65e2-ba2d-4455-8aca-df2fdc75ded1","local_time":"20210219172537","is_ascension_mode":true,"campfire_choices":[{"data":"infinitespire:SevenWalls","floor":6,"key":"SMITH"},{"floor":8,"key":"RECALL"},{"data":"True Grit","floor":15,"key":"SMITH"},{"data":"Fire Breathing","floor":24,"key":"SMITH"},{"data":"Fire Breathing+1","floor":29,"key":"SMITH"},{"floor":32,"key":"REST"},{"floor":40,"key":"REST"},{"floor":45,"key":"REST"},{"floor":49,"key":"REST"},{"floor":52,"key":"REST"}],"circlet_count":0,"master_deck":["Strike_R","Strike_R","Strike_R","Strike_R","Defend_R","Defend_R","Defend_R","Defend_R","Bash","Anger","Replay:Undeath\u0027s Touch","Injury","infinitespire:SevenWalls+1","Regret","Anger","Disarm+1","Fire Breathing+2","Rampage","Wild Strike","Rage","True Grit+1","Double Tap","Iron Wave","Iron Wave+1","Finesse","ReplayTheSpireMod:Splinters","Battle Trance","Armaments","Regret","Disarm+1","Clothesline+1","infinitespire:SevenWalls","Demonic Infusion","Pommel Strike+1","Feel No Pain","Body Slam+1","Thunderclap+1","ReplayTheSpireMod:Stacked+1","Dual Wield","Impervious","Wild Strike+1","Wild Strike+1","Apotheosis","Armaments","Inflame","Juggernaut"],"relics":["Burning Blood","reliquary:Knoch","Calipers","reliquary:BigHammer","theJungle:BirthdayCake","Smiling Mask","MealTicket","Runic Dome","Ring of Hypnosis","ReplayTheSpireMod:Ring of Addiction","Toy Ornithopter","SacredBark","CeramicFish","Honey Jar","reliquary:JackalopeAntler","infinitespire:Eraser","CaptainsWheel","Red Skull","reliquary:SilkGlove"],"acts_visited":["Exordium","theJungle:Jungle","TheBeyond","TheEnding"],"potions_floor_usage":[16,19,27,33,33,33,36,39,39,46,46,48,50,54,54,55],"damage_taken":[{"damage":7,"enemies":"2 Louse","floor":1,"turns":4},{"damage":10,"enemies":"Small Slimes","floor":2,"turns":3},{"damage":10,"enemies":"Cultist","floor":5,"turns":4},{"damage":0,"enemies":"2 Fungi Beasts","floor":11,"turns":4},{"damage":10,"enemies":"Large Slime","floor":12,"turns":6},{"damage":13,"enemies":"Lots of Slimes","floor":13,"turns":5},{"damage":10,"enemies":"Looter","floor":14,"turns":3},{"damage":6,"enemies":"The Guardian","floor":16,"turns":11},{"damage":18,"enemies":"theJungle:GiantWrat","floor":18,"turns":8},{"damage":7,"enemies":"theJungle:MUSHROOMGANG","floor":19,"turns":6},{"damage":16,"enemies":"theJungle:2_Phrogs","floor":23,"turns":9},{"damage":26,"enemies":"Snake Plant","floor":27,"turns":3},{"damage":41,"enemies":"theJungle:Snecko_Cultist_And_Trap","floor":28,"turns":6},{"damage":4,"enemies":"theJungle:QueenSpyder","floor":33,"turns":10},{"damage":26,"enemies":"3 Shapes","floor":35,"turns":5},{"damage":46,"enemies":"3 Darklings","floor":36,"turns":4},{"damage":27,"enemies":"Sphere and 2 Shapes","floor":39,"turns":7},{"damage":7,"enemies":"Jaw Worm Horde","floor":41,"turns":5},{"damage":10,"enemies":"Maw","floor":42,"turns":9},{"damage":21,"enemies":"Spire Growth","floor":44,"turns":6},{"damage":0,"enemies":"Nemesis","floor":46,"turns":7},{"damage":26,"enemies":"Transient","floor":47,"turns":5},{"damage":9,"enemies":"Reptomancer","floor":48,"turns":6},{"damage":63,"enemies":"Awakened One","floor":50,"turns":14},{"damage":11,"enemies":"Shield and Spear","floor":54,"turns":7},{"damage":126,"enemies":"The Heart","floor":55,"turns":8}],"seed_played":"-6703426341947260261","potions_obtained":[{"floor":1,"key":"SkillPotion"},{"floor":11,"key":"SpeedPotion"},{"floor":12,"key":"BlessingOfTheForge"},{"floor":14,"key":"hexamod:SoulburnPotion"},{"floor":18,"key":"AttackPotion"},{"floor":19,"key":"BloodPotion"},{"floor":22,"key":"SteroidPotion"},{"floor":22,"key":"hexamod:SoulburnPotion"},{"floor":33,"key":"FearPotion"},{"floor":36,"key":"SkillPotion"},{"floor":37,"key":"sneckomod:MuddlingPotion"},{"floor":37,"key":"Fire Potion"},{"floor":37,"key":"Strength Potion"},{"floor":42,"key":"DuplicationPotion"},{"floor":44,"key":"ColorlessPotion"},{"floor":47,"key":"Explosive Potion"},{"floor":54,"key":"Elixir"}],"is_trial":false,"path_per_floor":["M","M","?","?","M","R","?","R","T","$","M","M","M","M","R","B",null,"M","M","$","?","?","E","R","?","T","M","M","R","?","AVR","R","B",null,"M","M","?","AVR","M","R","M","M","T","M","R","E","M","E","R","B",null,"R","$","E","B"],"character_chosen":"IRONCLAD","items_purchased":["Fire Breathing","Finesse","Apotheosis","Guardian:BlockOnCardUsePotion","Adrenaline Potion","BlessingOfTheForge","Red Skull","Armaments","Inflame"],"campfire_rested":5,"item_purchase_floors":[10,20,53,53,53,53,53,53,53],"current_hp_per_floor":[87,83,83,83,79,79,79,79,79,79,85,81,74,70,70,70,84,72,71,71,91,91,81,81,81,81,82,47,47,47,47,79,81,101,81,41,41,41,30,62,61,57,57,42,73,89,69,71,102,47,90,104,104,97,0,0],"gold":241,"neow_bonus":"TEN_PERCENT_HP_BONUS","is_daily":false,"chose_seed":false,"campfire_upgraded":4,"win_rate":0.0,"timestamp":1613751937,"path_taken":["M","M","?","?","M","R","?","R","T","$","M","M","?","M","R","BOSS","M","M","$","?","?","E","R","?","T","?","M","R","?","AVR","R","BOSS","M","M","?","AVR","M","R","M","M","T","M","R","E","M","E","R","BOSS","R","$","E","BOSS"],"items_purchased_type":["Card","Card","Card","Potion","Potion","Potion","Relic","Card","Card"],"build_version":"2020-12-22","purchased_purges":2,"victory":false,"max_hp_per_floor":[88,88,88,88,88,88,88,88,88,88,88,88,88,88,88,88,88,88,88,88,108,108,108,108,108,108,108,108,108,108,108,108,108,108,108,108,108,108,108,108,108,108,106,106,106,104,104,104,104,104,104,104,104,102,102,102],"card_choices":[{"not_picked":["Run Through","Iron Wave"],"picked":"Anger","floor":1},{"not_picked":["Run Through","Massacre"],"picked":"Replay:Undeath\u0027s Touch","floor":2},{"not_picked":["ReplayTheSpireMod:Black Plague","ReplayTheSpireMod:Chaos Vortex"],"picked":"infinitespire:SevenWalls","floor":3},{"not_picked":["ReplayTheSpireMod:Corrosion Curse","Rampage"],"picked":"Anger","floor":5},{"not_picked":["Armaments","Thunderclap"],"picked":"Rampage","floor":11},{"not_picked":["Run Through","ReplayTheSpireMod:LeadingStrike"],"picked":"Wild Strike","floor":12},{"not_picked":["Shockwave","Clothesline"],"picked":"Rage","floor":13},{"not_picked":["Flex","Sentinel"],"picked":"True Grit","floor":14},{"not_picked":["Fiend Fire","Juggernaut"],"picked":"Double Tap","floor":16},{"not_picked":["ReplayTheSpireMod:Corrosion Curse","Run Through"],"picked":"Iron Wave","floor":18},{"not_picked":["Sword Boomerang+1","hubris:ReadiedAction"],"picked":"Iron Wave+1","floor":19},{"not_picked":["ReplayTheSpireMod:Muscle Training","Rupture"],"picked":"Battle Trance","floor":22},{"not_picked":["Thunderclap","Combust"],"picked":"Armaments","floor":23},{"not_picked":["Body Slam","Burning Pact"],"picked":"Disarm+1","floor":27},{"not_picked":["Armaments","ReplayTheSpireMod:Muscle Training"],"picked":"Clothesline+1","floor":28},{"not_picked":["Demon Form","Exhume"],"picked":"Demonic Infusion","floor":33},{"not_picked":["Anger","Thunderclap+1"],"picked":"Pommel Strike+1","floor":35},{"not_picked":["Perfected Strike","Warcry"],"picked":"Feel No Pain","floor":36},{"not_picked":["Reaper","Havoc","Iron Wave+1"],"picked":"Body Slam+1","floor":39},{"not_picked":["Massacre","ReplayTheSpireMod:Muscle Training","Twin Strike"],"picked":"Thunderclap+1","floor":41},{"not_picked":["ReplayTheSpireMod:Strike From Hell+1","Wild Strike","Pommel Strike"],"picked":"ReplayTheSpireMod:Stacked+1","floor":42},{"not_picked":["Pommel Strike","Inflame","Wild Strike+1"],"picked":"Dual Wield","floor":44},{"not_picked":["True Grit","Wild Strike+1","Seeing Red+1"],"picked":"Impervious","floor":46},{"not_picked":["True Grit","Dropkick","Searing Blow"],"picked":"Wild Strike+1","floor":47},{"not_picked":["ReplayTheSpireMod:Strike From Hell","Perfected Strike","Life Link+1"],"picked":"Wild Strike+1","floor":48},{"not_picked":["Reaper","Sword Boomerang","Thunderclap"],"picked":"Juggernaut","floor":54}],"player_experience":384062,"relics_obtained":[{"floor":9,"key":"Calipers"},{"floor":23,"key":"Smiling Mask"},{"floor":37,"key":"Ring of Hypnosis"},{"floor":37,"key":"ReplayTheSpireMod:Ring of Addiction"},{"floor":37,"key":"Toy Ornithopter"},{"floor":37,"key":"SacredBark"},{"floor":43,"key":"reliquary:JackalopeAntler"},{"floor":46,"key":"infinitespire:Eraser"},{"floor":48,"key":"CaptainsWheel"},{"floor":54,"key":"reliquary:SilkGlove"}],"event_choices":[{"damage_healed":0,"gold_gain":0,"player_choice":"Box","damage_taken":0,"relics_obtained":["reliquary:Knoch"],"max_hp_gain":0,"max_hp_loss":0,"event_name":"Big Fish","floor":4,"gold_loss":0,"cards_obtained":["Regret"]},{"damage_healed":0,"gold_gain":275,"player_choice":"Desecrate","damage_taken":0,"max_hp_gain":0,"max_hp_loss":0,"event_name":"Golden Shrine","floor":25,"gold_loss":0,"cards_obtained":["Regret"]}],"is_beta":false,"boss_relics":[{"not_picked":["SacredBark","hubris:Stopwatch"],"picked":"reliquary:BigHammer"},{"not_picked":["Runic Pyramid","Replay:Drink Me"],"picked":"Runic Dome"}],"items_purged_floors":[20,53],"is_endless":false,"potions_floor_spawned":[1,11,12,14,18,19,33,36,42,44,47,54],"killed_by":"The Heart","ascension_level":5}}