{"host":"hbrjinenk1akq1dy","time":1613723110,"event":{"mods":["BaseMod","Colored Map","Colored Powertips","Highlight Path","Minty Spire (QoL Compilation)","Quick Restart","StSLib","SuperFastMode"],"gold_per_floor":[211,227,238,249,65,90,106,124,124,124,124,124,399,418,418,513,513,533,533,24,24,36,64,80,80,162,261,278,278,32,50,50,149,149,159,507,58,58,158,158,186,186,186,212,212,240,240,240,240,240],"floor_reached":51,"language":"ENG","playtime":1859,"items_purged":[],"score":1070,"play_id":"f9df9c4f-3f87-4438-894e-ef0e12de00ec","local_time":"20210219162510","is_ascension_mode":true,"campfire_choices":[{"data":"Whirlwind","floor":10,"key":"SMITH"},{"data":"Sword Boomerang","floor":12,"key":"SMITH"},{"data":"Inflame","floor":15,"key":"SMITH"},{"data":"Uppercut","floor":25,"key":"SMITH"},{"data":"Blood for Blood","floor":29,"key":"SMITH"},{"data":"Spot Weakness","floor":32,"key":"SMITH"},{"data":"Pummel","floor":40,"key":"SMITH"},{"data":"1","floor":42,"key":"LIFT"},{"data":"2","floor":45,"key":"LIFT"},{"data":"3","floor":47,"key":"LIFT"},{"data":"Pommel Strike","floor":49,"key":"SMITH"}],"circlet_count":0,"master_deck":["Strike_R","Strike_R","Strike_R","Strike_R","Defend_R","Defend_R+1","Defend_R+1","Defend_R","Bash","Pommel Strike+1","Twin Strike","Spot Weakness+1","Pummel+1","Inflame+1","Combust","Whirlwind+1","Sword Boomerang+1","Disarm+1","Reaper","Pummel+1","Battle Trance+1","J.A.X.+1","Uppercut+1","True Grit+1","Blood for Blood+1","True Grit+1","Offering+1","Pommel Strike+1","Inflame+1","Madness+1","Madness+1","Limit Break+1","Impervious+1","Pommel Strike+1","Purity+1"],"relics":["Burning Blood","MealTicket","Juzu Bracelet","Toxic Egg 2","Question Card","Coffee Dripper","Red Skull","Vajra","Magic Flower","Ice Cream","Shuriken","Frozen Egg 2","Empty Cage","Old Coin","FossilizedHelix","OrangePellets","Girya","Molten Egg 2","War Paint","Happy Flower"],"acts_visited":["Exordium","TheCity","TheBeyond"],"potions_floor_usage":[24,33,36,36,50],"damage_taken":[{"damage":0.0,"enemies":"2 Louse","floor":1.0,"turns":3.0},{"damage":1.0,"enemies":"Cultist","floor":2.0,"turns":3.0},{"damage":0.0,"enemies":"Small Slimes","floor":3.0,"turns":2.0},{"damage":7.0,"enemies":"Looter","floor":4.0,"turns":4.0},{"damage":25.0,"enemies":"Lagavulin","floor":6.0,"turns":7.0},{"damage":13,"enemies":"Blue Slaver","floor":7,"turns":2},{"damage":1,"enemies":"Exordium Wildlife","floor":8,"turns":3},{"damage":28,"enemies":"Large Slime","floor":14,"turns":5},{"damage":5,"enemies":"Slime Boss","floor":16,"turns":5},{"damage":31,"enemies":"2 Thieves","floor":18,"turns":4},{"damage":12,"enemies":"Chosen","floor":22,"turns":3},{"damage":14,"enemies":"Gremlin Leader","floor":23,"turns":4},{"damage":1,"enemies":"Snecko","floor":24,"turns":2},{"damage":13,"enemies":"Cultist and Chosen","floor":28,"turns":4},{"damage":6,"enemies":"Snake Plant","floor":31,"turns":3},{"damage":29,"enemies":"Champ","floor":33,"turns":5},{"damage":37,"enemies":"3 Shapes","floor":35,"turns":5},{"damage":24,"enemies":"2 Orb Walkers","floor":36,"turns":3},{"damage":10,"enemies":"Nemesis","floor":41,"turns":5},{"damage":5,"enemies":"Giant Head","floor":44,"turns":5},{"damage":34,"enemies":"Nemesis","floor":46,"turns":5},{"damage":61,"enemies":"Awakened One","floor":50,"turns":5}],"seed_played":"6727616119579576669","potions_obtained":[{"floor":2.0,"key":"GamblersBrew"},{"floor":6.0,"key":"Energy Potion"},{"floor":8,"key":"Dexterity Potion"},{"floor":14,"key":"FearPotion"},{"floor":18,"key":"Swift Potion"},{"floor":24,"key":"ColorlessPotion"},{"floor":28,"key":"DuplicationPotion"},{"floor":33,"key":"LiquidBronze"},{"floor":46,"key":"LiquidMemories"}],"is_trial":false,"path_per_floor":["M","M","M","M","$","E","M","M","T","R","?","R","?","M","R","B",null,"M","?","$","?","M","E","M","R","T","?","M","R","$","M","R","B",null,"M","?","$","?","?","R","E","R","T","E","R","E","R","?","R","B",null],"character_chosen":"IRONCLAD","items_purchased":["MealTicket","Inflame","Vajra","Magic Flower","Battle Trance+1","Frozen Egg 2","FossilizedHelix","OrangePellets"],"campfire_rested":0,"item_purchase_floors":[5,5,20,20,20,30,37,37],"current_hp_per_floor":[80,80,80,79,79,60,53,58,58,58,58,58,58,36,36,37,69,44,44,59,59,64,75,80,80,80,80,76,76,80,80,80,60,75,65,80,80,70,70,70,69,69,69,73,73,48,48,48,48,54],"gold":240,"neow_bonus":"HUNDRED_GOLD","is_daily":false,"chose_seed":false,"campfire_upgraded":8,"win_rate":0.0,"timestamp":1613723110,"path_taken":["M","M","M","M","$","E","M","M","T","R","?","R","?","M","R","BOSS","M","?","$","?","M","E","M","R","T","?","M","R","$","M","R","BOSS","M","?","$","?","?","R","E","R","T","E","R","E","R","?","R","BOSS"],"items_purchased_type":["Relic","Card","Relic","Relic","Card","Relic","Relic","Relic"],"build_version":"2020-12-22","purchased_purges":0,"victory":true,"max_hp_per_floor":[80,80,80,80,80,80,80,80,80,80,80,80,80,80,80,80,80,80,80,80,80,80,80,80,80,80,80,80,80,80,80,80,80,80,80,80,80,80,80,80,80,80,80,80,80,80,80,80,80,80],"card_choices":[{"not_picked":["Havoc","Warcry"],"picked":"Pommel Strike","floor":1.0},{"not_picked":["Iron Wave","Cleave"],"picked":"Twin Strike","floor":2.0},{"not_picked":["Body Slam","Sword Boomerang"],"picked":"Spot Weakness","floor":3.0},{"not_picked":["Clothesline","Rupture"],"picked":"Pummel","floor":4.0},{"not_picked":["Rupture","Metallicize"],"picked":"Combust","floor":6.0},{"not_picked":["Anger","Clothesline"],"picked":"Whirlwind","floor":7},{"not_picked":["Second Wind","Intimidate"],"picked":"Sword Boomerang","floor":8},{"not_picked":["Fire Breathing","Entrench+1","Anger"],"picked":"Disarm+1","floor":14},{"not_picked":["Fiend Fire","Barricade","Exhume+1"],"picked":"Reaper","floor":16},{"not_picked":["Reckless Charge","Whirlwind","Inflame"],"picked":"Pummel+1","floor":18},{"not_picked":["Anger","Armaments+1","Reckless Charge+1","Wild Strike"],"picked":"SKIP","floor":22},{"not_picked":["Armaments+1","Warcry+1","Dark Embrace+1"],"picked":"Uppercut","floor":23},{"not_picked":["Thunderclap","Shockwave+1","Feel No Pain+1"],"picked":"True Grit+1","floor":24},{"not_picked":["Fiend Fire","Dropkick","Metallicize"],"picked":"Blood for Blood","floor":28},{"not_picked":["Entrench+1","Iron Wave","Cleave"],"picked":"True Grit+1","floor":31},{"not_picked":["Reaper","Barricade+1","Immolate"],"picked":"Offering+1","floor":33},{"not_picked":["Dropkick+1","Clothesline","Twin Strike+1"],"picked":"Pommel Strike+1","floor":35},{"not_picked":["Cleave","Second Wind+1","Clothesline+1"],"picked":"Inflame+1","floor":36},{"not_picked":["True Grit+1","Sentinel+1","Blood for Blood+1"],"picked":"Limit Break+1","floor":41},{"not_picked":["Seeing Red+1","Wild Strike+1","Anger+1"],"picked":"Impervious+1","floor":44},{"not_picked":["Iron Wave+1","Wild Strike+1","Carnage+1"],"picked":"Pommel Strike+1","floor":46},{"not_picked":["Apotheosis+1","Mind Blast+1","Enlightenment+1"],"picked":"Purity+1","floor":48}],"player_experience":216945,"relics_obtained":[{"floor":6.0,"key":"Juzu Bracelet"},{"floor":9,"key":"Toxic Egg 2"},{"floor":23,"key":"Ice Cream"},{"floor":26,"key":"Shuriken"},{"floor":36,"key":"Old Coin"},{"floor":41,"key":"Girya"},{"floor":43,"key":"Molten Egg 2"},{"floor":44,"key":"War Paint"},{"floor":46,"key":"Happy Flower"}],"event_choices":[{"damage_healed":0,"gold_gain":0,"player_choice":"Gave Potion","damage_taken":0,"relics_obtained":["Question Card"],"max_hp_gain":0,"max_hp_loss":0,"event_name":"WeMeetAgain","floor":11,"gold_loss":0},{"damage_healed":0,"gold_gain":275,"player_choice":"Desecrate","damage_taken":0,"max_hp_gain":0,"max_hp_loss":0,"event_name":"Golden Shrine","floor":13,"gold_loss":0,"cards_obtained":["Regret"]},{"damage_healed":0,"gold_gain":0,"player_choice":"Opened","damage_taken":0,"relics_obtained":["Red Skull"],"max_hp_gain":0,"max_hp_loss":0,"event_name":"The Mausoleum","floor":19,"gold_loss":0},{"damage_healed":0,"gold_gain":0,"player_choice":"Obtain J.A.X.","damage_taken":0,"max_hp_gain":0,"max_hp_loss":0,"event_name":"Drug Dealer","floor":21,"gold_loss":0,"cards_obtained":["J.A.X."]},{"damage_healed":0,"gold_gain":99,"player_choice":"Stole From Cult","damage_taken":0,"max_hp_gain":0,"max_hp_loss":0,"event_name":"Nest","floor":27,"gold_loss":0},{"damage_healed":0,"gold_gain":0,"player_choice":"Fight","damage_taken":0,"max_hp_gain":0,"max_hp_loss":0,"event_name":"Mysterious Sphere","floor":36,"gold_loss":0},{"damage_healed":0,"gold_gain":0,"player_choice":"Embrace Madness","damage_taken":10,"max_hp_gain":0,"max_hp_loss":0,"event_name":"Winding Halls","floor":38,"gold_loss":0,"cards_obtained":["Madness","Madness"]},{"damage_healed":0,"gold_gain":100,"player_choice":"Pray","damage_taken":0,"max_hp_gain":0,"max_hp_loss":0,"event_name":"Golden Shrine","floor":39,"gold_loss":0},{"damage_healed":0,"gold_gain":0,"player_choice":"Memory 1","damage_taken":0,"max_hp_gain":0,"max_hp_loss":0,"event_name":"SensoryStone","floor":48,"gold_loss":0}],"is_beta":false,"boss_relics":[{"not_picked":["Snecko Eye","SlaversCollar"],"picked":"Coffee Dripper"},{"not_picked":["SacredBark","Runic Pyramid"],"picked":"Empty Cage"}],"items_purged_floors":[],"is_endless":false,"potions_floor_spawned":[2,6,8,14,18,24,28,33,35,46],"ascension_level":5}}