{"host":"v86vpwf004p2esb7","time":1613723110,"event":{"mods":["AchievementEnabler","BaseMod","BetterRewards","Colored Powertips","Minty Spire (QoL Compilation)","Quick Restart","StSLib","Transform Curses"],"gold_per_floor":[111,121,121,121,134,168,168,193,193,209,209,225,225,243,243,342,342,359,274,306,92,106,134,134,169,169,195,195,245,256,267,267,365,365,380,380,208,188,201,234,234,251,251,8,8,23,39,78,78,78],"floor_reached":51,"language":"ENG","playtime":2089,"items_purged":[],"score":1470,"play_id":"05c491b8-6b6e-495e-ac83-d69b0dee884c","local_time":"20210219002510","is_ascension_mode":true,"campfire_choices":[{"floor":7,"key":"RECALL"},{"data":"Blade Dance","floor":13,"key":"SMITH"},{"data":"Setup","floor":15,"key":"SMITH"},{"data":"Storm of Steel","floor":24,"key":"SMITH"},{"data":"Blade Dance","floor":32,"key":"SMITH"},{"floor":41,"key":"REST"},{"data":"Adrenaline","floor":45,"key":"SMITH"},{"data":"Bullet Time","floor":49,"key":"SMITH"}],"circlet_count":0,"master_deck":["Strike_G+1","Strike_G","Strike_G","Strike_G","Defend_G","Defend_G","Defend_G","Defend_G","Defend_G","Survivor","Neutralize","Bandage Up","Finisher+1","All Out Attack","Dagger Spray+1","Dodge and Roll","Backflip","Dagger Spray+1","Bullet Time+1","PiercingWail+1","Blade Dance+1","Setup+1","Corpse Explosion","Bane+1","Endless Agony+1","Finisher+1","Blade Dance+1","Storm of Steel+1","Poisoned Stab+1","Ghostly","Ghostly","Ghostly","Ghostly","Ghostly","Flying Knee+1","Noxious Fumes+1","Die Die Die+1","Bane+1","Bandage Up","Finisher+1","Outmaneuver+1","Poisoned Stab+1","Regret","Adrenaline+1","Caltrops+1","Quick Slash+1","Cloak And Dagger+1"],"relics":["Ring of the Snake","FossilizedHelix","TwistedFunnel","Unceasing Top","Membership Card","Ornamental Fan","Mercury Hourglass","Calipers","Mango","Eternal Feather","The Specimen","Black Star","Question Card","Red Mask","Molten Egg 2","Whetstone","Turnip","Blue Candle","White Beast Statue","Boot","Paper Crane","Centennial Puzzle","Anchor","Cursed Key","Potion Belt","Pantograph","Bottled Lightning","StoneCalendar","ClockworkSouvenir","Bottled Tornado","Pocketwatch","CeramicFish"],"acts_visited":["Exordium","TheCity","TheBeyond"],"potions_floor_usage":[16,31,33,40,50,50,50,50],"damage_taken":[{"damage":0,"enemies":"Small Slimes","floor":1,"turns":2},{"damage":0,"enemies":"2 Louse","floor":2,"turns":1},{"damage":0,"enemies":"Cultist","floor":5,"turns":3},{"damage":10,"enemies":"3 Sentries","floor":6,"turns":4},{"damage":24,"enemies":"Lagavulin","floor":8,"turns":7},{"damage":0,"enemies":"2 Fungi Beasts","floor":10,"turns":2},{"damage":0,"enemies":"Blue Slaver","floor":12,"turns":3},{"damage":0,"enemies":"3 Louse","floor":14,"turns":1},{"damage":52,"enemies":"Hexaghost","floor":16,"turns":13},{"damage":11,"enemies":"2 Thieves","floor":18,"turns":2},{"damage":0,"enemies":"Masked Bandits","floor":20,"turns":2},{"damage":0,"enemies":"Chosen","floor":22,"turns":3},{"damage":0,"enemies":"Slavers","floor":23,"turns":4},{"damage":0,"enemies":"Gremlin Leader","floor":25,"turns":3},{"damage":8,"enemies":"Book of Stabbing","floor":27,"turns":4},{"damage":0,"enemies":"Sentry and Sphere","floor":30,"turns":4},{"damage":0,"enemies":"Snecko","floor":31,"turns":4},{"damage":0,"enemies":"Collector","floor":33,"turns":7},{"damage":0,"enemies":"Orb Walker","floor":35,"turns":3},{"damage":0,"enemies":"3 Darklings","floor":39,"turns":2},{"damage":37,"enemies":"Giant Head","floor":40,"turns":8},{"damage":0,"enemies":"Sphere and 2 Shapes","floor":42,"turns":2},{"damage":0,"enemies":"Jaw Worm Horde","floor":46,"turns":2},{"damage":19,"enemies":"Spire Growth","floor":47,"turns":4},{"damage":0,"enemies":"Reptomancer","floor":48,"turns":3},{"damage":0,"enemies":"Time Eater","floor":50,"turns":8}],"seed_played":"7378656785753497496","potions_obtained":[{"floor":1,"key":"PowerPotion"},{"floor":5,"key":"Dexterity Potion"},{"floor":6,"key":"Swift Potion"},{"floor":16,"key":"CunningPotion"},{"floor":27,"key":"DuplicationPotion"},{"floor":30,"key":"DistilledChaos"},{"floor":31,"key":"Energy Potion"},{"floor":33,"key":"Ancient Potion"},{"floor":35,"key":"SteroidPotion"},{"floor":38,"key":"CunningPotion"},{"floor":39,"key":"LiquidMemories"},{"floor":40,"key":"Strength Potion"},{"floor":42,"key":"Swift Potion"}],"is_trial":false,"path_per_floor":["M","M","?","?","M","E","R","E","T","M","?","M","R","M","R","B",null,"M","?","?","$","M","E","R","E","T","E","?","?","M","M","R","B",null,"M","?","$","?","M","E","R","M","T","$","R","M","M","E","R","B",null],"character_chosen":"THE_SILENT","items_purchased":["Bandage Up","TwistedFunnel","Membership Card","Ornamental Fan","Mercury Hourglass","Finisher","Molten Egg 2","Finisher+1","Whetstone","Potion Belt","FairyPotion","Bandage Up","ClockworkSouvenir","Adrenaline","Bottled Tornado"],"campfire_rested":1,"item_purchase_floors":[0,0,0,0,0,0,21,21,21,37,37,37,44,44,44],"current_hp_per_floor":[32,36,36,70,70,74,74,54,54,58,41,45,57,57,69,21,84,73,73,77,77,77,81,84,84,84,76,42,42,42,42,42,42,42,42,42,42,42,42,5,41,41,41,41,42,42,27,27,42,42],"gold":78,"neow_bonus":"","is_daily":false,"chose_seed":false,"campfire_upgraded":6,"win_rate":0.0,"timestamp":1613723110,"path_taken":["M","M","?","?","?","E","R","E","T","M","?","M","R","M","R","BOSS","M","?","?","$","M","E","R","E","T","E","?","?","M","M","R","BOSS","M","?","$","?","M","E","R","?","T","$","R","M","M","E","R","BOSS"],"items_purchased_type":["Card","Relic","Relic","Relic","Relic","Card","Relic","Card","Relic","Relic","Potion","Card","Relic","Card","Relic"],"build_version":"2020-12-22","purchased_purges":0,"victory":true,"max_hp_per_floor":[70,70,70,70,70,84,84,84,84,84,84,84,84,84,84,84,84,84,84,84,84,84,84,84,84,84,84,42,42,42,42,42,42,42,42,42,42,42,42,42,42,42,42,42,42,42,42,42,42,42],"card_choices":[{"not_picked":["Prepared","Deadly Poison"],"picked":"Dagger Spray","floor":1},{"not_picked":["Underhanded Strike","Prepared"],"picked":"Dodge and Roll","floor":2},{"not_picked":["Catalyst","Underhanded Strike"],"picked":"Backflip","floor":5},{"not_picked":["Slice","Flechettes"],"picked":"Dagger Spray","floor":6},{"not_picked":["Eviscerate","Escape Plan"],"picked":"Bullet Time","floor":8},{"not_picked":["Acrobatics","Concentrate"],"picked":"PiercingWail","floor":10},{"not_picked":["Outmaneuver","Caltrops"],"picked":"Blade Dance","floor":12},{"not_picked":["Dodge and Roll","Acrobatics"],"picked":"Setup","floor":14},{"not_picked":["Malaise","Glass Knife"],"picked":"Corpse Explosion","floor":16},{"not_picked":["Deflect+1","Flying Knee"],"picked":"Bane+1","floor":18},{"not_picked":["PiercingWail+1","Escape Plan","Dagger Spray"],"picked":"Endless Agony+1","floor":20},{"not_picked":["Cloak And Dagger","Flying Knee+1","Tactician"],"picked":"Blade Dance","floor":22},{"not_picked":["Crippling Poison","Eviscerate+1","Deflect+1"],"picked":"Storm of Steel","floor":23},{"not_picked":["Concentrate","Sucker Punch+1","Deflect+1"],"picked":"Bullet Time","floor":25},{"not_picked":["Calculated Gamble","PiercingWail+1","A Thousand Cuts"],"picked":"Poisoned Stab+1","floor":27},{"not_picked":["Prepared","Deadly Poison","Slice+1"],"picked":"Flying Knee+1","floor":30},{"not_picked":["Outmaneuver","Deflect","Riddle With Holes+1"],"picked":"Noxious Fumes+1","floor":31},{"not_picked":["A Thousand Cuts","Tools of the Trade","Grand Finale+1"],"picked":"Die Die Die+1","floor":33},{"not_picked":["Sucker Punch+1","Poisoned Stab+1","Crippling Poison"],"picked":"Bane+1","floor":35},{"not_picked":["Eviscerate+1","Deadly Poison+1","Dagger Spray+1"],"picked":"Finisher+1","floor":39},{"not_picked":["Calculated Gamble","Backflip","Eviscerate+1"],"picked":"Outmaneuver+1","floor":40},{"not_picked":["Flying Knee+1","Skewer+1","Caltrops+1"],"picked":"Poisoned Stab+1","floor":42},{"not_picked":["Masterful Stab+1","Grand Finale+1","Slice+1"],"picked":"Caltrops+1","floor":46},{"not_picked":["Deflect+1","Dash+1","Riddle With Holes+1"],"picked":"Quick Slash+1","floor":47},{"not_picked":["Finisher+1","Leg Sweep+1","Catalyst+1"],"picked":"Cloak And Dagger+1","floor":48}],"player_experience":288823,"relics_obtained":[{"floor":6,"key":"Mango"},{"floor":8,"key":"Eternal Feather"},{"floor":9,"key":"The Specimen"},{"floor":20,"key":"Red Mask"},{"floor":23,"key":"Turnip"},{"floor":23,"key":"Blue Candle"},{"floor":25,"key":"White Beast Statue"},{"floor":25,"key":"Boot"},{"floor":26,"key":"Paper Crane"},{"floor":27,"key":"Centennial Puzzle"},{"floor":27,"key":"Anchor"},{"floor":40,"key":"Pantograph"},{"floor":40,"key":"Bottled Lightning"},{"floor":43,"key":"StoneCalendar"},{"floor":48,"key":"Pocketwatch"},{"floor":48,"key":"CeramicFish"}],"event_choices":[{"damage_healed":0,"gold_gain":0,"player_choice":"Grow","damage_taken":0,"max_hp_gain":0,"max_hp_loss":0,"event_name":"Living Wall","floor":3,"gold_loss":0,"cards_upgraded":["Finisher"]},{"cards_removed":["Well Laid Plans"],"damage_healed":34,"gold_gain":0,"player_choice":"Offered Uncommon","damage_taken":0,"max_hp_gain":0,"max_hp_loss":0,"event_name":"Bonfire Elementals","floor":4,"gold_loss":0},{"damage_healed":0,"gold_gain":0,"player_choice":"Entered Light","damage_taken":17,"max_hp_gain":0,"max_hp_loss":0,"event_name":"Shining Light","floor":11,"gold_loss":0,"cards_upgraded":["Dagger Spray","PiercingWail"]},{"damage_healed":0,"gold_gain":0,"player_choice":"Obtained Relic","damage_taken":0,"relics_obtained":["Question Card"],"max_hp_gain":0,"max_hp_loss":0,"event_name":"Addict","floor":19,"gold_loss":85},{"damage_healed":0,"gold_gain":0,"player_choice":"Fought Bandits","damage_taken":0,"max_hp_gain":0,"max_hp_loss":0,"event_name":"Masked Bandits","floor":20,"gold_loss":0},{"damage_healed":0,"gold_gain":0,"player_choice":"Became a Ghost","damage_taken":0,"max_hp_gain":0,"max_hp_loss":42,"event_name":"Ghosts","floor":28,"gold_loss":0,"cards_obtained":["Ghostly","Ghostly","Ghostly","Ghostly","Ghostly"]},{"damage_healed":0,"gold_gain":100,"player_choice":"Bet on Murderer","damage_taken":0,"max_hp_gain":0,"max_hp_loss":0,"event_name":"The Joust","floor":29,"gold_loss":50},{"cards_removed":["Bullet Time"],"damage_healed":0,"gold_gain":0,"player_choice":"Removed Skill","damage_taken":0,"max_hp_gain":0,"max_hp_loss":0,"event_name":"Falling","floor":36,"gold_loss":0},{"damage_healed":0,"gold_gain":0,"player_choice":"Bought 1 Potion","damage_taken":0,"max_hp_gain":0,"max_hp_loss":0,"event_name":"The Woman in Blue","floor":38,"gold_loss":0}],"is_beta":false,"boss_relics":[{"not_picked":["Pandora\u0027s Box","Empty Cage"],"picked":"Black Star"},{"not_picked":["SacredBark","Busted Crown"],"picked":"Cursed Key"}],"items_purged_floors":[],"is_endless":false,"potions_floor_spawned":[1,5,6,12,16,22,23,27,30,31,33,35,39,40,42,46,47,48],"ascension_level":4}}