{"host":"0xnlke9dn7m72v1t","time":1613741109,"event":{"mods":["AchievementEnabler","BaseMod","BetterRewards","Colored Map","Colored Powertips","Minty Spire (QoL Compilation)","Quick Restart","StSLib","SuperFastMode","Together in Spire"],"gold_per_floor":[114,114,130,130,130,166,166,206,206,225,259,97,127,148,148,277,277,298,283,283,382,398,398,442,442,442],"floor_reached":25,"language":"DEU","playtime":1269,"items_purged":[],"score":251,"play_id":"08cd2c89-ffa6-427e-8b1d-e13c1ea0e6aa","local_time":"20210219142509","is_ascension_mode":true,"campfire_choices":[{"floor":7,"key":"REST"},{"floor":15,"key":"REST"},{"floor":23,"key":"REST"}],"circlet_count":0,"master_deck":["Strike_R","Strike_R","Strike_R","Strike_R","Strike_R","Defend_R","Defend_R","Defend_R","Defend_R","Inflame","Bandage Up","Sever Soul","Flex","Intimidate","Dark Embrace","Apotheosis","Berserk","Rage","Limit Break","Flex+1","Clash"],"relics":["Burning Blood","Mercury Hourglass","InkBottle","WarpedTongs","Golden Idol","Sundial","Gambling Chip","Eternal Feather","Omamori","Odd Mushroom","SacredBark","Necronomicon","Darkstone Periapt"],"acts_visited":["Exordium","TheCity"],"potions_floor_usage":[11,11],"damage_taken":[{"damage":8,"enemies":"Jaw Worm","floor":1,"turns":3},{"damage":5,"enemies":"Small Slimes","floor":3,"turns":3},{"damage":35,"enemies":"Gremlin Nob","floor":6,"turns":5},{"damage":16,"enemies":"3 Sentries","floor":8,"turns":7},{"damage":0,"enemies":"Cultist","floor":10,"turns":4},{"damage":32,"enemies":"Gremlin Nob","floor":11,"turns":4},{"damage":13,"enemies":"The Mushroom Lair","floor":13,"turns":3},{"damage":8,"enemies":"Large Slime","floor":14,"turns":5},{"damage":40,"enemies":"Hexaghost","floor":16,"turns":11},{"damage":37,"enemies":"Chosen","floor":18,"turns":7},{"damage":32,"enemies":"2 Thieves","floor":19,"turns":4},{"damage":14,"enemies":"Shelled Parasite and Fungi","floor":22,"turns":6},{"damage":49,"enemies":"Slavers","floor":24,"turns":5},{"damage":22,"enemies":"Cultist and Chosen","floor":25,"turns":4}],"seed_played":"-5467841470549795988","potions_obtained":[{"floor":1,"key":"PowerPotion"},{"floor":10,"key":"Regen Potion"},{"floor":13,"key":"Fire Potion"},{"floor":16,"key":"AttackPotion"},{"floor":18,"key":"PowerPotion"}],"is_trial":false,"path_per_floor":["M","?","M","?","?","E","R","E","T","M","E","$","?","M","R","B",null,"M","M","?","?","M","R","E","M"],"character_chosen":"IRONCLAD","items_purchased":["Mercury Hourglass","InkBottle","Inflame","Bandage Up","Apotheosis"],"campfire_rested":3,"item_purchase_floors":[0,0,0,0,12],"current_hp_per_floor":[50,50,55,35,35,10,34,28,28,38,28,28,27,31,64,36,80,55,35,19,19,17,53,16,0,0],"gold":442,"neow_bonus":"","is_daily":false,"chose_seed":false,"campfire_upgraded":0,"win_rate":0.0,"timestamp":1613741109,"path_taken":["M","?","M","?","?","E","R","E","T","?","E","$","?","M","R","BOSS","M","M","?","?","M","R","E","M"],"items_purchased_type":["Relic","Relic","Card","Card","Card"],"build_version":"2020-12-22","purchased_purges":0,"victory":false,"max_hp_per_floor":[80,80,80,80,80,80,80,80,80,80,80,80,80,80,80,80,80,80,80,80,80,80,80,80,80,80],"card_choices":[{"not_picked":["Armaments","Clothesline"],"picked":"Sever Soul","floor":1},{"not_picked":["Inflame","Havoc"],"picked":"Flex","floor":3},{"not_picked":["Flame Barrier","Warcry"],"picked":"Dark Embrace","floor":6},{"not_picked":["Combust","Spot Weakness","Body Slam"],"picked":"SKIP","floor":8},{"not_picked":["Evolve","Infernal Blade","Sword Boomerang"],"picked":"SKIP","floor":10},{"not_picked":["True Grit","Warcry","Dark Embrace"],"picked":"SKIP","floor":11},{"not_picked":["Clothesline","Shrug It Off"],"picked":"Berserk","floor":13},{"not_picked":["Iron Wave","Heavy Blade"],"picked":"Rage","floor":14},{"not_picked":["Fiend Fire","Exhume"],"picked":"Limit Break","floor":16},{"not_picked":["Body Slam","Wild Strike+1","Armaments"],"picked":"SKIP","floor":18},{"not_picked":["True Grit","Rage"],"picked":"Flex+1","floor":19},{"not_picked":["Battle Trance+1","Warcry"],"picked":"Clash","floor":22},{"not_picked":["Second Wind","Body Slam","Cleave"],"picked":"SKIP","floor":24}],"player_experience":28196,"relics_obtained":[{"floor":6,"key":"Sundial"},{"floor":8,"key":"Gambling Chip"},{"floor":9,"key":"Eternal Feather"},{"floor":11,"key":"Omamori"},{"floor":13,"key":"Odd Mushroom"},{"floor":20,"key":"Necronomicon"},{"floor":24,"key":"Darkstone Periapt"}],"event_choices":[{"damage_healed":0,"gold_gain":0,"player_choice":"Ignored","damage_taken":0,"max_hp_gain":0,"max_hp_loss":0,"event_name":"Liars Game","floor":2,"gold_loss":0},{"damage_healed":0,"gold_gain":0,"player_choice":"Take Damage","damage_taken":20,"relics_obtained":["Golden Idol"],"max_hp_gain":0,"max_hp_loss":0,"event_name":"Golden Idol","floor":4,"gold_loss":0},{"damage_healed":0,"gold_gain":0,"cards_transformed":["Bash"],"player_choice":"Transformed","damage_taken":0,"max_hp_gain":0,"max_hp_loss":0,"event_name":"Transmorgrifier","floor":5,"gold_loss":0,"cards_obtained":["Intimidate"]},{"damage_healed":0,"gold_gain":0,"player_choice":"Fought Mushrooms","damage_taken":0,"max_hp_gain":0,"max_hp_loss":0,"event_name":"Mushrooms","floor":13,"gold_loss":0},{"damage_healed":0,"gold_gain":0,"player_choice":"Obtained Book","damage_taken":16,"max_hp_gain":0,"max_hp_loss":0,"event_name":"Cursed Tome","floor":20,"gold_loss":0},{"damage_healed":0,"gold_gain":99,"player_choice":"Stole From Cult","damage_taken":0,"max_hp_gain":0,"max_hp_loss":0,"event_name":"Nest","floor":21,"gold_loss":0}],"is_beta":false,"boss_relics":[{"not_picked":["Busted Crown","Coffee Dripper"],"picked":"SacredBark"}],"items_purged_floors":[],"is_endless":false,"potions_floor_spawned":[1,10,13,16,18,19],"killed_by":"Cultist and Chosen","ascension_level":1}}