{"host":"6bsan6hkua32tfq7","time":1613692949,"event":{"mods":["BaseMod","Better Third Choice","Colored Map","Highlight Path","Minty Spire (QoL Compilation)","StSLib"],"gold_per_floor":[110,35,35,0,0,0,0,11,36,71,71,23,52,72,72,146,146,161,33,33,33,33,33,53,85,85,98,98,132,132,163,163,163,163],"floor_reached":33,"language":"ENG","playtime":760,"items_purged":["Defend_G","Eviscerate"],"score":714,"play_id":"a9b17b08-e0cb-4a28-becb-e19e5d7dca87","local_time":"20210219010229","is_ascension_mode":true,"campfire_choices":[{"data":"Predator","floor":6.0,"key":"SMITH"},{"data":"Neutralize","floor":11.0,"key":"SMITH"},{"data":"Slice","floor":15.0,"key":"SMITH"},{"data":"Malaise","floor":23.0,"key":"SMITH"},{"data":"Terror","floor":28.0,"key":"SMITH"},{"floor":30,"key":"REST"},{"floor":32,"key":"REST"}],"circlet_count":0,"master_deck":["AscendersBane","Survivor","Neutralize+1","Predator+1","Slice+1","Corpse Explosion","Cloak And Dagger","Backflip","Malaise+1","Deflect","Storm of Steel","Terror+1","Blur","Deflect","Ghostly","Ghostly","Ghostly","Burst+1"],"relics":["Ring of the Snake","NeowsBlessing","Strawberry","Singing Bowl","betterThird:SlimedRelic","Bag of Marbles","Pandora\u0027s Box","Art of War","Mercury Hourglass","Toxic Egg 2","Smiling Mask"],"acts_visited":["Exordium","TheCity"],"potions_floor_usage":[31],"damage_taken":[{"damage":0.0,"enemies":"2 Louse","floor":1.0,"turns":1.0},{"damage":0.0,"enemies":"Small Slimes","floor":8.0,"turns":1.0},{"damage":0.0,"enemies":"3 Sentries","floor":10.0,"turns":2.0},{"damage":35.0,"enemies":"Gremlin Nob","floor":13.0,"turns":5.0},{"damage":0.0,"enemies":"Cultist","floor":14.0,"turns":2.0},{"damage":11.0,"enemies":"The Guardian","floor":16.0,"turns":15.0},{"damage":15.0,"enemies":"2 Thieves","floor":18.0,"turns":2.0},{"damage":0.0,"enemies":"3 Byrds","floor":24.0,"turns":2.0},{"damage":2.0,"enemies":"Book of Stabbing","floor":25.0,"turns":5.0},{"damage":3.0,"enemies":"3 Cultists","floor":27.0,"turns":3.0},{"damage":17,"enemies":"Gremlin Leader","floor":29,"turns":6},{"damage":22,"enemies":"Slavers","floor":31,"turns":3},{"damage":57,"enemies":"Collector","floor":33,"turns":8}],"seed_played":"-5760879656952153852","potions_obtained":[{"floor":13.0,"key":"Weak Potion"},{"floor":16.0,"key":"LiquidBronze"},{"floor":18.0,"key":"Swift Potion"},{"floor":24.0,"key":"LiquidBronze"}],"is_trial":false,"path_per_floor":["M","$","?","?","$","R","?","M","T","E","R","?","E","M","R","B",null,"M","$","?","?","?","R","M","E","T","M","R","E","R","E","R","B"],"character_chosen":"THE_SILENT","items_purchased":["Deflect"],"campfire_rested":2,"item_purchase_floors":[19],"current_hp_per_floor":[59,59,59,66,66,66,66,66,73,75,75,64,31,31,31,20,63,50,50,50,50,39,39,41,41,41,40,40,23,36,16,30,0,0],"gold":163,"neow_bonus":"THREE_ENEMY_KILL","is_daily":false,"chose_seed":false,"campfire_upgraded":5,"win_rate":0.0,"timestamp":1613692949,"path_taken":["M","$","?","?","$","R","?","?","T","E","R","?","E","M","R","BOSS","M","$","?","?","?","R","M","E","T","M","R","E","R","E","R","BOSS"],"items_purchased_type":["Card"],"build_version":"2020-12-22","purchased_purges":2,"victory":false,"max_hp_per_floor":[66,66,66,66,66,66,66,66,73,75,75,75,77,77,77,77,77,79,79,79,79,39,39,41,43,43,45,45,45,45,47,47,47,47],"card_choices":[{"not_picked":["Dagger Throw","Riddle With Holes"],"picked":"Predator","floor":1.0},{"not_picked":["Prepared","Heel Hook","Flying Knee"],"picked":"SKIP","floor":8.0},{"not_picked":["Expertise","Doppelganger","Heel Hook"],"picked":"Singing Bowl","floor":10.0},{"not_picked":["Slice","Prepared","Choke"],"picked":"Singing Bowl","floor":13.0},{"not_picked":["Underhanded Strike","Flying Knee"],"picked":"Slice","floor":14.0},{"not_picked":["Unload","Die Die Die"],"picked":"Corpse Explosion","floor":16.0},{"not_picked":["Prepared","Cloak And Dagger","Flying Knee"],"picked":"Singing Bowl","floor":18.0},{"not_picked":["Tactician","Cloak And Dagger+1","Choke"],"picked":"Singing Bowl","floor":24.0},{"not_picked":["Finisher","Infinite Blades","PiercingWail"],"picked":"Singing Bowl","floor":25.0},{"not_picked":["Terror","Dodge and Roll","Masterful Stab"],"picked":"Singing Bowl","floor":27.0},{"not_picked":["Predator","Flying Knee"],"picked":"Burst+1","floor":29},{"not_picked":["Tactician+1","Dagger Throw","Heel Hook"],"picked":"Singing Bowl","floor":31}],"player_experience":5443666,"relics_obtained":[{"floor":9.0,"key":"Strawberry"},{"floor":10.0,"key":"Singing Bowl"},{"floor":13.0,"key":"Bag of Marbles"},{"floor":25.0,"key":"Art of War"},{"floor":26.0,"key":"Mercury Hourglass"},{"floor":29,"key":"Toxic Egg 2"},{"floor":31,"key":"Smiling Mask"}],"event_choices":[{"cards_removed":["Strike_G"],"damage_healed":0.0,"max_hp_gain":0.0,"max_hp_loss":0.0,"gold_gain":0.0,"event_name":"Living Wall","player_choice":"Forget","floor":3.0,"gold_loss":0.0,"damage_taken":0.0},{"damage_healed":16.0,"max_hp_gain":0.0,"max_hp_loss":0.0,"gold_gain":0.0,"event_name":"The Cleric","player_choice":"Healed","floor":4.0,"gold_loss":35.0,"damage_taken":0.0},{"damage_healed":0.0,"max_hp_gain":0.0,"max_hp_loss":0.0,"gold_gain":0.0,"event_name":"WeMeetAgain","player_choice":"Ignored","floor":7.0,"gold_loss":0.0,"damage_taken":0.0},{"damage_healed":0.0,"max_hp_gain":0.0,"max_hp_loss":0.0,"gold_gain":0.0,"event_name":"betterThird:BetterGoop","player_choice":"Slimed","floor":12.0,"gold_loss":48.0,"damage_taken":11.0},{"damage_healed":0.0,"max_hp_gain":0.0,"max_hp_loss":0.0,"gold_gain":0.0,"event_name":"Vampires","player_choice":"Ignored","floor":20.0,"gold_loss":0.0,"damage_taken":0.0},{"damage_healed":0.0,"max_hp_gain":0.0,"max_hp_loss":40.0,"gold_gain":0.0,"event_name":"Ghosts","player_choice":"Became a Ghost","floor":22.0,"gold_loss":0.0,"damage_taken":0.0,"cards_obtained":["Ghostly","Ghostly","Ghostly"]}],"is_beta":false,"boss_relics":[{"not_picked":["HoveringKite","Tiny House"],"picked":"Pandora\u0027s Box"}],"items_purged_floors":[2,19],"is_endless":false,"potions_floor_spawned":[13,16,18,24],"killed_by":"Collector","ascension_level":20}}