{"host":"13crfpsgpirtz3r4","time":1613715416,"event":{"mods":["Act Like it!","Ascension Reborn","Aspiration","BaseMod","BetterRewards","CapriCore","Colored Powertips","Downfall","Friendly Minions","Gold Saver","GungeonMod","Hermit","Highlight Path","Hubris","Jorbs\u0027s Wanderer Trilogy","Marisa????????","Minty Spire (QoL Compilation)","READ ME - Guardian Mod","READ ME - Snecko Mod","Rare Cards Sparkle","Replay The Spire","Shop Mod","StSLib","The Animator","The Bug Knight","The Construct","The Cursed","The Disciple","The Hierophant","The Immortal","The Necromancer","The Runesmith","TheBandit","Wandering Minibosses","everything is the same but u backflip on backflip","slay the spire mod where everything is the same but ironclad has a cowboy hat"],"gold_per_floor":[1583,1596,1607,1619,1632,1657,1657,1657,1657,1675,1714,1714,1714,1734,1734,1834,1834,1851,1851,1864,1876,1895,1921,1934,1960,1983,1983,2009,2074,2124,2149,2149,2245,2245,2255,2275,2289,2304,2354,2381,2398,2423,2475,2475,2494,2512,2523,2573,2573,2573,2573,2573,2573,2601,2601],"floor_reached":56,"language":"ENG","playtime":15974,"items_purged":[],"score":1172,"play_id":"4d165b53-c8e0-47d9-8f6e-9437bbb1e6fc","local_time":"20210218221656","is_ascension_mode":true,"campfire_choices":[{"floor":7,"key":"RECALL"},{"data":"Summon_Death_Knight","floor":12,"key":"SMITH"},{"data":"Summon_Lich","floor":15,"key":"SMITH"},{"data":"Strike_from_Beyond","floor":44,"key":"SMITH"},{"data":"Summon_Lich","floor":52,"key":"SMITH"}],"circlet_count":0,"master_deck":["Strike_W","Strike_W","Strike_W","Strike_W","Defend_W","Defend_W","Defend_W","Negative_Energy_Arrows","Bone_Wall","Bone_Bullets","Uncharnel","Summon_Undead_Army","Toxic_Smoke_Screen","Blood_Curse","Bones_to_Steel","Uncharnel","Summon_Death_Knight+1","Bone_Armory","Summon_Lich+1","Skeleton_Dragon","Bone_Armor","Death_March_Dance+1","Plague_Bolt","Toxic_Smoke_Screen+1","Vampiric_Strike+1","Bone_Armor","Summon_Death_Knight","Bone_Shift","Finger_Of_Death","Strike_from_Beyond+1","Toxic_Smoke_Screen+1","Summon_Lich+1","Summon_Death_Knight","Summon_Undead+1","Bone_Bullets+1","Uncharnel","Summon_Vampire_Lady","Scare","Uncharnel+1","Spectral_Armor+1","Summon_Undead_Army+1","Spectral_Armor+1","Bone_Bullets+1","Uncharnel+1"],"relics":["Vampire_Amulet","Orichalcum","hubris:BlackHole","ReplayFunnel","Regal Pillow","aspiration:Lifesprig","SsserpentHead","Torii","aspiration:StickyExplosives_weak","construct:ClawGrip","Happy Flower","Potion Belt","ReplayTheSpireMod:Lightbulb","Vajra","hubris:Icosahedron","DemoMod:ClearGuonStone"],"acts_visited":["Exordium","TheCity","TheBeyond","TheEnding"],"potions_floor_usage":[16,16,16,22,24,28,31,38,42],"damage_taken":[{"damage":2,"enemies":"Small Slimes","floor":1,"turns":5},{"damage":0,"enemies":"2 Louse","floor":2,"turns":3},{"damage":2,"enemies":"Jaw Worm","floor":3,"turns":4},{"damage":0,"enemies":"Large Slime","floor":4,"turns":5},{"damage":6,"enemies":"Blue Slaver","floor":5,"turns":5},{"damage":19,"enemies":"Replay:BlueRogue","floor":6,"turns":7},{"damage":4,"enemies":"3 Louse","floor":10,"turns":4},{"damage":1,"enemies":"Red Slaver","floor":14,"turns":4},{"damage":26,"enemies":"Fading Forest","floor":16,"turns":11},{"damage":11,"enemies":"Spheric Guardian","floor":18,"turns":4},{"damage":14,"enemies":"2 Thieves","floor":20,"turns":3},{"damage":0,"enemies":"Centurion and Healer","floor":21,"turns":4},{"damage":7,"enemies":"Snecko","floor":22,"turns":4},{"damage":1,"enemies":"Replay:Snechameleon","floor":23,"turns":5},{"damage":0,"enemies":"Chosen and Byrds","floor":24,"turns":5},{"damage":0,"enemies":"Gremlin Leader","floor":25,"turns":6},{"damage":0,"enemies":"Book of Stabbing","floor":28,"turns":5},{"damage":0,"enemies":"Cultist and Chosen","floor":29,"turns":5},{"damage":13,"enemies":"Slavers","floor":31,"turns":3},{"damage":25,"enemies":"hubris:MusketHawk","floor":33,"turns":7},{"damage":0,"enemies":"Orb Walker","floor":35,"turns":3},{"damage":6,"enemies":"3 Shapes","floor":36,"turns":3},{"damage":0,"enemies":"Sphere and 2 Shapes","floor":37,"turns":4},{"damage":0,"enemies":"Transient","floor":38,"turns":5},{"damage":30,"enemies":"Reptomancer","floor":40,"turns":5},{"damage":0,"enemies":"3 Darklings","floor":41,"turns":5},{"damage":6,"enemies":"Giant Head","floor":42,"turns":7},{"damage":35,"enemies":"Sphere and 2 Shapes","floor":45,"turns":3},{"damage":0,"enemies":"Transient","floor":46,"turns":5},{"damage":0,"enemies":"Maw","floor":47,"turns":4},{"damage":0,"enemies":"Replay:Hell Engine","floor":50,"turns":6},{"damage":31,"enemies":"Shield and Spear","floor":54,"turns":5},{"damage":35,"enemies":"The Heart","floor":55,"turns":7}],"seed_played":"-3981073089859556885","potions_obtained":[{"floor":3,"key":"CultistPotion"},{"floor":6,"key":"Swift Potion"},{"floor":11,"key":"DistilledChaos"},{"floor":11,"key":"BlessingOfTheForge"},{"floor":16,"key":"Explosive Potion"},{"floor":18,"key":"Swift Potion"},{"floor":21,"key":"FearPotion"},{"floor":23,"key":"Block Potion"},{"floor":28,"key":"DemoMod:LeadSkinPotion"},{"floor":29,"key":"SkillPotion"},{"floor":37,"key":"BlessingOfTheForge"},{"floor":38,"key":"Adrenaline Potion"},{"floor":40,"key":"Block Potion"},{"floor":46,"key":"EssenceOfSteel"},{"floor":47,"key":"Adrenaline Potion"}],"is_trial":false,"path_per_floor":["M","M","M","M","M","E","R","?","T","M","?","R","?","M","R","B",null,"M","?","M","M","M","E","M","E","T","?","E","M","?","E","R","B",null,"M","M","M","M","?","E","M","E","T","R","M","M","M","$","R","B",null,"R","$","E","B",null],"character_chosen":"NECROMANCER","items_purchased":[],"campfire_rested":0,"item_purchase_floors":[],"current_hp_per_floor":[82,82,82,82,78,61,61,61,61,63,63,63,63,64,64,58,82,73,81,71,75,70,71,78,82,82,82,82,82,82,75,75,54,82,82,81,82,82,82,68,79,82,82,82,59,82,82,82,82,82,82,82,82,58,43],"gold":2601,"neow_bonus":"TEN_PERCENT_HP_BONUS","is_daily":false,"chose_seed":false,"campfire_upgraded":4,"win_rate":0.0,"timestamp":1613715416,"path_taken":["M","M","M","M","M","E","R","?","T","M","?","R","?","M","R","BOSS","M","?","M","M","M","E","?","E","T","?","E","?","?","E","R","BOSS","M","M","M","M","?","E","M","E","T","R","M","M","M","?","R","BOSS","R","$","E","BOSS"],"items_purchased_type":[],"build_version":"2020-12-22","purchased_purges":0,"victory":true,"max_hp_per_floor":[82,82,82,82,82,82,82,82,82,82,82,82,82,82,82,82,82,82,82,82,82,82,82,82,82,82,82,82,82,82,82,82,82,82,82,82,82,82,82,82,82,82,82,82,82,82,82,82,82,82,82,82,82,82,82],"card_choices":[{"not_picked":["Summon_Undead","Spectral_Walk"],"picked":"Bone_Bullets","floor":1},{"not_picked":["Bone_Bullets","Chill_Blood"],"picked":"Uncharnel","floor":2},{"not_picked":["Shackles_Of_Pain","Flesh_Made_Foul"],"picked":"Summon_Undead_Army","floor":3},{"not_picked":["Negative_Energy_Shield","Strike_from_Beyond"],"picked":"Toxic_Smoke_Screen","floor":4},{"not_picked":["Negative_Energy_Mist","Blood_for_Blood"],"picked":"Blood_Curse","floor":5},{"not_picked":["Finger_Of_Death","Necromantic_Selection"],"picked":"Bones_to_Steel","floor":6},{"not_picked":["Acid_Javelin","Finger_Of_Death"],"picked":"Uncharnel","floor":10},{"not_picked":["Bone_Bullets","Scare"],"picked":"Summon_Death_Knight","floor":11},{"not_picked":["Negative_Energy_Javelin","Chill_Blood"],"picked":"Summon_Lich","floor":14},{"not_picked":["Blood_Magic","Grasp_Heart"],"picked":"Skeleton_Dragon","floor":16},{"not_picked":["Shade_Step","Scare"],"picked":"Bone_Armor","floor":18},{"not_picked":["Deaths_Shadow+1","Vampiric_Strike"],"picked":"Death_March_Dance+1","floor":20},{"not_picked":["Bones_to_Steel+1","Negative_Energy_Sphere+1"],"picked":"Plague_Bolt","floor":21},{"not_picked":["Shackles_Of_Pain","Negative_Energy_Mist"],"picked":"Toxic_Smoke_Screen+1","floor":22},{"not_picked":["Negative_Energy_Javelin","Consume_Illness"],"picked":"Vampiric_Strike+1","floor":23},{"not_picked":["Negative_Energy_Shield","Blood_Whip"],"picked":"Bone_Armor","floor":24},{"not_picked":["Blood_Whip","Scare"],"picked":"Summon_Death_Knight","floor":25},{"not_picked":["Life_Tap","Exploit+1"],"picked":"Bone_Shift","floor":28},{"not_picked":["Consume_Illness","Epidemic"],"picked":"Finger_Of_Death","floor":29},{"not_picked":["Negative_Energy_Sphere+1","Corrupt+1"],"picked":"Toxic_Smoke_Screen+1","floor":31},{"not_picked":["Grasp_Heart","Cloudkill"],"picked":"Summon_Death_Knight","floor":33},{"not_picked":["Plague_Bolt+1","Blood_Shield+1"],"picked":"Summon_Undead+1","floor":35},{"not_picked":["Negative_Energy_Javelin","Bone_Spikes"],"picked":"Bone_Bullets+1","floor":36},{"not_picked":["Vampiric_Strike","Bone_Shift+1"],"picked":"Uncharnel","floor":37},{"not_picked":["Blood_Whip+1","Consume_Illness+1"],"picked":"Summon_Vampire_Lady","floor":38},{"not_picked":["Death_Coil","Slay_Living"],"picked":"Scare","floor":40},{"not_picked":["Scare+1","Bone_Armor+1"],"picked":"Uncharnel+1","floor":41},{"not_picked":["Scare","Whirlwind_of_Bones"],"picked":"Spectral_Armor+1","floor":42},{"not_picked":["Plague_Bolt","Reap_The_Weak"],"picked":"Summon_Undead_Army+1","floor":45},{"not_picked":["Death_Coil+1","Thousand_Bone_Knives+1"],"picked":"Spectral_Armor+1","floor":46},{"not_picked":["Corrupt+1","Scare"],"picked":"Bone_Bullets+1","floor":47},{"not_picked":["Vampiric_Strike+1","Exploit"],"picked":"Uncharnel+1","floor":54}],"player_experience":137126,"relics_obtained":[{"floor":6,"key":"Orichalcum"},{"floor":23,"key":"ReplayFunnel"},{"floor":25,"key":"Regal Pillow"},{"floor":26,"key":"aspiration:Lifesprig"},{"floor":28,"key":"Torii"},{"floor":31,"key":"aspiration:StickyExplosives_weak"},{"floor":40,"key":"Potion Belt"},{"floor":42,"key":"ReplayTheSpireMod:Lightbulb"},{"floor":43,"key":"Vajra"},{"floor":54,"key":"DemoMod:ClearGuonStone"}],"event_choices":[{"damage_healed":0,"gold_gain":0,"cards_transformed":["Bone_Spikes"],"player_choice":"Change","damage_taken":0,"max_hp_gain":0,"max_hp_loss":0,"event_name":"Living Wall","floor":13,"gold_loss":0,"cards_obtained":["Bone_Armory"]},{"damage_healed":0,"gold_gain":0,"player_choice":"Trade","damage_taken":0,"relics_obtained":["SsserpentHead"],"max_hp_gain":0,"max_hp_loss":0,"event_name":"FaceTrader","floor":27,"gold_loss":0},{"damage_healed":0,"gold_gain":0,"player_choice":"Read","damage_taken":0,"max_hp_gain":0,"max_hp_loss":0,"event_name":"The Library","floor":30,"gold_loss":0,"cards_obtained":["Strike_from_Beyond"]},{"damage_healed":0,"gold_gain":0,"player_choice":"Gave Potion","damage_taken":0,"relics_obtained":["Happy Flower"],"max_hp_gain":0,"max_hp_loss":0,"event_name":"WeMeetAgain","floor":39,"gold_loss":0}],"is_beta":false,"boss_relics":[{"not_picked":["aspiration:SecretTechniqueScroll","Runic Dome"],"picked":"hubris:BlackHole"},{"not_picked":["Replay:Bronze Core","Astrolabe"],"picked":"construct:ClawGrip"}],"items_purged_floors":[],"is_endless":false,"potions_floor_spawned":[3,6,14,16,18,21,23,28,29,37,38,40,46,47],"ascension_level":0}}