{"host":"fkig9nrckec4xsh0","time":1613692971,"event":{"mods":["Act Like it!","BaseMod","Colored Map","Gensokyo","Hermit","Marisa????????","Minty Spire (QoL Compilation)","Quick Restart","Replay The Spire","StSLib","The Cursed","The Necromancer","The Servant 0.9.4"],"gold_per_floor":[14,33,108,124,124,159,159,186,186,217,184,197,197,212,212,315,315,231,196,196,196],"floor_reached":20,"language":"ENG","playtime":1024,"items_purged":[],"score":252,"play_id":"be37a50f-a024-4edd-aa61-f1384b2c28f4","local_time":"20210218190251","is_ascension_mode":true,"campfire_choices":[{"data":"Bones_to_Steel","floor":13,"key":"SMITH"}],"circlet_count":0,"master_deck":["Defend_W+1","Defend_W+1","Bone_Wall","Death_March_Dance+1","Bone_Bullets+1","Bone_Prison+1","Bone_Shift","Bone_Armor","Summon_Lich","Bones_to_Steel+1","Bone_Bullets","Skeleton_Dragon","CommonCold","Summon_Undead","Finger_Of_Death"],"relics":["Vampire_Amulet","Replay:Bottled Snecko","Nunchaku","Whetstone","Divine Protection","War Paint","Kintsugi"],"acts_visited":["Exordium","TheCity"],"potions_floor_usage":[8,8,12,14,20],"damage_taken":[{"damage":6.0,"enemies":"Jaw Worm","floor":1.0,"turns":4.0},{"damage":9.0,"enemies":"2 Louse","floor":2.0,"turns":3.0},{"damage":3.0,"enemies":"Cultist","floor":4.0,"turns":4.0},{"damage":34.0,"enemies":"3 Sentries","floor":6.0,"turns":8.0},{"damage":0,"enemies":"Gremlin Nob","floor":8,"turns":3},{"damage":21,"enemies":"Lagavulin","floor":10,"turns":7},{"damage":0,"enemies":"Gremlin Gang","floor":12,"turns":2},{"damage":0,"enemies":"Exordium Thugs","floor":14,"turns":5},{"damage":2,"enemies":"The Guardian","floor":16,"turns":16},{"damage":13,"enemies":"3 Byrds","floor":18,"turns":7},{"damage":19,"enemies":"2 Thieves","floor":19,"turns":5},{"damage":56,"enemies":"3 Cultists","floor":20,"turns":5}],"seed_played":"-3575416406671241187","potions_obtained":[{"floor":4.0,"key":"AttackPotion"},{"floor":6.0,"key":"Explosive Potion"},{"floor":7.0,"key":"DistilledChaos"},{"floor":7.0,"key":"Strength Potion"},{"floor":10,"key":"Block Potion"},{"floor":19,"key":"Milkshake"}],"is_trial":false,"path_per_floor":["M","M","?","M","T","E","?","E","T","E","$","M","R","M","R_BF","B",null,"M","M","M"],"character_chosen":"NECROMANCER","items_purchased":["Summon_Lich"],"campfire_rested":0,"item_purchase_floors":[11],"current_hp_per_floor":[71,66,55,54,54,26,26,28,28,9,9,17,17,21,43,43,75,68,51,0,0],"gold":196,"neow_bonus":"REMOVE_TWO","is_daily":false,"chose_seed":false,"campfire_upgraded":1,"win_rate":0.0,"timestamp":1613692971,"path_taken":["M","M","?","M","?","E","?","E","T","E","$","M","R","M","R_BF","BOSS","M","?","M"],"items_purchased_type":["Card"],"build_version":"2020-12-22","purchased_purges":0,"victory":false,"max_hp_per_floor":[75,75,75,75,75,75,75,75,75,75,75,75,75,75,75,75,75,75,75,75,75],"card_choices":[{"not_picked":["Negative_Energy_Shield","Negative_Energy_Javelin"],"picked":"Death_March_Dance","floor":1.0},{"not_picked":["Negative_Energy_Shield","Negative_Energy_Javelin"],"picked":"Bone_Bullets","floor":2.0},{"not_picked":["Death_March_Dance","Thousand_Bone_Knives"],"picked":"Bone_Prison","floor":4.0},{"not_picked":["Vampiric_Strike","Acid_Javelin"],"picked":"Bone_Shift","floor":6.0},{"not_picked":["Negative_Energy_Bomb","Death_Coil","Blood_Shield"],"picked":"SKIP","floor":8},{"not_picked":["Vampiric_Strike","Summon_Undead"],"picked":"Bone_Armor","floor":10},{"not_picked":["Chill_Blood","Negative_Energy_Sphere"],"picked":"Bones_to_Steel","floor":12},{"not_picked":["Negative_Energy_Shield","Shackles_Of_Pain"],"picked":"Bone_Bullets","floor":14},{"not_picked":["Grasp_Heart","Blood_Wake"],"picked":"Skeleton_Dragon","floor":16},{"not_picked":["Scare+1","Chill_Blood"],"picked":"Summon_Undead","floor":18},{"not_picked":["Blood_Whip","Spectral_Armor"],"picked":"Finger_Of_Death","floor":19}],"player_experience":461020,"relics_obtained":[{"floor":5.0,"key":"Replay:Bottled Snecko"},{"floor":6.0,"key":"Nunchaku"},{"floor":8,"key":"Whetstone"},{"floor":9,"key":"Divine Protection"},{"floor":10,"key":"War Paint"}],"event_choices":[{"damage_healed":0.0,"max_hp_gain":0.0,"max_hp_loss":0.0,"gold_gain":75.0,"event_name":"World of Goop","player_choice":"Gather Gold","floor":3.0,"gold_loss":0.0,"damage_taken":11.0},{"damage_healed":0.0,"max_hp_gain":0.0,"max_hp_loss":0.0,"gold_gain":0.0,"event_name":"Lab","player_choice":"Got Potions","floor":7.0,"gold_loss":0.0,"damage_taken":0.0}],"is_beta":false,"boss_relics":[{"not_picked":["Pandora\u0027s Box","Coffee Dripper"],"picked":"Kintsugi"}],"items_purged_floors":[],"is_endless":false,"potions_floor_spawned":[4,6,10,19],"killed_by":"3 Cultists","ascension_level":3}}