{"host":"gjwzgdilc53yxmt0","time":1613760417,"event":{"mods":["2.2 Compatiblity","BaseMod","Bestiary","Highlight Path","Minty Spire (QoL Compilation)","Relic Stats","StSLib","ojb\u0027s Info Mod"],"gold_per_floor":[362,374,374,384,384,384,410,428,428,428,49,75,75,89,89,168,168,212,255,255,295,295,352,396,454,481,481,514,429,482,91,91,199,199,246,73,73,120,20,55,55,111,111,124,173,173,215,233,233,233,233,233],"floor_reached":51,"language":"ENG","playtime":2968,"items_purged":["Regret","Writhe"],"score":1804,"play_id":"88dc3cef-9409-409b-b276-def1f54fed3e","local_time":"20210219134657","is_ascension_mode":true,"campfire_choices":[{"data":"Eruption","floor":6.0,"key":"SMITH"},{"data":"Eruption","floor":10.0,"key":"SMITH"},{"floor":13.0,"key":"REST"},{"data":"Apotheosis","floor":15.0,"key":"SMITH"},{"data":"Fasting2","floor":27.0,"key":"SMITH"},{"data":"Wish","floor":32.0,"key":"SMITH"},{"floor":41.0,"key":"RECALL"},{"data":"DeusExMachina","floor":46.0,"key":"SMITH"},{"data":"Fasting2","floor":49,"key":"SMITH"}],"circlet_count":0,"master_deck":["AscendersBane","Strike_P","Strike_P","Strike_P","Strike_P","Defend_P","Defend_P","Defend_P","Defend_P","Eruption+1","Vigilance","FlurryOfBlows","Eruption+1","FlurryOfBlows","DeusExMachina+1","Adaptation","Apotheosis+1","Impatience","EmptyMind","Evaluate","Wish+1","Halt","Fasting2+1","ClearTheMind","FlurryOfBlows","Sanctity","Wallop","Wallop","FlurryOfBlows","Halt","InnerPeace","FearNoEvil","EmptyFist","Crescendo","Adaptation","Vault","Crescendo","Wallop","ClearTheMind","WaveOfTheHand+1","EmptyMind","Fasting2+1"],"relics":["PureWater","FaceOfCleric","Vajra","Bag of Marbles","Gremlin Horn","Coffee Dripper","Bronze Scales","Regal Pillow","Bottled Flame","Blue Candle","MawBank","Orrery","Sozu","ClockworkSouvenir","Nunchaku","PreservedInsect","Question Card"],"acts_visited":["Exordium","TheCity","TheBeyond"],"potions_floor_usage":[51],"damage_taken":[{"damage":0.0,"enemies":"Cultist","floor":1.0,"turns":2.0},{"damage":11.0,"enemies":"Jaw Worm","floor":2.0,"turns":6.0},{"damage":0.0,"enemies":"2 Louse","floor":4.0,"turns":3.0},{"damage":29.0,"enemies":"3 Sentries","floor":7.0,"turns":6.0},{"damage":0.0,"enemies":"Exordium Thugs","floor":8.0,"turns":2.0},{"damage":0.0,"enemies":"Gremlin Nob","floor":12.0,"turns":2.0},{"damage":1.0,"enemies":"3 Louse","floor":14.0,"turns":2.0},{"damage":8.0,"enemies":"The Guardian","floor":16.0,"turns":10.0},{"damage":25.0,"enemies":"Shell Parasite","floor":18.0,"turns":4.0},{"damage":12.0,"enemies":"2 Thieves","floor":19.0,"turns":3.0},{"damage":69.0,"enemies":"Snecko","floor":21.0,"turns":6.0},{"damage":14.0,"enemies":"Gremlin Leader","floor":23.0,"turns":3.0},{"damage":26.0,"enemies":"Centurion and Healer","floor":24.0,"turns":4.0},{"damage":0.0,"enemies":"Slavers","floor":25.0,"turns":2.0},{"damage":12.0,"enemies":"Gremlin Leader","floor":28.0,"turns":4.0},{"damage":12.0,"enemies":"Shelled Parasite and Fungi","floor":30.0,"turns":3.0},{"damage":0.0,"enemies":"Collector","floor":33.0,"turns":4.0},{"damage":0.0,"enemies":"3 Darklings","floor":35.0,"turns":4.0},{"damage":8.0,"enemies":"3 Shapes","floor":38.0,"turns":4.0},{"damage":8.0,"enemies":"Giant Head","floor":40.0,"turns":5.0},{"damage":15.0,"enemies":"Reptomancer","floor":42.0,"turns":4.0},{"damage":1.0,"enemies":"Jaw Worm Horde","floor":44.0,"turns":2.0},{"damage":5.0,"enemies":"3 Darklings","floor":45.0,"turns":4.0},{"damage":15.0,"enemies":"Transient","floor":47.0,"turns":7.0},{"damage":0,"enemies":"Maw","floor":48,"turns":5},{"damage":12,"enemies":"Donu and Deca","floor":50,"turns":7},{"damage":16,"enemies":"Time Eater","floor":51,"turns":1}],"seed_played":"5671996377003141864","potions_obtained":[{"floor":1.0,"key":"FairyPotion"},{"floor":7.0,"key":"ColorlessPotion"},{"floor":12.0,"key":"DistilledChaos"},{"floor":20.0,"key":"FairyPotion"},{"floor":21.0,"key":"EssenceOfSteel"},{"floor":23.0,"key":"BlessingOfTheForge"},{"floor":24.0,"key":"SkillPotion"},{"floor":25.0,"key":"Ancient Potion"},{"floor":33.0,"key":"PowerPotion"}],"is_trial":false,"path_per_floor":["M","M","?","M","?","R","E","M","T","R","$","E","R","M","R","B",null,"M","M","?","M","?","E","M","E","T","R","E","?","M","$","R","B",null,"M","$","?","M","$","E","R","E","T","M","M","R","M","M","R","B","B"],"character_chosen":"WATCHER","items_purchased":["Apotheosis","Impatience","Fruit Juice","Orrery","Adaptation","PowerPotion","ClockworkSouvenir"],"campfire_rested":1,"item_purchase_floors":[11,11,31,31,31,31,36],"current_hp_per_floor":[61,50,50,50,50,50,22,23,23,23,23,24,45,45,45,38,64,40,29,29,18,18,5,24,25,25,25,14,14,3,8,8,9,68,69,69,69,62,62,55,55,41,41,41,37,37,23,24,24,13,0,0],"gold":233,"neow_bonus":"TWO_FIFTY_GOLD","is_daily":false,"chose_seed":false,"campfire_upgraded":7,"win_rate":0.0,"timestamp":1613760417,"path_taken":["M","?","?","?","?","R","E","M","T","R","?","E","R","?","R","BOSS","M","M","?","?","?","E","M","E","T","R","E","?","M","$","R","BOSS","M","$","?","M","?","E","R","E","T","?","M","R","M","?","R","BOSS","BOSS"],"items_purchased_type":["Card","Card","Potion","Relic","Card","Potion","Relic"],"build_version":"2020-12-22","purchased_purges":2,"victory":false,"max_hp_per_floor":[68,68,68,68,68,68,69,70,70,70,70,71,71,72,72,73,73,74,75,75,76,76,77,78,79,79,79,80,80,81,86,86,87,87,88,88,88,89,89,90,90,91,91,92,93,93,94,95,95,96,96,96],"relic_stats":{"Sozu":2,"Regal Pillow":0,"Nunchaku":[14],"FaceOfCleric":23,"Gremlin Horn":[32,28],"counters":[27,109],"Bronze Scales":[125],"Blue Candle":[0],"PreservedInsect":0,"MawBank":24,"Question Card":4,"obtain_stats":[{"Regal Pillow":23,"Gremlin Horn":12,"Blue Candle":28,"Vajra":7,"PreservedInsect":42,"MawBank":29,"Question Card":43,"ClockworkSouvenir":36,"Sozu":34,"Bottled Flame":25,"Nunchaku":40,"FaceOfCleric":5,"Bronze Scales":22,"Orrery":31,"Bag of Marbles":9,"Coffee Dripper":17,"PureWater":0},{"Regal Pillow":12,"Gremlin Horn":6,"Blue Candle":15,"Vajra":4,"PreservedInsect":21,"MawBank":15,"Question Card":21,"ClockworkSouvenir":18,"Sozu":17,"Bottled Flame":14,"Nunchaku":20,"FaceOfCleric":3,"Bronze Scales":11,"Orrery":16,"Bag of Marbles":5,"Coffee Dripper":8,"PureWater":0},{"Regal Pillow":49,"Gremlin Horn":21,"Blue Candle":59,"Vajra":17,"PreservedInsect":83,"MawBank":59,"Question Card":83,"ClockworkSouvenir":70,"Sozu":66,"Bottled Flame":55,"Nunchaku":79,"FaceOfCleric":11,"Bronze Scales":46,"Orrery":62,"Bag of Marbles":19,"Coffee Dripper":33,"PureWater":0}]},"card_choices":[{"not_picked":["Prostrate","FlyingSleeves"],"picked":"Crescendo","floor":1.0},{"not_picked":["LikeWater","Collect"],"picked":"FlurryOfBlows","floor":2.0},{"not_picked":["ThirdEye","Consecrate"],"picked":"FlurryOfBlows","floor":4.0},{"not_picked":["SashWhip","Swivel"],"picked":"DeusExMachina","floor":7.0},{"not_picked":["SignatureMove","Nirvana"],"picked":"Adaptation","floor":8.0},{"not_picked":["FollowUp","Crescendo"],"picked":"EmptyMind","floor":12.0},{"not_picked":["LikeWater","BowlingBash"],"picked":"Evaluate","floor":14.0},{"not_picked":["DeusExMachina","SpiritShield"],"picked":"Wish","floor":16.0},{"not_picked":["Protect","EmptyBody"],"picked":"Halt","floor":18.0},{"not_picked":["Conclude","Pray"],"picked":"Fasting2","floor":19.0},{"not_picked":["CarveReality","WreathOfFlame"],"picked":"ClearTheMind","floor":21.0},{"not_picked":["DeceiveReality","PathToVictory+1"],"picked":"FlurryOfBlows","floor":23.0},{"not_picked":["EmptyMind","Prostrate"],"picked":"Sanctity","floor":24.0},{"not_picked":["Crescendo","ThirdEye"],"picked":"Wallop","floor":25.0},{"not_picked":["Weave","Prostrate+1"],"picked":"Wallop","floor":28.0},{"not_picked":["Indignation","FollowUp"],"picked":"FlurryOfBlows","floor":30.0},{"not_picked":["Crescendo","DeusExMachina"],"picked":"Halt","floor":31.0},{"not_picked":["Devotion","ThirdEye"],"picked":"InnerPeace","floor":31.0},{"not_picked":["BowlingBash","FollowUp"],"picked":"FearNoEvil","floor":31.0},{"not_picked":["ForeignInfluence","ThirdEye"],"picked":"EmptyFist","floor":31.0},{"not_picked":["Swivel","WheelKick"],"picked":"Crescendo","floor":31.0},{"not_picked":["LessonLearned","Scrawl"],"picked":"Vault","floor":33.0},{"not_picked":["Sanctity+1","FollowUp","ForeignInfluence"],"picked":"SKIP","floor":35.0},{"not_picked":["FlyingSleeves","PathToVictory"],"picked":"Crescendo","floor":38.0},{"not_picked":["BowlingBash+1","SashWhip","Prostrate"],"picked":"SKIP","floor":40.0},{"not_picked":["EmptyFist","ThirdEye"],"picked":"Wallop","floor":42.0},{"not_picked":["SignatureMove","FlyingSleeves+1","FollowUp+1"],"picked":"ClearTheMind","floor":44.0},{"not_picked":["EmptyFist","Prostrate","WreathOfFlame+1"],"picked":"WaveOfTheHand+1","floor":45.0},{"not_picked":["CutThroughFate","CarveReality","FollowUp"],"picked":"EmptyMind","floor":47.0},{"not_picked":["Protect+1","Consecrate+1","PathToVictory"],"picked":"Fasting2","floor":48}],"player_experience":4963853,"relics_obtained":[{"floor":7.0,"key":"Vajra"},{"floor":9.0,"key":"Bag of Marbles"},{"floor":12.0,"key":"Gremlin Horn"},{"floor":23.0,"key":"Regal Pillow"},{"floor":25.0,"key":"Bottled Flame"},{"floor":28.0,"key":"Blue Candle"},{"floor":40.0,"key":"Nunchaku"},{"floor":42.0,"key":"PreservedInsect"},{"floor":43.0,"key":"Question Card"}],"event_choices":[{"damage_healed":0.0,"max_hp_gain":0.0,"max_hp_loss":0.0,"gold_gain":0.0,"event_name":"Match and Keep!","player_choice":"1 cards matched","floor":3.0,"gold_loss":0.0,"damage_taken":0.0,"cards_obtained":["Eruption"]},{"damage_healed":0.0,"max_hp_gain":0.0,"max_hp_loss":0.0,"gold_gain":0.0,"event_name":"FaceTrader","player_choice":"Trade","floor":5.0,"gold_loss":0.0,"damage_taken":0.0,"relics_obtained":["FaceOfCleric"]},{"damage_healed":0.0,"max_hp_gain":0.0,"max_hp_loss":0.0,"gold_gain":0.0,"event_name":"Lab","player_choice":"Got Potions","floor":20.0,"gold_loss":0.0,"damage_taken":0.0},{"damage_healed":0.0,"max_hp_gain":0.0,"max_hp_loss":0.0,"gold_gain":0.0,"event_name":"The Mausoleum","player_choice":"Opened","floor":22.0,"gold_loss":0.0,"damage_taken":0.0,"relics_obtained":["Bronze Scales"],"cards_obtained":["Writhe"]},{"damage_healed":0.0,"max_hp_gain":0.0,"max_hp_loss":0.0,"gold_gain":0.0,"event_name":"Addict","player_choice":"Obtained Relic","floor":29.0,"gold_loss":85.0,"damage_taken":0.0,"relics_obtained":["MawBank"]},{"cards_removed":["Crescendo"],"damage_healed":0.0,"max_hp_gain":0.0,"max_hp_loss":0.0,"gold_gain":0.0,"event_name":"Falling","player_choice":"Removed Skill","floor":37.0,"gold_loss":0.0,"damage_taken":0.0}],"is_beta":false,"boss_relics":[{"not_picked":["Runic Dome","SacredBark"],"picked":"Coffee Dripper"},{"not_picked":["Cursed Key","Black Star"],"picked":"Sozu"}],"items_purged_floors":[11,39],"is_endless":false,"potions_floor_spawned":[1,7,12,21,23,24,25,33,40,44],"killed_by":"Time Eater","ascension_level":20}}