{"host":"y4fuci1jk2rsxnep","time":1613757128,"event":{"mods":["AchievementEnabler","BaseMod","Colored Powertips","Custom Start","Defuse TimeMaze Blight","Dio Mod","Downfall","Hermit","Hero for Fun","Hubris","Hunter ??","Infinite Spire","Minty Spire (QoL Compilation)","Quick Restart","Reliquary","Remove Card Discount Mod","Replay The Spire","StSLib","The Blackbeard","The Bug Knight","The Mystic","The Runesmith"],"gold_per_floor":[115,127,142,142,93,93,103,121,121,141,156,170,170,181,181,286,286,299,259,271,271,297,297,297,297],"floor_reached":24,"language":"ENG","playtime":2434,"items_purged":["sneckomod:Strike","Strike_G","hermit:Strike_Hermit","hermit:Defend_Hermit"],"score":348,"play_id":"86a57dd5-62fd-4590-a4a5-dc9df5e9fcf7","local_time":"20210219185208","is_ascension_mode":true,"campfire_choices":[{"data":"hermit:HoleUp","floor":6,"key":"SMITH"},{"data":"hermit:FlashPowder","floor":15,"key":"SMITH"},{"data":"Replay:Fractal Strike","floor":23,"key":"SMITH"}],"circlet_count":0,"master_deck":["hermit:Strike_Hermit","hermit:Strike_Hermit","hermit:Strike_Hermit","hermit:Defend_Hermit","hermit:Defend_Hermit","hermit:Defend_Hermit","hermit:Snapshot","hermit:Covet","hermit:Desperado","hermit:HoleUp+1","hermit:Quickdraw","hermit:Virtue","hermit:FlashPowder+1","hermit:LoneWolf","hermit:WideOpen+1","hermit:Gestalt","hermit:Virtue","hermit:HoleUp","hermit:Adapt","hermit:FlashPowder+1","hermit:BodyArmor","Pain","hubris:Greed","Replay:Fractal Strike+1","hubris:Greed","hubris:Greed","hermit:Glare","hubris:Greed","hubris:Greed","hubris:Greed"],"relics":["hermit:Momento","reliquary:Firecrackers","SlaversCollar"],"acts_visited":["Exordium","TheCity"],"potions_floor_usage":[16,16,20,22],"damage_taken":[{"damage":5,"enemies":"Small Slimes","floor":1,"turns":3},{"damage":7,"enemies":"Jaw Worm","floor":2,"turns":3},{"damage":6,"enemies":"Cultist","floor":3,"turns":3},{"damage":10,"enemies":"Large Slime","floor":7,"turns":5},{"damage":16,"enemies":"Lots of Slimes","floor":8,"turns":5},{"damage":4,"enemies":"Blue Slaver","floor":10,"turns":3},{"damage":2,"enemies":"Large Slime","floor":11,"turns":6},{"damage":9,"enemies":"Exordium Thugs","floor":12,"turns":6},{"damage":5,"enemies":"Exordium Wildlife","floor":14,"turns":4},{"damage":21,"enemies":"Fading Forest","floor":16,"turns":11},{"damage":6,"enemies":"Chosen","floor":18,"turns":7},{"damage":26,"enemies":"Spheric Guardian","floor":20,"turns":7},{"damage":29,"enemies":"Shelled Parasite and Fungi","floor":22,"turns":13},{"damage":28,"enemies":"Centurion and Healer","floor":24,"turns":10}],"seed_played":"8466525702808276942","potions_obtained":[{"floor":1,"key":"EssenceOfSteel"},{"floor":7,"key":"hexamod:SoulburnPotion"},{"floor":8,"key":"Energy Potion"},{"floor":10,"key":"PowerPotion"},{"floor":16,"key":"GamblersBrew"},{"floor":20,"key":"Explosive Potion"}],"is_trial":false,"path_per_floor":["M","M","M","?","$","R","M","M","T","M","M","M","?","M","R","B",null,"M","?","M","?","M","R","M"],"character_chosen":"HERMIT","items_purchased":["hermit:Virtue"],"campfire_rested":0,"item_purchase_floors":[5],"current_hp_per_floor":[84,77,71,71,71,71,61,45,45,41,39,30,30,25,25,18,89,83,83,57,57,28,28,0,0],"gold":297,"neow_bonus":"TWENTY_PERCENT_HP_BONUS","is_daily":false,"chose_seed":false,"campfire_upgraded":3,"win_rate":0.0,"timestamp":1613757128,"path_taken":["M","M","M","?","$","R","M","M","T","M","M","M","?","?","R","BOSS","M","?","?","?","M","R","M"],"items_purchased_type":["Card"],"build_version":"2020-12-22","purchased_purges":4,"victory":false,"max_hp_per_floor":[89,89,89,89,89,89,89,89,89,89,89,89,89,89,89,89,89,89,89,89,89,89,89,89,89],"card_choices":[{"not_picked":["hermit:TakeAim","hermit:LowProfile"],"picked":"hermit:Desperado","floor":1},{"not_picked":["hermit:Grudge","hermit:LuckOfTheDraw"],"picked":"hermit:HoleUp","floor":2},{"not_picked":["hermit:Misfire","hermit:ItchyTrigger"],"picked":"hermit:Quickdraw","floor":3},{"not_picked":["hermit:WideOpen","hermit:Snipe"],"picked":"hermit:FlashPowder","floor":7},{"not_picked":["hermit:TakeCover","hermit:Grudge"],"picked":"hermit:LoneWolf","floor":8},{"not_picked":["hermit:Combo","hermit:Coalescence"],"picked":"hermit:WideOpen","floor":10},{"not_picked":["hermit:Headshot","hermit:LowProfile"],"picked":"hermit:Gestalt","floor":11},{"not_picked":["hermit:SprayPray","hermit:Feint"],"picked":"hermit:Virtue","floor":12},{"not_picked":["hermit:Purgatory","hermit:TakeAim"],"picked":"hermit:HoleUp","floor":14},{"not_picked":["hermit:RoundhouseKick","hermit:EternalForm"],"picked":"hermit:Adapt","floor":16},{"not_picked":["hermit:SprayPray","hermit:Horror"],"picked":"hermit:FlashPowder","floor":18},{"not_picked":["hermit:TrackingShot","hermit:Roulette"],"picked":"hermit:BodyArmor","floor":20},{"not_picked":["ReplayTheSpireMod:Black Plague","infinitespire:SealOfDarkness+"],"picked":"Replay:Fractal Strike","floor":21},{"not_picked":["hermit:Vantage","hermit:Ricochet"],"picked":"hermit:Glare","floor":22}],"player_experience":661904,"relics_obtained":[{"floor":4,"key":"reliquary:Firecrackers"}],"event_choices":[{"damage_healed":0,"gold_gain":0,"player_choice":"Upgraded","damage_taken":0,"max_hp_gain":0,"max_hp_loss":0,"event_name":"Upgrade Shrine","floor":13,"gold_loss":0,"cards_upgraded":["hermit:WideOpen"]},{"damage_healed":0,"gold_gain":0,"player_choice":"Upgrade","damage_taken":0,"max_hp_gain":0,"max_hp_loss":0,"event_name":"Designer","floor":19,"gold_loss":40,"cards_upgraded":["hermit:FlashPowder"]}],"is_beta":false,"boss_relics":[{"not_picked":["hubris:BlackHole","Runic Dome"],"picked":"SlaversCollar"}],"items_purged_floors":[5,5,5,5],"is_endless":false,"potions_floor_spawned":[1,7,8,10,12,16,20],"killed_by":"Centurion and Healer","ascension_level":3}}