{"host":"19sdwlqxvt3b2mjy","time":1613704435,"event":{"mods":["BaseMod","Colored Map","Highlight Path","Hubris","Minty Spire (QoL Compilation)","StSLib"],"gold_per_floor":[25,25,41,41,61,94,369,369,394,394,394],"floor_reached":10,"language":"ENG","playtime":598,"items_purged":[],"score":132,"play_id":"3d8129d8-9b3a-45e4-97e8-a08cb919c641","local_time":"20210218191355","daily_mods":["Draft","Colorless Cards","Diverse","Colorless Cards"],"is_ascension_mode":true,"campfire_choices":[{"data":"Dash","floor":8,"key":"SMITH"}],"circlet_count":0,"master_deck":["Strike_G","Strike_B","hubris:Strike_Merchant","Defend_R","Defend_G","Defend_B","hubris:Defend_Merchant","hubris:MerchantsHand","hubris:MerchantsHand","AscendersBane","CutThroughFate","Sentinel","Flying Knee","Hologram","Riddle With Holes","Bloodletting","Stack","Burning Pact","Dagger Spray","Dash+1","Anger","Stack","Gash","Reckless Charge","TalkToTheHand","Armaments","Regret"],"relics":["Smiling Mask","hubris:NiceRug","Ice Cream","Orichalcum"],"acts_visited":["Exordium"],"potions_floor_usage":[6],"damage_taken":[{"damage":0,"enemies":"Jaw Worm","floor":1,"turns":3},{"damage":0,"enemies":"Cultist","floor":3,"turns":3},{"damage":3,"enemies":"2 Louse","floor":5,"turns":3},{"damage":16,"enemies":"3 Sentries","floor":6,"turns":7},{"damage":33,"enemies":"Lagavulin","floor":10,"turns":15}],"seed_played":"171651725501402880","potions_obtained":[{"floor":5,"key":"DuplicationPotion"}],"is_trial":true,"path_per_floor":["M","$","M","?","M","E","?","R","T","E"],"character_chosen":"IRONCLAD","items_purchased":[],"campfire_rested":0,"item_purchase_floors":[],"current_hp_per_floor":[63,63,63,63,60,44,44,44,44,11,11],"gold":394,"neow_bonus":"","is_daily":false,"chose_seed":false,"campfire_upgraded":1,"win_rate":0.0,"timestamp":1613704435,"path_taken":["M","$","M","?","?","E","?","R","T","E"],"items_purchased_type":[],"build_version":"2020-12-22","purchased_purges":0,"victory":false,"max_hp_per_floor":[70,70,70,70,70,70,70,70,70,70,70],"card_choices":[{"not_picked":["Dagger Throw","BowlingBash"],"picked":"CutThroughFate","floor":0},{"not_picked":["BowlingBash","Defragment"],"picked":"Sentinel","floor":0},{"not_picked":["Cleave","Thunderclap"],"picked":"Flying Knee","floor":0},{"not_picked":["Clothesline","PiercingWail"],"picked":"Hologram","floor":0},{"not_picked":["Acrobatics","Compile Driver"],"picked":"Riddle With Holes","floor":0},{"not_picked":["Cloak And Dagger","Sweeping Beam"],"picked":"Bloodletting","floor":0},{"not_picked":["Go for the Eyes","Catalyst"],"picked":"Stack","floor":0},{"not_picked":["hubris:PowerSurge","Leap"],"picked":"Burning Pact","floor":0},{"not_picked":["Finisher","Force Field"],"picked":"Dagger Spray","floor":0},{"not_picked":["Poisoned Stab","Sword Boomerang"],"picked":"Dash","floor":0},{"not_picked":["WreathOfFlame","Body Slam"],"picked":"Anger","floor":0},{"not_picked":["Flex","Body Slam"],"picked":"Stack","floor":0},{"not_picked":["Warcry","Poisoned Stab"],"picked":"Gash","floor":0},{"not_picked":["Capacitor","Clash"],"picked":"Reckless Charge","floor":0},{"not_picked":["EmptyFist","Streamline"],"picked":"TalkToTheHand","floor":0},{"not_picked":["Bouncing Flask","Combust","PathToVictory"],"picked":"SKIP","floor":1},{"not_picked":["ThirdEye","Conserve Battery","FlurryOfBlows"],"picked":"SKIP","floor":3},{"not_picked":["JustLucky","Dark Shackles","PiercingWail"],"picked":"SKIP","floor":5},{"not_picked":["Outmaneuver","CrushJoints","Rage"],"picked":"SKIP","floor":6}],"player_experience":688449,"relics_obtained":[{"floor":6,"key":"Ice Cream"},{"floor":9,"key":"Orichalcum"}],"event_choices":[{"damage_healed":0,"gold_gain":0,"cards_transformed":["Strike_R"],"player_choice":"Transformed","damage_taken":0,"max_hp_gain":0,"max_hp_loss":0,"event_name":"Transmorgrifier","floor":4,"gold_loss":0,"cards_obtained":["Armaments"]},{"damage_healed":0,"gold_gain":275,"player_choice":"Desecrate","damage_taken":0,"max_hp_gain":0,"max_hp_loss":0,"event_name":"Golden Shrine","floor":7,"gold_loss":0,"cards_obtained":["Regret"]}],"is_beta":false,"boss_relics":[],"items_purged_floors":[],"is_endless":false,"potions_floor_spawned":[5],"killed_by":"Lagavulin","ascension_level":20}}