{"host":"vk2xyavtylxbvrfq","time":1613696319,"event":{"mods":["Bard","BaseMod","Bestiary","Better Altar","Better Match","Better Note","Better Sensory Stone","Better Skull","Better Vampires","Block Reminder","Bossed Relics","Colored Map","Curses Come First","Displayed Cursed Tome","Downfall","Fox Events","Hermit","Ironclad Rager","Marked Mod","Minty Spire (QoL Compilation)","Quick Restart","Rare Cards Sparkle","Relic Sorter","Reliquary","Robot Space Explorer","StSLib","The Hayseed","The Runesmith","TheSurvivalist","Unceasing Turn Reminder"],"gold_per_floor":[112,67,242,50,69,96,96,129,129,148,148,148,165,193,193,294,294,306,306,306,306,306,306,318,318,318,331,360,62,62,62,62,172,172,190,204,227,227,248,248,281,296,296,296,296,296,307,328,328,333,333,333,38,72,72,72],"floor_reached":55,"language":"ENG","playtime":2702,"items_purged":[],"score":978,"play_id":"a7fafc4f-9c3f-4d6f-aaf1-14dddcf22ca5","local_time":"20210218195839","is_ascension_mode":true,"campfire_choices":[{"data":"hermit:CalledShot","floor":7.0,"key":"SMITH"},{"data":"hermit:GhostlyPresence","floor":11.0,"key":"SMITH"},{"floor":15.0,"key":"REST"},{"floor":23.0,"key":"REST"},{"floor":25.0,"key":"REST"},{"floor":30.0,"key":"REST"},{"floor":32.0,"key":"REST"},{"floor":40.0,"key":"REST"},{"floor":44.0,"key":"RECALL"},{"floor":49.0,"key":"REST"},{"floor":52.0,"key":"REST"}],"circlet_count":0,"master_deck":["hermit:Strike_Hermit+1","hermit:Strike_Hermit+1","hermit:Strike_Hermit+1","hermit:Defend_Hermit+1","hermit:Defend_Hermit+1","hermit:Defend_Hermit+1","hermit:Defend_Hermit+1","hermit:Snapshot+1","hermit:Covet","hermit:Snipe","hermit:Dive","Doubt","Panache","hermit:Headshot","hermit:CalledShot+1","hermit:GhostlyPresence+1","hermit:Dive","Regret","hermit:Coalescence","hermit:Dissolve","hermit:FlashPowder","hermit:LoneWolf","hermit:LoneWolf+1","hermit:Scavenge","hermit:Combo+1","hermit:Snipe","hermit:Vantage","downfall:Bewildered","hermit:Reprieve","hermit:TrackingShot","hermit:Glare","hermit:Combo+1","hermit:Vantage+1","hermit:FlashPowder","hermit:Vantage+1","hermit:Determination+1","hermit:TakeAim"],"relics":["hermit:Momento","NeowsBlessing","Matryoshka","Ornamental Fan","PreservedInsect","Whetstone","Happy Flower","White Beast Statue","Fusion Hammer","MutagenicStrength","Potion Belt","Oddly Smooth Stone","hermit:Horseshoe","hermit:RedScarf","Torii","ClockworkSouvenir","sneckomod:BabySnecko","hermit:BartenderGlass","reliquary:HotPoker","reliquary:NewFriend","StrikeDummy"],"acts_visited":["Exordium","TheCity","TheBeyond","TheEnding"],"potions_floor_usage":[55,55],"damage_taken":[{"damage":0.0,"enemies":"Small Slimes","floor":1.0,"turns":1.0},{"damage":0.0,"enemies":"Cultist","floor":5.0,"turns":1.0},{"damage":0.0,"enemies":"Gremlin Nob","floor":6.0,"turns":1.0},{"damage":17.0,"enemies":"3 Sentries","floor":8.0,"turns":7.0},{"damage":0.0,"enemies":"2 Louse","floor":10.0,"turns":1.0},{"damage":0.0,"enemies":"2 Fungi Beasts","floor":13.0,"turns":4.0},{"damage":10.0,"enemies":"Gremlin Nob","floor":14.0,"turns":4.0},{"damage":33.0,"enemies":"The Guardian","floor":16.0,"turns":14.0},{"damage":4.0,"enemies":"Shell Parasite","floor":18.0,"turns":6.0},{"damage":7.0,"enemies":"Chosen","floor":24.0,"turns":3.0},{"damage":28.0,"enemies":"Sentry and Sphere","floor":27.0,"turns":7.0},{"damage":7.0,"enemies":"Slavers","floor":28.0,"turns":7.0},{"damage":35.0,"enemies":"Collector","floor":33.0,"turns":9.0},{"damage":0.0,"enemies":"3 Shapes","floor":35.0,"turns":8.0},{"damage":0.0,"enemies":"Orb Walker","floor":36.0,"turns":2.0},{"damage":1.0,"enemies":"4 Shapes","floor":37.0,"turns":8.0},{"damage":12.0,"enemies":"Spire Growth","floor":39.0,"turns":6.0},{"damage":40.0,"enemies":"Reptomancer","floor":41.0,"turns":6.0},{"damage":6.0,"enemies":"Maw","floor":42.0,"turns":7.0},{"damage":1.0,"enemies":"Transient","floor":47.0,"turns":5.0},{"damage":28.0,"enemies":"Jaw Worm Horde","floor":48.0,"turns":7.0},{"damage":35.0,"enemies":"Awakened One","floor":50.0,"turns":9.0},{"damage":34.0,"enemies":"Shield and Spear","floor":54.0,"turns":6.0},{"damage":44,"enemies":"The Heart","floor":55,"turns":2}],"seed_played":"9115269610907960676","potions_obtained":[{"floor":5.0,"key":"DistilledChaos"},{"floor":8.0,"key":"FearPotion"},{"floor":10.0,"key":"Weak Potion"},{"floor":14.0,"key":"sneckomod:MuddlingPotion"},{"floor":16.0,"key":"Fire Potion"},{"floor":18.0,"key":"EntropicBrew"},{"floor":24.0,"key":"BlessingOfTheForge"},{"floor":27.0,"key":"SteroidPotion"},{"floor":28.0,"key":"sneckomod:MuddlingPotion"},{"floor":33.0,"key":"PowerPotion"},{"floor":35.0,"key":"EssenceOfSteel"},{"floor":36.0,"key":"hexamod:SoulburnPotion"},{"floor":39.0,"key":"PowerPotion"},{"floor":41.0,"key":"hermit:Tonic"},{"floor":42.0,"key":"Fire Potion"},{"floor":47.0,"key":"Block Potion"},{"floor":48.0,"key":"SkillPotion"},{"floor":54.0,"key":"SteroidPotion"}],"is_trial":false,"path_per_floor":["M","$","?","$","M","E","R","E","T","M","R","?","M","E","R","B",null,"M","?","?","?","?","R","M","R","T","M","E","$","R","?","R","B",null,"M","M","M","?","M","R","E","M","T","R","?","?","M","M","R","B",null,"R","$","E","B"],"character_chosen":"HERMIT","items_purchased":["hermit:Dive","Panache","hermit:Combo","hermit:Snipe","hermit:Vantage","ClockworkSouvenir","reliquary:NewFriend","hermit:TakeAim"],"campfire_rested":8,"item_purchase_floors":[2,4,29,29,29,29,53,53],"current_hp_per_floor":[68,68,68,68,68,68,68,51,51,51,51,51,51,41,63,30,64,60,60,60,60,27,49,42,64,64,36,29,29,51,51,73,38,66,70,70,69,69,57,75,35,37,37,37,37,37,48,20,42,7,58,75,75,41,0,0],"gold":72,"neow_bonus":"THREE_ENEMY_KILL","is_daily":false,"chose_seed":false,"campfire_upgraded":2,"win_rate":0.0,"timestamp":1613696319,"path_taken":["M","$","?","$","M","E","R","E","T","M","R","?","M","E","R","BOSS","M","?","?","?","?","R","?","R","T","M","E","?","R","?","R","BOSS","M","M","M","?","?","R","E","M","T","R","?","?","M","?","R","BOSS","R","$","E","BOSS"],"items_purchased_type":["Card","Card","Card","Card","Card","Relic","Relic","Card"],"build_version":"2020-12-22","purchased_purges":0,"victory":false,"max_hp_per_floor":[75,75,75,75,75,75,75,75,75,75,75,75,75,75,75,75,75,75,75,75,75,75,75,75,75,75,75,75,75,75,75,75,75,75,75,75,75,75,75,75,75,75,75,75,75,75,75,75,75,75,75,75,75,75,75,75],"card_choices":[{"not_picked":["hermit:Glare","hermit:EyeOfTheStorm"],"picked":"hermit:Snipe","floor":1.0},{"not_picked":["hermit:Misfire","hermit:Malice"],"picked":"hermit:Headshot","floor":5.0},{"not_picked":["hermit:TakeAim","hermit:Grudge"],"picked":"hermit:CalledShot","floor":6.0},{"not_picked":["hermit:LuckOfTheDraw","hermit:Roulette"],"picked":"hermit:GhostlyPresence","floor":8.0},{"not_picked":["hermit:Adapt","hermit:Ricochet"],"picked":"hermit:Dive","floor":10.0},{"not_picked":["hermit:NoHoldsBarred","hermit:Roulette","hermit:SprayPray"],"picked":"SKIP","floor":13.0},{"not_picked":["hermit:LuckOfTheDraw","hermit:Roulette"],"picked":"hermit:Coalescence","floor":14.0},{"not_picked":["hermit:EternalForm","hermit:DeadOrAlive"],"picked":"hermit:Dissolve","floor":16.0},{"not_picked":["hermit:Snipe","hermit:HighCaliber"],"picked":"hermit:FlashPowder","floor":18.0},{"not_picked":["hermit:Shortfuse","hermit:Showdown","hermit:LowProfile"],"picked":"SKIP","floor":24.0},{"not_picked":["hermit:LowProfile","hermit:Ricochet"],"picked":"hermit:LoneWolf+1","floor":27.0},{"not_picked":["hermit:FullyLoaded","hermit:DeadMansHand"],"picked":"hermit:Scavenge","floor":28.0},{"not_picked":["hermit:Gambit","hermit:BlackWind"],"picked":"hermit:Reprieve","floor":33.0},{"not_picked":["hermit:HighCaliber+1","hermit:LowProfile"],"picked":"hermit:TrackingShot","floor":35.0},{"not_picked":["hermit:HighCaliber","hermit:Misfire+1","hermit:CursedWeapon+1"],"picked":"SKIP","floor":36.0},{"not_picked":["hermit:Desperado+1","hermit:Shortfuse"],"picked":"hermit:Glare","floor":37.0},{"not_picked":["hermit:Feint+1","hermit:Roulette+1"],"picked":"hermit:Combo+1","floor":39.0},{"not_picked":["hermit:Feint","hermit:SprayPray+1","hermit:BodyArmor"],"picked":"SKIP","floor":41.0},{"not_picked":["hermit:ItchyTrigger+1","hermit:Gambit"],"picked":"hermit:Vantage+1","floor":42.0},{"not_picked":["hermit:Glare","hermit:Misfire+1"],"picked":"hermit:Vantage+1","floor":47.0},{"not_picked":["hermit:DeadMansHand+1","hermit:TrackingShot"],"picked":"hermit:Determination+1","floor":48.0},{"not_picked":["hermit:Maintenance+1","hermit:SprayPray","hermit:Spite"],"picked":"SKIP","floor":54.0}],"player_experience":1429793,"relics_obtained":[{"floor":6.0,"key":"Matryoshka"},{"floor":8.0,"key":"Ornamental Fan"},{"floor":9.0,"key":"PreservedInsect"},{"floor":9.0,"key":"Whetstone"},{"floor":14.0,"key":"White Beast Statue"},{"floor":26.0,"key":"hermit:Horseshoe"},{"floor":26.0,"key":"hermit:RedScarf"},{"floor":28.0,"key":"Torii"},{"floor":41.0,"key":"reliquary:HotPoker"},{"floor":54.0,"key":"StrikeDummy"}],"event_choices":[{"damage_healed":0.0,"max_hp_gain":0.0,"max_hp_loss":0.0,"gold_gain":175.0,"event_name":"Liars Game","player_choice":"AGREE","floor":3.0,"gold_loss":0.0,"damage_taken":0.0,"cards_obtained":["Doubt"]},{"damage_healed":0.0,"max_hp_gain":0.0,"max_hp_loss":0.0,"gold_gain":0.0,"event_name":"Big Fish","player_choice":"Box","floor":12.0,"gold_loss":0.0,"damage_taken":0.0,"relics_obtained":["Happy Flower"],"cards_obtained":["Regret"]},{"cards_removed":["Panache"],"damage_healed":0.0,"max_hp_gain":0.0,"max_hp_loss":0.0,"gold_gain":0.0,"event_name":"betterNote:BetterNote","player_choice":"Take \u0026 Give","floor":19.0,"gold_loss":0.0,"damage_taken":0.0,"cards_obtained":["hermit:LoneWolf"]},{"damage_healed":0.0,"max_hp_gain":0.0,"max_hp_loss":0.0,"gold_gain":0.0,"event_name":"Back to Basics","player_choice":"Simplicity","floor":20.0,"gold_loss":0.0,"damage_taken":0.0,"cards_upgraded":["hermit:Strike_Hermit","hermit:Strike_Hermit","hermit:Strike_Hermit","hermit:Defend_Hermit","hermit:Defend_Hermit","hermit:Defend_Hermit","hermit:Defend_Hermit"]},{"damage_healed":0.0,"max_hp_gain":0.0,"max_hp_loss":0.0,"gold_gain":0.0,"event_name":"Drug Dealer","player_choice":"Inject Mutagens","floor":21.0,"gold_loss":0.0,"damage_taken":0.0,"relics_obtained":["MutagenicStrength"]},{"damage_healed":0.0,"max_hp_gain":0.0,"max_hp_loss":0.0,"gold_gain":0.0,"event_name":"betterSkull:BetterSkull","player_choice":"RE RE ","floor":22.0,"gold_loss":0.0,"damage_taken":37.0,"cards_upgraded":[],"relics_obtained":["Potion Belt","Oddly Smooth Stone"]},{"damage_healed":0.0,"max_hp_gain":0.0,"max_hp_loss":0.0,"gold_gain":0.0,"event_name":"Upgrade Shrine","player_choice":"Upgraded","floor":38.0,"gold_loss":0.0,"damage_taken":0.0,"cards_upgraded":["hermit:Combo"]},{"cards_removed":["hermit:Strike_Hermit"],"damage_healed":0.0,"max_hp_gain":0.0,"max_hp_loss":0.0,"gold_gain":0.0,"event_name":"Falling","player_choice":"Removed Attack","floor":45.0,"gold_loss":0.0,"damage_taken":0.0},{"damage_healed":0.0,"max_hp_gain":0.0,"max_hp_loss":0.0,"gold_gain":0.0,"event_name":"Duplicator","player_choice":"Copied","floor":46.0,"gold_loss":0.0,"damage_taken":0.0,"cards_obtained":["hermit:FlashPowder"]}],"is_beta":false,"boss_relics":[{"not_picked":["Ectoplasm","hermit:ClaspedLocket"],"picked":"Fusion Hammer"},{"not_picked":["Runic Pyramid","Empty Cage"],"picked":"hermit:BartenderGlass"}],"items_purged_floors":[],"is_endless":false,"potions_floor_spawned":[5,8,10,14,16,18,24,27,28,33,35,36,37,39,41,42,47,48,54],"killed_by":"The Heart","ascension_level":6}}