{"host":"s0nrlal5fls38heo","time":1613731724,"event":{"mods":["AchievementEnabler","BaseMod","Colored Powertips","Dark Map","Displayed Cursed Tome","Downfall","Faster Ascension Climbing","GifTheSpireLib","Minty Spire (QoL Compilation)","Permanent Neow","Rare Cards Sparkle","Relic Filter Mod","StSLib"],"gold_per_floor":[99,118,132,132,145,174,174,174,190,225,236,246,271,291,303,399,399,299,310,310,310,310,310,310,310],"floor_reached":23,"language":"ENG","playtime":1008,"items_purged":[],"score":369,"play_id":"35a511c4-9972-4ab9-8289-ae16ad8655e9","local_time":"20210219114844","is_ascension_mode":true,"campfire_choices":[{"data":"Slimebound:Split","floor":1.0,"key":"SMITH"},{"floor":18.0,"key":"RECALL"}],"circlet_count":0,"master_deck":["AscendersBane","Slimebound:Strike_Slimebound","Slimebound:Strike_Slimebound","Slimebound:Tackle","Slimebound:Defend_Slimebound","Slimebound:Defend_Slimebound","Slimebound:Defend_Slimebound","Slimebound:Defend_Slimebound","Slimebound:Split+1","Slimebound:CorrosiveSpit","Slimebound:LeechLife","Slimebound:SamplingLick","Slimebound:Prepare","Slimebound:Split+1","Slimebound:GoopSpray","Slimebound:HungryTackle","Slimebound:OozeBath+1","Slimebound:FirmFortitude+1","Slimebound:Dissolve+1","Slimebound:FormOfPuddle+1","Slimebound:DouseInSlime+1","Slimebound:MegaLick+1","Slimebound:Dissolve+1","Slimebound:MassRepurpose+1","Slimebound:SamplingLick+1","RitualDagger"],"relics":["Slimebound:AbsorbEndCombat","Toxic Egg 2","CultistMask","Pantograph","Blood Vial","bronze:MakeshiftBattery","downfall:HeartBlessingBlue"],"acts_visited":["Exordium","TheCity"],"potions_floor_usage":[],"damage_taken":[{"damage":0.0,"enemies":"Cultist","floor":2.0,"turns":4.0},{"damage":0.0,"enemies":"Small Slimes","floor":3.0,"turns":4.0},{"damage":0.0,"enemies":"Jaw Worm","floor":5.0,"turns":5.0},{"damage":2.0,"enemies":"Lagavulin","floor":6.0,"turns":7.0},{"damage":3.0,"enemies":"downfall:LooterAlt","floor":9.0,"turns":4.0},{"damage":31.0,"enemies":"Gremlin Nob","floor":10.0,"turns":5.0},{"damage":12.0,"enemies":"Large Slime","floor":11.0,"turns":5.0},{"damage":18.0,"enemies":"Exordium Wildlife","floor":12.0,"turns":6.0},{"damage":1.0,"enemies":"Lagavulin","floor":13.0,"turns":6.0},{"damage":1.0,"enemies":"downfall:LooterAlt","floor":14.0,"turns":5.0},{"damage":14.0,"enemies":"Gremlin Gang","floor":15.0,"turns":4.0},{"damage":30.0,"enemies":"WA_ARCHETYPE_RETAIN","floor":16.0,"turns":10.0},{"damage":28.0,"enemies":"3 Byrds","floor":19.0,"turns":5.0}],"seed_played":"-746460136314979558","potions_obtained":[{"floor":5.0,"key":"Slimebound:SlimyTonguePotion"},{"floor":10.0,"key":"Guardian:BlockOnCardUsePotion"},{"floor":11.0,"key":"FairyPotion"}],"is_trial":false,"path_per_floor":["R","M","M","?","M","E","T","?","M","E","M","M","E","M","M","B",null,"R","M","?","?","?","?"],"character_chosen":"SLIMEBOUND","items_purchased":[],"campfire_rested":0,"item_purchase_floors":[],"current_hp_per_floor":[59,65,65,65,65,65,65,65,65,48,50,57,62,65,60,44,60,70,65,65,65,59,59,59,59],"gold":310,"neow_bonus":"ONE_RANDOM_RARE_CARD","is_daily":false,"chose_seed":false,"campfire_upgraded":1,"win_rate":0.0,"timestamp":1613731724,"path_taken":["R","M","?","?","?","E","T","?","M","E","M","M","E","?","M","BOSS","R","M","?","?","?","?"],"items_purchased_type":[],"build_version":"2020-12-22","purchased_purges":0,"victory":false,"max_hp_per_floor":[65,65,65,65,65,65,65,65,65,65,65,65,65,65,65,65,65,75,75,75,75,75,75,75,75],"card_choices":[{"not_picked":["Slimebound:AcidTongue","Slimebound:FinishingTackle"],"picked":"Slimebound:SamplingLick","floor":2.0},{"not_picked":["Slimebound:MegaLick","Slimebound:RollThrough"],"picked":"Slimebound:Prepare","floor":3.0},{"not_picked":["Slimebound:SplitAcid","Slimebound:SplitLeeching"],"picked":"Slimebound:GoopSpray","floor":5.0},{"not_picked":["Slimebound:FinishingTackle","Slimebound:DisruptingSlam"],"picked":"Slimebound:HungryTackle","floor":6.0},{"not_picked":["Slimebound:SplitAcid+1","Slimebound:Schlurp+1"],"picked":"Slimebound:OozeBath+1","floor":9.0},{"not_picked":["Slimebound:SelfFormingGoo","Slimebound:ItLooksTasty"],"picked":"Slimebound:FirmFortitude+1","floor":10.0},{"not_picked":["Slimebound:MegaLick+1","Slimebound:SlimeSpikes+1"],"picked":"Slimebound:Dissolve+1","floor":11.0},{"not_picked":["Slimebound:SlimeSpikes+1","Slimebound:SamplingLick+1"],"picked":"Slimebound:FormOfPuddle+1","floor":12.0},{"not_picked":["Slimebound:LeechEnergy","Slimebound:SplitMire+1"],"picked":"Slimebound:DouseInSlime+1","floor":13.0},{"not_picked":["Slimebound:LeechEnergy","Slimebound:SamplingLick+1"],"picked":"Slimebound:MegaLick+1","floor":14.0},{"not_picked":["Slimebound:LivingWall+1","Slimebound:GoopTackle"],"picked":"Slimebound:Dissolve+1","floor":15.0},{"not_picked":["Slimebound:FirmFortitude+1","Slimebound:OneTwoCombo"],"picked":"Slimebound:MassRepurpose+1","floor":16.0},{"not_picked":["Slimebound:LeechingTouch","Slimebound:DisruptingSlam"],"picked":"Slimebound:SamplingLick+1","floor":19.0}],"player_experience":33364,"relics_obtained":[{"floor":6.0,"key":"Toxic Egg 2"},{"floor":10.0,"key":"Pantograph"},{"floor":13.0,"key":"Blood Vial"}],"event_choices":[{"damage_healed":0.0,"max_hp_gain":0.0,"max_hp_loss":0.0,"gold_gain":0.0,"event_name":"FaceTrader","player_choice":"Trade","floor":8.0,"gold_loss":0.0,"damage_taken":0.0,"relics_obtained":["CultistMask"]},{"damage_healed":0.0,"max_hp_gain":0.0,"max_hp_loss":0.0,"gold_gain":0.0,"event_name":"Vampires","player_choice":"Ignored","floor":20.0,"gold_loss":0.0,"damage_taken":0.0}],"is_beta":false,"boss_relics":[{"not_picked":["Empty Cage","Calling Bell"],"picked":"bronze:MakeshiftBattery"}],"items_purged_floors":[],"is_endless":false,"potions_floor_spawned":[5,10,11,12,15,16,19],"ascension_level":11}}