{"host":"1dhlu4qzehvrzpot","time":1613739173,"event":{"mods":["2.2 Compatiblity","AchievementEnabler","BaseMod","Block Reminder","Minty Spire (QoL Compilation)","Permanent Neow","Quick Restart","Rare Cards Sparkle","Relic Stats","Say the Spire","Slay-I","StSLib","SuperFastMode"],"gold_per_floor":[113,130,143,156,169,169,169,169],"floor_reached":7,"language":"ENG","playtime":165,"items_purged":[],"score":72,"play_id":"0f760f83-1b4c-4295-9871-31438c0e59b3","local_time":"20210219135253","is_ascension_mode":true,"campfire_choices":[{"floor":6,"key":"REST"}],"circlet_count":0,"master_deck":["AscendersBane","Strike_B","Strike_B","Strike_B","Strike_B","Defend_B","Defend_B","Defend_B","Defend_B","Zap","Dualcast","Decay","Chill","White Noise","Lockon","Barrage","Hologram"],"relics":["Cracked Core","Emotion Chip"],"acts_visited":["Exordium"],"potions_floor_usage":[7],"damage_taken":[{"damage":5,"enemies":"Cultist","floor":1,"turns":4},{"damage":7,"enemies":"Small Slimes","floor":2,"turns":2},{"damage":5,"enemies":"Jaw Worm","floor":3,"turns":4},{"damage":14,"enemies":"Exordium Wildlife","floor":4,"turns":6},{"damage":15,"enemies":"Exordium Thugs","floor":5,"turns":5},{"damage":58,"enemies":"Gremlin Nob","floor":7,"turns":5}],"seed_played":"-6567932527702052898","potions_obtained":[{"floor":1,"key":"PowerPotion"},{"floor":3,"key":"Swift Potion"}],"is_trial":false,"path_per_floor":["M","M","M","M","M","R","E"],"character_chosen":"DEFECT","items_purchased":[],"campfire_rested":1,"item_purchase_floors":[],"current_hp_per_floor":[63,56,51,37,22,44,0,0],"gold":169,"neow_bonus":"ONE_RARE_RELIC","is_daily":false,"chose_seed":false,"campfire_upgraded":0,"win_rate":0.0,"timestamp":1613739173,"path_taken":["M","?","M","M","M","R","E"],"items_purchased_type":[],"build_version":"2020-12-22","purchased_purges":0,"victory":false,"max_hp_per_floor":[75,75,75,75,75,75,75,75],"relic_stats":{"Emotion Chip":[17,11,6,0,0],"counters":[6,26],"obtain_stats":[{"Emotion Chip":0,"Cracked Core":0},{"Emotion Chip":0,"Cracked Core":0},{"Emotion Chip":0,"Cracked Core":0}]},"card_choices":[{"not_picked":["Beam Cell","Tempest"],"picked":"Chill","floor":1},{"not_picked":["Heatsinks","Leap"],"picked":"White Noise","floor":2},{"not_picked":["Streamline","Redo"],"picked":"Lockon","floor":3},{"not_picked":["Turbo","Steam"],"picked":"Barrage","floor":4},{"not_picked":["Compile Driver","Redo"],"picked":"Hologram","floor":5}],"player_experience":556036,"relics_obtained":[],"event_choices":[],"is_beta":false,"boss_relics":[],"items_purged_floors":[],"is_endless":false,"potions_floor_spawned":[1,3],"killed_by":"Gremlin Nob","ascension_level":12}}