{"host":"k6l9gutfcx5zjx93","time":1613710395,"event":{"mods":["Aspiration","BaseMod","BetterRewards","Colored Map","Colored Powertips","Conspire","Downfall","Energized Spire","Hermit","Highlight Path","Hubris","Minty Spire (QoL Compilation)","Permanent Neow","RRrroohrrRGHHhhh!!","Rare Cards Sparkle","Relic Stats","Spicy Shops","StSLib","The Construct"],"gold_per_floor":[115,115,115,127,140,168,168,180,226,255,255,31,106,138,138,235,235,252,252,252,271,283,314,314,331,331,341,341,341,341],"floor_reached":29,"language":"ENG","playtime":1176,"items_purged":[],"score":253,"play_id":"c133baa9-2dda-49ed-8d14-edfd6aca955c","local_time":"20210218215315","is_ascension_mode":false,"campfire_choices":[{"data":"Redo","floor":7,"key":"SMITH"},{"data":"Zap","floor":11,"key":"SMITH"},{"data":"White Noise","floor":15,"key":"SMITH"},{"floor":24,"key":"REST"}],"circlet_count":0,"master_deck":["Strike_B","Strike_B","Strike_B","Strike_B","Defend_B","Defend_B","Defend_B","Defend_B","Zap+1","Dualcast","rorgmod:Leap","Melter","Loop","Redo+1","White Noise+1","Ball Lightning","rorgmod:Loose Screws","Barrage+1","rorgmod:Storm","rorgmod:Chaos","BootSequence","rorgmod:Steady Aim","rorgmod:Overcurrent"],"relics":["Cracked Core","aspiration:Nostalgia","Burning Blood","Blue Candle","Centennial Puzzle","White Beast Statue","Toy Ornithopter","Nunchaku","PreservedInsect","Strange Spoon","hubris:Reverence","hubris:RunicObelisk","hubris:MedicalManual","Eternal Feather","hubris:BottledHeart"],"acts_visited":["Exordium","TheCity"],"potions_floor_usage":[6,16,16,21,23,25,27],"damage_taken":[{"damage":1,"enemies":"Jaw Worm","floor":1,"turns":4},{"damage":1,"enemies":"Cultist","floor":4,"turns":3},{"damage":2,"enemies":"2 Louse","floor":5,"turns":3},{"damage":10,"enemies":"conspire:MimicChest","floor":6,"turns":6},{"damage":2,"enemies":"Blue Slaver","floor":8,"turns":4},{"damage":4,"enemies":"Lagavulin","floor":10,"turns":6},{"damage":8,"enemies":"3 Sentries","floor":14,"turns":4},{"damage":33,"enemies":"Hexaghost","floor":16,"turns":7},{"damage":6,"enemies":"3 Byrds","floor":18,"turns":4},{"damage":13,"enemies":"2 Thieves","floor":21,"turns":3},{"damage":11,"enemies":"Chosen and Byrds","floor":22,"turns":5},{"damage":18,"enemies":"Book of Stabbing","floor":23,"turns":3},{"damage":32,"enemies":"Shelled Parasite and Fungi","floor":25,"turns":5},{"damage":23,"enemies":"Centurion and Healer","floor":27,"turns":5},{"damage":3,"enemies":"Snake Plant","floor":29,"turns":4}],"seed_played":"7588962209536791223","potions_obtained":[{"floor":4,"key":"DistilledChaos"},{"floor":8,"key":"BlessingOfTheForge"},{"floor":10,"key":"Strength Potion"},{"floor":14,"key":"FearPotion"},{"floor":16,"key":"LiquidBronze"},{"floor":18,"key":"Dexterity Potion"},{"floor":21,"key":"Strength Potion"},{"floor":22,"key":"DistilledChaos"},{"floor":23,"key":"Strength Potion"},{"floor":25,"key":"Weak Potion"},{"floor":27,"key":"Guardian:BlockOnCardUsePotion"}],"is_trial":false,"path_per_floor":["M","?","T","M","M","?","R","M","T","E","R","$","?","E","R","B",null,"M","?","?","M","M","E","R","M","T","M","?","M"],"character_chosen":"DEFECT","items_purchased":["PreservedInsect","Strange Spoon"],"campfire_rested":1,"item_purchase_floors":[12,12],"current_hp_per_floor":[75,70,70,75,75,71,71,75,75,75,75,75,64,62,62,45,75,75,75,75,68,63,56,75,49,49,37,1,0,0],"gold":341,"neow_bonus":"NOSTALGIA","is_daily":false,"chose_seed":false,"campfire_upgraded":3,"win_rate":0.0,"timestamp":1613710395,"path_taken":["M","?","?","?","M","?","R","M","T","E","R","$","?","E","R","BOSS","M","?","?","M","?","E","R","M","T","?","?","M"],"items_purchased_type":["Relic","Relic"],"build_version":"2020-12-22","purchased_purges":0,"victory":false,"max_hp_per_floor":[75,75,75,75,75,75,75,75,75,75,75,75,75,75,75,75,75,75,75,75,75,75,75,75,75,75,75,1,1,1],"relic_stats":{"Strange Spoon":[15],"Centennial Puzzle":[39],"Nunchaku":[6],"counters":[15,65],"Blue Candle":[0],"Eternal Feather":0,"PreservedInsect":72,"obtain_stats":[{"aspiration:Nostalgia":0,"Blue Candle":2,"Eternal Feather":26,"PreservedInsect":12,"hubris:MedicalManual":23,"hubris:RunicObelisk":17,"Burning Blood":0,"White Beast Statue":6,"Strange Spoon":12,"Centennial Puzzle":3,"Nunchaku":10,"hubris:BottledHeart":28,"Cracked Core":0,"Toy Ornithopter":9,"hubris:Reverence":14},{"aspiration:Nostalgia":0,"Blue Candle":1,"Eternal Feather":13,"PreservedInsect":6,"hubris:MedicalManual":12,"hubris:RunicObelisk":8,"Burning Blood":0,"White Beast Statue":4,"Strange Spoon":6,"Centennial Puzzle":1,"Nunchaku":6,"hubris:BottledHeart":14,"Cracked Core":0,"Toy Ornithopter":5,"hubris:Reverence":7},{"aspiration:Nostalgia":0,"Blue Candle":4,"Eternal Feather":56,"PreservedInsect":25,"hubris:MedicalManual":51,"hubris:RunicObelisk":36,"Burning Blood":0,"White Beast Statue":15,"Strange Spoon":25,"Centennial Puzzle":4,"Nunchaku":25,"hubris:BottledHeart":61,"Cracked Core":0,"Toy Ornithopter":19,"hubris:Reverence":29}],"Burning Blood":73,"Toy Ornithopter":20},"card_choices":[{"not_picked":["Cold Snap","rorgmod:LRU Cache"],"picked":"rorgmod:Leap","floor":1},{"not_picked":["Cold Snap","White Noise"],"picked":"Melter","floor":4},{"not_picked":["rorgmod:Antivirus","Cold Snap"],"picked":"Loop","floor":5},{"not_picked":["rorgmod:Fragmentation","Cold Snap"],"picked":"Redo","floor":6},{"not_picked":["hubris:PowerSurge","rorgmod:Fuse Blower"],"picked":"White Noise","floor":8},{"not_picked":["Hologram","Redo"],"picked":"Ball Lightning","floor":10},{"not_picked":["Multi-Cast","Melter","White Noise"],"picked":"SKIP","floor":14},{"not_picked":["hubris:DoWhile","Meteor Strike"],"picked":"rorgmod:Loose Screws","floor":16},{"not_picked":["Ball Lightning","Sweeping Beam"],"picked":"Barrage","floor":18},{"not_picked":["Sweeping Beam","Coolheaded"],"picked":"rorgmod:Storm","floor":21},{"not_picked":["Self Repair","Cold Snap"],"picked":"rorgmod:Chaos","floor":22},{"not_picked":["Machine Learning","rorgmod:Fragmentation"],"picked":"BootSequence","floor":23},{"not_picked":["Coolheaded+1","Conserve Battery+1"],"picked":"rorgmod:Steady Aim","floor":25},{"not_picked":["hubris:PowerSurge+1","White Noise+1"],"picked":"rorgmod:Overcurrent","floor":27}],"player_experience":384711,"relics_obtained":[{"floor":3,"key":"Centennial Puzzle"},{"floor":6,"key":"White Beast Statue"},{"floor":9,"key":"Toy Ornithopter"},{"floor":10,"key":"Nunchaku"},{"floor":14,"key":"hubris:Reverence"},{"floor":23,"key":"hubris:MedicalManual"},{"floor":26,"key":"Eternal Feather"}],"event_choices":[{"damage_healed":0,"gold_gain":75,"player_choice":"Gather Gold","damage_taken":11,"max_hp_gain":0,"max_hp_loss":0,"event_name":"World of Goop","floor":13,"gold_loss":0},{"damage_healed":0,"gold_gain":0,"player_choice":"Leave","damage_taken":0,"max_hp_gain":0,"max_hp_loss":0,"event_name":"conspire:Investor","floor":19,"gold_loss":0},{"damage_healed":0,"gold_gain":0,"player_choice":"Upgraded","damage_taken":0,"max_hp_gain":0,"max_hp_loss":0,"event_name":"Upgrade Shrine","floor":20,"gold_loss":0,"cards_upgraded":["Barrage"]}],"is_beta":false,"boss_relics":[{"not_picked":["aspiration:WatcherSkillbook","Pandora\u0027s Box"],"picked":"hubris:RunicObelisk"}],"items_purged_floors":[],"is_endless":false,"potions_floor_spawned":[4,8,10,14,16,18,21,22,23,25,27],"killed_by":"Snake Plant","ascension_level":0}}