{"host":"ihsge0lre3slh6sc","time":1613715315,"event":{"mods":["ATMod(∞¢Ë™Mod)","Act Like it!","Arknights","BaseMod","Gensokyo","Highlight Path","Lobotomy","LobotomyExtend","Marisa£®ÏF”Í°°ƒß¿Ì…≥£©","Minty Spire (QoL Compilation)","MostiFishMod","Quick Restart","Shop Mod","StSLib","TestMod","Waifu the Spire","WarShipGirlsR/’ΩΩ¢…Ÿ≈ÆR mod","Youmu£®ªÍ∆«—˝√Œ£©","[IsaacMod]“‘»ˆº‚À˛","ÛÙª÷∏ƒœ"],"gold_per_floor":[109,123,-1315,-1299,-1285,-1257,-1257,-1257,-1203,-1203,-1187,-1172,-1147,-1134,-1134,-1057,-1057,-1040,-1025,-1012,-1012,-1012,-981,-967,-936,-911,-901,-881,-881,-881,-854,-854,-779,-779,-763,-745,-745,-733,-714,-686,-670,-639,-615,-587,-570,-570,-570,-554,-554,-554,-554],"floor_reached":50,"language":"ZHS","playtime":1528,"items_purged":["Strike_MRS","Strike_MRS"],"score":1867,"play_id":"40ed2b03-8b49-4d34-92bc-52df9b9f2ae6","local_time":"20210219141515","is_ascension_mode":true,"campfire_choices":[{"data":"AT_EssenceShift","floor":7.0,"key":"SMITH"},{"data":"FairyDestructionRay","floor":15.0,"key":"SMITH"},{"data":"FinalSpark","floor":29.0,"key":"SMITH"},{"data":"MachineGunSpark","floor":32.0,"key":"SMITH"},{"data":"AT_EmpoweredMortalDraw","floor":46.0,"key":"SMITH"},{"floor":49.0,"key":"RECALL"}],"circlet_count":0,"master_deck":["AscendersBane","Defend_MRS","Defend_MRS","MasterSpark","AT_EssenceShift+1","FairyDestructionRay+1","MachineGunSpark+1","FinalSpark+1","AT_EmpoweredMortalDraw+1","MachineGunSpark"],"relics":["HushsDoor","testmod-TestBox","DaveBox","AT_ATBox","BirthdayGift-Icosahedron","testmod-Alchemist","SteamSale","JellyFishMachine","SynthV:TestCard","LetterFromLob","SynthV:MejaisSoulstealer","Bottled Tornado","ThornShield","AT_TrinityForce","Sundial","StrikeDummy","InkBottle","Peace Pipe","AT_MortalBlade","Damocles","Nunchaku","TuHaoJin","Bag of Marbles","testmod-AssaultLearning","Letter Opener","AT_SilverBalance","HornCleat","Vajra","testmod-OneHitWonder","AT_LudenTempest","Omamori","Torii","testmod-InfectionSource"],"acts_visited":["Exordium","Gensokyo:Gensokyo","Gensokyo:Gensokyoer"],"potions_floor_usage":[],"damage_taken":[{"damage":0.0,"enemies":"Gensokyo:3_Fairies","floor":1.0,"turns":2.0},{"damage":0.0,"enemies":"Gensokyo:Python","floor":2.0,"turns":3.0},{"damage":0.0,"enemies":"Gensokyo:Gryphon","floor":4.0,"turns":2.0},{"damage":0.0,"enemies":"Gensokyo:VengefulSpirit","floor":5.0,"turns":2.0},{"damage":0.0,"enemies":"Gensokyo:Cirno","floor":6.0,"turns":4.0},{"damage":0.0,"enemies":"Gensokyo:Python_and_Kodama","floor":11.0,"turns":2.0},{"damage":0.0,"enemies":"Gensokyo:LivingMonolith","floor":12.0,"turns":2.0},{"damage":0.0,"enemies":"Gensokyo:Mamizou","floor":13.0,"turns":3.0},{"damage":0.0,"enemies":"Gensokyo:Kitsune","floor":14.0,"turns":2.0},{"damage":6.0,"enemies":"Gensokyo:Kokoro","floor":16.0,"turns":4.0},{"damage":0.0,"enemies":"Gensokyo:CosmicMonolith","floor":18.0,"turns":1.0},{"damage":0.0,"enemies":"Gensokyo:3_Dogs","floor":19.0,"turns":2.0},{"damage":0.0,"enemies":"Gensokyo:Slime_Group","floor":20.0,"turns":2.0},{"damage":0.0,"enemies":"Gensokyo:Tenshi","floor":23.0,"turns":3.0},{"damage":0.0,"enemies":"Gensokyo:Chomper_and_Gloop","floor":24.0,"turns":2.0},{"damage":0.0,"enemies":"Gensokyo:Koishi","floor":25.0,"turns":2.0},{"damage":0.0,"enemies":"Gensokyo:Swordslinger","floor":27.0,"turns":2.0},{"damage":0.0,"enemies":"Gensokyo:Slime_Group","floor":28.0,"turns":2.0},{"damage":0.0,"enemies":"Gensokyo:Tenshi","floor":31.0,"turns":2.0},{"damage":0.0,"enemies":"Gensokyo:Kaguya","floor":33.0,"turns":4.0},{"damage":0.0,"enemies":"Gensokyo:AncientGuardian","floor":35.0,"turns":2.0},{"damage":0.0,"enemies":"Gensokyo:3_Boulders","floor":36.0,"turns":2.0},{"damage":0.0,"enemies":"Gensokyo:Rafflesia","floor":38.0,"turns":2.0},{"damage":0.0,"enemies":"Gensokyo:Dusk_and_Dawn","floor":39.0,"turns":2.0},{"damage":0.0,"enemies":"Gensokyo:Kasen","floor":40.0,"turns":2.0},{"damage":0.0,"enemies":"Gensokyo:3_Boulders","floor":41.0,"turns":2.0},{"damage":0.0,"enemies":"Gensokyo:Doremy","floor":42.0,"turns":2.0},{"damage":0.0,"enemies":"Gensokyo:Kasen","floor":44.0,"turns":3.0},{"damage":0.0,"enemies":"Gensokyo:Sharpion","floor":45.0,"turns":1.0},{"damage":0.0,"enemies":"Gensokyo:SeedOfUnknown","floor":48.0,"turns":1.0},{"damage":0,"enemies":"Gensokyo:Scarlet_Devils","floor":50,"turns":1}],"seed_played":"-7991226357893081932","potions_obtained":[{"floor":5.0,"key":"PowerPotion"},{"floor":6.0,"key":"Weak Potion"},{"floor":13.0,"key":"GamblersBrew"}],"is_trial":false,"path_per_floor":["M","M","$","M","M","E","R","E","T","?","M","M","E","M","R","B",null,"M","M","M","?","$","E","M","E","T","M","M","R","?","E","R","B",null,"M","M","$","M","M","E","M","E","T","E","M","R","?","M","R","B"],"character_chosen":"MARISA","items_purchased":["SynthV:MejaisSoulstealer","Damocles"],"campfire_rested":0,"item_purchase_floors":[3,34],"current_hp_per_floor":[64,65,65,66,67,68,68,68,68,68,69,70,70,70,70,65,69,70,70,70,63,63,63,63,63,63,63,63,63,63,63,63,63,48,48,48,48,48,48,48,48,25,25,25,25,25,25,25,25,24,24],"gold":-554,"neow_bonus":"BOSS_RELIC","is_daily":false,"chose_seed":false,"campfire_upgraded":5,"win_rate":0.0,"timestamp":1613715315,"path_taken":["M","M","?","M","M","E","R","E","T","?","M","M","E","M","R","BOSS","M","M","M","?","$","E","M","E","T","M","?","R","?","E","R","BOSS","M","M","?","M","M","E","M","E","T","E","M","R","?","?","R","BOSS"],"items_purchased_type":["Relic","Relic"],"build_version":"2020-12-22","purchased_purges":2,"victory":false,"max_hp_per_floor":[70,70,70,70,70,70,70,70,70,70,70,70,70,70,70,70,70,70,70,70,63,63,63,63,63,63,63,63,63,63,63,63,63,48,48,48,48,48,48,48,48,48,48,48,48,48,48,48,48,48,48],"card_choices":[{"not_picked":["PowerUp","Occultation","DC"],"picked":"SKIP","floor":1.0},{"not_picked":["PulseMagic","PowerUp","DoubleSpark","OneTimeOff","DragonMeteor"],"picked":"SKIP","floor":2.0},{"not_picked":["GravityBeat","ShootTheMoon","Occultation","GrandCross","DoubleSpark"],"picked":"SKIP","floor":4.0},{"not_picked":["Acceleration","AsteroidBelt","NonDirectionalLaser","FairyDestructionRay","OortCloud"],"picked":"SKIP","floor":5.0},{"not_picked":["MachineGunSpark","RefractionSpark","ShootingEcho","ManaConvection","MaximisePower"],"picked":"SKIP","floor":6.0},{"not_picked":["MysteriousBeam","PowerUp","SporeBomb","MaximisePower"],"picked":"FairyDestructionRay","floor":11.0},{"not_picked":["MilkyWay","Occultation","NonDirectionalLaser","PropBag","PowerUp"],"picked":"SKIP","floor":12.0},{"not_picked":["PulseMagic","SporeBomb","DoubleSpark","WitchLeyline","OortCloud"],"picked":"SKIP","floor":13.0},{"not_picked":["StarBarrage","MysteriousBeam","SporeBomb","LuminesStrike","EnergyRecoil"],"picked":"SKIP","floor":14.0},{"not_picked":["GasGiant","ChargingUp","SporeBomb","LuminesStrike+1","GalacticHalo"],"picked":"SKIP","floor":18.0},{"not_picked":["DragonMeteor","DC","SporeBomb+1","WitchLeyline","UnstableBomb"],"picked":"SKIP","floor":19.0},{"not_picked":["NonDirectionalLaser","ManaConvection","BinaryStars","DoubleSpark+1","6A"],"picked":"SKIP","floor":20.0},{"not_picked":["NonDirectionalLaser","BlazeAway","WitchLeyline","AsteroidBelt"],"picked":"MachineGunSpark","floor":23.0},{"not_picked":["LuminesStrike","Acceleration","EarthLightRay","NonDirectionalLaser"],"picked":"FinalSpark","floor":24.0},{"not_picked":["SatelliteIllusion","ChargeUpSpray","PowerUp+1","MilkyWay","GalacticHalo"],"picked":"SKIP","floor":25.0},{"not_picked":["SprinkleStarSeal","DragonMeteor","EarthLightRay","PowerUp","OneTimeOff"],"picked":"SKIP","floor":27.0},{"not_picked":["ShootingEcho","DragonMeteor","ChargingUp","GrandCross","SuperPerseids"],"picked":"SKIP","floor":28.0},{"not_picked":["MachineGunSpark","MilkyWay+1","EscapeVelocity","GravityBeat","DoubleSpark+1"],"picked":"SKIP","floor":31.0},{"not_picked":["LuminesStrike","EnergyFlow","WitchOfGreed","ChargingUp","PulseMagic"],"picked":"SKIP","floor":35.0},{"not_picked":["SporeBomb","MilkyWay","LuminesStrike","StarBarrage","OpenUniverse"],"picked":"SKIP","floor":36.0},{"not_picked":["DoubleSpark","MysteriousBeam","ManaConvection","ManaRampage"],"picked":"MachineGunSpark","floor":38.0},{"not_picked":["BlazeAway","ManaConvection","AsteroidBelt","DeepEcoloBomb","PowerUp"],"picked":"SKIP","floor":39.0},{"not_picked":["DoubleSpark","SatelliteIllusion","GasGiant","WitchLeyline","PowerUp"],"picked":"SKIP","floor":40.0},{"not_picked":["IllusionStar+1","LuminesStrike","PowerUp","6A","SatelliteIllusion"],"picked":"SKIP","floor":41.0},{"not_picked":["DoubleSpark","OrrerysSun+1","EventHorizon","WitchLeyline","RefractionSpark"],"picked":"SKIP","floor":42.0},{"not_picked":["DoubleSpark","GasGiant+1","LuminesStrike","SporeBomb","DC"],"picked":"SKIP","floor":44.0},{"not_picked":["DoubleSpark+1","MysteriousBeam+1","WitchOfGreed+1","DC","GravityBeat+1"],"picked":"SKIP","floor":45.0},{"not_picked":["EnergyRecoil+1","WitchOfGreed","GravityBeat","OrrerysSun","PropBag"],"picked":"SKIP","floor":48.0}],"player_experience":817908,"relics_obtained":[{"floor":1.0,"key":"SynthV:TestCard"},{"floor":1.0,"key":"LetterFromLob"},{"floor":6.0,"key":"Bottled Tornado"},{"floor":13.0,"key":"ThornShield"},{"floor":23.0,"key":"StrikeDummy"},{"floor":25.0,"key":"InkBottle"},{"floor":26.0,"key":"Bag of Preparation"},{"floor":31.0,"key":"Peace Pipe"},{"floor":35.0,"key":"Nunchaku"},{"floor":38.0,"key":"TuHaoJin"},{"floor":39.0,"key":"Bag of Marbles"},{"floor":40.0,"key":"testmod-AssaultLearning"},{"floor":40.0,"key":"Letter Opener"},{"floor":41.0,"key":"AT_SilverBalance"},{"floor":42.0,"key":"HornCleat"},{"floor":42.0,"key":"Vajra"},{"floor":43.0,"key":"testmod-OneHitWonder"},{"floor":44.0,"key":"AT_LudenTempest"},{"floor":44.0,"key":"Omamori"},{"floor":45.0,"key":"Torii"},{"floor":48.0,"key":"testmod-InfectionSource"}],"event_choices":[],"is_beta":false,"boss_relics":[{"not_picked":["GreenFoldingFan","testmod-BatchProcessingSystem"],"picked":"AT_TrinityForce"},{"not_picked":[]},{"not_picked":["testmod-StringDisintegrator","testmod-GoldenSoul"],"picked":"AT_MortalBlade"},{"not_picked":[]}],"items_purged_floors":[3,34],"is_endless":false,"potions_floor_spawned":[5,6,13,16,19,27,28,31,33,39,40,42,48],"killed_by":"Gensokyo:Scarlet_Devils","ascension_level":17}}