{"host":"fmtvje4mks8zli8e","time":1613704567,"event":{"mods":["AchievementEnabler","AlwaysNeverKeys","BaseMod","BetterRewards","Challenge The Spire","Minty Spire (QoL Compilation)","READ ME - Guardian Mod","Remove Card Discount Mod","StSLib","The Cursed","The Druid","The Servant 0.9.4","The Wild Card"],"gold_per_floor":[109,128,128,126,140,174,206,206,230,247,275,275,95,127,127,226,226,236,236,253,253,267,294,294,329,355,355,382,382,382,89,89,184,184,195,249,599,615,235,267,267,292,318,0,19,19,32,47,47,47,47,47,9,40,40],"floor_reached":56,"language":"ENG","playtime":2892,"items_purged":["Pain","TheCursedMod:Dregs","Writhe","Doubt","Injury"],"score":1705,"play_id":"847f6407-99ae-4f80-99b4-b36c90d3fc76","local_time":"20210218211607","is_ascension_mode":true,"campfire_choices":[{"data":"Zap","floor":8.0,"key":"SMITH"},{"data":"White Noise","floor":12.0,"key":"SMITH"},{"data":"Capacitor","floor":15.0,"key":"SMITH"},{"data":"Electrodynamics","floor":24.0,"key":"SMITH"},{"data":"Ball Lightning","floor":27.0,"key":"SMITH"},{"data":"1","floor":32.0,"key":"LIFT"},{"floor":41.0,"key":"DIG"},{"floor":49.0,"key":"DIG"},{"floor":52.0,"key":"DIG"}],"circlet_count":0,"master_deck":["Strike_B+1","Strike_B+1","Strike_B+1","Strike_B+1","Defend_B+1","Defend_B+1","Defend_B+1","Defend_B+1","Zap+1","Dualcast","Capacitor+1","White Noise+1","Hologram","Leap","Sweeping Beam","Gash","Ball Lightning","Electrodynamics+1","Conserve Battery+1","Consume+1","Ball Lightning+1","Ball Lightning+1","Panache","Finesse","Biased Cognition","Sweeping Beam","Defragment","Core Surge","Buffer","White Noise","Defragment","FTL"],"relics":["FrozenCore","Medical Kit","Lantern","WingedGreaves","Cursed Key","WarpedTongs","Strawberry","Ancient Tea Set","Toy Ornithopter","Pear","Membership Card","PreservedInsect","Nuclear Battery","Boot","Ice Cream","Sundial","Bag of Preparation","Emotion Chip","MutagenicStrength","StrikeDummy","Girya","FossilizedHelix","Old Coin","Lee\u0027s Waffle","Letter Opener","Happy Flower","Shovel","Blood Vial","TungstenRod","Art of War","Red Mask","Bronze Scales","Mercury Hourglass","Ornamental Fan"],"acts_visited":["Exordium","TheCity","TheBeyond","TheEnding"],"potions_floor_usage":[55,55,55],"damage_taken":[{"damage":1.0,"enemies":"Small Slimes","floor":1.0,"turns":3.0},{"damage":0.0,"enemies":"Cultist","floor":2.0,"turns":4.0},{"damage":0.0,"enemies":"Jaw Worm","floor":5.0,"turns":3.0},{"damage":10.0,"enemies":"Lagavulin","floor":6.0,"turns":6.0},{"damage":12.0,"enemies":"3 Sentries","floor":7.0,"turns":5.0},{"damage":1.0,"enemies":"Looter","floor":10.0,"turns":3.0},{"damage":12.0,"enemies":"Gremlin Nob","floor":11.0,"turns":3.0},{"damage":8.0,"enemies":"3 Sentries","floor":14.0,"turns":5.0},{"damage":20.0,"enemies":"Slime Boss","floor":16.0,"turns":8.0},{"damage":0.0,"enemies":"Chosen","floor":18.0,"turns":4.0},{"damage":4.0,"enemies":"Shell Parasite","floor":20.0,"turns":3.0},{"damage":4.0,"enemies":"Sentry and Sphere","floor":22.0,"turns":4.0},{"damage":0.0,"enemies":"Slavers","floor":23.0,"turns":1.0},{"damage":8.0,"enemies":"Book of Stabbing","floor":25.0,"turns":4.0},{"damage":0.0,"enemies":"Slavers","floor":28.0,"turns":1.0},{"damage":28.0,"enemies":"Collector","floor":33.0,"turns":6.0},{"damage":0.0,"enemies":"Orb Walker","floor":35.0,"turns":3.0},{"damage":0.0,"enemies":"2 Orb Walkers","floor":36.0,"turns":4.0},{"damage":0.0,"enemies":"Mind Bloom Boss Battle","floor":37.0,"turns":3.0},{"damage":12.0,"enemies":"3 Darklings","floor":38.0,"turns":3.0},{"damage":0.0,"enemies":"Nemesis","floor":40.0,"turns":4.0},{"damage":0.0,"enemies":"Reptomancer","floor":42.0,"turns":3.0},{"damage":0.0,"enemies":"Maw","floor":45.0,"turns":5.0},{"damage":0.0,"enemies":"4 Shapes","floor":47.0,"turns":3.0},{"damage":0.0,"enemies":"Transient","floor":48.0,"turns":5.0},{"damage":21.0,"enemies":"Time Eater","floor":50.0,"turns":8.0},{"damage":54.0,"enemies":"Shield and Spear","floor":54.0,"turns":3.0},{"damage":34,"enemies":"The Heart","floor":55,"turns":7}],"seed_played":"-2596184292880297075","potions_obtained":[{"floor":2.0,"key":"FocusPotion"},{"floor":5.0,"key":"PowerPotion"},{"floor":7.0,"key":"FearPotion"},{"floor":10.0,"key":"Ancient Potion"},{"floor":11.0,"key":"LiquidBronze"},{"floor":20.0,"key":"Block Potion"},{"floor":22.0,"key":"Strength Potion"}],"is_trial":false,"path_per_floor":["M","M","?","$","M","E","E","R","T","M","E","R","$","E","R","B",null,"M","?","M","?","M","E","R","E","T","R","E","?","T","$","R","B",null,"M","?","?","M","$","E","R","E","T","?","M","?","M","M","R","B",null,"R","$","E","B",null],"character_chosen":"DEFECT","items_purchased":["Medical Kit","Lantern","WingedGreaves","Capacitor","White Noise","Membership Card","Ball Lightning","Panache","Girya","Finesse","Lee\u0027s Waffle","Letter Opener","Happy Flower","Defragment","Core Surge","FTL"],"campfire_rested":0,"item_purchase_floors":[0,0,0,0,0,13,13,31,31,31,39,39,39,39,39,53],"current_hp_per_floor":[39,39,39,39,39,36,24,24,24,23,31,31,31,23,23,3,66,66,66,62,62,63,63,63,55,55,55,55,55,55,55,55,27,72,72,72,72,60,94,94,94,94,94,94,94,94,94,94,94,73,89,89,89,37,20],"gold":40,"neow_bonus":"","is_daily":false,"chose_seed":false,"campfire_upgraded":5,"win_rate":0.0,"timestamp":1613704567,"path_taken":["M","M","?","?","M","E","E","R","T","?","E","R","$","E","R","BOSS","M","?","M","?","M","E","R","E","T","R","E","?","?","$","R","BOSS","M","?","?","M","?","E","R","E","T","?","M","?","?","M","R","BOSS","R","$","E","BOSS"],"items_purchased_type":["Relic","Relic","Relic","Card","Card","Relic","Card","Card","Relic","Card","Relic","Relic","Relic","Card","Card","Card"],"build_version":"2020-12-22","purchased_purges":5,"victory":true,"max_hp_per_floor":[70,70,70,70,70,77,77,77,77,77,87,87,87,87,87,87,87,87,87,87,87,87,87,87,87,87,87,87,87,87,87,87,87,87,87,87,87,87,94,94,94,94,94,94,94,94,94,94,94,94,94,94,94,94,94],"card_choices":[{"not_picked":["Auto Shields","Force Field"],"picked":"Leap","floor":1.0},{"not_picked":["Barrage","White Noise"],"picked":"Sweeping Beam","floor":2.0},{"not_picked":["Streamline","Turbo","Rip and Tear"],"picked":"SKIP","floor":5.0},{"not_picked":["Blizzard","Barrage","Undo"],"picked":"SKIP","floor":6.0},{"not_picked":["Static Discharge","Blizzard"],"picked":"Gash","floor":7.0},{"not_picked":["Seek","Hologram","Rebound"],"picked":"SKIP","floor":10.0},{"not_picked":["Turbo","Amplify","Lockon"],"picked":"SKIP","floor":11.0},{"not_picked":["Turbo","Undo","Stack"],"picked":"SKIP","floor":14.0},{"not_picked":["Amplify","Reboot"],"picked":"Electrodynamics","floor":16.0},{"not_picked":["Redo","Self Repair+1"],"picked":"Conserve Battery+1","floor":18.0},{"not_picked":["Rebound","Compile Driver+1"],"picked":"Consume+1","floor":20.0},{"not_picked":["Steam","Cold Snap"],"picked":"Ball Lightning+1","floor":22.0},{"not_picked":["Buffer","Recycle"],"picked":"Ball Lightning","floor":23.0},{"not_picked":["Reinforced Body","Sunder","Scrape"],"picked":"SKIP","floor":25.0},{"not_picked":["Hello World","Streamline+1","Ball Lightning"],"picked":"SKIP","floor":28.0},{"not_picked":["Core Surge","Amplify"],"picked":"Biased Cognition","floor":33.0},{"not_picked":["Sweeping Beam","Coolheaded+1","Fusion"],"picked":"SKIP","floor":35.0},{"not_picked":["Coolheaded+1","Fusion"],"picked":"Sweeping Beam","floor":35.0},{"not_picked":["Steam","Turbo","Leap"],"picked":"SKIP","floor":38.0},{"not_picked":["Redo+1","Rebound"],"picked":"Buffer","floor":40.0},{"not_picked":["Gash","Go for the Eyes"],"picked":"White Noise","floor":42.0},{"not_picked":["Chill+1","Gash"],"picked":"Defragment","floor":45.0},{"not_picked":["Ball Lightning+1","Sweeping Beam+1","Gash+1"],"picked":"SKIP","floor":47.0},{"not_picked":["Blizzard+1","Fusion","Beam Cell+1"],"picked":"SKIP","floor":48.0},{"not_picked":["Coolheaded+1","Gash","Streamline+1"],"picked":"SKIP","floor":54.0}],"player_experience":3064114,"relics_obtained":[{"floor":6.0,"key":"Strawberry"},{"floor":7.0,"key":"Ancient Tea Set"},{"floor":9.0,"key":"Toy Ornithopter"},{"floor":11.0,"key":"Pear"},{"floor":14.0,"key":"PreservedInsect"},{"floor":23.0,"key":"Ice Cream"},{"floor":25.0,"key":"Sundial"},{"floor":26.0,"key":"Bag of Preparation"},{"floor":28.0,"key":"Emotion Chip"},{"floor":30.0,"key":"StrikeDummy"},{"floor":36.0,"key":"FossilizedHelix"},{"floor":37.0,"key":"Old Coin"},{"floor":40.0,"key":"Shovel"},{"floor":41.0,"key":"Blood Vial"},{"floor":42.0,"key":"TungstenRod"},{"floor":43.0,"key":"Art of War"},{"floor":49.0,"key":"Bronze Scales"},{"floor":52.0,"key":"Mercury Hourglass"},{"floor":54.0,"key":"Ornamental Fan"}],"event_choices":[{"damage_healed":0.0,"max_hp_gain":0.0,"max_hp_loss":0.0,"gold_gain":0.0,"event_name":"Accursed Blacksmith","player_choice":"Rummage","floor":3.0,"gold_loss":0.0,"damage_taken":0.0,"relics_obtained":["WarpedTongs"],"cards_obtained":["Pain"]},{"damage_healed":0.0,"max_hp_gain":0.0,"max_hp_loss":0.0,"gold_gain":0.0,"event_name":"The Mausoleum","player_choice":"Opened","floor":19.0,"gold_loss":0.0,"damage_taken":0.0,"relics_obtained":["Boot"]},{"damage_healed":0.0,"max_hp_gain":0.0,"max_hp_loss":0.0,"gold_gain":0.0,"event_name":"Back to Basics","player_choice":"Simplicity","floor":21.0,"gold_loss":0.0,"damage_taken":0.0,"cards_upgraded":["Strike_B","Strike_B","Strike_B","Strike_B","Defend_B","Defend_B","Defend_B","Defend_B"]},{"damage_healed":0.0,"max_hp_gain":0.0,"max_hp_loss":0.0,"gold_gain":0.0,"event_name":"Drug Dealer","player_choice":"Inject Mutagens","floor":29.0,"gold_loss":0.0,"damage_taken":0.0,"relics_obtained":["MutagenicStrength"]},{"damage_healed":0.0,"max_hp_gain":0.0,"max_hp_loss":0.0,"gold_gain":0.0,"event_name":"Mysterious Sphere","player_choice":"Fight","floor":36.0,"gold_loss":0.0,"damage_taken":0.0},{"damage_healed":0.0,"max_hp_gain":0.0,"max_hp_loss":0.0,"gold_gain":0.0,"event_name":"MindBloom","player_choice":"Fight","floor":37.0,"gold_loss":0.0,"damage_taken":0.0},{"damage_healed":0.0,"max_hp_gain":0.0,"max_hp_loss":0.0,"gold_gain":0.0,"event_name":"Tomb of Lord Red Mask","player_choice":"Paid","floor":44.0,"gold_loss":318.0,"damage_taken":0.0,"relics_obtained":["Red Mask"]},{"damage_healed":0.0,"max_hp_gain":0.0,"max_hp_loss":0.0,"gold_gain":0.0,"event_name":"Lab","player_choice":"Got Potions","floor":46.0,"gold_loss":0.0,"damage_taken":0.0}],"is_beta":false,"boss_relics":[{"not_picked":["Pandora\u0027s Box","Runic Dome"],"picked":"Nuclear Battery"},{"not_picked":["SlaversCollar","Snecko Eye"],"picked":"FrozenCore"}],"items_purged_floors":[4,13,31,31,53],"is_endless":false,"potions_floor_spawned":[2,5,7,10,11,20,22,28,36,37,45,54],"ascension_level":5}}