{"host":"aw6ta4ll26ap9lu8","time":1613703926,"event":{"mods":["AchievementEnabler","AlwaysNeverKeys","BaseMod","Bestiary","Block Reminder","Colored Map","Colored Powertips","Dark Map","DeckTracker","Highlight Path","Minty Spire (QoL Compilation)","Permanent Neow","Quick Restart","Relic Stats","StSLib"],"gold_per_floor":[117,42,42,57,77,77,107,107,107,107,107,125,140,140,140,216,216,229,241,441,39,107,138,138,150,174,174,17,17,36,65,65,137,137,148,23,48,0,14,47,47,74,97,97,97,110,125,143,143,143,143,143,69,100,100,100],"floor_reached":55,"language":"ENG","playtime":2395,"items_purged":["Strike_P","Strike_P","Strike_P+1"],"score":1297,"play_id":"5c28f85c-4b09-444d-9b27-8911a6eecd72","local_time":"20210218220526","is_ascension_mode":true,"campfire_choices":[{"data":"Eruption","floor":6.0,"key":"SMITH"},{"data":"Wallop","floor":8.0,"key":"SMITH"},{"data":"PathToVictory","floor":15.0,"key":"SMITH"},{"data":"Vault","floor":24.0,"key":"SMITH"},{"data":"Evaluate","floor":29.0,"key":"SMITH"},{"floor":32.0,"key":"REST"},{"floor":41.0,"key":"REST"},{"floor":44.0,"key":"REST"},{"floor":49.0,"key":"REST"},{"floor":52.0,"key":"REST"}],"circlet_count":0,"master_deck":["AscendersBane","Eruption+1","Vigilance+1","Wallop+1","PathToVictory+1","FollowUp+1","Swivel","Vault+1","CurseOfTheBell","FlyingSleeves+1","Evaluate+1","CutThroughFate+1","CutThroughFate+1","Study+1","MasterReality+1","Deep Breath","Study+1"],"relics":["PureWater","Molten Egg 2","TeardropLocket","Frozen Egg 2","Calling Bell","Ancient Tea Set","Sundial","Mango","TheAbacus","Pen Nib","Pantograph","InkBottle","Lantern","Anchor","Strawberry","Fusion Hammer","Calipers","Red Mask","Letter Opener","Blue Candle","Regal Pillow","Gremlin Horn"],"acts_visited":["Exordium","TheCity","TheBeyond","TheEnding"],"potions_floor_usage":[],"damage_taken":[{"damage":12.0,"enemies":"Cultist","floor":1.0,"turns":3.0},{"damage":9.0,"enemies":"2 Louse","floor":4.0,"turns":2.0},{"damage":5.0,"enemies":"Jaw Worm","floor":5.0,"turns":4.0},{"damage":2.0,"enemies":"3 Sentries","floor":7.0,"turns":5.0},{"damage":0.0,"enemies":"3 Louse","floor":12.0,"turns":2.0},{"damage":0.0,"enemies":"Exordium Thugs","floor":13.0,"turns":2.0},{"damage":2.0,"enemies":"Hexaghost","floor":16.0,"turns":7.0},{"damage":0.0,"enemies":"Chosen","floor":18.0,"turns":3.0},{"damage":0.0,"enemies":"Spheric Guardian","floor":19.0,"turns":2.0},{"damage":34.0,"enemies":"Gremlin Leader","floor":23.0,"turns":6.0},{"damage":0.0,"enemies":"Snecko","floor":25.0,"turns":3.0},{"damage":0.0,"enemies":"3 Cultists","floor":30.0,"turns":3.0},{"damage":0.0,"enemies":"Slavers","floor":31.0,"turns":4.0},{"damage":32.0,"enemies":"Automaton","floor":33.0,"turns":8.0},{"damage":0.0,"enemies":"3 Shapes","floor":35.0,"turns":4.0},{"damage":0.0,"enemies":"Mind Bloom Boss Battle","floor":37.0,"turns":3.0},{"damage":0.0,"enemies":"Orb Walker","floor":39.0,"turns":3.0},{"damage":0.0,"enemies":"Reptomancer","floor":40.0,"turns":3.0},{"damage":13.0,"enemies":"Nemesis","floor":42.0,"turns":4.0},{"damage":0.0,"enemies":"Sphere and 2 Shapes","floor":46.0,"turns":3.0},{"damage":0.0,"enemies":"Spire Growth","floor":47.0,"turns":4.0},{"damage":1.0,"enemies":"Transient","floor":48.0,"turns":6.0},{"damage":10.0,"enemies":"Donu and Deca","floor":50.0,"turns":6.0},{"damage":17,"enemies":"Shield and Spear","floor":54,"turns":5},{"damage":176,"enemies":"The Heart","floor":55,"turns":4}],"seed_played":"7267524763003809011","potions_obtained":[{"floor":1.0,"key":"SteroidPotion"},{"floor":5.0,"key":"Swift Potion"},{"floor":7.0,"key":"Dexterity Potion"},{"floor":19.0,"key":"AttackPotion"},{"floor":25.0,"key":"SpeedPotion"},{"floor":42.0,"key":"CultistPotion"}],"is_trial":false,"path_per_floor":["M","$","?","M","M","R","E","R","T","?","?","M","M","T","R","B",null,"M","M","?","$","T","E","R","M","T","?","$","R","M","E","R","B",null,"M","$","?","?","M","E","R","E","T","R","?","M","M","M","R","B",null,"R","$","E","B"],"character_chosen":"WATCHER","items_purchased":["TheAbacus","Pen Nib","Anchor","Study+1"],"campfire_rested":5,"item_purchase_floors":[21,21,28,53],"current_hp_per_floor":[49,49,49,40,35,35,33,33,33,21,21,21,21,21,21,19,65,65,65,65,65,65,31,31,31,31,31,31,31,31,38,62,51,75,75,75,83,83,83,83,83,70,70,83,83,83,83,82,83,73,81,83,83,66,0,0],"gold":100,"neow_bonus":"REMOVE_TWO","is_daily":false,"chose_seed":false,"campfire_upgraded":5,"win_rate":0.0,"timestamp":1613703926,"path_taken":["M","$","?","M","M","R","E","R","T","?","?","M","?","?","R","BOSS","M","M","?","$","?","E","R","M","T","?","?","R","M","E","R","BOSS","M","$","?","?","M","E","R","E","T","R","?","M","M","M","R","BOSS","R","$","E","BOSS"],"items_purchased_type":["Relic","Relic","Relic","Card"],"build_version":"2020-12-22","purchased_purges":3,"victory":false,"max_hp_per_floor":[62,62,62,62,62,62,62,62,62,62,62,62,62,62,62,62,76,76,76,76,76,76,76,76,76,76,76,76,76,76,83,83,83,83,83,83,83,83,83,83,83,83,83,83,83,83,83,83,83,83,83,83,83,83,83,83],"relic_stats":{"Regal Pillow":0,"TheAbacus":[468],"Gremlin Horn":[0,0],"counters":[25,99],"Sundial":[52],"Pantograph":46,"Blue Candle":[5],"Pen Nib":[23],"Letter Opener":[116],"obtain_stats":[{"Lantern":26,"Regal Pillow":43,"Calipers":37,"Gremlin Horn":54,"Blue Candle":42,"Mango":17,"Pen Nib":21,"TeardropLocket":9,"Letter Opener":40,"Frozen Egg 2":14,"Ancient Tea Set":17,"Calling Bell":17,"Anchor":28,"TheAbacus":21,"Sundial":17,"Pantograph":22,"Strawberry":31,"Molten Egg 2":7,"Fusion Hammer":34,"Red Mask":38,"PureWater":0,"InkBottle":23},{"Lantern":11,"Regal Pillow":19,"Calipers":16,"Gremlin Horn":24,"Blue Candle":19,"Mango":7,"Pen Nib":9,"TeardropLocket":4,"Letter Opener":18,"Frozen Egg 2":6,"Ancient Tea Set":7,"Calling Bell":7,"Anchor":11,"TheAbacus":9,"Sundial":7,"Pantograph":9,"Strawberry":13,"Molten Egg 2":4,"Fusion Hammer":14,"Red Mask":16,"PureWater":0,"InkBottle":10},{"Lantern":39,"Regal Pillow":71,"Calipers":61,"Gremlin Horn":95,"Blue Candle":71,"Mango":25,"Pen Nib":30,"TeardropLocket":14,"Letter Opener":67,"Frozen Egg 2":18,"Ancient Tea Set":25,"Calling Bell":25,"Anchor":39,"TheAbacus":30,"Sundial":25,"Pantograph":30,"Strawberry":46,"Molten Egg 2":14,"Fusion Hammer":54,"Red Mask":61,"PureWater":0,"InkBottle":36}],"InkBottle":[38]},"card_choices":[{"not_picked":["Prostrate","Nirvana"],"picked":"Wallop","floor":1.0},{"not_picked":["Crescendo","Weave","Wallop"],"picked":"SKIP","floor":4.0},{"not_picked":["WheelKick","EmptyFist"],"picked":"PathToVictory","floor":5.0},{"not_picked":["Scrawl","Nirvana"],"picked":"FollowUp+1","floor":7.0},{"not_picked":["Protect","BattleHymn","Crescendo"],"picked":"SKIP","floor":12.0},{"not_picked":["FlurryOfBlows+1","BattleHymn","ClearTheMind"],"picked":"SKIP","floor":13.0},{"not_picked":["Wish","MasterReality+1"],"picked":"Vault","floor":16.0},{"not_picked":["FlurryOfBlows+1","Consecrate+1"],"picked":"FlyingSleeves+1","floor":18.0},{"not_picked":["CutThroughFate+1","FollowUp+1"],"picked":"Evaluate","floor":19.0},{"not_picked":["PathToVictory","JustLucky+1","Evaluate"],"picked":"SKIP","floor":23.0},{"not_picked":["BowlingBash+1","CarveReality+1"],"picked":"CutThroughFate+1","floor":25.0},{"not_picked":["Prostrate","FlyingSleeves+1"],"picked":"CutThroughFate+1","floor":30.0},{"not_picked":["Tantrum+1","EmptyFist+1"],"picked":"Study+1","floor":31.0},{"not_picked":["Alpha","Omniscience"],"picked":"MasterReality+1","floor":33.0},{"not_picked":["Protect","EmptyFist+1","LikeWater+1"],"picked":"SKIP","floor":35.0},{"not_picked":["ReachHeaven+1","Conclude+1","Vengeance"],"picked":"SKIP","floor":39.0},{"not_picked":["Vengeance+1","Weave+1","FlyingSleeves+1"],"picked":"SKIP","floor":40.0},{"not_picked":["EmptyMind","CrushJoints+1","LikeWater+1"],"picked":"SKIP","floor":42.0},{"not_picked":["Chrysalis","Trip"],"picked":"Deep Breath","floor":45.0},{"not_picked":["Crescendo","Protect","CrushJoints+1"],"picked":"SKIP","floor":46.0},{"not_picked":["FlurryOfBlows+1","EmptyMind","Sanctity"],"picked":"SKIP","floor":47.0},{"not_picked":["CrushJoints+1","Consecrate+1","PathToVictory"],"picked":"SKIP","floor":48.0},{"not_picked":["WheelKick+1","Vengeance","JustLucky+1"],"picked":"SKIP","floor":54}],"player_experience":646902,"relics_obtained":[{"floor":7.0,"key":"Molten Egg 2"},{"floor":9.0,"key":"TeardropLocket"},{"floor":14.0,"key":"Frozen Egg 2"},{"floor":17.0,"key":"Ancient Tea Set"},{"floor":17.0,"key":"Sundial"},{"floor":17.0,"key":"Mango"},{"floor":22.0,"key":"Pantograph"},{"floor":23.0,"key":"InkBottle"},{"floor":26.0,"key":"Lantern"},{"floor":31.0,"key":"Strawberry"},{"floor":37.0,"key":"Calipers"},{"floor":40.0,"key":"Letter Opener"},{"floor":42.0,"key":"Blue Candle"},{"floor":43.0,"key":"Regal Pillow"},{"floor":54,"key":"Gremlin Horn"}],"event_choices":[{"cards_removed":["Strike_P"],"damage_healed":0.0,"max_hp_gain":0.0,"max_hp_loss":0.0,"gold_gain":0.0,"event_name":"Living Wall","player_choice":"Forget","floor":3.0,"gold_loss":0.0,"damage_taken":0.0},{"damage_healed":0.0,"max_hp_gain":0.0,"max_hp_loss":0.0,"gold_gain":0.0,"event_name":"Shining Light","player_choice":"Entered Light","floor":10.0,"gold_loss":0.0,"damage_taken":12.0,"cards_upgraded":["Vigilance","Strike_P"]},{"damage_healed":0.0,"max_hp_gain":0.0,"max_hp_loss":0.0,"gold_gain":0.0,"cards_transformed":["Defend_P"],"event_name":"Transmorgrifier","player_choice":"Transformed","floor":11.0,"gold_loss":0.0,"damage_taken":0.0,"cards_obtained":["Swivel"]},{"damage_healed":0.0,"max_hp_gain":0.0,"max_hp_loss":0.0,"gold_gain":250.0,"event_name":"The Joust","player_choice":"Bet on Owner","floor":20.0,"gold_loss":50.0,"damage_taken":0.0},{"cards_removed":["Defend_P"],"damage_healed":0.0,"max_hp_gain":0.0,"max_hp_loss":0.0,"gold_gain":0.0,"event_name":"Back to Basics","player_choice":"Elegance","floor":27.0,"gold_loss":0.0,"damage_taken":0.0},{"damage_healed":0.0,"max_hp_gain":0.0,"max_hp_loss":0.0,"gold_gain":0.0,"event_name":"MindBloom","player_choice":"Fight","floor":37.0,"gold_loss":0.0,"damage_taken":0.0},{"damage_healed":0.0,"max_hp_gain":0.0,"max_hp_loss":0.0,"gold_gain":0.0,"event_name":"Tomb of Lord Red Mask","player_choice":"Paid","floor":38.0,"gold_loss":48.0,"damage_taken":0.0,"relics_obtained":["Red Mask"]},{"damage_healed":0.0,"max_hp_gain":0.0,"max_hp_loss":0.0,"gold_gain":0.0,"event_name":"SensoryStone","player_choice":"Memory 1","floor":45.0,"gold_loss":0.0,"damage_taken":0.0}],"is_beta":false,"boss_relics":[{"not_picked":["Tiny House","Philosopher\u0027s Stone"],"picked":"Calling Bell"},{"not_picked":["Velvet Choker","SacredBark"],"picked":"Fusion Hammer"}],"items_purged_floors":[2,21,36],"is_endless":false,"potions_floor_spawned":[1,5,7,12,16,19,25,30,33,35,37,42,47],"killed_by":"The Heart","ascension_level":14}}