{"host":"pjgcdp3h1plnbocs","time":1613693336,"event":{"mods":["AchievementEnabler","BaseMod","Colored Map","Downfall","Highlight Path","Minty Spire (QoL Compilation)","StSLib"],"gold_per_floor":[112,112,132,152,169,200,200,211,237,270,270,288,300,78,78,174,174,187,202,102,282,282,282],"floor_reached":22,"language":"ENG","playtime":771,"items_purged":["Strike_B","Strike_B"],"score":277,"play_id":"e25501c8-4292-4983-84b4-e431e110b19c","local_time":"20210219010856","is_ascension_mode":true,"campfire_choices":[{"floor":7,"key":"REST"},{"floor":11,"key":"REST"},{"data":"Defragment","floor":15,"key":"SMITH"}],"circlet_count":0,"master_deck":["Strike_B","Defend_B","Defend_B","Defend_B","Defend_B","Zap","Dualcast","Echo Form","Sweeping Beam","Defragment+1","White Noise","Coolheaded","Creative AI"],"relics":["Cracked Core","Bronze Scales","Oddly Smooth Stone","MealTicket","Pen Nib","Bag of Preparation","Inserter"],"acts_visited":["Exordium","TheCity"],"potions_floor_usage":[10],"damage_taken":[{"damage":2,"enemies":"Jaw Worm","floor":1,"turns":4},{"damage":0,"enemies":"Cultist","floor":3,"turns":3},{"damage":0,"enemies":"2 Louse","floor":4,"turns":3},{"damage":50,"enemies":"Gremlin Gang","floor":5,"turns":4},{"damage":10,"enemies":"Lagavulin","floor":6,"turns":6},{"damage":0,"enemies":"Large Slime","floor":8,"turns":4},{"damage":26,"enemies":"Gremlin Nob","floor":10,"turns":3},{"damage":0,"enemies":"2 Fungi Beasts","floor":12,"turns":3},{"damage":3,"enemies":"Blue Slaver","floor":13,"turns":5},{"damage":27,"enemies":"Hexaghost","floor":16,"turns":8},{"damage":24,"enemies":"Chosen","floor":18,"turns":6},{"damage":13,"enemies":"Shell Parasite","floor":19,"turns":10},{"damage":24,"enemies":"Centurion and Healer","floor":22,"turns":4}],"seed_played":"2612022556757383671","potions_obtained":[{"floor":5,"key":"SpeedPotion"},{"floor":6,"key":"Explosive Potion"},{"floor":8,"key":"ColorlessPotion"},{"floor":12,"key":"FearPotion"},{"floor":13,"key":"FocusPotion"}],"is_trial":false,"path_per_floor":["M","?","M","M","M","E","R","M","T","E","R","M","M","$","R","B",null,"M","M","$","?","M"],"character_chosen":"DEFECT","items_purchased":["Bag of Preparation"],"campfire_rested":2,"item_purchase_floors":[14],"current_hp_per_floor":[66,66,66,66,16,6,28,28,28,2,24,24,21,36,36,9,59,35,22,37,18,0,0],"gold":282,"neow_bonus":"REMOVE_CARD","is_daily":false,"chose_seed":false,"campfire_upgraded":1,"win_rate":0.0,"timestamp":1613693336,"path_taken":["M","?","M","M","M","E","R","M","T","E","R","?","M","?","R","BOSS","M","M","$","?","M"],"items_purchased_type":["Relic"],"build_version":"2020-12-22","purchased_purges":2,"victory":false,"max_hp_per_floor":[75,75,75,75,75,75,75,75,75,75,75,75,75,75,75,75,75,75,75,75,75,75,75],"card_choices":[{"not_picked":["Hologram","Sunder"],"picked":"Streamline","floor":1},{"not_picked":["Steam","Compile Driver","Skim"],"picked":"SKIP","floor":3},{"not_picked":["Blizzard","Defragment"],"picked":"Echo Form","floor":4},{"not_picked":["Rebound","Hologram"],"picked":"Sweeping Beam","floor":5},{"not_picked":["Streamline","Sweeping Beam","Gash"],"picked":"SKIP","floor":6},{"not_picked":["Undo","Sweeping Beam","Hologram"],"picked":"SKIP","floor":8},{"not_picked":["Gash","Biased Cognition"],"picked":"Defragment","floor":10},{"not_picked":["Rebound","Turbo"],"picked":"White Noise","floor":12},{"not_picked":["Go for the Eyes","Turbo"],"picked":"Coolheaded","floor":13},{"not_picked":["Amplify","Echo Form"],"picked":"Creative AI","floor":16},{"not_picked":["Steam Power","Coolheaded","Hello World+1"],"picked":"SKIP","floor":18},{"not_picked":["Stack","Capacitor","Self Repair+1"],"picked":"SKIP","floor":19}],"player_experience":247371,"relics_obtained":[{"floor":6,"key":"Oddly Smooth Stone"},{"floor":9,"key":"MealTicket"},{"floor":10,"key":"Pen Nib"}],"event_choices":[{"cards_removed":["Streamline"],"damage_healed":0,"gold_gain":0,"player_choice":"Gave Card","damage_taken":0,"relics_obtained":["Bronze Scales"],"max_hp_gain":0,"max_hp_loss":0,"event_name":"WeMeetAgain","floor":2,"gold_loss":0},{"damage_healed":0,"gold_gain":180,"player_choice":"GOLD GOLD ","damage_taken":19,"max_hp_gain":0,"max_hp_loss":0,"event_name":"Knowing Skull","floor":21,"potions_obtained":[],"gold_loss":0,"cards_obtained":[]}],"is_beta":false,"boss_relics":[{"not_picked":["Velvet Choker","Empty Cage"],"picked":"Inserter"}],"items_purged_floors":[14,20],"is_endless":false,"potions_floor_spawned":[5,6,8,12,13],"killed_by":"Centurion and Healer","ascension_level":8}}