{"host":"oeddu058k4r8wzo0","time":1613726223,"event":{"mods":["BaseMod","Better Third Choice","Colored Map","Colored Powertips","Highlight Path","Minty Spire (QoL Compilation)","Quick Restart","StSLib"],"gold_per_floor":[117,131,141,55,69,94,94,94,146,172,172,9,29,71,80,164,164,187,187,213,213,213],"floor_reached":21,"language":"ENG","playtime":1205,"items_purged":[],"score":398,"play_id":"3dc3ba43-36ed-416a-9ad5-aa11512b50f2","local_time":"20210219011703","is_ascension_mode":true,"campfire_choices":[{"floor":7.0,"key":"REST"},{"floor":11.0,"key":"REST"},{"floor":15,"key":"REST"}],"circlet_count":0,"master_deck":["AscendersBane","Strike_G+1","Strike_G+1","Strike_G+1","Strike_G+1","Strike_G+1","Defend_G+1","Defend_G+1","Defend_G+1","Defend_G+1","Defend_G+1","Survivor","Neutralize","Poisoned Stab","Noxious Fumes","Well Laid Plans","Noxious Fumes","Footwork","Acrobatics","Unload","Deadly Poison","Tactician","Dagger Spray","Glass Knife","Backstab","Riddle With Holes+1"],"relics":["Ring of the Snake","Thread and Needle","Darkstone Periapt","Orichalcum","Dream Catcher","CeramicFish","Incense Burner","Cursed Key"],"acts_visited":["Exordium","TheCity"],"potions_floor_usage":[14,14,16],"damage_taken":[{"damage":0.0,"enemies":"Small Slimes","floor":1.0,"turns":6.0},{"damage":0.0,"enemies":"Cultist","floor":2.0,"turns":3.0},{"damage":0.0,"enemies":"2 Louse","floor":3.0,"turns":3.0},{"damage":0.0,"enemies":"Large Slime","floor":5.0,"turns":7.0},{"damage":41.0,"enemies":"Gremlin Nob","floor":6.0,"turns":5.0},{"damage":8.0,"enemies":"3 Sentries","floor":10.0,"turns":7.0},{"damage":0.0,"enemies":"Blue Slaver","floor":13.0,"turns":5.0},{"damage":29,"enemies":"Gremlin Nob","floor":14,"turns":5},{"damage":24,"enemies":"Slime Boss","floor":16,"turns":9},{"damage":26,"enemies":"3 Byrds","floor":18,"turns":5},{"damage":4,"enemies":"Spheric Guardian","floor":20,"turns":4},{"damage":22,"enemies":"Masked Bandits","floor":21,"turns":4}],"seed_played":"-4766499493535175530","potions_obtained":[{"floor":2.0,"key":"AttackPotion"},{"floor":10.0,"key":"ColorlessPotion"},{"floor":13.0,"key":"BlessingOfTheForge"},{"floor":14,"key":"SteroidPotion"}],"is_trial":false,"path_per_floor":["M","M","M","$","M","E","R","?","T","E","R","$","M","E","R","B",null,"M","?","M","?"],"character_chosen":"THE_SILENT","items_purchased":["Noxious Fumes","CeramicFish"],"campfire_rested":3,"item_purchase_floors":[4,12],"current_hp_per_floor":[59,59,59,59,59,18,36,36,36,28,46,46,46,17,35,11,48,22,22,18,0,0],"gold":213,"neow_bonus":"ONE_RARE_RELIC","is_daily":false,"chose_seed":false,"campfire_upgraded":0,"win_rate":0.0,"timestamp":1613726223,"path_taken":["M","M","M","$","M","E","R","?","T","E","R","?","M","E","R","BOSS","M","?","M","?"],"items_purchased_type":["Card","Relic"],"build_version":"2020-12-22","purchased_purges":0,"victory":false,"max_hp_per_floor":[60,60,60,60,60,60,60,60,60,60,60,60,60,60,60,60,60,60,60,60,60,60],"card_choices":[{"not_picked":["Flechettes","Accuracy"],"picked":"Poisoned Stab","floor":1.0},{"not_picked":["Dagger Throw","Underhanded Strike"],"picked":"Noxious Fumes","floor":2.0},{"not_picked":["Backflip","Concentrate"],"picked":"Well Laid Plans","floor":3.0},{"not_picked":["Noxious Fumes","Expertise"],"picked":"Footwork","floor":5.0},{"not_picked":["Poisoned Stab","Flechettes","Sucker Punch"],"picked":"SKIP","floor":6.0},{"not_picked":["Outmaneuver","Setup"],"picked":"Acrobatics","floor":10.0},{"not_picked":["Deflect","Dagger Spray"],"picked":"Unload","floor":11.0},{"not_picked":["Backflip","Quick Slash","Deadly Poison"],"picked":"SKIP","floor":13.0},{"not_picked":["Backflip","Quick Slash"],"picked":"Deadly Poison","floor":13.0},{"not_picked":["Quick Slash","Masterful Stab"],"picked":"Tactician","floor":14},{"not_picked":["Deflect","Setup"],"picked":"Dagger Spray","floor":15},{"not_picked":["Storm of Steel","Die Die Die"],"picked":"Glass Knife","floor":16},{"not_picked":["Sucker Punch","Quick Slash"],"picked":"Backstab","floor":18},{"not_picked":["Infinite Blades","Dash"],"picked":"Riddle With Holes+1","floor":20}],"player_experience":1367345,"relics_obtained":[{"floor":6.0,"key":"Darkstone Periapt"},{"floor":9.0,"key":"Orichalcum"},{"floor":10.0,"key":"Dream Catcher"},{"floor":14,"key":"Incense Burner"}],"event_choices":[{"damage_healed":0.0,"max_hp_gain":0.0,"max_hp_loss":0.0,"gold_gain":0.0,"event_name":"Match and Keep!","player_choice":"0 cards matched","floor":8.0,"gold_loss":0.0,"damage_taken":0.0,"cards_obtained":[]},{"damage_healed":0,"gold_gain":0,"player_choice":"Simplicity","damage_taken":0,"max_hp_gain":0,"max_hp_loss":10,"event_name":"betterThird:BetterWriting","floor":19,"gold_loss":0},{"damage_healed":0,"gold_gain":0,"player_choice":"Fought Bandits","damage_taken":0,"max_hp_gain":0,"max_hp_loss":0,"event_name":"Masked Bandits","floor":21,"gold_loss":0}],"is_beta":false,"boss_relics":[{"not_picked":["Busted Crown","Philosopher\u0027s Stone"],"picked":"Cursed Key"}],"items_purged_floors":[],"is_endless":false,"potions_floor_spawned":[2,10,13,14],"killed_by":"Masked Bandits","ascension_level":20}}