{"host":"38abhf7uonnoqlzr","time":1613738383,"event":{"mods":["Act Like it!","Aspiration","BaseMod","Better Note","Better Third Choice","Block Reminder","CapriCore","Colored Map","Conspire","Displayed Cursed Tome","Dota2Spire","Energized Spire","Friendly Minions","Hallownest","Hubris","Minty Spire (QoL Compilation)","Pale of the Ancients","Rare Cards Sparkle","Relic Stats","Reliquary","Replay The Spire","Shapeshifter Mod","Spicy Shops","StSLib","Waifu the Spire"],"gold_per_floor":[115,290,309,324,342,373,390,404,429,32,32,43,43,69,69,166,166,178,253,270,270,545,580,580,86,86,86,101,117,117,144,144,246,246,264,283,38,49,49,49],"floor_reached":39,"language":"ENG","playtime":4878,"items_purged":["Doubt","Regret"],"score":608,"play_id":"74129e8d-0248-4445-8954-e77fbf6dfbf8","local_time":"20210219133943","is_ascension_mode":false,"campfire_choices":[{"floor":11.0,"key":"REST"},{"data":"StSShapeShifter:WolfForm","floor":15.0,"key":"SMITH"},{"data":"StSShapeShifter:Guard","floor":24.0,"key":"SMITH"},{"data":"StSShapeShifter:MonkeyForm","floor":30.0,"key":"SMITH"},{"data":"StSShapeShifter:Spring","floor":32,"key":"SMITH"}],"circlet_count":0,"master_deck":["StSShapeShifter:ShapeShifter_Strike","StSShapeShifter:ShapeShifter_Strike","StSShapeShifter:ShapeShifter_Strike","StSShapeShifter:ShapeShifter_Strike","StSShapeShifter:ShapeShifter_Strike","StSShapeShifter:ShapeShifter_Defend","StSShapeShifter:ShapeShifter_Defend","StSShapeShifter:ShapeShifter_Defend","StSShapeShifter:ShapeShifter_Defend","StSShapeShifter:ShapeShifter_Defend","StSShapeShifter:Tortoise_Form","StSShapeShifter:Lynx_Form","StSShapeShifter:WiltingWrath","StSShapeShifter:WolfForm+1","StSShapeShifter:ThornToss","StSShapeShifter:BearForm","StSShapeShifter:Spring+1","StSShapeShifter:BarkSkin","StSShapeShifter:AdaptiveStrikes","StSShapeShifter:MonkeyForm+1","StSShapeShifter:BurstingSpore","StSShapeShifter:DragonForm+1","StSShapeShifter:ShiftingStrike","StSShapeShifter:Guard+1","StSShapeShifter:MonkeyForm","Looming Evil","StSShapeShifter:ThornToss","StSShapeShifter:Hunt","StSShapeShifter:SunflowerShuriken","StSShapeShifter:Sap_Burst","StSShapeShifter:PantherForm+1","StSShapeShifter:LeapingSlash+1","StSShapeShifter:FallingLeaves+1"],"relics":["StSShapeShifter:TheShapeShiftersMagnolia","reliquary:Craggleroot","Dota2Spire:Satanic","Centennial Puzzle","Dota2Spire:OctarineCore","Snack Pack","hubris:Towel","StoneCalendar","energizedSpire:MagnifyingGlass","Potion Belt","StoneCalendar","Bronze Scales","Dota2Spire:AghanimScepter","ReplayTheSpireMod:Ring of Exchange","Ring of Peace","StSShapeShifter:MysticalFossil","ReplayTheSpireMod:DimensionalGlitch","Matryoshka"],"acts_visited":["Exordium","TheCity","TheBeyond"],"potions_floor_usage":[38,38],"damage_taken":[{"damage":0.0,"enemies":"Cultist","floor":1.0,"turns":3.0},{"damage":9.0,"enemies":"conspire:RoseBush","floor":3.0,"turns":4.0},{"damage":5.0,"enemies":"Small Slimes","floor":4.0,"turns":4.0},{"damage":20.0,"enemies":"Blue Slaver","floor":5.0,"turns":6.0},{"damage":46.0,"enemies":"Gremlin Nob","floor":6.0,"turns":7.0},{"damage":5.0,"enemies":"3 Louse","floor":7.0,"turns":2.0},{"damage":16.0,"enemies":"Large Slime","floor":8.0,"turns":5.0},{"damage":0.0,"enemies":"2 Fungi Beasts","floor":12.0,"turns":3.0},{"damage":2.0,"enemies":"Lagavulin","floor":14.0,"turns":7.0},{"damage":18.0,"enemies":"Hexaghost","floor":16.0,"turns":9.0},{"damage":5.0,"enemies":"Chosen","floor":18.0,"turns":6.0},{"damage":31.0,"enemies":"conspire:FuzzyDice","floor":20.0,"turns":5.0},{"damage":19.0,"enemies":"Replay:Snechameleon","floor":23.0,"turns":7.0},{"damage":20.0,"enemies":"Cultist and Chosen","floor":28.0,"turns":7.0},{"damage":0.0,"enemies":"Chosen and Byrds","floor":29.0,"turns":7.0},{"damage":1.0,"enemies":"Gremlin Leader","floor":31.0,"turns":7.0},{"damage":54,"enemies":"hubris:MusketHawk","floor":33,"turns":10},{"damage":16,"enemies":"3 Shapes","floor":35,"turns":5},{"damage":15,"enemies":"3 Darklings","floor":36,"turns":7},{"damage":34,"enemies":"Sphere and 2 Shapes","floor":38,"turns":6},{"damage":50,"enemies":"Spire Growth","floor":39,"turns":4}],"seed_played":"-819808083813130645","potions_obtained":[{"floor":1.0,"key":"LiquidMemories"},{"floor":6.0,"key":"Weak Potion"},{"floor":7.0,"key":"LiquidMemories"},{"floor":14.0,"key":"Explosive Potion"},{"floor":20.0,"key":"Dota2Spire:HealingSalve"},{"floor":29.0,"key":"SpeedPotion"},{"floor":33,"key":"SpeedPotion"},{"floor":36,"key":"Fire Potion"},{"floor":38,"key":"Energy Potion"}],"is_trial":false,"path_per_floor":["M","?","M","M","M","E","M","M","T","$","R","M","?","E","R","B",null,"M","?","M","?","?","E","R","$","T","?","M","M","R","E","R","B",null,"M","M","$","M","M"],"character_chosen":"SHAPESHIFTER","items_purchased":["Dota2Spire:OctarineCore","Snack Pack","reliquary:SculptingSteel","Bronze Scales","Matryoshka"],"campfire_rested":1,"item_purchase_floors":[10,10,25,25,37],"current_hp_per_floor":[78,78,69,70,56,30,37,27,27,27,50,50,50,63,63,50,78,78,71,65,65,65,46,46,46,46,46,58,60,60,73,73,35,78,62,50,50,32,0,0],"gold":49,"neow_bonus":"BOSS_RELIC","is_daily":false,"chose_seed":false,"campfire_upgraded":4,"win_rate":0.0,"timestamp":1613738383,"path_taken":["M","?","M","M","M","E","M","M","T","$","R","M","?","E","R","BOSS","M","?","M","?","?","E","R","$","T","?","M","?","R","E","R","BOSS","M","M","$","M","M"],"items_purchased_type":["Relic","Relic","Relic","Relic","Relic"],"build_version":"2020-12-22","purchased_purges":2,"victory":false,"max_hp_per_floor":[78,78,78,78,78,78,78,78,78,78,78,78,78,78,78,78,78,78,78,78,78,78,78,78,78,78,78,78,78,78,78,78,78,78,78,78,78,78,78,78],"relic_stats":{"Centennial Puzzle":[36],"counters":[21,121],"Bronze Scales":[110],"StoneCalendar":[254],"obtain_stats":[{"StSShapeShifter:TheShapeShiftersMagnolia":0,"Potion Belt":23,"ReplayTheSpireMod:Ring of Exchange":27,"StSShapeShifter:AnimalHeart":0,"StoneCalendar":14,"hubris:Towel":13,"Dota2Spire:Satanic":6,"Centennial Puzzle":9,"Dota2Spire:AghanimScepter":26,"Matryoshka":37,"Bronze Scales":25,"Ring of Peace":27,"reliquary:Craggleroot":0,"reliquary:SculptingSteel":25,"StSShapeShifter:MysticalFossil":31,"Dota2Spire:OctarineCore":10,"Snack Pack":10,"energizedSpire:MagnifyingGlass":17,"ReplayTheSpireMod:DimensionalGlitch":34},{"StSShapeShifter:TheShapeShiftersMagnolia":0,"Potion Belt":13,"ReplayTheSpireMod:Ring of Exchange":13,"StSShapeShifter:AnimalHeart":0,"StoneCalendar":9,"hubris:Towel":8,"Dota2Spire:Satanic":5,"Centennial Puzzle":7,"Dota2Spire:AghanimScepter":13,"Matryoshka":19,"Bronze Scales":13,"Ring of Peace":13,"reliquary:Craggleroot":0,"reliquary:SculptingSteel":13,"StSShapeShifter:MysticalFossil":16,"Dota2Spire:OctarineCore":7,"Snack Pack":7,"energizedSpire:MagnifyingGlass":10,"ReplayTheSpireMod:DimensionalGlitch":17},{"StSShapeShifter:TheShapeShiftersMagnolia":0,"Potion Belt":68,"ReplayTheSpireMod:Ring of Exchange":68,"StSShapeShifter:AnimalHeart":0,"StoneCalendar":41,"hubris:Towel":34,"Dota2Spire:Satanic":24,"Centennial Puzzle":31,"Dota2Spire:AghanimScepter":68,"Matryoshka":111,"Bronze Scales":68,"Ring of Peace":68,"reliquary:Craggleroot":0,"reliquary:SculptingSteel":68,"StSShapeShifter:MysticalFossil":89,"Dota2Spire:OctarineCore":31,"Snack Pack":31,"energizedSpire:MagnifyingGlass":50,"ReplayTheSpireMod:DimensionalGlitch":99}]},"card_choices":[{"not_picked":["StSShapeShifter:EagleForm","StSShapeShifter:Sapling"],"picked":"StSShapeShifter:WiltingWrath","floor":1.0},{"not_picked":["StSShapeShifter:SunflowerShuriken","StSShapeShifter:Guard"],"picked":"StSShapeShifter:WolfForm","floor":3.0},{"not_picked":["StSShapeShifter:FesteringBite","StSShapeShifter:BloomingSlash"],"picked":"StSShapeShifter:ThornToss","floor":4.0},{"not_picked":["StSShapeShifter:BladeOfGrass","StSShapeShifter:FlowerShield"],"picked":"StSShapeShifter:BearForm","floor":5.0},{"not_picked":["StSShapeShifter:BurstingSpore","StSShapeShifter:Roar"],"picked":"StSShapeShifter:Spring","floor":6.0},{"not_picked":["StSShapeShifter:DeerForm","StSShapeShifter:FlowerShield"],"picked":"StSShapeShifter:BarkSkin","floor":7.0},{"not_picked":["StSShapeShifter:ThrashAbout","StSShapeShifter:MonkeyForm"],"picked":"StSShapeShifter:AdaptiveStrikes","floor":8.0},{"not_picked":["StSShapeShifter:ShiftingStrike","StSShapeShifter:BarkSkin"],"picked":"StSShapeShifter:MonkeyForm","floor":12.0},{"not_picked":["StSShapeShifter:BladeOfGrass","StSShapeShifter:VineHandcuffs"],"picked":"StSShapeShifter:BurstingSpore","floor":14.0},{"not_picked":["StSShapeShifter:SkullBash","StSShapeShifter:RestoreBalance"],"picked":"StSShapeShifter:DragonForm","floor":16.0},{"not_picked":["StSShapeShifter:FesteringBite","StSShapeShifter:Ensconce"],"picked":"StSShapeShifter:ShiftingStrike","floor":18.0},{"not_picked":["StSShapeShifter:RaptorForm","StSShapeShifter:VineHandcuffs+1"],"picked":"StSShapeShifter:Guard","floor":20.0},{"not_picked":["StSShapeShifter:Rest","StSShapeShifter:FlowerShield+1"],"picked":"StSShapeShifter:MonkeyForm","floor":23.0},{"not_picked":["StSShapeShifter:PoisonIvy","StSShapeShifter:DeerForm+1"],"picked":"StSShapeShifter:ThornToss","floor":28.0},{"not_picked":["StSShapeShifter:DeepWound+1","StSShapeShifter:Sapling"],"picked":"StSShapeShifter:Hunt","floor":29.0},{"not_picked":["StSShapeShifter:DeerForm","StSShapeShifter:Rest"],"picked":"StSShapeShifter:SunflowerShuriken","floor":31.0},{"not_picked":["StSShapeShifter:Pounce","StSShapeShifter:HydraForm"],"picked":"StSShapeShifter:Sap_Burst","floor":33},{"not_picked":["StSShapeShifter:BladeOfGrass+1","StSShapeShifter:MultiSpiritedStrike"],"picked":"StSShapeShifter:PantherForm+1","floor":35},{"not_picked":["StSShapeShifter:BloomingSlash","StSShapeShifter:BladeOfGrass"],"picked":"StSShapeShifter:LeapingSlash+1","floor":36},{"not_picked":["StSShapeShifter:MonkeyForm","StSShapeShifter:Spring"],"picked":"StSShapeShifter:FallingLeaves+1","floor":38}],"player_experience":209862,"relics_obtained":[{"floor":6.0,"key":"Dota2Spire:Satanic"},{"floor":9.0,"key":"Centennial Puzzle"},{"floor":14.0,"key":"StoneCalendar"},{"floor":23.0,"key":"Potion Belt"},{"floor":26.0,"key":"Dota2Spire:AghanimScepter"},{"floor":27.0,"key":"ReplayTheSpireMod:Ring of Exchange"},{"floor":27.0,"key":"Ring of Peace"},{"floor":31.0,"key":"StSShapeShifter:MysticalFossil"}],"event_choices":[{"damage_healed":0.0,"max_hp_gain":0.0,"max_hp_loss":0.0,"gold_gain":175.0,"event_name":"betterThird:BetterSerpent","player_choice":"AGREE","floor":2.0,"gold_loss":0.0,"damage_taken":115.0},{"damage_healed":0.0,"max_hp_gain":0.0,"max_hp_loss":0.0,"gold_gain":75.0,"event_name":"FaceTrader","player_choice":"Touch","floor":19.0,"gold_loss":0.0,"damage_taken":7.0},{"damage_healed":0.0,"max_hp_gain":0.0,"max_hp_loss":0.0,"gold_gain":0.0,"event_name":"Upgrade Shrine","player_choice":"Upgraded","floor":21.0,"gold_loss":0.0,"damage_taken":0.0,"cards_upgraded":["StSShapeShifter:DragonForm"]},{"damage_healed":0.0,"max_hp_gain":0.0,"max_hp_loss":0.0,"gold_gain":275.0,"event_name":"Golden Shrine","player_choice":"Desecrate","floor":22.0,"gold_loss":0.0,"damage_taken":0.0,"cards_obtained":["Regret"]}],"is_beta":false,"boss_relics":[{"not_picked":["reliquary:Ember","energizedSpire:EnergizedDie"],"picked":"energizedSpire:MagnifyingGlass"},{"not_picked":["SlaversCollar","Toolbox"],"picked":"ReplayTheSpireMod:DimensionalGlitch"}],"items_purged_floors":[10,25],"is_endless":false,"potions_floor_spawned":[1,6,7,14,20,29,33,36,38],"killed_by":"Spire Growth","ascension_level":0}}