{"host":"p0hktren06injwdf","time":1613701215,"event":{"mods":["AchievementEnabler","BaseMod","Colored Map","DeckTracker","Minty Spire (QoL Compilation)","Permanent Neow","StSLib","SuperFastMode"],"gold_per_floor":[114,39,39,50,69,95,18,18,18,18,33,33,45,56,56,56,56],"floor_reached":16,"language":"KOR","playtime":283,"items_purged":[],"score":204,"play_id":"eb72ae48-1e94-4c1f-bcc3-3e3ae4da8d8b","local_time":"20210219112015","is_ascension_mode":true,"campfire_choices":[{"data":"Neutralize","floor":10,"key":"SMITH"},{"data":"Envenom","floor":12,"key":"SMITH"},{"data":"Dash","floor":15,"key":"SMITH"}],"circlet_count":0,"master_deck":["AscendersBane","Strike_G","Strike_G","Strike_G","Strike_G","Strike_G","Defend_G","Defend_G","Defend_G","Defend_G","Survivor","Neutralize+1","Dash+1","Cloak And Dagger","Slice","Envenom+1","Terror","Leg Sweep","Dagger Spray"],"relics":["Ring of the Snake","Bag of Preparation","Bottled Flame","Centennial Puzzle","Pear"],"acts_visited":["Exordium"],"potions_floor_usage":[6,6],"damage_taken":[{"damage":16,"enemies":"Jaw Worm","floor":1,"turns":8},{"damage":3,"enemies":"Cultist","floor":4,"turns":4},{"damage":0,"enemies":"Small Slimes","floor":5,"turns":5},{"damage":22,"enemies":"Lagavulin","floor":6,"turns":8},{"damage":0,"enemies":"2 Fungi Beasts","floor":11,"turns":4},{"damage":5,"enemies":"Lots of Slimes","floor":13,"turns":5},{"damage":3,"enemies":"Exordium Wildlife","floor":14,"turns":4},{"damage":21,"enemies":"Hexaghost","floor":16,"turns":9}],"seed_played":"-1875610778724338174","potions_obtained":[{"floor":1,"key":"Weak Potion"},{"floor":4,"key":"AttackPotion"},{"floor":5,"key":"DuplicationPotion"},{"floor":8,"key":"SneckoOil"},{"floor":8,"key":"BlessingOfTheForge"}],"is_trial":false,"path_per_floor":["M","?","T","M","M","E","$","?","T","R","M","R","M","M","R","B"],"character_chosen":"THE_SILENT","items_purchased":["Terror"],"campfire_rested":0,"item_purchase_floors":[7],"current_hp_per_floor":[43,43,43,40,40,18,18,18,28,28,28,28,23,20,20,0,0],"gold":56,"neow_bonus":"RANDOM_COMMON_RELIC","is_daily":false,"chose_seed":false,"campfire_upgraded":3,"win_rate":0.0,"timestamp":1613701215,"path_taken":["M","?","?","M","M","E","$","?","T","R","M","R","M","M","R","BOSS"],"items_purchased_type":["Card"],"build_version":"2020-12-22","purchased_purges":0,"victory":false,"max_hp_per_floor":[66,66,66,66,66,66,66,66,76,76,76,76,76,76,76,76,76],"card_choices":[{"not_picked":["Flying Knee","Calculated Gamble"],"picked":"Dash","floor":1},{"not_picked":["Flechettes","Dodge and Roll"],"picked":"Cloak And Dagger","floor":4},{"not_picked":["Acrobatics","Finisher"],"picked":"Slice","floor":5},{"not_picked":["Underhanded Strike","Slice"],"picked":"Envenom","floor":6},{"not_picked":["Endless Agony","Finisher"],"picked":"Leg Sweep","floor":11},{"not_picked":["Flying Knee","Slice"],"picked":"Dagger Spray","floor":13},{"not_picked":["Setup","Tactician","Acrobatics"],"picked":"SKIP","floor":14}],"player_experience":1089026,"relics_obtained":[{"floor":3,"key":"Bottled Flame"},{"floor":6,"key":"Centennial Puzzle"},{"floor":9,"key":"Pear"}],"event_choices":[{"cards_removed":["Defend_G"],"damage_healed":0,"gold_gain":0,"player_choice":"Card Removal","damage_taken":0,"max_hp_gain":0,"max_hp_loss":0,"event_name":"The Cleric","floor":2,"gold_loss":75},{"damage_healed":0,"gold_gain":0,"player_choice":"Got Potions","damage_taken":0,"max_hp_gain":0,"max_hp_loss":0,"event_name":"Lab","floor":8,"gold_loss":0}],"is_beta":false,"boss_relics":[],"items_purged_floors":[],"is_endless":false,"potions_floor_spawned":[1,4,5],"killed_by":"Hexaghost","ascension_level":20}}