{"host":"6ulps5ednfgqn0to","time":1613728206,"event":{"mods":["AchievementEnabler","BaseMod","Colored Map","Highlight Path","Minty Spire (QoL Compilation)","Relic Sorter","Relic Stats","StSLib"],"gold_per_floor":[111,111,127,140,154,179,197,197,197,229,229,2,16,36,36,36,36],"floor_reached":16,"language":"ENG","playtime":708,"items_purged":[],"score":120,"play_id":"009962a9-d42a-4da7-8e30-3da6bbf3404a","local_time":"20210219115006","is_ascension_mode":true,"campfire_choices":[{"floor":8,"key":"REST"},{"floor":11,"key":"REST"},{"data":"Eruption","floor":15,"key":"SMITH"}],"circlet_count":0,"master_deck":["Strike_P","Strike_P","Strike_P","Strike_P","Defend_P","Defend_P","Defend_P","Defend_P","Eruption+1","Vigilance","MasterReality","BowlingBash","ThirdEye","ClearTheMind","Tantrum","Halt","EmptyMind","MentalFortress","ForeignInfluence"],"relics":["PureWater","Ancient Tea Set","Tiny Chest","Omamori","PrismaticShard"],"acts_visited":["Exordium"],"potions_floor_usage":[10,16,16],"damage_taken":[{"damage":1,"enemies":"Small Slimes","floor":1,"turns":3},{"damage":5,"enemies":"Cultist","floor":3,"turns":6},{"damage":0,"enemies":"2 Louse","floor":4,"turns":2},{"damage":15,"enemies":"Lots of Slimes","floor":5,"turns":4},{"damage":32,"enemies":"Gremlin Nob","floor":6,"turns":3},{"damage":1,"enemies":"Gremlin Gang","floor":7,"turns":4},{"damage":43,"enemies":"3 Sentries","floor":10,"turns":6},{"damage":0,"enemies":"2 Fungi Beasts","floor":13,"turns":4},{"damage":0,"enemies":"Blue Slaver","floor":14,"turns":1},{"damage":43,"enemies":"Slime Boss","floor":16,"turns":3}],"seed_played":"-2760386300303324355","potions_obtained":[{"floor":1,"key":"PowerPotion"},{"floor":3,"key":"Regen Potion"},{"floor":6,"key":"Weak Potion"},{"floor":10,"key":"EssenceOfSteel"}],"is_trial":false,"path_per_floor":["M","?","M","M","M","E","M","R","T","E","R","$","M","M","R","B"],"character_chosen":"WATCHER","items_purchased":["ForeignInfluence","PrismaticShard"],"campfire_rested":2,"item_purchase_floors":[12,12],"current_hp_per_floor":[71,72,67,67,52,20,19,40,40,6,27,27,27,27,27,0,0],"gold":36,"neow_bonus":"ONE_RANDOM_RARE_CARD","is_daily":false,"chose_seed":false,"campfire_upgraded":1,"win_rate":0.0,"timestamp":1613728206,"path_taken":["M","?","M","M","M","E","M","R","T","E","R","$","?","M","R","BOSS"],"items_purchased_type":["Card","Relic"],"build_version":"2020-12-22","purchased_purges":0,"victory":false,"max_hp_per_floor":[72,72,72,72,72,72,72,72,72,72,72,72,72,72,72,72,72],"relic_stats":{"counters":[10,36],"Tiny Chest":0,"obtain_stats":[{"Tiny Chest":9,"Omamori":10,"PureWater":0,"Ancient Tea Set":6,"PrismaticShard":12},{"Tiny Chest":6,"Omamori":7,"PureWater":0,"Ancient Tea Set":5,"PrismaticShard":7},{"Tiny Chest":22,"Omamori":28,"PureWater":0,"Ancient Tea Set":18,"PrismaticShard":28}]},"card_choices":[{"not_picked":["Worship","FollowUp"],"picked":"BowlingBash","floor":1},{"not_picked":["Perseverance","EmptyBody"],"picked":"ThirdEye","floor":3},{"not_picked":["Nirvana","SashWhip"],"picked":"ClearTheMind","floor":4},{"not_picked":["Meditate","BowlingBash"],"picked":"Tantrum","floor":5},{"not_picked":["FlyingSleeves","CrushJoints"],"picked":"Halt","floor":6},{"not_picked":["EmptyBody","FollowUp"],"picked":"EmptyMind","floor":7},{"not_picked":["Protect","CrushJoints"],"picked":"MentalFortress","floor":10},{"not_picked":["Barrage","Headbutt","Mind Blast"],"picked":"SKIP","floor":13},{"not_picked":["FlyingSleeves","Ball Lightning","EmptyFist"],"picked":"SKIP","floor":14}],"player_experience":60686,"relics_obtained":[{"floor":6,"key":"Ancient Tea Set"},{"floor":9,"key":"Tiny Chest"},{"floor":10,"key":"Omamori"}],"event_choices":[{"damage_healed":1,"gold_gain":0,"player_choice":"Full Heal","damage_taken":0,"max_hp_gain":0,"max_hp_loss":0,"event_name":"Wheel of Change","floor":2,"gold_loss":0}],"is_beta":false,"boss_relics":[],"items_purged_floors":[],"is_endless":false,"potions_floor_spawned":[1,3,6,10],"killed_by":"Slime Boss","ascension_level":1}}