{"host":"fmtvje4mks8zli8e","time":1613768102,"event":{"mods":["AchievementEnabler","AlwaysNeverKeys","BaseMod","BetterRewards","Challenge The Spire","Minty Spire (QoL Compilation)","READ ME - Guardian Mod","Remove Card Discount Mod","StSLib","The Cursed","The Druid","The Servant 0.9.4","The Wild Card"],"gold_per_floor":[114,128,34,50,23,57,57,91,117,12,44,56,56,67,67,165,165,181,201,211,310,310,337,356,356,438,469,482,259,309,327,327,431,431,448,459,469,208,208,237,237,264,264,264,284,298,324,338,338,338,338,338,38,73,73],"floor_reached":56,"language":"ENG","playtime":9613,"items_purged":["Strike_B","Strike_B","Strike_B","Strike_B","Defend_B","Defend_B"],"score":2331,"play_id":"b838577f-582a-4e45-90b8-dcd5a49ed2bf","local_time":"20210219145502","is_ascension_mode":true,"campfire_choices":[{"data":"Apotheosis","floor":7,"key":"SMITH"},{"data":"FTL","floor":15,"key":"SMITH"},{"data":"Defragment","floor":25,"key":"SMITH"},{"data":"Defragment","floor":32,"key":"SMITH"},{"data":"Capacitor","floor":41,"key":"SMITH"},{"data":"Zap","floor":44,"key":"SMITH"},{"data":"Loop","floor":49,"key":"SMITH"},{"data":"Loop","floor":52,"key":"SMITH"}],"circlet_count":0,"master_deck":["Defend_B","Defend_B","Zap+1","Dualcast","Apotheosis+1","Cold Snap","Leap+1","FTL+1","Gash","Redo+1","Capacitor+1","FTL+1","Gash","Conserve Battery","Cold Snap","Core Surge","Loop+1","Cold Snap","Defragment+1","Loop+1","Defragment+1","Ball Lightning+1","Defragment+1","Gash+1"],"relics":["Cracked Core","InkBottle","Oddly Smooth Stone","Eternal Feather","Sling","Letter Opener","Potion Belt","Membership Card","FossilizedHelix","Omamori","Medical Kit","Bag of Preparation","Boot","Strawberry","TungstenRod","Regal Pillow","Vajra","White Beast Statue","Black Star","Akabeko","Pen Nib","Singing Bowl","Dead Branch","Bag of Marbles","Bronze Scales","Orichalcum","OrangePellets","Runic Pyramid","Blood Vial","Pocketwatch","MealTicket","Calipers","Whetstone","Thread and Needle","StoneCalendar","War Paint","Bottled Flame","Runic Capacitor","Bird Faced Urn","CaptainsWheel","Anchor"],"acts_visited":["Exordium","TheCity","TheBeyond","TheEnding"],"potions_floor_usage":[19,23,36,53,55,55,55,55,55,55,55,55,55],"damage_taken":[{"damage":0,"enemies":"Cultist","floor":1,"turns":3},{"damage":0,"enemies":"Jaw Worm","floor":2,"turns":2},{"damage":0,"enemies":"Small Slimes","floor":4,"turns":2},{"damage":0,"enemies":"3 Sentries","floor":6,"turns":3},{"damage":0,"enemies":"Lagavulin","floor":8,"turns":6},{"damage":0,"enemies":"3 Sentries","floor":11,"turns":3},{"damage":0,"enemies":"Red Slaver","floor":12,"turns":2},{"damage":0,"enemies":"Looter","floor":14,"turns":2},{"damage":0,"enemies":"The Guardian","floor":16,"turns":7},{"damage":0,"enemies":"Shell Parasite","floor":18,"turns":3},{"damage":0,"enemies":"3 Byrds","floor":19,"turns":4},{"damage":0,"enemies":"Centurion and Healer","floor":20,"turns":5},{"damage":21,"enemies":"Slavers","floor":23,"turns":6},{"damage":0,"enemies":"Snecko","floor":24,"turns":4},{"damage":6,"enemies":"Book of Stabbing","floor":27,"turns":5},{"damage":9,"enemies":"Shelled Parasite and Fungi","floor":28,"turns":6},{"damage":6,"enemies":"Centurion and Healer","floor":31,"turns":4},{"damage":0,"enemies":"Champ","floor":33,"turns":10},{"damage":0,"enemies":"3 Shapes","floor":35,"turns":4},{"damage":0,"enemies":"Orb Walker","floor":36,"turns":3},{"damage":0,"enemies":"Sphere and 2 Shapes","floor":37,"turns":4},{"damage":0,"enemies":"Reptomancer","floor":40,"turns":6},{"damage":0,"enemies":"Giant Head","floor":42,"turns":7},{"damage":16,"enemies":"3 Darklings","floor":45,"turns":5},{"damage":8,"enemies":"Writhing Mass","floor":46,"turns":4},{"damage":2,"enemies":"Reptomancer","floor":47,"turns":5},{"damage":0,"enemies":"Maw","floor":48,"turns":5},{"damage":11,"enemies":"Donu and Deca","floor":50,"turns":8},{"damage":43,"enemies":"Shield and Spear","floor":54,"turns":7},{"damage":3,"enemies":"The Heart","floor":55,"turns":7}],"seed_played":"5960129984027142328","potions_obtained":[{"floor":1,"key":"Weak Potion"},{"floor":4,"key":"Weak Potion"},{"floor":12,"key":"Energy Potion"},{"floor":14,"key":"FearPotion"},{"floor":16,"key":"Swift Potion"},{"floor":18,"key":"FocusPotion"},{"floor":19,"key":"Block Potion"},{"floor":23,"key":"Explosive Potion"},{"floor":33,"key":"EntropicBrew"},{"floor":36,"key":"Fruit Juice"},{"floor":37,"key":"LiquidMemories"},{"floor":45,"key":"FocusPotion"},{"floor":47,"key":"LiquidMemories"}],"is_trial":false,"path_per_floor":["M","M","$","M","$","E","R","E","T","$","E","M","?","M","R","B",null,"M","M","M","?","?","E","M","R","T","E","M","$","?","M","R","B",null,"M","M","M","$","?","E","R","E","T","R","M","M","E","M","R","B",null,"R","$","E","B",null],"character_chosen":"DEFECT","items_purchased":["InkBottle","Oddly Smooth Stone","Apotheosis","Cold Snap","Eternal Feather","Sling","Leap","FTL","Letter Opener","Potion Belt","Gash","Membership Card","FossilizedHelix","Omamori","Medical Kit","Boot","FTL","Gash","Vajra","Cold Snap","Bronze Scales","Orichalcum","OrangePellets","Blood Vial","Pocketwatch","Ball Lightning","Runic Capacitor","Bird Faced Urn","Fruit Juice","Fire Potion"],"campfire_rested":0,"item_purchase_floors":[0,0,0,0,0,0,0,0,0,0,0,0,0,0,0,3,3,5,10,10,29,29,29,38,38,38,53,53,53,53],"current_hp_per_floor":[21,21,21,21,21,28,37,37,37,37,37,37,82,82,82,82,82,82,82,82,82,82,61,61,73,73,69,62,62,62,56,68,70,84,86,93,95,95,95,97,99,101,101,101,87,83,85,89,101,92,105,109,114,79,105],"gold":73,"neow_bonus":"","is_daily":false,"chose_seed":false,"campfire_upgraded":8,"win_rate":0.0,"timestamp":1613768102,"path_taken":["M","M","?","M","$","E","R","E","T","$","E","M","?","M","R","BOSS","M","M","M","?","?","E","M","R","T","E","M","$","?","M","R","BOSS","M","?","M","?","?","E","R","E","T","R","M","M","E","M","R","BOSS","R","$","E","BOSS"],"items_purchased_type":["Relic","Relic","Card","Card","Relic","Relic","Card","Card","Relic","Relic","Card","Relic","Relic","Relic","Relic","Relic","Card","Card","Relic","Card","Relic","Relic","Relic","Relic","Relic","Card","Relic","Relic","Potion","Potion"],"build_version":"2020-12-22","purchased_purges":6,"victory":true,"max_hp_per_floor":[75,75,75,75,75,82,82,82,82,82,82,82,82,82,82,82,82,82,82,82,82,82,82,82,82,82,84,86,86,86,86,86,88,88,90,97,99,99,99,99,99,101,101,101,103,105,107,109,109,109,109,109,114,116,116],"card_choices":[{"not_picked":["Aggregate","Melter"],"picked":"Redo","floor":1},{"not_picked":["Sweeping Beam","Darkness"],"picked":"Capacitor","floor":2},{"not_picked":["Steam","Undo","Streamline"],"picked":"SKIP","floor":4},{"not_picked":["Coolheaded","Genetic Algorithm","Hello World"],"picked":"SKIP","floor":6},{"not_picked":["Genetic Algorithm","Compile Driver"],"picked":"Conserve Battery","floor":8},{"not_picked":["Seek","Reprogram","Force Field"],"picked":"SKIP","floor":11},{"not_picked":["Rebound","Coolheaded","Static Discharge"],"picked":"SKIP","floor":12},{"not_picked":["Barrage","Coolheaded","Compile Driver"],"picked":"SKIP","floor":14},{"not_picked":["Multi-Cast","Reboot"],"picked":"Core Surge","floor":16},{"not_picked":["Stack","Chill+1"],"picked":"Loop","floor":18},{"not_picked":["Gash","Heatsinks+1"],"picked":"Cold Snap","floor":19},{"not_picked":["Steam+1","Coolheaded","Barrage"],"picked":"SKIP","floor":20},{"not_picked":["Blizzard","Stack"],"picked":"Defragment","floor":23},{"not_picked":["Auto Shields+1","Stack"],"picked":"Loop","floor":24},{"not_picked":["Lockon","Rebound","Glacier"],"picked":"Singing Bowl","floor":27},{"not_picked":["Hologram","Beam Cell+1","Conserve Battery"],"picked":"Singing Bowl","floor":28},{"not_picked":["BootSequence","Sunder"],"picked":"Defragment","floor":31},{"not_picked":["Hyperbeam","Buffer","Core Surge"],"picked":"Singing Bowl","floor":33},{"not_picked":["BootSequence+1","White Noise","Rip and Tear"],"picked":"Singing Bowl","floor":35},{"not_picked":["Coolheaded+1","Reinforced Body","Genetic Algorithm"],"picked":"Singing Bowl","floor":36},{"not_picked":["Rip and Tear","Beam Cell","Doom and Gloom+1"],"picked":"Singing Bowl","floor":37},{"not_picked":["Double Energy","Buffer"],"picked":"Gash+1","floor":40},{"not_picked":["Undo","Barrage","Rebound+1"],"picked":"Singing Bowl","floor":42},{"not_picked":["Go for the Eyes+1","BootSequence","Beam Cell"],"picked":"Singing Bowl","floor":45},{"not_picked":["Go for the Eyes+1","Self Repair+1","Streamline"],"picked":"Singing Bowl","floor":46},{"not_picked":["Streamline+1","Rip and Tear+1","Rebound+1"],"picked":"Singing Bowl","floor":47},{"not_picked":["Go for the Eyes+1","Beam Cell","Rip and Tear"],"picked":"Singing Bowl","floor":48},{"not_picked":["Echo Form","Self Repair+1","Rip and Tear"],"picked":"Singing Bowl","floor":54}],"player_experience":3069848,"relics_obtained":[{"floor":6,"key":"Strawberry"},{"floor":8,"key":"TungstenRod"},{"floor":9,"key":"Regal Pillow"},{"floor":11,"key":"White Beast Statue"},{"floor":23,"key":"Akabeko"},{"floor":23,"key":"Pen Nib"},{"floor":26,"key":"Singing Bowl"},{"floor":27,"key":"Dead Branch"},{"floor":27,"key":"Bag of Marbles"},{"floor":40,"key":"MealTicket"},{"floor":40,"key":"Calipers"},{"floor":42,"key":"Whetstone"},{"floor":42,"key":"Thread and Needle"},{"floor":43,"key":"StoneCalendar"},{"floor":47,"key":"War Paint"},{"floor":47,"key":"Bottled Flame"},{"floor":54,"key":"CaptainsWheel"},{"floor":54,"key":"Anchor"}],"event_choices":[{"damage_healed":45,"gold_gain":0,"player_choice":"Full Heal","damage_taken":0,"max_hp_gain":0,"max_hp_loss":0,"event_name":"Wheel of Change","floor":13,"gold_loss":0},{"damage_healed":0,"gold_gain":99,"player_choice":"Stole From Cult","damage_taken":0,"max_hp_gain":0,"max_hp_loss":0,"event_name":"Nest","floor":21,"gold_loss":0},{"damage_healed":0,"gold_gain":0,"player_choice":"Ignored","damage_taken":0,"max_hp_gain":0,"max_hp_loss":0,"event_name":"Ghosts","floor":22,"gold_loss":0},{"damage_healed":0,"gold_gain":100,"player_choice":"Bet on Murderer","damage_taken":0,"max_hp_gain":0,"max_hp_loss":0,"event_name":"The Joust","floor":30,"gold_loss":50},{"damage_healed":0,"gold_gain":0,"player_choice":"Copied","damage_taken":0,"max_hp_gain":0,"max_hp_loss":0,"event_name":"Duplicator","floor":39,"gold_loss":0,"cards_obtained":["Defragment"]}],"is_beta":false,"boss_relics":[{"not_picked":["SacredBark","Runic Dome"],"picked":"Black Star"},{"not_picked":["Nuclear Battery","Empty Cage"],"picked":"Runic Pyramid"}],"items_purged_floors":[0,10,10,10,38,38],"is_endless":false,"potions_floor_spawned":[1,4,12,14,16,18,19,20,23,24,27,28,31,33,35,36,37,40,42,45,46,47,48,54],"ascension_level":7}}