{"host":"ymw71f7rc9ndansy","time":1613741579,"event":{"mods":["100% Spire Juice","ATMod(阿瑾Mod)","Act Like it!","Aspiration","BaseMod","DeckTracker","Energized Spire","Hubris","Koishi","Library of Ruina","Library of Ruina Extra","Minty Spire (QoL Compilation)","MostiFishMod","Relic Filter Mod","Reliquary","Remove Card Discount Mod","Replay The Spire","RumiaBox-露米娅的神秘盒子","StSLib","TestMod","The Blackbeard","【功能Mod】精心准备","【遗物卡牌】REMEMod"],"gold_per_floor":[115,61,61,74,74,74,74,74,100,128,128,128,128,128],"floor_reached":12,"language":"ZHS","playtime":436,"items_purged":["blackbeard:BlackbeardStrike","blackbeard:BlackbeardStrike","blackbeard:BlackbeardDefend","blackbeard:BlackbeardStrike"],"score":74,"play_id":"b9e7f9bf-cff0-4dff-b09a-e746e1c2de20","local_time":"20210219213259","is_ascension_mode":false,"campfire_choices":[{"data":"blackbeard:MegaUpgrade","floor":6.0,"key":"SMITH"},{"data":"blackbeard:PiratesWill","floor":8.0,"key":"SMITH"}],"circlet_count":0,"master_deck":["blackbeard:BlackbeardStrike","blackbeard:IntimidatingStrike","blackbeard:BlackbeardDefend","blackbeard:BlackbeardDefend","blackbeard:BlackbeardDefend","blackbeard:MegaUpgrade+1","blackbeard:DeadlyArsenal","blackbeard:RearmingStrike","blackbeard:PiratesWill+1","Neutralize","blackbeard:SwordDance"],"relics":["testmod-TestBox","DaveBox","REME_ComplimentaryCards","AT_ATBox","blackbeard:LoadTheGoldenCannons","SynthV:TestCard","hubris:Icosahedron","reliquary:Spinner","PageOfGreed"],"acts_visited":["Exordium"],"potions_floor_usage":[],"damage_taken":[{"damage":10.0,"enemies":"Cultist","floor":1.0,"turns":4.0},{"damage":11.0,"enemies":"Jaw Worm","floor":4.0,"turns":3.0},{"damage":19.0,"enemies":"Lagavulin","floor":10.0,"turns":5.0},{"damage":0,"enemies":"Replay:BlueRogue","floor":12,"turns":3}],"seed_played":"167318918275620305","potions_obtained":[{"floor":4.0,"key":"Milkshake"}],"is_trial":false,"path_per_floor":["M","$","?","M","$","R","?","R","T","E","$","E"],"character_chosen":"BLACKBEARD_CLASS","items_purchased":["blackbeard:RearmingStrike","PageOfGreed"],"campfire_rested":0,"item_purchase_floors":[2,11],"current_hp_per_floor":[65,65,65,54,54,54,54,54,54,35,18,18,18,18],"gold":128,"neow_bonus":"ONE_RANDOM_RARE_CARD","is_daily":false,"chose_seed":false,"campfire_upgraded":2,"win_rate":0.0,"timestamp":1613741579,"path_taken":["M","$","?","M","$","R","?","R","T","E","?","E"],"items_purchased_type":["Card","Relic"],"build_version":"2020-12-22","purchased_purges":4,"victory":false,"max_hp_per_floor":[75,75,75,75,75,75,75,75,75,75,75,75,75,75],"card_choices":[{"not_picked":["blackbeard:GoldenCannonball","blackbeard:Fencing"],"picked":"blackbeard:DeadlyArsenal","floor":1.0},{"not_picked":["blackbeard:GoldenDefense","blackbeard:Upgrade","blackbeard:CloakAndCannonball","blackbeard:BlindAttacks"],"picked":"blackbeard:PiratesWill","floor":4.0},{"not_picked":["blackbeard:Spear","blackbeard:Anchor","blackbeard:Sharpening","blackbeard:FishingNets"],"picked":"blackbeard:SwordDance","floor":10.0}],"player_experience":1094934,"relics_obtained":[{"floor":1.0,"key":"SynthV:TestCard"},{"floor":10.0,"key":"reliquary:Spinner"}],"event_choices":[],"is_beta":false,"boss_relics":[],"items_purged_floors":[2,2,2,2],"is_endless":false,"potions_floor_spawned":[4],"killed_by":"Replay:BlueRogue","ascension_level":0}}