{"host":"yml0ux6c8lqydjlc","time":1613696483,"event":{"mods":["Aspiration","BaseMod","Conspire","Downfall","Hermit","Jedi Mod","Minty Spire (QoL Compilation)","Robot Space Explorer","StSLib"],"gold_per_floor":[115,135,146,162,178,178,193,193,193,193,221,240,255,255,255,358,358,372,414,414,431,431,431,445,460,460,460,479,513,526,537,537,537,537],"floor_reached":33,"language":"ENG","playtime":3629,"items_purged":[],"score":275,"play_id":"6ab383c7-d4e7-47bb-87a8-e2817e05b76d","local_time":"20210218200123","is_ascension_mode":false,"campfire_choices":[{"data":"RobotSpaceExplorer:MiniDrones","floor":6,"key":"SMITH"},{"data":"Bandage Up","floor":8,"key":"SMITH"},{"data":"RobotSpaceExplorer:MetalStrike","floor":10,"key":"SMITH"},{"data":"RobotSpaceExplorer:StarLightning","floor":15,"key":"SMITH"},{"floor":23,"key":"REST"},{"data":"RobotSpaceExplorer:Pulsar","floor":27,"key":"SMITH"},{"floor":32,"key":"REST"}],"circlet_count":0,"master_deck":["RobotSpaceExplorer:Strike","RobotSpaceExplorer:Strike","RobotSpaceExplorer:Strike","RobotSpaceExplorer:Strike","RobotSpaceExplorer:Defend","RobotSpaceExplorer:Defend","RobotSpaceExplorer:Defend","RobotSpaceExplorer:Defend","RobotSpaceExplorer:Scan","RobotSpaceExplorer:MiniLasers","Bandage Up+1","RobotSpaceExplorer:ScrapMissile","RobotSpaceExplorer:ShovelStrike","RobotSpaceExplorer:MetalStrike+1","RobotSpaceExplorer:FreezeRay","RobotSpaceExplorer:MiniDrones+1","RobotSpaceExplorer:GearShield","RobotSpaceExplorer:Pulsar+1","RobotSpaceExplorer:StarLightning+1","RobotSpaceExplorer:Probe","RobotSpaceExplorer:MiniDrones+1","RobotSpaceExplorer:PlasmaMissile","RobotSpaceExplorer:StunGrenade","RobotSpaceExplorer:ImprovisedAttack+1","RobotSpaceExplorer:FranticSearch","RobotSpaceExplorer:DoubleBlock","RobotSpaceExplorer:ScrapMissile"],"relics":["RobotSpaceExplorer:RoboCore","Kunai","jedi:purplefairy","SacredBark","Bronze Scales","jedi:heavyjacket","conspire:GlowingRock"],"acts_visited":["Exordium","TheCity"],"potions_floor_usage":[16,21,24,29],"damage_taken":[{"damage":1,"enemies":"2 Louse","floor":1,"turns":4},{"damage":4,"enemies":"Jaw Worm","floor":2,"turns":5},{"damage":0,"enemies":"Cultist","floor":3,"turns":3},{"damage":21,"enemies":"Large Slime","floor":4,"turns":11},{"damage":4,"enemies":"2 Fungi Beasts","floor":5,"turns":4},{"damage":0,"enemies":"Exordium Wildlife","floor":7,"turns":4},{"damage":11,"enemies":"Lagavulin","floor":11,"turns":7},{"damage":0,"enemies":"Gremlin Gang","floor":12,"turns":3},{"damage":0,"enemies":"3 Louse","floor":13,"turns":2},{"damage":32,"enemies":"Slime Boss","floor":16,"turns":13},{"damage":0,"enemies":"Shell Parasite","floor":18,"turns":8},{"damage":36,"enemies":"conspire:MimicChest","floor":19,"turns":10},{"damage":3,"enemies":"Spheric Guardian","floor":21,"turns":5},{"damage":14,"enemies":"Snecko","floor":24,"turns":5},{"damage":0,"enemies":"Centurion and Healer","floor":25,"turns":7},{"damage":25,"enemies":"Cultist and Chosen","floor":28,"turns":7},{"damage":7,"enemies":"Slavers","floor":29,"turns":5},{"damage":17,"enemies":"Snake Plant","floor":30,"turns":5},{"damage":11,"enemies":"Centurion and Healer","floor":31,"turns":5},{"damage":11,"enemies":"Automaton","floor":33,"turns":2}],"seed_played":"-7235537826810403416","potions_obtained":[{"floor":1,"key":"PowerPotion"},{"floor":4,"key":"Regen Potion"},{"floor":11,"key":"RobotSpaceExplorer:RecyclePotion"},{"floor":18,"key":"jedi:wingpotion"},{"floor":19,"key":"Guardian:BlockOnCardUsePotion"},{"floor":24,"key":"FearPotion"},{"floor":25,"key":"Swift Potion"}],"is_trial":false,"path_per_floor":["M","M","M","M","M","R","M","R","T","R","E","M","M","?","R","B",null,"M","?","?","M","?","R","M","M","T","R","M","E","M","M","R","B"],"character_chosen":"RobotSpaceExplorer","items_purchased":[],"campfire_rested":2,"item_purchase_floors":[],"current_hp_per_floor":[74,74,74,57,57,57,61,61,61,61,56,62,62,62,67,56,75,75,45,45,48,48,70,62,68,68,75,56,55,44,39,61,50,50],"gold":537,"neow_bonus":"RANDOM_COLORLESS","is_daily":false,"chose_seed":false,"campfire_upgraded":5,"win_rate":0.0,"timestamp":1613696483,"path_taken":["M","M","M","M","M","R","M","R","T","R","E","M","M","?","R","BOSS","M","?","?","?","?","R","M","M","T","R","M","E","M","M","R","BOSS"],"items_purchased_type":[],"build_version":"2020-12-22","purchased_purges":0,"victory":false,"max_hp_per_floor":[75,75,75,75,75,75,75,75,75,75,75,75,75,75,75,75,75,75,75,75,75,75,75,75,75,75,75,75,75,75,75,75,75,75],"card_choices":[{"not_picked":["Madness","jedi:forcepush"],"picked":"Bandage Up","floor":0},{"not_picked":["RobotSpaceExplorer:MetalStrike","RobotSpaceExplorer:SelfCleaning"],"picked":"RobotSpaceExplorer:ScrapMissile","floor":1},{"not_picked":["RobotSpaceExplorer:Pulsar","RobotSpaceExplorer:StunGrenade"],"picked":"RobotSpaceExplorer:ShovelStrike","floor":2},{"not_picked":["RobotSpaceExplorer:Blitz","RobotSpaceExplorer:FrostMissile"],"picked":"RobotSpaceExplorer:MetalStrike","floor":3},{"not_picked":["RobotSpaceExplorer:ScrapMissile","RobotSpaceExplorer:MakeshiftVolley"],"picked":"RobotSpaceExplorer:FreezeRay","floor":4},{"not_picked":["RobotSpaceExplorer:Probe","RobotSpaceExplorer:HighVoltage"],"picked":"RobotSpaceExplorer:MiniDrones","floor":5},{"not_picked":["RobotSpaceExplorer:Ammunition","RobotSpaceExplorer:SlimeMissile","RobotSpaceExplorer:ShovelStrike"],"picked":"SKIP","floor":7},{"not_picked":["RobotSpaceExplorer:Exploration","RobotSpaceExplorer:GlueShot"],"picked":"RobotSpaceExplorer:GearShield","floor":11},{"not_picked":["RobotSpaceExplorer:SurgingStrike","RobotSpaceExplorer:FreezeRay"],"picked":"RobotSpaceExplorer:Pulsar","floor":12},{"not_picked":["RobotSpaceExplorer:SlimeMissile","RobotSpaceExplorer:SurgingStrike"],"picked":"RobotSpaceExplorer:StarLightning","floor":13},{"not_picked":["RobotSpaceExplorer:Electroshield","RobotSpaceExplorer:Blitz+1"],"picked":"RobotSpaceExplorer:Probe","floor":18},{"not_picked":["RobotSpaceExplorer:Probe","RobotSpaceExplorer:PowerGlove"],"picked":"RobotSpaceExplorer:MiniDrones+1","floor":19},{"not_picked":["RobotSpaceExplorer:FreezeRay","RobotSpaceExplorer:GlueShot+1"],"picked":"RobotSpaceExplorer:PlasmaMissile","floor":21},{"not_picked":["RobotSpaceExplorer:Electroshield","RobotSpaceExplorer:FrostMissile+1"],"picked":"RobotSpaceExplorer:StunGrenade","floor":24},{"not_picked":["RobotSpaceExplorer:Counterblock","RobotSpaceExplorer:Ammunition+1"],"picked":"RobotSpaceExplorer:ImprovisedAttack+1","floor":25},{"not_picked":["RobotSpaceExplorer:MetalStrike","RobotSpaceExplorer:FrostMissile"],"picked":"RobotSpaceExplorer:FranticSearch","floor":28},{"not_picked":["RobotSpaceExplorer:GlueShot","RobotSpaceExplorer:StunGrenade"],"picked":"RobotSpaceExplorer:DoubleBlock","floor":29},{"not_picked":["RobotSpaceExplorer:Arsenal","RobotSpaceExplorer:PlasmaMissile","RobotSpaceExplorer:Ammunition+1"],"picked":"SKIP","floor":30},{"not_picked":["RobotSpaceExplorer:FrostMissile","RobotSpaceExplorer:FranticSearch"],"picked":"RobotSpaceExplorer:ScrapMissile","floor":31}],"player_experience":123744,"relics_obtained":[{"floor":9,"key":"Kunai"},{"floor":11,"key":"jedi:purplefairy"},{"floor":19,"key":"Bronze Scales"},{"floor":26,"key":"jedi:heavyjacket"},{"floor":29,"key":"conspire:GlowingRock"}],"event_choices":[{"damage_healed":0,"gold_gain":0,"player_choice":"Ignored","damage_taken":0,"max_hp_gain":0,"max_hp_loss":0,"event_name":"Liars Game","floor":14,"gold_loss":0},{"damage_healed":0,"gold_gain":0,"player_choice":"Ignored","damage_taken":0,"max_hp_gain":0,"max_hp_loss":0,"event_name":"N\u0027loth","floor":20,"gold_loss":0},{"damage_healed":0,"gold_gain":0,"player_choice":"Ignored","damage_taken":0,"max_hp_gain":0,"max_hp_loss":0,"event_name":"Vampires","floor":22,"gold_loss":0}],"is_beta":false,"boss_relics":[{"not_picked":["aspiration:FutureDiary","Cursed Key"],"picked":"SacredBark"}],"items_purged_floors":[],"is_endless":false,"potions_floor_spawned":[1,4,11,13,18,19,24,25],"killed_by":"Automaton","ascension_level":0}}