{"host":"blhqr6uo32maonpv","time":1613719033,"event":{"mods":["BaseMod","Downfall","Minty Spire (QoL Compilation)","Replay The Spire","StSLib","The Bug Knight","The Marked"],"gold_per_floor":[109,89,101,101,120,145,145,161,161,20,76,76,41,16,16,118,118,58,58,68,68,85,85,85],"floor_reached":23,"language":"ENG","playtime":940,"items_purged":[],"score":212,"play_id":"cc864447-27a9-4704-a7e2-5ba7704b6fb7","local_time":"20210219031713","is_ascension_mode":false,"campfire_choices":[{"floor":7,"key":"REST"},{"data":"BasicCrystalCard","floor":15,"key":"SMITH"}],"circlet_count":0,"master_deck":["Defend_B","Defend_B+1","Defend_B","Defend_B","Zap","Dualcast","ReplayTheSpireMod:System Scan","Defragment+1","Conserve Battery","ReplayTheSpireMod:Repulse","Chaos+1","Glacier+1","ReplayTheSpireMod:Trickstab","Storm","BasicCrystalCard+1","Blizzard","Bite","Bite","Bite","Bite","Bite","Panic Button"],"relics":["Cracked Core","ReplayFunnel","Gremlin Food","War Paint","Centennial Puzzle","Philosopher\u0027s Stone"],"acts_visited":["Exordium","TheCity"],"potions_floor_usage":[8,16,16,22,23],"damage_taken":[{"damage":5,"enemies":"2 Louse","floor":1,"turns":2},{"damage":1,"enemies":"Cultist","floor":3,"turns":3},{"damage":10,"enemies":"Small Slimes","floor":5,"turns":3},{"damage":40,"enemies":"3 Sentries","floor":6,"turns":8},{"damage":2,"enemies":"Blue Slaver","floor":8,"turns":4},{"damage":12,"enemies":"Hexaghost","floor":16,"turns":11},{"damage":8,"enemies":"2 Thieves","floor":18,"turns":4},{"damage":12,"enemies":"3 Byrds","floor":20,"turns":6},{"damage":17,"enemies":"3 Cultists","floor":22,"turns":6},{"damage":63,"enemies":"Slavers","floor":23,"turns":4}],"seed_played":"-314655357649251483","potions_obtained":[{"floor":1,"key":"Weak Potion"},{"floor":2,"key":"Cursed Concoction"},{"floor":8,"key":"Strength Potion"},{"floor":11,"key":"Block Potion"},{"floor":20,"key":"Languid Potion"},{"floor":22,"key":"Swift Potion"}],"is_trial":false,"path_per_floor":["M","?","M","?","M","E","R","M","T","$","?","?","?","$","R","B",null,"M","?","M","?","M","E"],"character_chosen":"DEFECT","items_purchased":["Glacier+1","ReplayTheSpireMod:Trickstab","BasicCrystalCard"],"campfire_rested":1,"item_purchase_floors":[10,10,14],"current_hp_per_floor":[70,70,69,69,59,19,41,39,39,39,39,39,57,57,57,45,75,67,67,55,52,47,0,0],"gold":85,"neow_bonus":"RANDOM_COMMON_RELIC","is_daily":false,"chose_seed":false,"campfire_upgraded":1,"win_rate":0.0,"timestamp":1613719033,"path_taken":["M","?","?","?","M","E","R","?","T","$","?","?","?","?","R","BOSS","M","?","M","?","M","E"],"items_purchased_type":["Card","Card","Card"],"build_version":"2020-12-22","purchased_purges":0,"victory":false,"max_hp_per_floor":[75,75,75,75,75,75,75,75,75,75,75,75,75,75,75,75,75,75,75,75,52,52,52,52],"card_choices":[{"not_picked":["ReplaySort","Rebound"],"picked":"ReplayTheSpireMod:System Scan","floor":1},{"not_picked":["Conserve Battery","Ball Lightning"],"picked":"Defragment","floor":3},{"not_picked":["Sweeping Beam","Gash"],"picked":"Conserve Battery","floor":5},{"not_picked":["Gash","Stack"],"picked":"ReplayTheSpireMod:Repulse","floor":6},{"not_picked":["Hello World","Steam"],"picked":"Chaos","floor":8},{"not_picked":["Melter","Doom and Gloom"],"picked":"Storm","floor":11},{"not_picked":["All For One","Meteor Strike"],"picked":"Mirror Shield","floor":16},{"not_picked":["Gash","Force Field"],"picked":"Blizzard","floor":18},{"not_picked":["ReplayTheSpireMod:GoodbyeWorld+1","Undo","Skim"],"picked":"SKIP","floor":20},{"not_picked":["Turbo","Sunder"],"picked":"Panic Button","floor":22}],"player_experience":37119,"relics_obtained":[{"floor":6,"key":"Gremlin Food"},{"floor":9,"key":"War Paint"},{"floor":11,"key":"Centennial Puzzle"}],"event_choices":[{"damage_healed":0,"gold_gain":0,"player_choice":"Bought 1 Potion","damage_taken":0,"max_hp_gain":0,"max_hp_loss":0,"event_name":"The Woman in Blue","floor":2,"gold_loss":0},{"cards_removed":["Strike_B"],"damage_healed":0,"gold_gain":0,"player_choice":"Purged","damage_taken":0,"max_hp_gain":0,"max_hp_loss":0,"event_name":"Purifier","floor":4,"gold_loss":0},{"damage_healed":0,"gold_gain":0,"player_choice":"Ignored","damage_taken":0,"max_hp_gain":0,"max_hp_loss":0,"event_name":"Golden Idol","floor":12,"gold_loss":0},{"damage_healed":18,"gold_gain":0,"player_choice":"Healed","damage_taken":0,"max_hp_gain":0,"max_hp_loss":0,"event_name":"The Cleric","floor":13,"gold_loss":35},{"cards_removed":["Mirror Shield"],"damage_healed":0,"gold_gain":0,"player_choice":"Elegance","damage_taken":0,"max_hp_gain":0,"max_hp_loss":0,"event_name":"Back to Basics","floor":19,"gold_loss":0},{"damage_healed":0,"gold_gain":0,"player_choice":"Became a vampire","damage_taken":0,"max_hp_gain":0,"max_hp_loss":23,"event_name":"Vampires","floor":21,"gold_loss":0,"cards_obtained":["Bite","Bite","Bite","Bite","Bite"]}],"is_beta":false,"boss_relics":[{"not_picked":["Nuclear Battery","Kintsugi"],"picked":"Philosopher\u0027s Stone"}],"items_purged_floors":[],"is_endless":false,"potions_floor_spawned":[1,8,20,22],"killed_by":"Slavers","ascension_level":0}}