{"host":"l7l2v2zs4hqku4vk","time":1613703053,"event":{"mods":["Act Like it!","BaseMod","Colored Powertips","Downfall","Highlight Path","Minty Spire (QoL Compilation)","Replay The Spire","StSLib","TestMod","The Servant 0.9.4","óô»ðÖ¸ÄÏ"],"gold_per_floor":[117,158,177,177,177,205,205,222,222,245,245,258,285,302,302,379,379,398,409,419,198,209,237,237,237,237,5,24,59,59,59,9,9,9],"floor_reached":33,"language":"ZHS","playtime":904,"items_purged":["Replay:Hysterical Blindness","ReplayTheSpireMod:Restless Dread","Looming Evil"],"score":765,"play_id":"12302845-fd46-4faa-ab78-716bb6d6164e","local_time":"20210219105053","is_ascension_mode":true,"campfire_choices":[{"data":"True Grit","floor":7,"key":"SMITH"},{"data":"Burning Pact","floor":15,"key":"SMITH"},{"data":"Battle Trance","floor":24,"key":"SMITH"},{"floor":30,"key":"RECALL"}],"circlet_count":0,"master_deck":["AscendersBane","Strike_R","Strike_R","Strike_R","Strike_R","Strike_R","Defend_R","Defend_R","Defend_R","Bash","True Grit+1","Defy Death+1","Battle Trance+1","ReplayTheSpireMod:Strike From Hell","Burning Pact+1","Wild Strike","AbeCurse","Twin Strike","testmod-TaurusBlackCat"],"relics":["Burning Blood","testmod-TestBox","testmod-HeartOfStrike","NeowsBlessing","Lantern","Singing Bowl","Smiling Mask","Odd Mushroom","Replay:WaspNest","Mercury Hourglass","Replay:Ancient Bell","Nunchaku","Iron Hammer","Dead Branch","testmod-TurbochargingSystem","Oddly Smooth Stone","White Beast Statue","ReplayTheSpireMod:Ring of Exchange","Ring of Peace"],"acts_visited":["Exordium","TheCity"],"potions_floor_usage":[10,12,13,13,19,23,29,29],"damage_taken":[{"damage":0,"enemies":"Jaw Worm","floor":1,"turns":1},{"damage":0,"enemies":"Small Slimes","floor":3,"turns":2},{"damage":0,"enemies":"3 Sentries","floor":6,"turns":1},{"damage":0,"enemies":"2 Louse","floor":8,"turns":2},{"damage":11,"enemies":"The Mushroom Lair","floor":10,"turns":4},{"damage":0,"enemies":"Looter","floor":12,"turns":1},{"damage":0,"enemies":"Gremlin Nob","floor":13,"turns":2},{"damage":0,"enemies":"2 Fungi Beasts","floor":14,"turns":2},{"damage":31,"enemies":"Hexaghost","floor":16,"turns":5},{"damage":0,"enemies":"Chosen","floor":18,"turns":2},{"damage":0,"enemies":"Shell Parasite","floor":19,"turns":1},{"damage":25,"enemies":"Shelled Parasite and Fungi","floor":20,"turns":3},{"damage":0,"enemies":"Snake Plant","floor":22,"turns":1},{"damage":0,"enemies":"Book of Stabbing","floor":23,"turns":2},{"damage":21,"enemies":"Centurion and Healer","floor":28,"turns":3},{"damage":9,"enemies":"Replay:Snechameleon","floor":29,"turns":2},{"damage":47,"enemies":"Pondfish","floor":33,"turns":4}],"seed_played":"-4193538886235614807","potions_obtained":[{"floor":2,"key":"testmod-SpacePotion"},{"floor":3,"key":"SteroidPotion"},{"floor":10,"key":"BlessingOfTheForge"},{"floor":12,"key":"GamblersBrew"},{"floor":14,"key":"DuplicationPotion"},{"floor":18,"key":"Fire Potion"},{"floor":20,"key":"testmod-TimePotion"},{"floor":28,"key":"SkillPotion"},{"floor":29,"key":"FearPotion"}],"is_trial":false,"path_per_floor":["M","?","M","?","?","E","R","M","T","?","T","M","E","M","R","B",null,"M","M","M","$","M","E","R","?","T","$","M","E","R","?","R","B"],"character_chosen":"IRONCLAD","items_purchased":["testmod-TurbochargingSystem","testmod-TaurusBlackCat"],"campfire_rested":0,"item_purchase_floors":[21,27],"current_hp_per_floor":[74,44,50,50,45,53,53,59,59,56,56,62,68,74,74,51,80,86,89,72,72,80,88,88,60,60,60,47,46,46,46,46,0,0],"gold":9,"neow_bonus":"THREE_ENEMY_KILL","is_daily":false,"chose_seed":false,"campfire_upgraded":3,"win_rate":0.0,"timestamp":1613703053,"path_taken":["M","?","M","?","?","E","R","M","T","?","?","M","E","?","R","BOSS","M","M","M","$","M","E","R","?","T","$","M","E","R","?","R","BOSS"],"items_purchased_type":["Relic","Card"],"build_version":"2020-12-22","purchased_purges":3,"victory":false,"max_hp_per_floor":[75,75,75,75,75,77,77,77,77,79,79,79,79,79,79,81,87,87,89,91,91,93,95,95,100,100,100,102,104,104,104,104,104,104],"card_choices":[{"not_picked":["Warcry","ReplayTheSpireMod:Corrosion Curse","Sword Boomerang"],"picked":"SKIP","floor":1},{"not_picked":["Power Through","Clash"],"picked":"True Grit","floor":2},{"not_picked":["Whirlwind","Sword Boomerang","Run Through"],"picked":"SKIP","floor":3},{"not_picked":["Bludgeon","Warcry","Metallicize"],"picked":"Singing Bowl","floor":6},{"not_picked":["Rampage","Inflame"],"picked":"Battle Trance","floor":8},{"not_picked":["Uppercut","Dual Wield","Warcry"],"picked":"Singing Bowl","floor":10},{"not_picked":["Dropkick","Metallicize"],"picked":"ReplayTheSpireMod:Strike From Hell","floor":12},{"not_picked":["True Grit","Clothesline"],"picked":"Burning Pact","floor":13},{"not_picked":["True Grit","ReplayTheSpireMod:Limb From Limb"],"picked":"Wild Strike","floor":14},{"not_picked":["Barricade","Demonic Infusion","Brutality"],"picked":"Singing Bowl","floor":16},{"not_picked":["ReplayTheSpireMod:Restless Dread","downfall:Icky","AbeCurse"],"picked":"Singing Bowl","floor":17},{"not_picked":["CommonCold","downfall:Bewildered","AbeCurse"],"picked":"Singing Bowl","floor":17},{"not_picked":["Replay:Hysterical Blindness","Decay","Shame"],"picked":"Singing Bowl","floor":17},{"not_picked":["Second Wind","True Grit"],"picked":"Twin Strike","floor":18},{"not_picked":["Anger","Hemokinesis","ReplayTheSpireMod:Strike From Hell+1"],"picked":"Singing Bowl","floor":19},{"not_picked":["Sentinel","Rampage","Armaments"],"picked":"Singing Bowl","floor":20},{"not_picked":["Limit Break","Cleave","Replay:Undeath\u0027s Touch"],"picked":"Singing Bowl","floor":22},{"not_picked":["ReplayTheSpireMod:Strike From Hell","Ghostly Armor","Defy Death"],"picked":"Singing Bowl","floor":23},{"not_picked":["Run Through","Anger","Entrench"],"picked":"Singing Bowl","floor":28},{"not_picked":["Headbutt","Exhume","Havoc"],"picked":"Singing Bowl","floor":29}],"player_experience":1822030,"relics_obtained":[{"floor":2,"key":"Lantern"},{"floor":9,"key":"Smiling Mask"},{"floor":10,"key":"Odd Mushroom"},{"floor":11,"key":"Replay:WaspNest"},{"floor":13,"key":"Mercury Hourglass"},{"floor":23,"key":"Oddly Smooth Stone"},{"floor":26,"key":"White Beast Statue"},{"floor":31,"key":"ReplayTheSpireMod:Ring of Exchange"},{"floor":31,"key":"Ring of Peace"}],"event_choices":[{"damage_healed":0,"gold_gain":0,"player_choice":"Success","damage_taken":5,"relics_obtained":["Singing Bowl"],"max_hp_gain":0,"max_hp_loss":0,"event_name":"Scrap Ooze","floor":5,"gold_loss":0},{"damage_healed":0,"gold_gain":0,"player_choice":"Fought Mushrooms","damage_taken":0,"max_hp_gain":0,"max_hp_loss":0,"event_name":"Mushrooms","floor":10,"gold_loss":0},{"damage_healed":0,"gold_gain":0,"player_choice":"Shed Blood","damage_taken":33,"max_hp_gain":5,"max_hp_loss":0,"event_name":"Forgotten Altar","floor":25,"gold_loss":0}],"is_beta":false,"boss_relics":[{"not_picked":["Ectoplasm","Replay:Drink Me"],"picked":"Replay:Ancient Bell"},{"not_picked":["Bag of Marbles","Happy Flower"],"picked":"Nunchaku"},{"not_picked":["Replay:Bottled Steam","Replay:Bottled Snecko"],"picked":"Iron Hammer"},{"not_picked":["testmod-Nyarlathotep","testmod-CrystalShield"],"picked":"Dead Branch"}],"items_purged_floors":[21,27,32],"is_endless":false,"potions_floor_spawned":[3,10,12,14,18,20,28,29],"killed_by":"Pondfish","ascension_level":20}}