{"host":"vrvkxzpckt8ggoxk","time":1613766328,"event":{"mods":["BaseMod","Colored Powertips","Googly Eyes","Minty Spire (QoL Compilation)","Quick Restart","Relic Stats","StSLib"],"gold_per_floor":[115,125,143,157,157,157,185,185,262,282,282,299,311,338,338,433,433,452,178,178,191,204,204,216,243,270,270,303,9,9,22,22,22,22],"floor_reached":33,"language":"ENG","playtime":2029,"items_purged":["Strike_B"],"score":391,"play_id":"7567b96d-b16d-425c-8a77-a5dfc6fb2146","local_time":"20210219122528","is_ascension_mode":true,"campfire_choices":[{"floor":6.0,"key":"RECALL"},{"data":"Zap","floor":11.0,"key":"SMITH"},{"data":"Doom and Gloom","floor":15.0,"key":"SMITH"},{"floor":23.0,"key":"REST"},{"data":"Thunder Strike","floor":30,"key":"SMITH"},{"floor":32,"key":"REST"}],"circlet_count":0,"master_deck":["Strike_B","Strike_B","Strike_B","Defend_B","Defend_B","Defend_B","Zap+1","Dualcast","Leap","Ball Lightning","BootSequence","Doom and Gloom+1","Turbo","Capacitor","Redo","Melter","Thunder Strike+1","Ball Lightning","Storm","Genetic Algorithm","Steam","Ball Lightning","Ball Lightning"],"relics":["Cracked Core","NeowsBlessing","Eternal Feather","Smiling Mask","Meat on the Bone","Bottled Flame","SlaversCollar","Boot","MutagenicStrength","Dead Branch","Regal Pillow","Strawberry","MealTicket","Toolbox"],"acts_visited":["Exordium","TheCity"],"potions_floor_usage":[28,33],"damage_taken":[{"damage":0.0,"enemies":"Cultist","floor":1.0,"turns":1.0},{"damage":0.0,"enemies":"Jaw Worm","floor":2.0,"turns":1.0},{"damage":0.0,"enemies":"2 Louse","floor":3.0,"turns":1.0},{"damage":0.0,"enemies":"Exordium Wildlife","floor":4.0,"turns":3.0},{"damage":17.0,"enemies":"Lagavulin","floor":7.0,"turns":6.0},{"damage":3.0,"enemies":"Lots of Slimes","floor":10.0,"turns":3.0},{"damage":6.0,"enemies":"Large Slime","floor":12.0,"turns":5.0},{"damage":9.0,"enemies":"Gremlin Gang","floor":13.0,"turns":4.0},{"damage":13.0,"enemies":"3 Sentries","floor":14.0,"turns":7.0},{"damage":0.0,"enemies":"Slime Boss","floor":16.0,"turns":4.0},{"damage":11.0,"enemies":"Shell Parasite","floor":18.0,"turns":3.0},{"damage":22.0,"enemies":"Spheric Guardian","floor":21.0,"turns":4.0},{"damage":17.0,"enemies":"Shelled Parasite and Fungi","floor":22.0,"turns":4.0},{"damage":17.0,"enemies":"Snake Plant","floor":24.0,"turns":3.0},{"damage":36.0,"enemies":"Gremlin Leader","floor":25.0,"turns":5.0},{"damage":26,"enemies":"Slavers","floor":28,"turns":4},{"damage":12,"enemies":"Centurion and Healer","floor":31,"turns":4},{"damage":89,"enemies":"Champ","floor":33,"turns":8}],"seed_played":"-5043768750834870716","potions_obtained":[{"floor":1.0,"key":"Regen Potion"},{"floor":4.0,"key":"Regen Potion"},{"floor":7.0,"key":"Weak Potion"},{"floor":14.0,"key":"DuplicationPotion"},{"floor":18.0,"key":"BlessingOfTheForge"},{"floor":21.0,"key":"SteroidPotion"},{"floor":25.0,"key":"ColorlessPotion"}],"is_trial":false,"path_per_floor":["M","M","M","M","T","R","E","?","T","M","R","M","M","E","R","B",null,"M","$","?","M","M","R","M","E","T","?","E","$","R","M","R","B"],"character_chosen":"DEFECT","items_purchased":["Storm","Boot","MealTicket","Toolbox"],"campfire_rested":2,"item_purchase_floors":[19,19,29,29],"current_hp_per_floor":[75,75,75,75,75,75,65,65,65,62,71,65,56,58,67,67,75,64,64,64,42,37,71,54,30,30,55,48,48,60,48,82,0,0],"gold":22,"neow_bonus":"THREE_ENEMY_KILL","is_daily":false,"chose_seed":false,"campfire_upgraded":3,"win_rate":0.0,"timestamp":1613766328,"path_taken":["M","M","M","M","?","R","E","?","T","M","R","M","M","E","R","BOSS","M","$","?","M","M","R","M","E","T","?","E","?","R","M","R","BOSS"],"items_purchased_type":["Card","Relic","Relic","Relic"],"build_version":"2020-12-22","purchased_purges":1,"victory":false,"max_hp_per_floor":[75,75,75,75,75,75,75,75,75,75,75,75,75,75,75,75,75,75,75,75,75,75,75,75,75,75,75,82,82,82,82,82,82,82],"relic_stats":{"Regal Pillow":0,"counters":[18,70],"Dead Branch":[5],"Eternal Feather":54,"MealTicket":0,"Smiling Mask":25,"Boot":[12],"obtain_stats":[{"Regal Pillow":26,"NeowsBlessing":0,"Dead Branch":25,"Eternal Feather":5,"Smiling Mask":7,"Boot":19,"SlaversCollar":17,"Bottled Flame":14,"MutagenicStrength":20,"Strawberry":28,"Toolbox":29,"MealTicket":29,"Cracked Core":0,"Meat on the Bone":9},{"Regal Pillow":15,"NeowsBlessing":0,"Dead Branch":15,"Eternal Feather":4,"Smiling Mask":5,"Boot":11,"SlaversCollar":10,"Bottled Flame":9,"MutagenicStrength":11,"Strawberry":16,"Toolbox":16,"MealTicket":16,"Cracked Core":0,"Meat on the Bone":5},{"Regal Pillow":54,"NeowsBlessing":0,"Dead Branch":54,"Eternal Feather":6,"Smiling Mask":12,"Boot":38,"SlaversCollar":35,"Bottled Flame":31,"MutagenicStrength":38,"Strawberry":58,"Toolbox":58,"MealTicket":58,"Cracked Core":0,"Meat on the Bone":12}],"Meat on the Bone":36},"card_choices":[{"not_picked":["Capacitor","Reinforced Body"],"picked":"Leap","floor":1.0},{"not_picked":["Skim","Steam"],"picked":"Ball Lightning","floor":2.0},{"not_picked":["Gash","Force Field"],"picked":"BootSequence","floor":3.0},{"not_picked":["Coolheaded","Blizzard","Gash"],"picked":"SKIP","floor":4.0},{"not_picked":["Recycle","Auto Shields"],"picked":"Doom and Gloom","floor":7.0},{"not_picked":["Beam Cell","Sweeping Beam"],"picked":"Capacitor","floor":10.0},{"not_picked":["Self Repair","Turbo"],"picked":"Redo","floor":12.0},{"not_picked":["Seek","Ball Lightning"],"picked":"Melter","floor":13.0},{"not_picked":["Rebound","Compile Driver","Coolheaded"],"picked":"SKIP","floor":14.0},{"not_picked":["Core Surge","Seek"],"picked":"Thunder Strike","floor":16.0},{"not_picked":["Streamline","Self Repair"],"picked":"Ball Lightning","floor":18.0},{"not_picked":["Go for the Eyes+1","Steam"],"picked":"Genetic Algorithm","floor":21.0},{"not_picked":["Skim","Barrage"],"picked":"Steam","floor":22.0},{"not_picked":["Streamline","Steam"],"picked":"Ball Lightning","floor":24.0},{"not_picked":["Glacier","Chaos"],"picked":"Ball Lightning","floor":25.0},{"not_picked":["Beam Cell","Melter","Rip and Tear+1"],"picked":"SKIP","floor":28},{"not_picked":["Cold Snap","Coolheaded","Darkness"],"picked":"SKIP","floor":31}],"player_experience":756344,"relics_obtained":[{"floor":5.0,"key":"Eternal Feather"},{"floor":7.0,"key":"Smiling Mask"},{"floor":9.0,"key":"Meat on the Bone"},{"floor":14.0,"key":"Bottled Flame"},{"floor":25.0,"key":"Dead Branch"},{"floor":26.0,"key":"Regal Pillow"},{"floor":28,"key":"Strawberry"}],"event_choices":[{"damage_healed":0.0,"max_hp_gain":0.0,"max_hp_loss":0.0,"gold_gain":0.0,"cards_transformed":["Defend_B"],"event_name":"Transmorgrifier","player_choice":"Transformed","floor":8.0,"gold_loss":0.0,"damage_taken":0.0,"cards_obtained":["Turbo"]},{"damage_healed":0.0,"max_hp_gain":0.0,"max_hp_loss":0.0,"gold_gain":0.0,"event_name":"Drug Dealer","player_choice":"Inject Mutagens","floor":20.0,"gold_loss":0.0,"damage_taken":0.0,"relics_obtained":["MutagenicStrength"]},{"damage_healed":25.0,"max_hp_gain":0.0,"max_hp_loss":0.0,"gold_gain":0.0,"event_name":"The Library","player_choice":"Heal","floor":27.0,"gold_loss":0.0,"damage_taken":0.0}],"is_beta":false,"boss_relics":[{"not_picked":["Velvet Choker","Sozu"],"picked":"SlaversCollar"}],"items_purged_floors":[19],"is_endless":false,"potions_floor_spawned":[1,4,7,14,18,21,25],"killed_by":"Champ","ascension_level":1}}