{"host":"szp1d6dso4pv7ddl","time":1613701283,"event":{"mods":["AchievementEnabler","Alarm Clock","BaseMod","Bestiary","Block Reminder","Colored Map","Colored Powertips","Curses Come First","Dark Map","Displayed Cursed Tome","Highlight Path","Minty Spire (QoL Compilation)","Permanent Neow","Quick Restart","Relic Sorter","Relic Stats","StSLib","Synergy Search"],"gold_per_floor":[126,126,149,175,72,72,72],"floor_reached":6,"language":"ENG","playtime":944,"items_purged":["Strike_G"],"score":72,"play_id":"866f95ff-d59e-4f35-9b23-3d94a3154fc6","local_time":"20210218182123","is_ascension_mode":true,"campfire_choices":[],"circlet_count":0,"master_deck":["AscendersBane","Strike_G","Strike_G","Strike_G","Defend_G","Defend_G","Defend_G","Defend_G","Defend_G","Survivor","Neutralize","Dagger Throw","Backflip","Glass Knife","Accuracy"],"relics":["Ring of the Snake","CeramicFish"],"acts_visited":["Exordium"],"potions_floor_usage":[6,6],"damage_taken":[{"damage":1.0,"enemies":"2 Louse","floor":1.0,"turns":3.0},{"damage":5,"enemies":"Small Slimes","floor":3,"turns":6},{"damage":2,"enemies":"Jaw Worm","floor":4,"turns":6},{"damage":46,"enemies":"3 Sentries","floor":6,"turns":14}],"seed_played":"-1082541476299609725","potions_obtained":[{"floor":3,"key":"SneckoOil"},{"floor":4,"key":"SmokeBomb"}],"is_trial":false,"path_per_floor":["M","?","M","M","$","E"],"character_chosen":"THE_SILENT","items_purchased":["Accuracy"],"campfire_rested":0,"item_purchase_floors":[5],"current_hp_per_floor":[58,51,46,44,44,0,0],"gold":72,"neow_bonus":"RANDOM_COMMON_RELIC","is_daily":false,"chose_seed":false,"campfire_upgraded":0,"win_rate":0.0,"timestamp":1613701283,"path_taken":["M","?","M","M","$","E"],"items_purchased_type":["Card"],"build_version":"2020-12-22","purchased_purges":1,"victory":false,"max_hp_per_floor":[66,66,66,66,66,66,66],"relic_stats":{"counters":[4,29],"CeramicFish":36,"obtain_stats":[{"CeramicFish":0,"Ring of the Snake":0},{"CeramicFish":0,"Ring of the Snake":0},{"CeramicFish":0,"Ring of the Snake":0}],"Ring of the Snake":[8]},"card_choices":[{"not_picked":["Backflip","Cloak And Dagger"],"picked":"Dagger Throw","floor":1.0},{"not_picked":["Poisoned Stab","Outmaneuver"],"picked":"Backflip","floor":3},{"not_picked":["Deadly Poison","Dagger Spray"],"picked":"Glass Knife","floor":4}],"player_experience":1595525,"relics_obtained":[],"event_choices":[{"cards_removed":["Strike_G"],"damage_healed":0.0,"max_hp_gain":0.0,"max_hp_loss":0.0,"gold_gain":0.0,"event_name":"Golden Wing","player_choice":"Card Removal","floor":2.0,"gold_loss":0.0,"damage_taken":7.0}],"is_beta":false,"boss_relics":[],"items_purged_floors":[5],"is_endless":false,"potions_floor_spawned":[3,4],"killed_by":"3 Sentries","ascension_level":20}}