{"host":"43gh4c2f6tt319we","time":1613749240,"event":{"mods":["ATMod(∞¢Ë™Mod)","Act Like it!","Arknights","BaseMod","Gensokyo","Hallownest","KinomotoSakuraMod(ƒæ÷Æ±æ”£)","Lobotomy","Minty Spire (QoL Compilation)","Pale of the Ancients","Reimu£®≤©¿ˆ¡È√Œ£©","Relic Filter Mod","Remilia£®¿Ÿ√◊¿Ú—«£©","StSLib","The Alterego","The Bug Knight","Yakumo Yukari mod","Youmu£®ªÍ∆«—˝√Œ£©"],"gold_per_floor":[112,131,144,144,158,158,7,7,53,53,68,85,105,139,139,251,251,279,299,324,28,28,28,68,68,68,102,102,117,142,151,151,261,270,290,290,265,285,312,312,312],"floor_reached":40,"language":"ZHS","playtime":4666,"items_purged":["HollowMod:NailStrikeStart"],"score":572,"play_id":"949fcfe2-62d0-45b7-b563-92e9d1a3ca1c","local_time":"20210220004040","daily_mods":["Heirloom"],"is_ascension_mode":false,"campfire_choices":[{"data":"AT_FamilyPortrait","floor":6,"key":"SMITH"},{"floor":8,"key":"DIG"},{"floor":10,"key":"DIG"},{"data":"HollowMod:DashSlash","floor":15,"key":"SMITH"},{"data":"HollowMod:ShapeofUnn","floor":23,"key":"SMITH"},{"floor":25,"key":"REST"},{"data":"Hallownest:curseDreamersLament","floor":32,"key":"PURGE"}],"circlet_count":0,"master_deck":["HollowMod:NailStrikeStart","HollowMod:NailStrikeStart","HollowMod:NailStrikeStart","HollowMod:QuickDashStart","HollowMod:QuickDashStart","HollowMod:QuickDashStart","HollowMod:QuickDashStart","HollowMod:FocusHealStart","HollowMod:PogoStrike+1","AT_FamilyPortrait+1","HollowMod:FallenFury","HollowMod:DashSlash+1","HollowMod:SoulShaman","HollowMod:VengefulSpirit","HollowMod:ShapeofUnn+1","HollowMod:theNailsmith+1","HollowMod:CornifersMapStart+1","HollowMod:GreatSlash","HollowMod:HowlingWraiths+1","HollowMod:PureNailStrike","HollowMod:CycloneSlash","HollowMod:HerrahsAnger","AT_EmpoweredMortalDraw","HollowMod:CloakDash+1","HollowMod:DashSlash+1"],"relics":["HollowMod:VesselMask","AT_ATBox","Shovel","Hallownest:DreamNailRelic","CeramicFish","Oddly Smooth Stone","Peace Pipe","Black Star","AT_EbonyIvory","Juzu Bracelet","Art of War","The Courier","HollowMod:DelicateFlower","ScarletDevilRocket","AT_ForceNature","Hallownest:WatcherSealRelic","AT_MortalBlade"],"acts_visited":["Exordium","Hallownest:Greenpath","Hallownest:CityofTears"],"potions_floor_usage":[24,30,33],"damage_taken":[{"damage":1.0,"enemies":"Hallownest:2_Baldur","floor":1.0,"turns":3.0},{"damage":5.0,"enemies":"Hallownest:monsterHuskGuard","floor":2.0,"turns":5.0},{"damage":5.0,"enemies":"Hallownest:2_Tiktiks_and_1_Crawlid","floor":3.0,"turns":5.0},{"damage":2,"enemies":"Hallownest:MossCreep_and_Mosskin","floor":5,"turns":6},{"damage":0,"enemies":"Hallownest:monsterMossCharger","floor":11,"turns":5},{"damage":6,"enemies":"Hallownest:Wandering_and_Horned","floor":12,"turns":5},{"damage":15,"enemies":"Hallownest:MossCreep_and_Mosskin","floor":13,"turns":5},{"damage":3,"enemies":"Hallownest:2_Tiktiks_1_Baldur_1_Crawlid","floor":14,"turns":5},{"damage":3,"enemies":"Hallownest:BossFalseKnight","floor":16,"turns":10},{"damage":16,"enemies":"Hallownest:Guard_and_Sentry","floor":18,"turns":6},{"damage":28,"enemies":"Hallownest:Flukemon_and_Top","floor":19,"turns":8},{"damage":19,"enemies":"Hallownest:2_Husk_Sentries","floor":20,"turns":7},{"damage":18,"enemies":"Hallownest:eliteWatcherKnight","floor":24,"turns":10},{"damage":15,"enemies":"Hallownest:Nosk","floor":27,"turns":8},{"damage":18,"enemies":"Hallownest:monsterShrumalOgre","floor":29,"turns":5},{"damage":4,"enemies":"Hallownest:monsterMisterMushroom","floor":30,"turns":7},{"damage":47,"enemies":"Hallownest:BossMantisLord","floor":33,"turns":7},{"damage":16,"enemies":"Hallownest:2_Littles","floor":35,"turns":2},{"damage":2,"enemies":"Hallownest:Shield_Heavy","floor":38,"turns":4},{"damage":9,"enemies":"Hallownest:2_Wandering_and_1_Horned","floor":39,"turns":3},{"damage":54,"enemies":"Hallownest:StalkingDevout","floor":40,"turns":4}],"seed_played":"2878097907653505816","potions_obtained":[{"floor":2.0,"key":"FairyPotion"},{"floor":3.0,"key":"FairyPotion"},{"floor":5,"key":"ZuzhouPotion:ReiMu"},{"floor":16,"key":"Dexterity Potion"},{"floor":20,"key":"CultistPotion"},{"floor":24,"key":"Block Potion"},{"floor":30,"key":"ColorlessPotion"},{"floor":33,"key":"MagicPotion:ReiMu"},{"floor":39,"key":"ColorlessPotion"}],"is_trial":true,"path_per_floor":["M","M","M","?","M","R","$","R","T","R","M","M","M","M","R","B",null,"M","M","M","$","?","R","E","R","T","E","?","M","M","?","R","B",null,"M","?","?","M","M","E"],"character_chosen":"THE_BUGKNIGHT","items_purchased":["HollowMod:ShapeofUnn","AT_EbonyIvory","Juzu Bracelet"],"campfire_rested":1,"item_purchase_floors":[7,21,21],"current_hp_per_floor":[74,69,70,70,73,73,73,73,73,73,73,67,52,59,59,68,75,59,37,24,24,24,24,12,34,34,19,24,6,2,2,2,1,75,59,59,59,57,48,0,0],"gold":312,"neow_bonus":"","is_daily":false,"chose_seed":false,"campfire_upgraded":3,"win_rate":0.0,"timestamp":1613749240,"path_taken":["M","M","M","?","M","R","$","R","T","R","M","M","M","M","R","BOSS","M","M","M","$","?","R","E","R","T","E","?","M","M","?","R","BOSS","M","?","?","M","M","E"],"items_purchased_type":["Card","Relic","Relic"],"build_version":"2020-12-22","purchased_purges":1,"victory":false,"max_hp_per_floor":[75,75,75,75,75,75,75,75,75,75,75,75,75,75,75,75,75,75,75,75,75,75,75,75,75,75,75,75,75,75,75,75,75,75,75,70,70,70,70,70,70],"card_choices":[{"not_picked":["HollowMod:DoubleDash","HollowMod:CornifersMapStart"],"picked":"HollowMod:FallenFury","floor":1.0},{"not_picked":["HollowMod:GoodIntentions","HollowMod:WraithStrike"],"picked":"HollowMod:DashSlash","floor":2.0},{"not_picked":["HollowMod:SiblingsShadow","HollowMod:ChannelNail"],"picked":"HollowMod:SoulShaman","floor":3.0},{"not_picked":["HollowMod:WraithStrike","HollowMod:DashSlash"],"picked":"HollowMod:VengefulSpirit","floor":5},{"not_picked":["HollowMod:InfectedCysts","HollowMod:LifebloodCocoon","HollowMod:CoiledNail"],"picked":"SKIP","floor":11},{"not_picked":["HollowMod:SoulStrike","HollowMod:WraithStrike","HollowMod:SiblingsShadow"],"picked":"SKIP","floor":12},{"not_picked":["HollowMod:SharpenedNail","HollowMod:TaintedHusks","HollowMod:InfectedCysts"],"picked":"SKIP","floor":13},{"not_picked":["HollowMod:SoulShaman","HollowMod:SoulStrike","HollowMod:ZotesMagnificence"],"picked":"SKIP","floor":14},{"not_picked":["HollowMod:HornetsHelp","HollowMod:LifebloodCore"],"picked":"HollowMod:theNailsmith","floor":16},{"not_picked":["HollowMod:WraithStrike","HollowMod:SharpenedNail"],"picked":"HollowMod:CornifersMapStart+1","floor":18},{"not_picked":["HollowMod:HeavyBlow","HollowMod:ChannelNail"],"picked":"HollowMod:GreatSlash","floor":19},{"not_picked":["HollowMod:CrystalDash","HollowMod:RadiancesLament"],"picked":"HollowMod:HowlingWraiths+1","floor":20},{"not_picked":["HollowMod:SiblingsSouls+1","HollowMod:InfectedCysts"],"picked":"HollowMod:PureNailStrike","floor":24},{"not_picked":["HollowMod:CoiledNail","HollowMod:SharpenedNail+1","HollowMod:InfectedCysts"],"picked":"SKIP","floor":27},{"not_picked":["HollowMod:MothsMistake+1","HollowMod:SoulShaman+1","HollowMod:ChannelNail"],"picked":"SKIP","floor":29},{"not_picked":["HollowMod:TaintedHusks+1","HollowMod:VengefulVoid"],"picked":"HollowMod:CycloneSlash","floor":30},{"not_picked":["HollowMod:HornetsHelp","HollowMod:theNailsmith"],"picked":"HollowMod:HerrahsAnger","floor":33},{"not_picked":["HollowMod:SoulSplash","HollowMod:CoiledNail"],"picked":"HollowMod:CloakDash+1","floor":35},{"not_picked":["HollowMod:SoulSplash+1","HollowMod:CoiledNail+1","HollowMod:MawleksShell"],"picked":"SKIP","floor":38},{"not_picked":["HollowMod:SoulSplash+1","HollowMod:CoiledNail+1","HollowMod:MawleksShell"],"picked":"SKIP","floor":38},{"not_picked":["HollowMod:AbyssShriek","HollowMod:SoulEater"],"picked":"HollowMod:DashSlash+1","floor":39}],"player_experience":492158,"relics_obtained":[{"floor":8,"key":"CeramicFish"},{"floor":9,"key":"Oddly Smooth Stone"},{"floor":10,"key":"Peace Pipe"},{"floor":24,"key":"Art of War"},{"floor":24,"key":"The Courier"},{"floor":26,"key":"HollowMod:DelicateFlower"},{"floor":27,"key":"ScarletDevilRocket"},{"floor":27,"key":"AT_ForceNature"}],"event_choices":[],"is_beta":false,"boss_relics":[{"not_picked":["Velvet Choker","Runic Pyramid"],"picked":"Black Star"},{"not_picked":["SlaversCollar","Sozu"],"picked":"AT_MortalBlade"}],"items_purged_floors":[7],"is_endless":true,"potions_floor_spawned":[2,3,5,13,16,20,24,30,33,39],"killed_by":"Hallownest:StalkingDevout","ascension_level":0}}