{"host":"Sean","time":1613736113,"event":{"mods":["BaseMod","Block Reminder","Colored Map","Colored Powertips","Highlight Path","Minty Spire (QoL Compilation)","Permanent Neow","Relic Stats"],"gold_per_floor":[114,289,22,22,36,52,52,78,78,103,103,178,178,210,210,310,310,322,342,359,189,200,200,228,245,245,170,182,200,215,241,241,342,342,357,357,357,372,382,409,409,101,147,159,172,186,186,216,216,216,216,216,48,83,83],"floor_reached":56,"language":"ENG","playtime":3217,"items_purged":["Doubt","Strike_G"],"score":1791,"play_id":"4e39086e-540a-42f0-bcab-3315bf31afd0","local_time":"20210219120153","is_ascension_mode":true,"campfire_choices":[{"data":"Corpse Explosion","floor":7.0,"key":"SMITH"},{"data":"Burst","floor":11.0,"key":"SMITH"},{"data":"Flying Knee","floor":13.0,"key":"SMITH"},{"floor":15.0,"key":"REST"},{"data":"Catalyst","floor":23.0,"key":"SMITH"},{"floor":32.0,"key":"REST"},{"data":"Wraith Form v2","floor":47.0,"key":"SMITH"},{"floor":49.0,"key":"RECALL"},{"data":"PiercingWail","floor":52.0,"key":"SMITH"}],"circlet_count":0,"master_deck":["AscendersBane","Strike_G","Strike_G","Strike_G","Strike_G","Defend_G","Defend_G","Survivor","Neutralize","Corpse Explosion+1","Slice","PiercingWail+1","Noxious Fumes","Flying Knee+1","PiercingWail","Burst+1","Catalyst+1","Die Die Die","Poisoned Stab","Catalyst+1","Poisoned Stab+1","Footwork","Dagger Throw+1","Crippling Poison","Acrobatics+1","PiercingWail","Wraith Form v2+1","Escape Plan+1","Venomology","CurseOfTheBell","Crippling Poison+1","PiercingWail","Deadly Poison"],"relics":["Ring of the Serpent","Orichalcum","Bottled Lightning","HornCleat","Vajra","Bronze Scales","Dream Catcher","Letter Opener","Question Card","Calling Bell","Lantern","Gremlin Horn","TungstenRod","Kunai","FossilizedHelix","Ginger","Strange Spoon","Oddly Smooth Stone"],"acts_visited":["Exordium","TheCity","TheBeyond","TheEnding"],"potions_floor_usage":[55,55,55,55,55,55,55,55,55,55],"damage_taken":[{"damage":4.0,"enemies":"2 Louse","floor":1.0,"turns":3.0},{"damage":0.0,"enemies":"Small Slimes","floor":5.0,"turns":3.0},{"damage":0.0,"enemies":"Cultist","floor":6.0,"turns":4.0},{"damage":25.0,"enemies":"Gremlin Nob","floor":8.0,"turns":5.0},{"damage":3.0,"enemies":"Lagavulin","floor":10.0,"turns":5.0},{"damage":2.0,"enemies":"Gremlin Nob","floor":14.0,"turns":3.0},{"damage":7.0,"enemies":"Hexaghost","floor":16.0,"turns":8.0},{"damage":0.0,"enemies":"3 Byrds","floor":18.0,"turns":2.0},{"damage":0.0,"enemies":"Chosen","floor":19.0,"turns":4.0},{"damage":8.0,"enemies":"Centurion and Healer","floor":20.0,"turns":2.0},{"damage":1.0,"enemies":"Snecko","floor":22.0,"turns":4.0},{"damage":22.0,"enemies":"Book of Stabbing","floor":24.0,"turns":4.0},{"damage":0.0,"enemies":"Snake Plant","floor":25.0,"turns":3.0},{"damage":0.0,"enemies":"Sentry and Sphere","floor":28.0,"turns":4.0},{"damage":0.0,"enemies":"Snecko","floor":29.0,"turns":3.0},{"damage":18.0,"enemies":"Snake Plant","floor":30.0,"turns":3.0},{"damage":6.0,"enemies":"Gremlin Leader","floor":31.0,"turns":5.0},{"damage":7.0,"enemies":"Champ","floor":33.0,"turns":6.0},{"damage":0.0,"enemies":"Orb Walker","floor":35.0,"turns":3.0},{"damage":0.0,"enemies":"3 Darklings","floor":38.0,"turns":2.0},{"damage":0.0,"enemies":"Writhing Mass","floor":39.0,"turns":4.0},{"damage":12.0,"enemies":"Nemesis","floor":40.0,"turns":7.0},{"damage":0.0,"enemies":"Maw","floor":44.0,"turns":3.0},{"damage":0.0,"enemies":"Transient","floor":45.0,"turns":5.0},{"damage":7.0,"enemies":"Jaw Worm Horde","floor":46.0,"turns":2.0},{"damage":0.0,"enemies":"Reptomancer","floor":48.0,"turns":7.0},{"damage":30.0,"enemies":"Donu and Deca","floor":50.0,"turns":6.0},{"damage":34.0,"enemies":"Shield and Spear","floor":54.0,"turns":7.0},{"damage":17,"enemies":"The Heart","floor":55,"turns":10}],"seed_played":"8825571167419117785","potions_obtained":[{"floor":1.0,"key":"SpeedPotion"},{"floor":10.0,"key":"Block Potion"},{"floor":18.0,"key":"EntropicBrew"},{"floor":24.0,"key":"ColorlessPotion"},{"floor":29.0,"key":"Swift Potion"},{"floor":30.0,"key":"FearPotion"},{"floor":35.0,"key":"CultistPotion"},{"floor":38.0,"key":"Swift Potion"}],"is_trial":false,"path_per_floor":["M","?","$","?","M","M","R","E","T","E","R","?","R","E","R","B",null,"M","M","M","$","M","R","E","M","T","?","M","M","M","E","R","B",null,"M","?","?","M","M","E","?","$","T","M","M","M","R","E","R","B",null,"R","$","E","B",null],"character_chosen":"THE_SILENT","items_purchased":["Orichalcum","PiercingWail","Footwork","FossilizedHelix","Strange Spoon","Deadly Poison"],"campfire_rested":2,"item_purchase_floors":[3,3,21,42,53,53],"current_hp_per_floor":[59,59,59,52,52,52,52,27,27,24,24,17,17,15,36,29,60,60,60,52,52,51,51,29,29,29,29,29,29,11,5,26,19,57,57,57,57,57,57,45,45,45,45,45,45,38,38,38,38,8,52,52,52,33,16],"gold":83,"neow_bonus":"ONE_RANDOM_RARE_CARD","is_daily":false,"chose_seed":false,"campfire_upgraded":6,"win_rate":0.0,"timestamp":1613736113,"path_taken":["M","?","$","?","M","M","R","E","T","E","R","?","R","E","R","BOSS","M","M","?","$","M","R","E","M","T","?","M","M","M","E","R","BOSS","M","?","?","M","?","E","?","?","T","M","M","?","R","E","R","BOSS","R","$","E","BOSS"],"items_purchased_type":["Relic","Card","Card","Relic","Relic","Card"],"build_version":"2020-12-18","purchased_purges":2,"victory":true,"max_hp_per_floor":[70,70,70,70,70,70,70,70,70,70,70,70,70,70,70,70,70,70,70,70,70,70,70,70,70,70,70,70,70,70,70,70,70,70,70,66,66,66,66,66,66,66,66,66,66,66,66,66,66,66,66,66,66,66,66],"relic_stats":{"Strange Spoon":[7],"Dream Catcher":1,"Gremlin Horn":[6,6],"counters":[29,127],"Bronze Scales":[449],"Letter Opener":[168],"Kunai":[6],"Ginger":[2],"Orichalcum":[504],"Question Card":12,"obtain_stats":[{"Lantern":34,"Gremlin Horn":34,"Vajra":10,"Oddly Smooth Stone":54,"Letter Opener":26,"Ginger":48,"Orichalcum":3,"Question Card":31,"Calling Bell":34,"Strange Spoon":53,"Dream Catcher":24,"HornCleat":9,"Bronze Scales":14,"Bottled Lightning":8,"Kunai":40,"Ring of the Serpent":17,"TungstenRod":34,"FossilizedHelix":42,"Ring of the Snake":0},{"Lantern":18,"Gremlin Horn":18,"Vajra":5,"Oddly Smooth Stone":28,"Letter Opener":13,"Ginger":26,"Orichalcum":1,"Question Card":17,"Calling Bell":18,"Strange Spoon":27,"Dream Catcher":12,"HornCleat":4,"Bronze Scales":6,"Bottled Lightning":4,"Kunai":22,"Ring of the Serpent":7,"TungstenRod":18,"FossilizedHelix":22,"Ring of the Snake":0},{"Lantern":71,"Gremlin Horn":71,"Vajra":20,"Oddly Smooth Stone":117,"Letter Opener":50,"Ginger":104,"Orichalcum":3,"Question Card":65,"Calling Bell":71,"Strange Spoon":110,"Dream Catcher":47,"HornCleat":15,"Bronze Scales":23,"Bottled Lightning":15,"Kunai":87,"Ring of the Serpent":31,"TungstenRod":71,"FossilizedHelix":87,"Ring of the Snake":0}],"TungstenRod":55},"card_choices":[{"not_picked":["Expertise","Dodge and Roll"],"picked":"Slice","floor":1.0},{"not_picked":["Dagger Spray","Tactician"],"picked":"Noxious Fumes","floor":5.0},{"not_picked":["Deflect","Outmaneuver"],"picked":"Flying Knee","floor":6.0},{"not_picked":["Flying Knee","Expertise"],"picked":"PiercingWail","floor":8.0},{"not_picked":["Caltrops","Slice"],"picked":"Burst","floor":10.0},{"not_picked":["Dagger Spray","Concentrate"],"picked":"Catalyst","floor":14.0},{"not_picked":["Phantasmal Killer","Envenom"],"picked":"Die Die Die","floor":16.0},{"not_picked":["Sucker Punch","Backstab"],"picked":"Poisoned Stab","floor":18.0},{"not_picked":["Backflip","Escape Plan"],"picked":"Catalyst+1","floor":19.0},{"not_picked":["Backstab+1","Setup"],"picked":"Poisoned Stab+1","floor":20.0},{"not_picked":["Blade Dance","Acrobatics"],"picked":"Dagger Throw+1","floor":22.0},{"not_picked":["Blur","Dagger Spray"],"picked":"Crippling Poison","floor":24.0},{"not_picked":["Dagger Spray+1","Infinite Blades","Quick Slash"],"picked":"SKIP","floor":25.0},{"not_picked":["Phantasmal Killer","Deadly Poison"],"picked":"Acrobatics+1","floor":28.0},{"not_picked":["Slice","Poisoned Stab","Malaise"],"picked":"SKIP","floor":29.0},{"not_picked":["Dagger Throw+1","Footwork"],"picked":"PiercingWail","floor":30.0},{"not_picked":["Eviscerate","Dodge and Roll"],"picked":"Wraith Form v2","floor":31.0},{"not_picked":["Dash","Blade Dance","Acrobatics"],"picked":"Escape Plan+1","floor":32.0},{"not_picked":["Malaise","Storm of Steel","After Image"],"picked":"Venomology","floor":33.0},{"not_picked":["All Out Attack","Crippling Poison","Bane","Prepared"],"picked":"SKIP","floor":35.0},{"not_picked":["Heel Hook+1","Blade Dance","Underhanded Strike","Poisoned Stab+1"],"picked":"SKIP","floor":38.0},{"not_picked":["Dagger Spray+1","Die Die Die","Cloak And Dagger","Acrobatics"],"picked":"SKIP","floor":39.0},{"not_picked":["Reflex","Cloak And Dagger+1","Flechettes+1","Heel Hook+1"],"picked":"SKIP","floor":40.0},{"not_picked":["Poisoned Stab+1","Deadly Poison","Dagger Throw+1","After Image"],"picked":"SKIP","floor":44.0},{"not_picked":["Dodge and Roll","Deadly Poison","Dagger Throw+1"],"picked":"Crippling Poison+1","floor":45.0},{"not_picked":["Deflect+1","Underhanded Strike","Dagger Spray+1","Endless Agony+1"],"picked":"SKIP","floor":46.0},{"not_picked":["Prepared","Envenom","Bane+1"],"picked":"PiercingWail","floor":48.0},{"not_picked":["Backstab","Dodge and Roll","Dagger Spray+1","Heel Hook"],"picked":"SKIP","floor":54.0}],"player_experience":558519,"relics_obtained":[{"floor":8.0,"key":"Bottled Lightning"},{"floor":9.0,"key":"HornCleat"},{"floor":10.0,"key":"Vajra"},{"floor":14.0,"key":"Bronze Scales"},{"floor":24.0,"key":"Dream Catcher"},{"floor":26.0,"key":"Letter Opener"},{"floor":31.0,"key":"Question Card"},{"floor":34.0,"key":"Lantern"},{"floor":34.0,"key":"Gremlin Horn"},{"floor":34.0,"key":"TungstenRod"},{"floor":40.0,"key":"Kunai"},{"floor":48.0,"key":"Ginger"},{"floor":54.0,"key":"Oddly Smooth Stone"}],"event_choices":[{"damage_healed":0.0,"max_hp_gain":0.0,"max_hp_loss":0.0,"gold_gain":175.0,"event_name":"Liars Game","player_choice":"AGREE","floor":2.0,"gold_loss":0.0,"damage_taken":0.0,"cards_obtained":["Doubt"]},{"cards_removed":["Defend_G"],"damage_healed":0.0,"max_hp_gain":0.0,"max_hp_loss":0.0,"gold_gain":0.0,"event_name":"Golden Wing","player_choice":"Card Removal","floor":4.0,"gold_loss":0.0,"damage_taken":7.0},{"damage_healed":0.0,"max_hp_gain":0.0,"max_hp_loss":0.0,"gold_gain":75.0,"event_name":"FaceTrader","player_choice":"Touch","floor":12.0,"gold_loss":0.0,"damage_taken":7.0},{"cards_removed":["Defend_G"],"damage_healed":0.0,"max_hp_gain":0.0,"max_hp_loss":0.0,"gold_gain":0.0,"event_name":"Beggar","player_choice":"Gave Gold","floor":27.0,"gold_loss":75.0,"damage_taken":0.0},{"damage_healed":0.0,"max_hp_gain":0.0,"max_hp_loss":4.0,"gold_gain":0.0,"event_name":"Winding Halls","player_choice":"Max HP","floor":36.0,"gold_loss":0.0,"damage_taken":0.0},{"cards_removed":["Defend_G"],"damage_healed":0.0,"max_hp_gain":0.0,"max_hp_loss":0.0,"gold_gain":0.0,"event_name":"Purifier","player_choice":"Purged","floor":37.0,"gold_loss":0.0,"damage_taken":0.0},{"damage_healed":0.0,"max_hp_gain":0.0,"max_hp_loss":0.0,"gold_gain":0.0,"event_name":"Tomb of Lord Red Mask","player_choice":"Ignored","floor":41.0,"gold_loss":0.0,"damage_taken":0.0}],"is_beta":true,"boss_relics":[{"not_picked":["Ectoplasm","WristBlade"],"picked":"Ring of the Serpent"},{"not_picked":["Astrolabe","Runic Dome"],"picked":"Calling Bell"}],"items_purged_floors":[3,21],"is_endless":false,"potions_floor_spawned":[1,10,18,19,24,28,29,30,35,38,45,46],"ascension_level":10}}