{"host":"19r1ww88x2tc73i0","time":1613716540,"event":{"mods":["BaseMod","BetterRewards","Colored Map","Minty Spire (QoL Compilation)","Relic Stats","StSLib","SuperFastMode","slay the spire mod where everything is the same but ironclad has a cowboy hat"],"gold_per_floor":[116,133,152,152,166,194,194,194,194],"floor_reached":8,"language":"ENG","playtime":307,"items_purged":[],"score":116,"play_id":"d89dfde1-6fba-43ea-a6b4-b87bc04d54bf","local_time":"25640219133540","is_ascension_mode":true,"campfire_choices":[{"data":"Rampage","floor":7,"key":"SMITH"}],"circlet_count":0,"master_deck":["AscendersBane","Strike_R","Strike_R","Strike_R","Strike_R","Strike_R","Defend_R","Defend_R","Defend_R","Defend_R","Bash","Rampage+1","Pommel Strike","Shockwave","Decay","Reaper","Impervious"],"relics":["Burning Blood","Question Card","Paper Frog","Chemical X","Happy Flower"],"acts_visited":["Exordium"],"potions_floor_usage":[6,6],"damage_taken":[{"damage":4.0,"enemies":"Jaw Worm","floor":1.0,"turns":5.0},{"damage":6.0,"enemies":"Cultist","floor":2.0,"turns":3.0},{"damage":8.0,"enemies":"2 Louse","floor":3.0,"turns":2.0},{"damage":21.0,"enemies":"Blue Slaver","floor":5.0,"turns":4.0},{"damage":53,"enemies":"3 Sentries","floor":6,"turns":12},{"damage":8,"enemies":"Gremlin Nob","floor":8,"turns":4}],"seed_played":"8764086735742820281","potions_obtained":[{"floor":1.0,"key":"Swift Potion"},{"floor":2.0,"key":"Weak Potion"},{"floor":6,"key":"SpeedPotion"}],"is_trial":false,"path_per_floor":["M","M","M","?","M","E","R","E"],"character_chosen":"IRONCLAD","items_purchased":["Question Card","Paper Frog","Chemical X"],"campfire_rested":0,"item_purchase_floors":[0,0,0],"current_hp_per_floor":[70,70,68,68,53,10,10,2,2],"gold":194,"neow_bonus":"","is_daily":false,"chose_seed":false,"campfire_upgraded":1,"win_rate":0.0,"timestamp":1613716540,"path_taken":["M","M","M","?","?","E","R","E"],"items_purchased_type":["Relic","Relic","Relic"],"build_version":"2020-12-22","purchased_purges":0,"victory":false,"max_hp_per_floor":[75,75,75,75,75,75,75,75,75],"relic_stats":{"Happy Flower":[1],"counters":[6,30],"Chemical X":[1],"Question Card":6,"obtain_stats":[{"Happy Flower":6,"Chemical X":0,"Question Card":0,"Burning Blood":0,"Paper Frog":0},{"Happy Flower":5,"Chemical X":0,"Question Card":0,"Burning Blood":0,"Paper Frog":0},{"Happy Flower":26,"Chemical X":0,"Question Card":0,"Burning Blood":0,"Paper Frog":0}],"Burning Blood":30},"card_choices":[{"not_picked":["Twin Strike","Body Slam","Power Through"],"picked":"Rampage","floor":1.0},{"not_picked":["Headbutt","Sword Boomerang","Shrug It Off"],"picked":"Pommel Strike","floor":2.0},{"not_picked":["Twin Strike","Headbutt","Spot Weakness"],"picked":"Shockwave","floor":3.0},{"not_picked":["Intimidate","Clothesline","Pommel Strike"],"picked":"Reaper","floor":5},{"not_picked":["Anger","Iron Wave","Rupture"],"picked":"Impervious","floor":6}],"player_experience":1128964,"relics_obtained":[{"floor":6,"key":"Happy Flower"}],"event_choices":[{"damage_healed":0.0,"max_hp_gain":0.0,"max_hp_loss":0.0,"gold_gain":0.0,"event_name":"Wheel of Change","player_choice":"Cursed","floor":4.0,"gold_loss":0.0,"damage_taken":0.0,"cards_obtained":["Decay"]}],"is_beta":false,"boss_relics":[],"items_purged_floors":[],"is_endless":false,"potions_floor_spawned":[1,2,6],"killed_by":"Gremlin Nob","ascension_level":20}}