{"host":"1a9bbjeis3rg03b1","time":1613706337,"event":{"mods":["Act Like it!","BaseMod","Gensokyo","Googly Eyes","Hermit","Mimic Mod","Minty Spire (QoL Compilation)","Morshu Shopkeeper","Reliquary","Replay The Spire","StSLib","The Administrix","The Disciple","The Jungle","The Poker Player","The Servant 0.9.4","Wide Potions","everything is the same but u backflip on backflip"],"gold_per_floor":[109,109,127,127,142,142,152,179,179,198,198,198,216,236,236,341,341,352,27,42,42,57,85,85,85,136,150,180,196,196,211,211,211,211],"floor_reached":33,"language":"ENG","playtime":1878,"items_purged":[],"score":316,"play_id":"50a54c6a-1e77-479f-acf9-d8735b9fd378","local_time":"20210218204537","is_ascension_mode":false,"campfire_choices":[{"data":"hermit:NoHoldsBarred","floor":6,"key":"SMITH"},{"data":"hermit:Quickdraw","floor":11,"key":"SMITH"},{"floor":15,"key":"DIG"},{"floor":25,"key":"REST"},{"floor":30,"key":"REST"},{"data":"hermit:EyeOfTheStorm","floor":32,"key":"SMITH"}],"circlet_count":0,"master_deck":["hermit:Strike_Hermit","hermit:Strike_Hermit","hermit:Strike_Hermit","hermit:Strike_Hermit","hermit:Defend_Hermit","hermit:Defend_Hermit","hermit:Defend_Hermit","hermit:Snapshot","hermit:Covet","hermit:NoHoldsBarred","hermit:Ricochet+1","hermit:NoHoldsBarred+1","hermit:ItchyTrigger+1","hermit:Quickdraw+1","hermit:Midnight+1","hermit:Midnight","Clumsy","hermit:Determination","hermit:Ricochet+1","hermit:EternalForm","hermit:DeadMansHand+1","hermit:EternalForm","Master of Strategy","hermit:Ricochet","hermit:NoHoldsBarred","hermit:Virtue+1","hermit:Ricochet+1","hermit:Snipe","hermit:HeroicBravado","hermit:EyeOfTheStorm+1"],"relics":["hermit:Momento","Strawberry","Matryoshka","Whetstone","Mummified Hand","Gensokyo:NagashiBinaDoll","ReplayTheSpireMod:TigerMarble","ChewingGum","Gremlin Food","reliquary:PurpleTingedLeaf","Akabeko","hermit:RyeStalk","Tiny Chest"],"acts_visited":["Exordium","Gensokyo:Gensokyo"],"potions_floor_usage":[8,16,16,27,31],"damage_taken":[{"damage":7,"enemies":"Gensokyo:3_Fairies","floor":1,"turns":4},{"damage":2,"enemies":"Gensokyo:Gryphon","floor":3,"turns":2},{"damage":6,"enemies":"Gensokyo:2_Kodama","floor":5,"turns":2},{"damage":11,"enemies":"Gensokyo:Gryphon_and_Rabbit","floor":7,"turns":4},{"damage":6,"enemies":"Gensokyo:Cirno","floor":8,"turns":4},{"damage":0,"enemies":"Gensokyo:LivingMonolith","floor":10,"turns":2},{"damage":0,"enemies":"Gensokyo:VengefulSpirit","floor":13,"turns":2},{"damage":4,"enemies":"Gensokyo:3_Kodama","floor":14,"turns":2},{"damage":30,"enemies":"Gensokyo:Reimu","floor":16,"turns":3},{"damage":0,"enemies":"Gensokyo:AngelMirror","floor":18,"turns":1},{"damage":0,"enemies":"Gensokyo:Chomper","floor":20,"turns":2},{"damage":13,"enemies":"Gensokyo:Monolith_and_Dog","floor":22,"turns":3},{"damage":20,"enemies":"Gensokyo:Tenshi","floor":23,"turns":4},{"damage":15,"enemies":"Gensokyo:Slime_Group","floor":27,"turns":3},{"damage":52,"enemies":"Gensokyo:Koishi","floor":28,"turns":5},{"damage":0,"enemies":"Gensokyo:Swordslinger","floor":29,"turns":2},{"damage":6,"enemies":"Gensokyo:Wraith","floor":31,"turns":3},{"damage":28,"enemies":"Gensokyo:Eiki","floor":33,"turns":3}],"seed_played":"5868415372130196166","potions_obtained":[{"floor":7,"key":"LiquidMemories"},{"floor":8,"key":"PowerPotion"},{"floor":10,"key":"Adrenaline Potion"},{"floor":23,"key":"hermit:Tonic"},{"floor":29,"key":"Weak Potion"},{"floor":31,"key":"Ancient Potion"}],"is_trial":false,"path_per_floor":["M","?","M","?","M","R","M","E","T","M","R","?","M","M","R","B",null,"M","$","M","?","M","E","?","R","T","M","E","M","R","M","R","B"],"character_chosen":"HERMIT","items_purchased":["hermit:EternalForm","Master of Strategy"],"campfire_rested":2,"item_purchase_floors":[19,19],"current_hp_per_floor":[68,68,66,63,57,57,46,40,40,40,40,40,40,36,36,6,82,82,82,82,82,69,49,49,71,71,57,6,6,28,23,23,0,0],"gold":211,"neow_bonus":"THREE_CARDS","is_daily":false,"chose_seed":false,"campfire_upgraded":3,"win_rate":0.0,"timestamp":1613706337,"path_taken":["M","?","?","?","M","R","M","E","T","?","R","?","M","M","R","BOSS","M","$","M","?","M","E","?","R","T","?","E","M","R","M","R","BOSS"],"items_purchased_type":["Card","Card"],"build_version":"2020-12-22","purchased_purges":0,"victory":false,"max_hp_per_floor":[75,75,75,82,82,82,82,82,82,82,82,82,82,82,82,82,82,82,82,82,82,82,82,76,76,76,76,76,76,76,76,76,76,76],"card_choices":[{"not_picked":["hermit:Maintenance","hermit:TakeCover"],"picked":"hermit:NoHoldsBarred","floor":0},{"not_picked":["hermit:Glare","hermit:CalledShot"],"picked":"hermit:Ricochet","floor":1},{"not_picked":["hermit:Roulette","hermit:Combo"],"picked":"hermit:NoHoldsBarred","floor":3},{"not_picked":["hermit:Headshot","hermit:SprayPray"],"picked":"hermit:ItchyTrigger","floor":5},{"not_picked":["hermit:Manifest","hermit:ShadowCloak"],"picked":"hermit:Quickdraw","floor":7},{"not_picked":["hermit:TakeAim","hermit:LowProfile"],"picked":"hermit:Midnight","floor":8},{"not_picked":["hermit:LuckOfTheDraw","hermit:LowProfile"],"picked":"hermit:Midnight","floor":10},{"not_picked":["hermit:HighCaliber","hermit:Showdown"],"picked":"hermit:Determination","floor":13},{"not_picked":["hermit:Adapt","hermit:Headshot"],"picked":"hermit:Ricochet","floor":14},{"not_picked":["hermit:Roughhouse","hermit:Gambit"],"picked":"hermit:EternalForm","floor":16},{"not_picked":["hermit:Headshot","hermit:HoleUp"],"picked":"hermit:DeadMansHand+1","floor":18},{"not_picked":["hermit:Manifest","hermit:Coalescence+1"],"picked":"hermit:Ricochet","floor":20},{"not_picked":["hermit:FullyLoaded","hermit:Desperado+1"],"picked":"hermit:NoHoldsBarred","floor":22},{"not_picked":["hermit:Maintenance","hermit:TrackingShot"],"picked":"hermit:Virtue+1","floor":23},{"not_picked":["hermit:Spite","hermit:Vantage"],"picked":"hermit:Ricochet+1","floor":27},{"not_picked":["hermit:FlashPowder","hermit:CalledShot"],"picked":"hermit:Snipe","floor":28},{"not_picked":["hermit:TrackingShot","hermit:Misfire+1"],"picked":"hermit:HeroicBravado","floor":29},{"not_picked":["hermit:WideOpen","hermit:TakeAim"],"picked":"hermit:EyeOfTheStorm","floor":31}],"player_experience":713328,"relics_obtained":[{"floor":8,"key":"Matryoshka"},{"floor":9,"key":"Whetstone"},{"floor":9,"key":"Mummified Hand"},{"floor":15,"key":"ReplayTheSpireMod:TigerMarble"},{"floor":23,"key":"Gremlin Food"},{"floor":26,"key":"Akabeko"},{"floor":26,"key":"hermit:RyeStalk"},{"floor":28,"key":"Tiny Chest"}],"event_choices":[],"is_beta":false,"boss_relics":[{"not_picked":["Runic Pyramid","Tiny House"],"picked":"ChewingGum"}],"items_purged_floors":[],"is_endless":false,"potions_floor_spawned":[7,8,10,13,23,29,31],"killed_by":"Gensokyo:Eiki","ascension_level":0}}