{"host":"w8xisjf5mgmfjvmt","time":1613723134,"event":{"mods":["BaseMod","BetterRewards","Challenge The Spire","Conspire","Energized Spire","Filter the Spire","Minty Spire (QoL Compilation)","Quarter Circle Forward PUNCH!","Quick Restart","Relic Filter Mod","Relic Stats","Reliquary","Replay The Spire","Say the Spire","Shop Mod","Spicy Shops","StSLib","¡¾ÒÅÎï¿¨ÅÆ¡¿REMEMod","óô»ðÖ¸ÄÏ"],"gold_per_floor":[110,110,127,46,66,91,22,47,47,47,47,1,28,47,47,145,145,161,86,3,14,14,14,14],"floor_reached":23,"language":"ZHS","playtime":779,"items_purged":["REME_CurseOfMatryoshka"],"score":313,"play_id":"a09b8e19-f401-4cc4-9bb1-c1af32264602","local_time":"20210219162534","is_ascension_mode":true,"campfire_choices":[{"data":"Apotheosis","floor":10.0,"key":"SMITH"},{"data":"Discovery","floor":15.0,"key":"SMITH"}],"circlet_count":0,"master_deck":["Strike_P","Strike_P","Strike_P","Defend_P","Defend_P","Defend_P","Defend_P","Eruption","Vigilance","Apotheosis+1","ThirdEye","Strike_P","CarveReality","Discovery+1","WindmillStrike","EmptyMind","WreathOfFlame","Tantrum","CutThroughFate","REME_CRH","Indignation","EmptyBody","WheelKick","InnerPeace","RitualDagger"],"relics":["PureWater","REME_ComplimentaryCards","MealTicket","conspire:Boomerang","reliquary:Sideboard","Replay:Multitool","reliquary:ThirdArm","ReplayTheSpireMod:CursedCoin"],"acts_visited":["Exordium","TheCity"],"potions_floor_usage":[23,23],"damage_taken":[{"damage":4.0,"enemies":"2 Louse","floor":1.0,"turns":3.0},{"damage":6.0,"enemies":"Small Slimes","floor":3.0,"turns":5.0},{"damage":4.0,"enemies":"Jaw Worm","floor":5.0,"turns":5.0},{"damage":12.0,"enemies":"Lagavulin","floor":6.0,"turns":5.0},{"damage":1.0,"enemies":"Gremlin Nob","floor":8.0,"turns":4.0},{"damage":0.0,"enemies":"Lagavulin","floor":13.0,"turns":3.0},{"damage":0.0,"enemies":"Blue Slaver","floor":14.0,"turns":1.0},{"damage":16.0,"enemies":"Hexaghost","floor":16.0,"turns":7.0},{"damage":2.0,"enemies":"Chosen","floor":18.0,"turns":3.0},{"damage":0.0,"enemies":"conspire:FuzzyDice","floor":21.0,"turns":3.0},{"damage":19,"enemies":"Book of Stabbing","floor":23,"turns":4}],"seed_played":"3361488851315940013","potions_obtained":[{"floor":1.0,"key":"Block Potion"},{"floor":3.0,"key":"Toxic Potion"},{"floor":6.0,"key":"Weak Potion"},{"floor":14.0,"key":"StancePotion"},{"floor":16.0,"key":"Explosive Potion"}],"is_trial":false,"path_per_floor":["M","?","M","$","M","E","$","E","T","R","?","$","E","M","R","B",null,"M","?","$","M","?","E"],"character_chosen":"WATCHER","items_purchased":["Discovery","WreathOfFlame","CutThroughFate","WheelKick","ReplayTheSpireMod:CursedCoin","InnerPeace"],"campfire_rested":0,"item_purchase_floors":[4,7,12,20,20,20],"current_hp_per_floor":[43,36,30,30,26,14,29,28,28,28,28,43,43,43,43,27,61,59,59,72,72,66,47,47],"gold":14,"neow_bonus":"RANDOM_COLORLESS_2","is_daily":false,"chose_seed":false,"campfire_upgraded":2,"win_rate":0.0,"timestamp":1613723134,"path_taken":["M","?","M","$","M","E","$","E","T","R","?","$","E","M","R","BOSS","M","?","?","?","?","E"],"items_purchased_type":["Card","Card","Card","Card","Relic","Card"],"build_version":"2020-12-22","purchased_purges":1,"victory":false,"max_hp_per_floor":[72,72,72,72,72,72,72,72,72,72,72,72,72,72,72,72,72,72,72,72,72,72,72,72],"relic_stats":{"counters":[11,43],"MealTicket":43,"obtain_stats":[{"reliquary:Sideboard":9,"ReplayTheSpireMod:CursedCoin":20,"MealTicket":6,"conspire:Boomerang":8,"Replay:Multitool":13,"PureWater":0,"reliquary:ThirdArm":17,"REME_ComplimentaryCards":0},{"reliquary:Sideboard":5,"ReplayTheSpireMod:CursedCoin":9,"MealTicket":4,"conspire:Boomerang":5,"Replay:Multitool":6,"PureWater":0,"reliquary:ThirdArm":8,"REME_ComplimentaryCards":0},{"reliquary:Sideboard":22,"ReplayTheSpireMod:CursedCoin":36,"MealTicket":18,"conspire:Boomerang":22,"Replay:Multitool":25,"PureWater":0,"reliquary:ThirdArm":33,"REME_ComplimentaryCards":0}]},"card_choices":[{"not_picked":["REME_AllRoundStrike","Magnetism"],"picked":"Apotheosis","floor":0.0},{"not_picked":["Worship","FlyingSleeves"],"picked":"ThirdEye","floor":1.0},{"not_picked":["Halt","Prostrate"],"picked":"CarveReality","floor":3.0},{"not_picked":["ThirdEye","Replay:Anticipation"],"picked":"WindmillStrike","floor":5.0},{"not_picked":["Halt","Omniscience"],"picked":"EmptyMind","floor":6.0},{"not_picked":["PathToVictory","SandsOfTime"],"picked":"Tantrum","floor":8.0},{"not_picked":["Halt","Weave"],"picked":"EmptyBody","floor":13.0},{"not_picked":["EmptyBody","DeceiveReality"],"picked":"Indignation","floor":14.0},{"not_picked":["Judgement","REME_WorshipGod"],"picked":"REME_CRH","floor":16.0},{"not_picked":["FlyingSleeves","Replay:BluntJabs","FlurryOfBlows"],"picked":"SKIP","floor":18.0},{"not_picked":["CarveReality+1","JustLucky"],"picked":"Indignation+1","floor":21.0}],"player_experience":1373922,"relics_obtained":[{"floor":6.0,"key":"MealTicket"},{"floor":8.0,"key":"conspire:Boomerang"},{"floor":9.0,"key":"reliquary:Sideboard"},{"floor":13.0,"key":"Replay:Multitool"}],"event_choices":[{"damage_healed":0.0,"max_hp_gain":0.0,"max_hp_loss":0.0,"gold_gain":0.0,"event_name":"conspire:Investor","player_choice":"Leave","floor":11.0,"gold_loss":0.0,"damage_taken":0.0},{"cards_removed":["Strike_P"],"damage_healed":0.0,"max_hp_gain":0.0,"max_hp_loss":0.0,"gold_gain":0.0,"event_name":"Beggar","player_choice":"Gave Gold","floor":19.0,"gold_loss":75.0,"damage_taken":0.0},{"damage_healed":0.0,"max_hp_gain":0.0,"max_hp_loss":0.0,"gold_gain":0.0,"event_name":"Nest","player_choice":"Joined the Cult","floor":22.0,"gold_loss":0.0,"damage_taken":6.0,"cards_obtained":["RitualDagger"]}],"is_beta":false,"boss_relics":[{"not_picked":["Coffee Dripper","energizedSpire:MagnifyingGlass"],"picked":"reliquary:ThirdArm"}],"items_purged_floors":[20],"is_endless":false,"potions_floor_spawned":[1,3,6,14,16],"killed_by":"Book of Stabbing","ascension_level":7}}