{"host":"ia9e4s524g7bamk7","time":1613717364,"event":{"mods":["AchievementEnabler","BaseMod","Colored Map","Minty Spire (QoL Compilation)","Permanent Neow","Slay-I","slay the spire mod where everything is the same but ironclad has a cowboy hat"],"gold_per_floor":[114,129,143,162,162,187,187,218,271,271,271,292,308,74,74,176,176,190,205,238,253,253,288,288,306,306,6,6,6,35,55,55,151,151,168,186,204,204,204,204,229,229,229,46,77,77,106,116,116,116,116,116,37,64,64,64],"floor_reached":55,"language":"ENG","playtime":5729,"items_purged":["Strike_P"],"score":1114,"play_id":"5665e1ac-df36-4e78-923f-e600abc145eb","local_time":"20210219074924","is_ascension_mode":true,"campfire_choices":[{"data":"Vigilance","floor":7.0,"key":"SMITH"},{"data":"Judgement","floor":10.0,"key":"SMITH"},{"data":"LessonLearned","floor":15.0,"key":"SMITH"},{"data":"Wallop","floor":24.0,"key":"SMITH"},{"data":"Bandage Up","floor":29.0,"key":"SMITH"},{"floor":32.0,"key":"REST"},{"data":"Panache","floor":40.0,"key":"SMITH"},{"data":"ForeignInfluence","floor":42.0,"key":"SMITH"},{"floor":49.0,"key":"RECALL"},{"data":"Fasting2","floor":52.0,"key":"SMITH"}],"circlet_count":0,"master_deck":["Strike_P+1","Strike_P+1","Defend_P+1","Defend_P+1","Defend_P+1","Eruption+1","Vigilance+1","Protect","EmptyFist+1","Conclude+1","EmptyBody","Judgement+1","LessonLearned+1","Consecrate+1","CutThroughFate+1","Ragnarok","DeusExMachina+1","Sanctity","ForeignInfluence+1","DeceiveReality+1","Wallop+1","Bandage Up+1","Halt+1","Wireheading+1","DevaForm","Panache+1","Violence","Fasting2+1","Impatience","WaveOfTheHand+1","Protect+1","Fasting2+1","Tantrum"],"relics":["Snecko Eye","Singing Bowl","Letter Opener","Centennial Puzzle","Vajra","Odd Mushroom","SlaversCollar","Red Mask","Incense Burner","Frozen Eye","Akabeko","TeardropLocket","Empty Cage","Unceasing Top","Shuriken","Whetstone","Darkstone Periapt","Toxic Egg 2","Pen Nib"],"acts_visited":["Exordium","TheCity","TheBeyond","TheEnding"],"potions_floor_usage":[55,55,55],"damage_taken":[{"damage":0.0,"enemies":"2 Louse","floor":1.0,"turns":1.0},{"damage":4.0,"enemies":"Jaw Worm","floor":2.0,"turns":3.0},{"damage":12.0,"enemies":"Small Slimes","floor":3.0,"turns":3.0},{"damage":8.0,"enemies":"Exordium Wildlife","floor":4.0,"turns":5.0},{"damage":10.0,"enemies":"Gremlin Nob","floor":6.0,"turns":3.0},{"damage":9.0,"enemies":"Lagavulin","floor":8.0,"turns":8.0},{"damage":2.0,"enemies":"The Mushroom Lair","floor":12.0,"turns":4.0},{"damage":0.0,"enemies":"Looter","floor":13.0,"turns":2.0},{"damage":0.0,"enemies":"Slime Boss","floor":16.0,"turns":5.0},{"damage":7.0,"enemies":"3 Byrds","floor":18.0,"turns":3.0},{"damage":2.0,"enemies":"Chosen","floor":19.0,"turns":3.0},{"damage":13.0,"enemies":"Masked Bandits","floor":20.0,"turns":5.0},{"damage":3.0,"enemies":"Snake Plant","floor":21.0,"turns":3.0},{"damage":0.0,"enemies":"Slavers","floor":23.0,"turns":6.0},{"damage":0.0,"enemies":"Cultist and Chosen","floor":25.0,"turns":7.0},{"damage":0.0,"enemies":"Gremlin Leader","floor":30.0,"turns":6.0},{"damage":13.0,"enemies":"Centurion and Healer","floor":31.0,"turns":4.0},{"damage":0.0,"enemies":"Champ","floor":33.0,"turns":10.0},{"damage":0.0,"enemies":"3 Shapes","floor":35.0,"turns":3.0},{"damage":0.0,"enemies":"Orb Walker","floor":36.0,"turns":1.0},{"damage":29.0,"enemies":"Writhing Mass","floor":37.0,"turns":6.0},{"damage":0.0,"enemies":"Giant Head","floor":41.0,"turns":7.0},{"damage":16.0,"enemies":"Reptomancer","floor":45.0,"turns":3.0},{"damage":25.0,"enemies":"Nemesis","floor":47.0,"turns":5.0},{"damage":6.0,"enemies":"4 Shapes","floor":48.0,"turns":2.0},{"damage":32.0,"enemies":"Donu and Deca","floor":50.0,"turns":8.0},{"damage":40.0,"enemies":"Shield and Spear","floor":54.0,"turns":6.0},{"damage":50,"enemies":"The Heart","floor":55,"turns":6}],"seed_played":"6694634487627274755","potions_obtained":[{"floor":4.0,"key":"Explosive Potion"},{"floor":6.0,"key":"ColorlessPotion"},{"floor":12.0,"key":"Regen Potion"},{"floor":19.0,"key":"Dexterity Potion"},{"floor":20.0,"key":"EssenceOfSteel"},{"floor":23.0,"key":"AttackPotion"},{"floor":31.0,"key":"Fire Potion"},{"floor":37.0,"key":"EntropicBrew"},{"floor":45.0,"key":"Strength Potion"},{"floor":47.0,"key":"Energy Potion"},{"floor":48.0,"key":"Strength Potion"},{"floor":54.0,"key":"EssenceOfSteel"}],"is_trial":false,"path_per_floor":["M","M","M","M","?","E","R","E","T","R","$","?","M","$","R","B",null,"M","M","?","M","?","E","R","M","T","$","?","R","E","M","R","B",null,"M","M","M","?","?","R","E","R","T","$","E","?","E","M","R","B",null,"R","$","E","B"],"character_chosen":"WATCHER","items_purchased":["Ragnarok","Frozen Eye","Akabeko","Fasting2","Whetstone","Fasting2"],"campfire_rested":1,"item_purchase_floors":[14,27,27,44,44,53],"current_hp_per_floor":[72,68,56,48,45,35,35,26,26,26,26,24,24,24,24,24,72,65,63,50,47,47,49,49,51,51,51,39,39,45,38,60,66,76,78,80,59,59,51,51,71,71,71,71,63,63,44,44,44,18,84,84,84,44,0,0],"gold":64,"neow_bonus":"BOSS_RELIC","is_daily":false,"chose_seed":false,"campfire_upgraded":8,"win_rate":0.0,"timestamp":1613717364,"path_taken":["M","M","M","M","?","E","R","E","T","R","$","?","M","$","R","BOSS","M","M","?","M","?","E","R","M","T","$","?","R","E","?","R","BOSS","M","M","M","?","?","R","E","R","T","$","E","?","E","M","R","BOSS","R","$","E","BOSS"],"items_purchased_type":["Card","Relic","Relic","Card","Relic","Card"],"build_version":"2020-12-22","purchased_purges":1,"victory":false,"max_hp_per_floor":[72,72,72,72,72,72,72,72,72,72,72,72,72,72,72,72,72,72,72,72,72,72,74,74,76,76,76,76,76,76,76,76,76,76,78,80,82,78,80,80,82,82,82,82,84,84,84,84,84,84,84,84,84,84,84,84],"card_choices":[{"not_picked":["ThirdEye","Prostrate"],"picked":"Protect","floor":1.0},{"not_picked":["Prostrate","WaveOfTheHand"],"picked":"EmptyFist","floor":2.0},{"not_picked":["Nirvana","CutThroughFate"],"picked":"Conclude","floor":3.0},{"not_picked":["Crescendo","FollowUp"],"picked":"EmptyBody","floor":4.0},{"not_picked":["Alpha","Evaluate"],"picked":"Judgement","floor":6.0},{"not_picked":["FlyingSleeves","CarveReality"],"picked":"LessonLearned","floor":8.0},{"not_picked":["Worship","SignatureMove"],"picked":"Consecrate","floor":12.0},{"not_picked":["ClearTheMind","JustLucky"],"picked":"CutThroughFate","floor":13.0},{"not_picked":["ConjureBlade","Brilliance"],"picked":"DeusExMachina","floor":16.0},{"not_picked":["FlurryOfBlows+1","Nirvana+1"],"picked":"Sanctity","floor":18.0},{"not_picked":["CrushJoints+1","JustLucky"],"picked":"ForeignInfluence","floor":19.0},{"not_picked":["Weave","FlyingSleeves"],"picked":"DeceiveReality+1","floor":20.0},{"not_picked":["EmptyBody","BowlingBash+1"],"picked":"Wallop","floor":21.0},{"not_picked":["Prostrate","Collect","InnerPeace+1"],"picked":"Singing Bowl","floor":23.0},{"not_picked":["SignatureMove","FollowUp","EmptyFist"],"picked":"Singing Bowl","floor":25.0},{"not_picked":["Evaluate","WreathOfFlame"],"picked":"Halt+1","floor":30.0},{"not_picked":["Indignation","FlurryOfBlows"],"picked":"Wireheading+1","floor":31.0},{"not_picked":["LessonLearned","ConjureBlade"],"picked":"DevaForm","floor":33.0},{"not_picked":["ClearTheMind+1","EmptyBody","CrushJoints"],"picked":"Singing Bowl","floor":35.0},{"not_picked":["Halt","FlyingSleeves","FlurryOfBlows"],"picked":"Singing Bowl","floor":36.0},{"not_picked":["BowlingBash+1","Consecrate","Crescendo+1"],"picked":"Singing Bowl","floor":37.0},{"not_picked":["Discovery","The Bomb"],"picked":"Panache","floor":39.0},{"not_picked":["Swift Strike","Jack Of All Trades","Finesse"],"picked":"Singing Bowl","floor":39.0},{"not_picked":["Discovery","Finesse"],"picked":"Violence","floor":39.0},{"not_picked":["FlurryOfBlows","ClearTheMind+1","EmptyBody+1"],"picked":"Singing Bowl","floor":41.0},{"not_picked":["Evaluate","Vengeance+1","LessonLearned"],"picked":"Singing Bowl","floor":45.0},{"not_picked":["Prostrate+1","WindmillStrike"],"picked":"WaveOfTheHand+1","floor":47.0},{"not_picked":["Perseverance+1","EmptyFist"],"picked":"Protect+1","floor":48.0},{"not_picked":["WreathOfFlame+1","BattleHymn+1"],"picked":"Tantrum","floor":54.0}],"player_experience":382936,"relics_obtained":[{"floor":6.0,"key":"Letter Opener"},{"floor":8.0,"key":"Centennial Puzzle"},{"floor":9.0,"key":"Vajra"},{"floor":12.0,"key":"Odd Mushroom"},{"floor":20.0,"key":"Red Mask"},{"floor":23.0,"key":"Incense Burner"},{"floor":30.0,"key":"TeardropLocket"},{"floor":41.0,"key":"Unceasing Top"},{"floor":43.0,"key":"Shuriken"},{"floor":45.0,"key":"Darkstone Periapt"},{"floor":47.0,"key":"Toxic Egg 2"},{"floor":54.0,"key":"Pen Nib"}],"event_choices":[{"damage_healed":0.0,"max_hp_gain":0.0,"max_hp_loss":0.0,"gold_gain":0.0,"event_name":"Scrap Ooze","player_choice":"Success","floor":5.0,"gold_loss":0.0,"damage_taken":3.0,"relics_obtained":["Singing Bowl"]},{"damage_healed":0.0,"max_hp_gain":0.0,"max_hp_loss":0.0,"gold_gain":0.0,"event_name":"Mushrooms","player_choice":"Fought Mushrooms","floor":12.0,"gold_loss":0.0,"damage_taken":0.0},{"damage_healed":0.0,"max_hp_gain":0.0,"max_hp_loss":0.0,"gold_gain":0.0,"event_name":"Masked Bandits","player_choice":"Fought Bandits","floor":20.0,"gold_loss":0.0,"damage_taken":0.0},{"damage_healed":0.0,"max_hp_gain":0.0,"max_hp_loss":0.0,"gold_gain":0.0,"event_name":"Ghosts","player_choice":"Ignored","floor":22.0,"gold_loss":0.0,"damage_taken":0.0},{"damage_healed":0.0,"max_hp_gain":0.0,"max_hp_loss":0.0,"gold_gain":0.0,"event_name":"Knowing Skull","player_choice":"CARD ","floor":28.0,"potions_obtained":[],"gold_loss":0.0,"damage_taken":12.0,"cards_obtained":["Bandage Up"]},{"damage_healed":0.0,"max_hp_gain":0.0,"max_hp_loss":4.0,"gold_gain":0.0,"event_name":"Winding Halls","player_choice":"Max HP","floor":38.0,"gold_loss":0.0,"damage_taken":0.0},{"damage_healed":0.0,"max_hp_gain":0.0,"max_hp_loss":0.0,"gold_gain":0.0,"event_name":"SensoryStone","player_choice":"Memory 3","floor":39.0,"gold_loss":0.0,"damage_taken":10.0},{"damage_healed":0.0,"max_hp_gain":0.0,"max_hp_loss":0.0,"gold_gain":0.0,"event_name":"Match and Keep!","player_choice":"1 cards matched","floor":46.0,"gold_loss":0.0,"damage_taken":0.0,"cards_obtained":["Impatience"]}],"is_beta":false,"boss_relics":[{"not_picked":["Ectoplasm","Velvet Choker"],"picked":"SlaversCollar"},{"not_picked":["Calling Bell","SacredBark"],"picked":"Empty Cage"}],"items_purged_floors":[14],"is_endless":false,"potions_floor_spawned":[4,6,12,13,16,19,20,23,31,37,45,47,48,54],"killed_by":"The Heart","ascension_level":4}}