{"host":"lnfs5t5iydkm2lft","time":1613694482,"event":{"mods":["AchievementEnabler","Aspiration","BaseMod","Better Third Choice","BetterRewards","Colored Powertips","Downfall","Hermit","Hubris","Infinite Spire","Marisa????????","Minty Spire (QoL Compilation)","Quick Restart","Replay The Spire","StSLib","The Runesmith","The Senshi","TheBandit","everything is the same but u backflip on backflip"],"gold_per_floor":[109,129,129,142,112,112,137,178,178,178,196,237,237,258,258,382,382,398,85,99,118,118,118,161,161,233,233,233,233],"floor_reached":27,"language":"ENG","playtime":3272,"items_purged":["wariomod:Defend"],"score":268,"play_id":"ee02b59b-4f3b-4536-9c64-ddc12a60b561","local_time":"20210218182802","is_ascension_mode":false,"campfire_choices":[{"data":"wariomod:RacingSpeed","floor":6,"key":"SMITH"},{"data":"wariomod:Boomsmack","floor":10,"key":"SMITH"},{"floor":15,"key":"REST"},{"data":"wariomod:GodlyGift","floor":23,"key":"SMITH"},{"floor":25,"key":"REST"}],"circlet_count":0,"master_deck":["wariomod:Strike","wariomod:Strike","wariomod:Strike","wariomod:Defend","wariomod:Defend","wariomod:Defend","wariomod:Step","wariomod:Leap","wariomod:Boomsmack+1","wariomod:SimpleShield","wariomod:BodyBlock","wariomod:RacingSpeed+1","wariomod:Bombtime","wariomod:Hopshield","wariomod:GodlyGift+1","wariomod:TreasureDig","wariomod:SpacialMastery","wariomod:Immortalize","wariomod:Hopshield"],"relics":["wariomod:TheHat","Vajra","WingedGreaves","Medical Kit","Golden Idol","Durian","Mirror","aspiration:TomeofQuesting","Painkiller Herb","hubris:SphereOfDissonance","Pen Nib","Bottled Tornado"],"acts_visited":["Exordium","TheCity"],"potions_floor_usage":[16,16,20,24],"damage_taken":[{"damage":0,"enemies":"Small Slimes","floor":1,"turns":3},{"damage":0,"enemies":"Cultist","floor":2,"turns":3},{"damage":1,"enemies":"Jaw Worm","floor":4,"turns":4},{"damage":0,"enemies":"Looter","floor":5,"turns":4},{"damage":0,"enemies":"Red Slaver","floor":7,"turns":3},{"damage":0,"enemies":"Replay:BlueRogue","floor":8,"turns":6},{"damage":0,"enemies":"2 Fungi Beasts","floor":11,"turns":3},{"damage":10,"enemies":"3 Sentries","floor":12,"turns":6},{"damage":16,"enemies":"Large Slime","floor":14,"turns":4},{"damage":97,"enemies":"The Guardian","floor":16,"turns":15},{"damage":0,"enemies":"Chosen","floor":18,"turns":2},{"damage":0,"enemies":"3 Byrds","floor":20,"turns":2},{"damage":21,"enemies":"Shelled Parasite and Fungi","floor":21,"turns":8},{"damage":24,"enemies":"Book of Stabbing","floor":24,"turns":5},{"damage":0,"enemies":"3 Cultists","floor":27,"turns":4}],"seed_played":"-7683962489344866711","potions_obtained":[{"floor":4,"key":"SneckoOil"},{"floor":11,"key":"SpeedPotion"},{"floor":12,"key":"FearPotion"},{"floor":13,"key":"FairyPotion"},{"floor":13,"key":"Languid Potion"},{"floor":16,"key":"DistilledChaos"},{"floor":18,"key":"hexamod:SoulburnPotion"},{"floor":20,"key":"Block Potion"},{"floor":24,"key":"FearPotion"}],"is_trial":false,"path_per_floor":["M","M","?","M","M","R","M","E","T","R","M","E","?","M","R","B",null,"?","T","?","?","?","T","E","T","T","?"],"character_chosen":"THE_BANDIT","items_purchased":["Vajra","wariomod:Boomsmack","wariomod:SimpleShield","Medical Kit","wariomod:BodyBlock","hubris:SphereOfDissonance"],"campfire_rested":2,"item_purchase_floors":[0,0,0,0,0,19],"current_hp_per_floor":[80,80,60,59,59,59,59,64,64,64,64,54,54,38,63,16,85,85,85,85,64,64,64,40,65,65,65,65,65],"gold":233,"neow_bonus":"","is_daily":false,"chose_seed":false,"campfire_upgraded":3,"win_rate":0.0,"timestamp":1613694482,"path_taken":["M","M","?","M","M","R","M","E","T","R","M","E","?","M","R","BOSS","?","?","?","?","?","T","E","T","T","?"],"items_purchased_type":["Relic","Card","Card","Relic","Card","Relic"],"build_version":"2020-12-22","purchased_purges":1,"victory":false,"max_hp_per_floor":[80,80,80,80,80,80,80,85,85,85,85,85,85,85,85,85,85,85,85,85,85,85,85,85,85,85,85,85,85],"card_choices":[{"not_picked":["wariomod:DamnedStrength","wariomod:SmackSlam"],"picked":"wariomod:RacingSpeed","floor":1},{"not_picked":["wariomod:DanceDash","wariomod:BoomBoom"],"picked":"wariomod:Bombtime","floor":2},{"not_picked":["wariomod:DiceyMove","wariomod:ChargeForth","wariomod:DanceDash"],"picked":"SKIP","floor":4},{"not_picked":["wariomod:Game","wariomod:DonateDraw"],"picked":"wariomod:Hopshield","floor":5},{"not_picked":["wariomod:Boomsmack","wariomod:ImFeelingLucky","wariomod:DiceyMove"],"picked":"SKIP","floor":7},{"not_picked":["wariomod:BlastDash","wariomod:Goblast","wariomod:ThatsNotAll"],"picked":"SKIP","floor":8},{"not_picked":["wariomod:TreasureDig","wariomod:SmallSprint"],"picked":"wariomod:GodlyGift","floor":11},{"not_picked":["wariomod:ChargeForth","wariomod:BlastDash"],"picked":"wariomod:TreasureDig","floor":12},{"not_picked":["wariomod:Goblast","wariomod:SpikeSlash","wariomod:AwfulLook"],"picked":"SKIP","floor":14},{"not_picked":["wariomod:BoomAndDoom","wariomod:GodlyGift"],"picked":"wariomod:SpacialMastery","floor":16},{"not_picked":["wariomod:DamnedStrength","wariomod:SpikeSlash"],"picked":"wariomod:Immortalize","floor":18},{"not_picked":["wariomod:DeepDig","wariomod:Goblast","wariomod:SimpleShield+1"],"picked":"SKIP","floor":20},{"not_picked":["wariomod:SmallSprint","wariomod:AwfulLook","wariomod:BodyBlock"],"picked":"SKIP","floor":21},{"not_picked":["wariomod:Bombtime+1","wariomod:AwfulLook","wariomod:ImFeelingLucky"],"picked":"SKIP","floor":24}],"player_experience":385495,"relics_obtained":[{"floor":8,"key":"Durian"},{"floor":9,"key":"Mirror"},{"floor":12,"key":"aspiration:TomeofQuesting"},{"floor":24,"key":"Pen Nib"},{"floor":26,"key":"Bottled Tornado"}],"event_choices":[{"damage_healed":0,"gold_gain":0,"player_choice":"Take Damage","damage_taken":20,"relics_obtained":["Golden Idol"],"max_hp_gain":0,"max_hp_loss":0,"event_name":"Golden Idol","floor":3,"gold_loss":0},{"damage_healed":0,"gold_gain":0,"player_choice":"Got Potions","damage_taken":0,"max_hp_gain":0,"max_hp_loss":0,"event_name":"Lab","floor":13,"gold_loss":0},{"damage_healed":0,"gold_gain":0,"cards_transformed":["wariomod:Strike"],"player_choice":"Transformed","damage_taken":0,"max_hp_gain":0,"max_hp_loss":0,"event_name":"Transmorgrifier","floor":22,"gold_loss":0,"cards_obtained":["wariomod:Hopshield"]}],"is_beta":false,"boss_relics":[{"not_picked":["wariomod:DoomHat","Replay:Wanted Poster"],"picked":"Painkiller Herb"}],"items_purged_floors":[19],"is_endless":false,"potions_floor_spawned":[4,11,12,14,16,18,20,24],"killed_by":"3 Cultists","ascension_level":0}}