{"host":"o1scrl1hgy598kuq","time":1613720567,"event":{"mods":["BaseMod","Colored Map","Colored Powertips","Minty Spire (QoL Compilation)","Remilia??????","Replay The Spire","Shop Mod","StSLib","The Jungle","The Marked","The Servant 0.9.4"],"gold_per_floor":[14,14,24,99,99,99,129,142,142,170,170,180,145,176,176,275,275,289,289,304,79,99,133,133,133,133,163,263,263,443,462,462,563,563,581,182,200,102,113,139,151,151,151,182,182,182,193,213,213,213,213,213,39,64,64],"floor_reached":56,"language":"ENG","playtime":3623,"items_purged":["Defend_B","Dualcast","Compile Driver","Scrape+1"],"score":1631,"play_id":"a576a0f2-8bac-4ff1-baa5-3a100734a8ff","local_time":"20210219014247","is_ascension_mode":true,"campfire_choices":[{"data":"Zap","floor":6,"key":"SMITH"},{"floor":11,"key":"REST"},{"data":"Defragment","floor":15,"key":"SMITH"},{"data":"ReplayTheSpireMod:Calculation Training","floor":24,"key":"SMITH"},{"floor":29,"key":"REST"},{"floor":32,"key":"REST"},{"data":"Capacitor","floor":42,"key":"SMITH"},{"floor":46,"key":"RECALL"},{"data":"FIFO Queue","floor":49,"key":"SMITH"},{"data":"Creative AI","floor":52,"key":"SMITH"}],"circlet_count":0,"master_deck":["Zap+1","Glacier","ReplayTheSpireMod:Calculation Training+1","Defragment+1","Stack","Loop","FIFO Queue+1","Electrodynamics","Coolheaded+1","Chill+1","Pot Of Greed","Pot Of Greed","ReplayTheSpireMod:System Scan+1","Seek+1","Reinforced Body+1","Capacitor+1","Skim+1","Turbo+1","Pot Of Greed+1","Consume+1","ReplayTheSpireMod:Private Reserves+1","Storm","Turbo+1","Madness+1","Madness+1","Creative AI+1","Chill+1"],"relics":["Cracked Core","ReplayTheSpireMod:Ring of Collecting","Ring of Hypnosis","Molten Egg 2","Enchiridion","Bottled Lightning","Ring of Shattering","Cables","Toxic Egg 2","Counterbalance","InkBottle","MerchantsRug","Bag of Preparation","ReplayTheSpireMod:Ring of Challenge","Blue Candle","Runic Capacitor","ReplayTheSpireMod:Shallot"],"acts_visited":["Exordium","TheCity","TheBeyond","TheEnding"],"potions_floor_usage":[16,22,27,28,28,31,33,54,55,55],"damage_taken":[{"damage":0,"enemies":"2 Louse","floor":1,"turns":2},{"damage":0,"enemies":"Small Slimes","floor":3,"turns":2},{"damage":41,"enemies":"Gremlin Nob","floor":7,"turns":5},{"damage":6,"enemies":"Jaw Worm","floor":8,"turns":2},{"damage":5,"enemies":"3 Sentries","floor":10,"turns":11},{"damage":3,"enemies":"2 Fungi Beasts","floor":12,"turns":3},{"damage":2,"enemies":"Lagavulin","floor":14,"turns":8},{"damage":34,"enemies":"Fading Forest","floor":16,"turns":11},{"damage":22,"enemies":"3 Byrds","floor":18,"turns":3},{"damage":0,"enemies":"Chosen","floor":20,"turns":6},{"damage":0,"enemies":"Centurion and Healer","floor":22,"turns":3},{"damage":22,"enemies":"Slavers","floor":23,"turns":5},{"damage":0,"enemies":"Gremlin Leader","floor":27,"turns":6},{"damage":4,"enemies":"Colosseum Slavers","floor":28,"turns":3},{"damage":13,"enemies":"Colosseum Nobs","floor":28,"turns":4},{"damage":0,"enemies":"Snake Plant","floor":31,"turns":5},{"damage":22,"enemies":"Pondfish","floor":33,"turns":9},{"damage":0,"enemies":"3 Shapes","floor":35,"turns":3},{"damage":3,"enemies":"Orb Walker","floor":37,"turns":3},{"damage":5,"enemies":"Spire Growth","floor":39,"turns":4},{"damage":7,"enemies":"Giant Head","floor":40,"turns":6},{"damage":0,"enemies":"3 Darklings","floor":41,"turns":1},{"damage":6,"enemies":"R_Hoarder","floor":44,"turns":5},{"damage":0,"enemies":"4 Shapes","floor":47,"turns":1},{"damage":12,"enemies":"Writhing Mass","floor":48,"turns":3},{"damage":0,"enemies":"Replay:Hell Engine","floor":50,"turns":8},{"damage":0,"enemies":"Shield and Spear","floor":54,"turns":4},{"damage":100,"enemies":"The Heart","floor":55,"turns":7}],"seed_played":"-2415307225261096188","potions_obtained":[{"floor":10,"key":"Languid Potion"},{"floor":14,"key":"Fire Potion"},{"floor":16,"key":"Swift Potion"},{"floor":20,"key":"EssenceOfDarkness"},{"floor":23,"key":"PotionOfCapacity"},{"floor":27,"key":"FocusPotion"},{"floor":28,"key":"Weak Potion"},{"floor":41,"key":"Energy Potion"},{"floor":44,"key":"BlessingOfTheForge"},{"floor":47,"key":"SkillPotion"}],"is_trial":false,"path_per_floor":["M","?","M","?","?","R","E","M","T","E","R","M","?","E","R","B",null,"M","?","M","$","M","E","R","$","T","E","?","R","?","M","R","B",null,"M","$","M","$","M","E","M","R","T","E","?","R","M","M","R","B",null,"R","$","E","B",null],"character_chosen":"DEFECT","items_purchased":["Grinning Jar","MerchantsRug","Orrery","ReplayTheSpireMod:Private Reserves+1","Storm","Runic Capacitor"],"campfire_rested":3,"item_purchase_floors":[21,36,36,38,38,53],"current_hp_per_floor":[75,75,75,64,64,64,37,31,31,26,52,49,71,69,69,47,89,67,51,51,51,53,33,33,33,33,35,18,46,27,29,58,36,97,99,105,104,104,101,94,96,96,96,92,78,78,78,66,66,66,113,113,113,113,13],"gold":64,"neow_bonus":"REMOVE_TWO","is_daily":false,"chose_seed":false,"campfire_upgraded":6,"win_rate":0.0,"timestamp":1613720567,"path_taken":["M","?","M","?","?","R","E","M","T","E","R","M","?","E","R","BOSS","M","?","M","$","M","E","R","$","T","E","?","R","?","M","R","BOSS","M","$","?","$","M","E","M","R","T","E","?","R","M","M","R","BOSS","R","$","E","BOSS"],"items_purchased_type":["Relic","Relic","Relic","Card","Card","Relic"],"build_version":"2020-12-22","purchased_purges":4,"victory":true,"max_hp_per_floor":[75,75,75,75,75,75,89,89,89,89,89,89,89,89,89,89,89,89,89,89,89,91,93,93,93,93,95,95,95,95,97,97,97,97,99,105,107,107,109,109,111,111,111,113,113,113,113,113,113,113,113,113,113,113,113],"card_choices":[{"not_picked":["Steam","Coolheaded"],"picked":"Compile Driver","floor":1},{"not_picked":["Turbo","Undo"],"picked":"Glacier","floor":3},{"not_picked":["ReplayTheSpireMod:System Scan","Cold Snap"],"picked":"ReplayTheSpireMod:Calculation Training","floor":7},{"not_picked":["Crystallizer","Rip and Tear"],"picked":"Defragment","floor":8},{"not_picked":["Biased Cognition","Panic Button"],"picked":"Stack","floor":10},{"not_picked":["Coolheaded","Rebound+1"],"picked":"Loop","floor":12},{"not_picked":["Darkness","Compile Driver+1"],"picked":"FIFO Queue","floor":14},{"not_picked":["Hyperbeam+1","Seek"],"picked":"Electrodynamics","floor":16},{"not_picked":["Beam Cell+1","Doom and Gloom+1"],"picked":"Coolheaded+1","floor":18},{"not_picked":["Beam Cell+1","Go for the Eyes+1"],"picked":"Chill+1","floor":20},{"not_picked":["Turbo+1","Conserve Battery","ReplayTheSpireMod:Repulse+1"],"picked":"Singing Bowl","floor":22},{"not_picked":["Ball Lightning+1","Fission","Panic Button"],"picked":"Singing Bowl","floor":23},{"not_picked":["Coolheaded+1","Compile Driver+1","Panic Button+1"],"picked":"Singing Bowl","floor":27},{"not_picked":["Cold Snap+1","Streamline+1"],"picked":"ReplayTheSpireMod:System Scan+1","floor":28},{"not_picked":["Compile Driver+1","Reinforced Body+1","Coolheaded+1"],"picked":"Singing Bowl","floor":31},{"not_picked":["ReplayRNGCard+1","Meteor Strike+1"],"picked":"Seek+1","floor":33},{"not_picked":["Redo+1","Rebound+1","Cold Snap+1"],"picked":"Singing Bowl","floor":35},{"not_picked":["Compile Driver+1","Steam Power+1"],"picked":"Turbo+1","floor":36},{"not_picked":["Static Discharge","Rebound+1","Mirror Shield+1"],"picked":"Singing Bowl","floor":36},{"not_picked":["Compile Driver+1","Go for the Eyes+1"],"picked":"Consume+1","floor":36},{"not_picked":["Rainbow+1","Stack+1","Ball Lightning+1"],"picked":"Singing Bowl","floor":36},{"not_picked":["Self Repair+1","Panic Button+1","Redo+1"],"picked":"Singing Bowl","floor":36},{"not_picked":["Consume+1","Barrage+1","Reinforced Body+1"],"picked":"Singing Bowl","floor":37},{"not_picked":["Go for the Eyes+1","Barrage+1","Steam+1"],"picked":"Singing Bowl","floor":39},{"not_picked":["Doom and Gloom+1","Stack+1"],"picked":"Turbo+1","floor":40},{"not_picked":["Go for the Eyes+1","Steam+1","Static Discharge"],"picked":"Singing Bowl","floor":41},{"not_picked":["BasicCrystalCard+1","Reinforced Body+1","Turbo+1"],"picked":"Singing Bowl","floor":44},{"not_picked":["Reprogram+1","BasicCrystalCard+1"],"picked":"Creative AI","floor":47},{"not_picked":["Steam+1","FTL+1"],"picked":"Chill+1","floor":48},{"not_picked":["Streamline+1","Barrage+1","Ball Lightning+1"],"picked":"SKIP","floor":54}],"player_experience":268724,"relics_obtained":[{"floor":5,"key":"ReplayTheSpireMod:Ring of Collecting"},{"floor":5,"key":"Ring of Hypnosis"},{"floor":7,"key":"Mango"},{"floor":9,"key":"Molten Egg 2"},{"floor":10,"key":"Bottled Flame"},{"floor":14,"key":"Singing Bowl"},{"floor":19,"key":"Enchiridion"},{"floor":23,"key":"Bottled Lightning"},{"floor":26,"key":"Ring of Shattering"},{"floor":26,"key":"Cables"},{"floor":27,"key":"Toxic Egg 2"},{"floor":28,"key":"Counterbalance"},{"floor":28,"key":"InkBottle"},{"floor":40,"key":"Bag of Preparation"},{"floor":43,"key":"ReplayTheSpireMod:Ring of Challenge"},{"floor":44,"key":"Blue Candle"},{"floor":54,"key":"ReplayTheSpireMod:Shallot"}],"event_choices":[{"damage_healed":0,"gold_gain":75,"player_choice":"Gather Gold","damage_taken":11,"max_hp_gain":0,"max_hp_loss":0,"event_name":"World of Goop","floor":4,"gold_loss":0},{"damage_healed":22,"gold_gain":0,"player_choice":"Healed","damage_taken":0,"max_hp_gain":0,"max_hp_loss":0,"event_name":"The Cleric","floor":13,"gold_loss":35},{"damage_healed":0,"gold_gain":0,"player_choice":"Obtained Book","damage_taken":16,"max_hp_gain":0,"max_hp_loss":0,"event_name":"Cursed Tome","floor":19,"gold_loss":0},{"damage_healed":0,"gold_gain":0,"player_choice":"Fight","damage_taken":0,"max_hp_gain":0,"max_hp_loss":0,"event_name":"Colosseum","floor":28,"gold_loss":0},{"damage_healed":0,"gold_gain":0,"player_choice":"Fought Nobs","damage_taken":0,"max_hp_gain":0,"max_hp_loss":0,"event_name":"Colosseum","floor":28,"gold_loss":0},{"damage_healed":0,"gold_gain":180,"player_choice":"GOLD GOLD ","damage_taken":19,"max_hp_gain":0,"max_hp_loss":0,"event_name":"Knowing Skull","floor":30,"potions_obtained":[],"gold_loss":0,"cards_obtained":[]},{"damage_healed":0,"gold_gain":0,"player_choice":"Embrace Madness","damage_taken":14,"max_hp_gain":0,"max_hp_loss":0,"event_name":"Winding Halls","floor":45,"gold_loss":0,"cards_obtained":["Madness","Madness"]}],"is_beta":false,"boss_relics":[{"not_picked":["Coffee Dripper","Fusion Hammer","ReplayTheSpireMod:DimensionalGlitch"]},{"not_picked":["Calling Bell","Nuclear Battery"],"picked":"Pandora\u0027s Box"}],"items_purged_floors":[21,36,38,53],"is_endless":false,"potions_floor_spawned":[10,14,16,20,23,27,28,41,44,47,48],"ascension_level":4}}