{"host":"me7pax5d7uwssv6n","time":1613726425,"event":{"mods":["BaseMod","Minty Spire (QoL Compilation)","StSLib","The Runesmith"],"gold_per_floor":[112,131,144,159,176,176,211,286,286,286,321,331,348,348,348,452,452,471,485,293,307,322,353,368,241,241,241,269,128,145,34,34,137,137,151,164,264,281,296,296,314,314,366,398,409,409,409,190,190,190,190,190,70,101,101],"floor_reached":56,"language":"ENG","playtime":7178,"items_purged":["Runesmith:Strike_RS","Runesmith:Strike_RS","Runesmith:Strike_RS","Writhe"],"score":1183,"play_id":"80f9d578-a258-40e3-86e2-2a01009f4a77","local_time":"20210219172025","is_ascension_mode":false,"campfire_choices":[{"data":"Runesmith:HammerThrow","floor":6,"key":"SMITH"},{"data":"Runesmith:HammerThrow","floor":15,"key":"SMITH"},{"data":"Runesmith:Grindstone","floor":32,"key":"SMITH"},{"floor":40,"key":"REST"},{"data":"Runesmith:GrandSlam","floor":46,"key":"SMITH"},{"floor":49,"key":"RECALL"},{"data":"Runesmith:LithiumIon","floor":52,"key":"SMITH"}],"circlet_count":0,"master_deck":["Runesmith:Strike_RS","Runesmith:Defend_RS","Runesmith:Defend_RS","Runesmith:CraftFirestone","Runesmith:Fortify","Runesmith:HammerThrow+1","Runesmith:UnstableHammer","Runesmith:OneForEveryone","Runesmith:ReplicatingBarrier","Runesmith:EarthShield","Runesmith:LithiumIon+1","Runesmith:HammerThrow+1","Runesmith:Supernova","Runesmith:Grindstone+1","Runesmith:CraftMagma","Runesmith:UnstableHammer","Runesmith:LithiumIon","Runesmith:GrandSlam+1","Runesmith:Firestorm+1","Runesmith:BackupBattery","Runesmith:Malloc","Runesmith:UnlimitedPower"],"relics":["Runesmith:BrokenRuby","NeowsBlessing","Potion Belt","Ice Cream","Mercury Hourglass","Membership Card","Bird Faced Urn","Toolbox","Pantograph","Lantern","Runesmith:MiniCore","Empty Cage","Pen Nib","CaptainsWheel","Bag of Preparation","Shuriken","Runesmith:EmergencyProvisions"],"acts_visited":["Exordium","TheCity","TheBeyond","TheEnding"],"potions_floor_usage":[21,22,23,23,24,24,24,24,28,38,39,41,41,50,55,55,55],"damage_taken":[{"damage":0,"enemies":"Cultist","floor":1,"turns":1},{"damage":0,"enemies":"Jaw Worm","floor":2,"turns":1},{"damage":0,"enemies":"Small Slimes","floor":3,"turns":1},{"damage":2,"enemies":"3 Louse","floor":4,"turns":4},{"damage":13,"enemies":"Exordium Thugs","floor":5,"turns":4},{"damage":1,"enemies":"Lagavulin","floor":7,"turns":6},{"damage":14,"enemies":"3 Sentries","floor":11,"turns":8},{"damage":1,"enemies":"Exordium Wildlife","floor":12,"turns":4},{"damage":0,"enemies":"Gremlin Gang","floor":13,"turns":3},{"damage":1,"enemies":"The Guardian","floor":16,"turns":9},{"damage":4,"enemies":"Spheric Guardian","floor":18,"turns":4},{"damage":2,"enemies":"Shell Parasite","floor":19,"turns":5},{"damage":0,"enemies":"3 Cultists","floor":21,"turns":6},{"damage":17,"enemies":"Shelled Parasite and Fungi","floor":22,"turns":9},{"damage":24,"enemies":"Gremlin Leader","floor":23,"turns":7},{"damage":2,"enemies":"Chosen and Byrds","floor":24,"turns":6},{"damage":0,"enemies":"Book of Stabbing","floor":28,"turns":6},{"damage":2,"enemies":"3 Cultists","floor":30,"turns":5},{"damage":5,"enemies":"Automaton","floor":33,"turns":6},{"damage":12,"enemies":"Orb Walker","floor":35,"turns":4},{"damage":31,"enemies":"3 Darklings","floor":36,"turns":6},{"damage":5,"enemies":"Spire Growth","floor":38,"turns":4},{"damage":24,"enemies":"4 Shapes","floor":39,"turns":6},{"damage":12,"enemies":"Jaw Worm Horde","floor":41,"turns":3},{"damage":7,"enemies":"Giant Head","floor":44,"turns":7},{"damage":10,"enemies":"Spire Growth","floor":45,"turns":4},{"damage":27,"enemies":"Awakened One","floor":50,"turns":9},{"damage":40,"enemies":"Shield and Spear","floor":54,"turns":5},{"damage":69,"enemies":"The Heart","floor":55,"turns":9}],"seed_played":"-4088202456448295092","potions_obtained":[{"floor":1,"key":"Dexterity Potion"},{"floor":4,"key":"AttackPotion"},{"floor":11,"key":"SpeedPotion"},{"floor":13,"key":"Energy Potion"},{"floor":19,"key":"BlessingOfTheForge"},{"floor":21,"key":"EntropicBrew"},{"floor":28,"key":"SpeedPotion"},{"floor":35,"key":"SteroidPotion"},{"floor":38,"key":"PowerPotion"},{"floor":39,"key":"SkillPotion"},{"floor":45,"key":"ColorlessPotion"},{"floor":54,"key":"BlessingOfTheForge"}],"is_trial":false,"path_per_floor":["M","M","M","M","M","R","E","?","T","?","E","M","M","?","R","B",null,"M","M","$","M","M","E","M","$","T","?","E","$","M","$","R","B",null,"M","M","?","M","M","R","M","?","T","E","M","R","?","$","R","B",null,"R","$","E","B",null],"character_chosen":"RUNESMITH_CLASS","items_purchased":["Membership Card","Toolbox","Lantern","Runesmith:MiniCore","Runesmith:LithiumIon","Runesmith:UnlimitedPower","Bag of Preparation","Shuriken"],"campfire_rested":1,"item_purchase_floors":[20,25,29,31,31,48,48,53],"current_hp_per_floor":[70,70,70,68,55,55,54,43,43,43,29,28,28,51,51,50,70,66,64,64,64,47,23,25,25,25,25,29,29,31,31,31,59,70,58,35,35,38,24,45,41,41,41,42,40,40,58,58,58,49,70,70,70,36,2],"gold":101,"neow_bonus":"THREE_ENEMY_KILL","is_daily":false,"chose_seed":false,"campfire_upgraded":5,"win_rate":0.0,"timestamp":1613726425,"path_taken":["M","M","?","M","M","R","E","?","T","?","E","M","?","?","R","BOSS","M","M","$","M","M","E","M","$","T","?","E","$","M","?","R","BOSS","M","M","?","?","M","R","M","?","T","E","M","R","?","$","R","BOSS","R","$","E","BOSS"],"items_purchased_type":["Relic","Relic","Relic","Relic","Card","Card","Relic","Relic"],"build_version":"2020-12-22","purchased_purges":4,"victory":true,"max_hp_per_floor":[70,70,70,70,70,70,70,70,70,70,70,70,70,70,70,70,70,70,70,70,70,70,70,70,70,70,70,70,70,70,70,70,70,70,70,70,70,70,70,70,70,70,70,70,70,70,70,70,70,70,70,70,70,70,70],"card_choices":[{"not_picked":["Runesmith:Accelerate","Runesmith:CraftMagma"],"picked":"Runesmith:HammerThrow","floor":1},{"not_picked":["Runesmith:StaticCage","Runesmith:HeatExchange","Runesmith:ShiftingStrike"],"picked":"SKIP","floor":2},{"not_picked":["Runesmith:RuneHurl","Runesmith:ChiselStab"],"picked":"Runesmith:UnstableHammer","floor":3},{"not_picked":["Runesmith:MakeshiftArmor","Runesmith:RuneHurl"],"picked":"Runesmith:OneForEveryone","floor":4},{"not_picked":["Runesmith:Repurpose","Runesmith:NanitesCloud"],"picked":"Runesmith:ReplicatingBarrier","floor":5},{"not_picked":["Runesmith:Electrocute","Runesmith:FieryHammer"],"picked":"Runesmith:EarthShield","floor":7},{"not_picked":["Runesmith:CraftProtectio","Runesmith:ShiftingStrike","Runesmith:RuneHurl"],"picked":"SKIP","floor":11},{"not_picked":["Runesmith:Grindstone","Runesmith:CraftMagma"],"picked":"Runesmith:LithiumIon","floor":12},{"not_picked":["Runesmith:ShiftingStrike","Runesmith:CraftMagma"],"picked":"Runesmith:HammerThrow","floor":13},{"not_picked":["Runesmith:CraftPrismatica","Runesmith:ReplicatingBarrier"],"picked":"Runesmith:Supernova","floor":16},{"not_picked":["Runesmith:ChiselStab","Runesmith:UnstableHammer"],"picked":"Runesmith:Grindstone","floor":18},{"not_picked":["Runesmith:RuneHurl+1","Runesmith:HeatedChisel"],"picked":"Runesmith:CraftMagma","floor":19},{"not_picked":["Runesmith:Electrocute","Runesmith:NanitesCloud","Runesmith:FrozenChisel"],"picked":"SKIP","floor":21},{"not_picked":["Runesmith:ShiftingStrike","Runesmith:Grindstone","Runesmith:Repurpose+1"],"picked":"SKIP","floor":22},{"not_picked":["Runesmith:Prism","Runesmith:NegativeSpace","Runesmith:StaticCage+1"],"picked":"SKIP","floor":23},{"not_picked":["Runesmith:CraftProtectio","Runesmith:HeatedChisel","Runesmith:Grindstone"],"picked":"SKIP","floor":24},{"not_picked":["Runesmith:CraftProtectio","Runesmith:HeatedChisel","Runesmith:Grindstone"],"picked":"SKIP","floor":24},{"not_picked":["Runesmith:UnstableHammer+1","Runesmith:HeatedChisel","Runesmith:FieryHammer"],"picked":"SKIP","floor":28},{"not_picked":["Runesmith:UnstableHammer+1","Runesmith:HeatedChisel","Runesmith:FieryHammer"],"picked":"SKIP","floor":28},{"not_picked":["Runesmith:NegativeSpace","Runesmith:MakeshiftArmor","Runesmith:UnstableHammer"],"picked":"SKIP","floor":30},{"not_picked":["Runesmith:LastStand","Runesmith:LightningRod"],"picked":"Runesmith:GrandSlam","floor":33},{"not_picked":["Runesmith:Reinforce","Runesmith:CraftVitae"],"picked":"Runesmith:Firestorm+1","floor":35},{"not_picked":["Runesmith:Discharge","Runesmith:ShiftingStrike","Runesmith:Retool+1"],"picked":"SKIP","floor":36},{"not_picked":["Runesmith:ChiselStab","Runesmith:EarthShield","Runesmith:Augment"],"picked":"SKIP","floor":38},{"not_picked":["Runesmith:RuneHurl","Runesmith:EnergizedChisel"],"picked":"Runesmith:BackupBattery","floor":39},{"not_picked":["Runesmith:Augment+1","Runesmith:StaticCage","Runesmith:UnstableHammer"],"picked":"SKIP","floor":41},{"not_picked":["Runesmith:HeatedChisel+1","Runesmith:Prism"],"picked":"Runesmith:Malloc","floor":44},{"not_picked":["Runesmith:Repurpose","Runesmith:HeatExchange","Runesmith:UnstableHammer"],"picked":"SKIP","floor":45},{"not_picked":["Runesmith:EarthShield","Runesmith:Electrocute+1","Runesmith:Firestorm"],"picked":"SKIP","floor":54}],"player_experience":38918,"relics_obtained":[{"floor":7,"key":"Potion Belt"},{"floor":9,"key":"Ice Cream"},{"floor":11,"key":"Mercury Hourglass"},{"floor":23,"key":"Bird Faced Urn"},{"floor":28,"key":"Pantograph"},{"floor":43,"key":"Pen Nib"},{"floor":44,"key":"CaptainsWheel"},{"floor":54,"key":"Runesmith:EmergencyProvisions"}],"event_choices":[{"damage_healed":0,"gold_gain":75,"player_choice":"Gather Gold","damage_taken":11,"max_hp_gain":0,"max_hp_loss":0,"event_name":"World of Goop","floor":8,"gold_loss":0},{"damage_healed":0,"gold_gain":0,"player_choice":"0 cards matched","damage_taken":0,"max_hp_gain":0,"max_hp_loss":0,"event_name":"Match and Keep!","floor":10,"gold_loss":0,"cards_obtained":[]},{"damage_healed":23,"gold_gain":0,"player_choice":"Banana","damage_taken":0,"max_hp_gain":0,"max_hp_loss":0,"event_name":"Big Fish","floor":14,"gold_loss":0},{"damage_healed":0,"gold_gain":0,"player_choice":"Copied","damage_taken":0,"max_hp_gain":0,"max_hp_loss":0,"event_name":"Duplicator","floor":27,"gold_loss":0,"cards_obtained":["Runesmith:UnstableHammer"]},{"damage_healed":0,"gold_gain":100,"player_choice":"Pray","damage_taken":0,"max_hp_gain":0,"max_hp_loss":0,"event_name":"Golden Shrine","floor":37,"gold_loss":0},{"damage_healed":0,"gold_gain":0,"player_choice":"Memory 1","damage_taken":0,"max_hp_gain":0,"max_hp_loss":0,"event_name":"SensoryStone","floor":42,"gold_loss":0},{"damage_healed":18,"gold_gain":0,"player_choice":"Writhe","damage_taken":0,"max_hp_gain":0,"max_hp_loss":0,"event_name":"Winding Halls","floor":47,"gold_loss":0,"cards_obtained":["Writhe"]}],"is_beta":false,"boss_relics":[{"not_picked":["Cursed Key","Runic Dome","Snecko Eye"]},{"not_picked":["Runesmith:CoreCrystal","Tiny House"],"picked":"Empty Cage"}],"items_purged_floors":[20,25,29,48],"is_endless":false,"potions_floor_spawned":[1,4,11,13,19,21,28,35,38,39,45,54],"ascension_level":0}}