{"host":"tlbbab9afexrkdtf","time":1613767764,"event":{"mods":["2.2 Compatiblity","AchievementEnabler","BaseMod","Colored Map","Colored Powertips","Minty Spire (QoL Compilation)","Rare Cards Sparkle","StSLib"],"gold_per_floor":[112,30,30,30,44,44,88,88,88,88,107,143,143,218,218,346,346,370,69,89,89,106,131,131,159,185,185,185,216,315,325,325,430,430,442,442,492,545,545,545,565,565,565,565,583,608,608,619,619,619,619,619,25,59,59,59],"floor_reached":55,"language":"ENG","playtime":1748,"items_purged":[],"score":1065,"play_id":"a33bd327-eb33-4dc7-8893-0b16c6d84378","local_time":"20210219154924","is_ascension_mode":true,"campfire_choices":[{"floor":6,"key":"REST"},{"floor":8,"key":"REST"},{"floor":13,"key":"RECALL"},{"data":"Storm","floor":15,"key":"SMITH"},{"floor":24,"key":"REST"},{"floor":28,"key":"REST"},{"data":"Amplify","floor":32,"key":"SMITH"},{"floor":40,"key":"DIG"},{"floor":42,"key":"DIG"},{"floor":44,"key":"DIG"},{"floor":49,"key":"DIG"},{"floor":52,"key":"DIG"}],"circlet_count":0,"master_deck":["Defend_B+1","Defend_B","Defend_B+1","Zap","Dualcast","Storm","Glacier","Hello World","Self Repair","Injury","Storm+1","Self Repair","Regret","Defragment","Static Discharge","Thunder Strike","Beam Cell+1","Rebound+1","Heatsinks+1","Coolheaded","Coolheaded","Hologram","Genetic Algorithm+1","Amplify+1","Defragment","Ball Lightning+1","Biased Cognition","Amplify","Glacier+1","Writhe","Barrage+1","Rainbow","Turbo+1","Shame","Coolheaded","Capacitor","Forethought","Finesse","Dark Shackles","Chaos","Discovery","Heatsinks","Consume"],"relics":["Cracked Core","Bloody Idol","Pear","Eternal Feather","Blue Candle","Turnip","Astrolabe","Mummified Hand","Pen Nib","Mercury Hourglass","Juzu Bracelet","Cursed Key","TungstenRod","Shovel","Matryoshka","Ancient Tea Set","Smiling Mask","Ornamental Fan","Bottled Tornado","Du-Vu Doll","Centennial Puzzle","Pantograph","Kunai","Sling","StoneCalendar"],"acts_visited":["Exordium","TheCity","TheBeyond","TheEnding"],"potions_floor_usage":[7,7,25,27,33,37,50,50,50,54],"damage_taken":[{"damage":7,"enemies":"Cultist","floor":1,"turns":5},{"damage":14,"enemies":"Small Slimes","floor":5,"turns":3},{"damage":24,"enemies":"Lagavulin","floor":7,"turns":5},{"damage":6,"enemies":"2 Louse","floor":11,"turns":3},{"damage":17,"enemies":"Gremlin Nob","floor":12,"turns":4},{"damage":28,"enemies":"The Guardian","floor":16,"turns":11},{"damage":13,"enemies":"Spheric Guardian","floor":18,"turns":3},{"damage":18,"enemies":"Shell Parasite","floor":20,"turns":3},{"damage":10,"enemies":"Snake Plant","floor":22,"turns":3},{"damage":28,"enemies":"Gremlin Leader","floor":23,"turns":3},{"damage":69,"enemies":"Slavers","floor":25,"turns":5},{"damage":15,"enemies":"Colosseum Slavers","floor":27,"turns":3},{"damage":25,"enemies":"Gremlin Leader","floor":29,"turns":4},{"damage":9,"enemies":"Cultist and Chosen","floor":31,"turns":5},{"damage":57,"enemies":"Champ","floor":33,"turns":8},{"damage":37,"enemies":"3 Darklings","floor":35,"turns":3},{"damage":1,"enemies":"Mind Bloom Boss Battle","floor":37,"turns":3},{"damage":32,"enemies":"2 Orb Walkers","floor":38,"turns":3},{"damage":18,"enemies":"3 Shapes","floor":41,"turns":3},{"damage":1,"enemies":"Maw","floor":45,"turns":4},{"damage":31,"enemies":"Nemesis","floor":46,"turns":5},{"damage":10,"enemies":"Transient","floor":48,"turns":5},{"damage":67,"enemies":"Time Eater","floor":50,"turns":9},{"damage":60,"enemies":"Shield and Spear","floor":54,"turns":4},{"damage":71,"enemies":"The Heart","floor":55,"turns":5}],"seed_played":"-8497552701492261123","potions_obtained":[{"floor":1,"key":"Energy Potion"},{"floor":5,"key":"FocusPotion"},{"floor":20,"key":"BlessingOfTheForge"},{"floor":23,"key":"PotionOfCapacity"},{"floor":31,"key":"Strength Potion"},{"floor":33,"key":"Fire Potion"},{"floor":38,"key":"SkillPotion"},{"floor":41,"key":"LiquidMemories"},{"floor":45,"key":"AttackPotion"}],"is_trial":false,"path_per_floor":["M","$","?","?","M","R","E","R","T","?","M","E","R","?","R","B",null,"M","$","M","?","M","E","R","E","T","?","R","E","?","M","R","B",null,"M","?","?","?","?","R","M","R","T","R","M","E","?","M","R","B",null,"R","$","E","B"],"character_chosen":"DEFECT","items_purchased":["Self Repair","Mummified Hand","Coolheaded","Kunai","Discovery","Sling","Heatsinks","Dexterity Potion"],"campfire_rested":4,"item_purchase_floors":[2,19,19,53,53,53,53,53],"current_hp_per_floor":[43,43,28,28,21,43,36,61,61,61,69,66,75,64,73,59,79,73,73,69,69,64,55,85,35,40,32,72,66,71,81,85,47,76,51,72,83,70,70,85,79,85,85,85,85,73,64,66,85,32,72,85,85,44,0,0],"gold":59,"neow_bonus":"TRANSFORM_TWO_CARDS","is_daily":false,"chose_seed":false,"campfire_upgraded":2,"win_rate":0.0,"timestamp":1613767764,"path_taken":["M","?","?","?","M","R","E","R","T","?","M","E","R","?","R","BOSS","M","$","M","?","M","E","R","E","T","?","R","E","?","M","R","BOSS","M","?","?","?","?","R","M","R","T","R","M","E","?","M","R","BOSS","R","$","E","BOSS"],"items_purchased_type":["Card","Relic","Card","Relic","Card","Relic","Card","Potion"],"build_version":"2020-12-22","purchased_purges":0,"victory":false,"max_hp_per_floor":[75,75,75,75,75,75,85,85,85,85,85,85,85,85,85,85,85,85,85,85,85,85,85,85,85,85,85,85,85,85,85,85,85,85,85,85,85,85,85,85,85,85,85,85,85,85,85,85,85,85,85,85,85,85,85,85],"card_choices":[{"not_picked":["Tempest","Go for the Eyes"],"picked":"Hello World","floor":1},{"not_picked":["Streamline","Glacier"],"picked":"Storm","floor":5},{"not_picked":["Static Discharge","Force Field"],"picked":"Self Repair","floor":7},{"not_picked":["Beam Cell","Consume"],"picked":"Defragment","floor":11},{"not_picked":["Steam","Chill"],"picked":"Static Discharge","floor":12},{"not_picked":["Multi-Cast","Seek"],"picked":"Thunder Strike","floor":16},{"not_picked":["Ball Lightning","Stack+1"],"picked":"Coolheaded","floor":18},{"not_picked":["Recycle","Rebound+1"],"picked":"Hologram","floor":20},{"not_picked":["Compile Driver","FTL"],"picked":"Genetic Algorithm+1","floor":22},{"not_picked":["Streamline","Rebound+1"],"picked":"Amplify","floor":23},{"not_picked":["Turbo","Chaos"],"picked":"Defragment","floor":25},{"not_picked":["Cold Snap","Lockon"],"picked":"Ball Lightning+1","floor":29},{"not_picked":["Go for the Eyes","Streamline"],"picked":"Biased Cognition","floor":31},{"not_picked":["Rainbow","Machine Learning"],"picked":"Amplify","floor":33},{"not_picked":["Sweeping Beam","Cold Snap"],"picked":"Glacier+1","floor":35},{"not_picked":["Gash","Steam"],"picked":"Barrage+1","floor":37},{"not_picked":["Rebound","Stack"],"picked":"Rainbow","floor":38},{"not_picked":["Leap","Streamline+1"],"picked":"Turbo+1","floor":41},{"not_picked":["Rebound+1","Compile Driver+1"],"picked":"Coolheaded","floor":45},{"not_picked":["Aggregate","Barrage+1"],"picked":"Capacitor","floor":46},{"not_picked":["Swift Strike","Transmutation"],"picked":"Forethought","floor":47},{"not_picked":["Good Instincts","Madness"],"picked":"Finesse","floor":47},{"not_picked":["Thinking Ahead","PanicButton"],"picked":"Dark Shackles","floor":47},{"not_picked":["Streamline","Skim"],"picked":"Chaos","floor":48},{"not_picked":["Heatsinks","Self Repair"],"picked":"Consume","floor":54}],"player_experience":332581,"relics_obtained":[{"floor":7,"key":"Pear"},{"floor":9,"key":"Eternal Feather"},{"floor":12,"key":"Turnip"},{"floor":23,"key":"Pen Nib"},{"floor":25,"key":"Mercury Hourglass"},{"floor":29,"key":"Juzu Bracelet"},{"floor":37,"key":"TungstenRod"},{"floor":38,"key":"Shovel"},{"floor":40,"key":"Matryoshka"},{"floor":42,"key":"Ancient Tea Set"},{"floor":43,"key":"Smiling Mask"},{"floor":43,"key":"Ornamental Fan"},{"floor":44,"key":"Bottled Tornado"},{"floor":46,"key":"Du-Vu Doll"},{"floor":49,"key":"Centennial Puzzle"},{"floor":52,"key":"Pantograph"},{"floor":54,"key":"StoneCalendar"}],"event_choices":[{"damage_healed":0,"gold_gain":0,"player_choice":"Entered Light","damage_taken":15,"max_hp_gain":0,"max_hp_loss":0,"event_name":"Shining Light","floor":3,"gold_loss":0,"cards_upgraded":["Defend_B","Defend_B"]},{"damage_healed":0,"gold_gain":0,"player_choice":"Take Wound","damage_taken":0,"relics_obtained":["Golden Idol"],"max_hp_gain":0,"max_hp_loss":0,"event_name":"Golden Idol","floor":4,"gold_loss":0,"cards_obtained":["Injury"]},{"damage_healed":0,"gold_gain":0,"player_choice":"Box","damage_taken":0,"relics_obtained":["Blue Candle"],"max_hp_gain":0,"max_hp_loss":0,"event_name":"Big Fish","floor":10,"gold_loss":0,"cards_obtained":["Regret"]},{"damage_healed":0,"gold_gain":75,"player_choice":"Gather Gold","damage_taken":11,"max_hp_gain":0,"max_hp_loss":0,"event_name":"World of Goop","floor":14,"gold_loss":0},{"damage_healed":0,"gold_gain":0,"player_choice":"Gave Idol","damage_taken":0,"relics_obtained":["Bloody Idol"],"max_hp_gain":0,"max_hp_loss":0,"event_name":"Forgotten Altar","floor":21,"relics_lost":["Golden Idol"],"gold_loss":0},{"damage_healed":0,"gold_gain":0,"player_choice":"Fight","damage_taken":0,"max_hp_gain":0,"max_hp_loss":0,"event_name":"Colosseum","floor":27,"gold_loss":0},{"damage_healed":0,"gold_gain":0,"player_choice":"Fled From Nobs","damage_taken":0,"max_hp_gain":0,"max_hp_loss":0,"event_name":"Colosseum","floor":27,"gold_loss":0},{"damage_healed":0,"gold_gain":99,"player_choice":"Stole From Cult","damage_taken":0,"max_hp_gain":0,"max_hp_loss":0,"event_name":"Nest","floor":30,"gold_loss":0},{"damage_healed":21,"gold_gain":0,"player_choice":"Writhe","damage_taken":0,"max_hp_gain":0,"max_hp_loss":0,"event_name":"Winding Halls","floor":36,"gold_loss":0,"cards_obtained":["Writhe"]},{"damage_healed":0,"gold_gain":0,"player_choice":"Fight","damage_taken":0,"max_hp_gain":0,"max_hp_loss":0,"event_name":"MindBloom","floor":37,"gold_loss":0},{"damage_healed":0,"gold_gain":0,"player_choice":"Fight","damage_taken":0,"max_hp_gain":0,"max_hp_loss":0,"event_name":"Mysterious Sphere","floor":38,"gold_loss":0},{"damage_healed":0,"gold_gain":0,"player_choice":"Ignored","damage_taken":0,"max_hp_gain":0,"max_hp_loss":0,"event_name":"Tomb of Lord Red Mask","floor":39,"gold_loss":0},{"damage_healed":0,"gold_gain":0,"player_choice":"Memory 3","damage_taken":10,"max_hp_gain":0,"max_hp_loss":0,"event_name":"SensoryStone","floor":47,"gold_loss":0}],"is_beta":false,"boss_relics":[{"not_picked":["FrozenCore","Empty Cage"],"picked":"Astrolabe"},{"not_picked":["Pandora\u0027s Box","SacredBark"],"picked":"Cursed Key"}],"items_purged_floors":[],"is_endless":false,"potions_floor_spawned":[1,5,20,23,31,33,38,41,45],"killed_by":"The Heart","ascension_level":8}}