{"host":"eaiphzh066bwqdh7","time":1613767548,"event":{"mods":["AchievementEnabler","Aspiration","BaseMod","Better Note","Colored Powertips","Halation","Highlight Path","Hubris","Infinite Spire","Minty Spire (QoL Compilation)","Quick Restart","Reliquary","Replay The Spire","StSLib"],"gold_per_floor":[115,115,115,125,141,168,188,188,188,202,202,222,34,53,53,151,151,171,111,111,111],"floor_reached":20,"language":"ENG","playtime":664,"items_purged":[],"score":211,"play_id":"95bf8ac8-0fab-473d-8911-8ca4d91a3910","local_time":"20210219154548","is_ascension_mode":true,"campfire_choices":[{"floor":8,"key":"REST"},{"data":"Worship","floor":11,"key":"SMITH"},{"floor":15,"key":"REST"}],"circlet_count":0,"master_deck":["Strike_P","Strike_P","Strike_P","Strike_P","Defend_P","Defend_P","Defend_P","Eruption","Vigilance+1","Protect","Judgement","Worship+1","Prostrate","Study","Prostrate","Devotion","Wallop"],"relics":["HolyWater","NeowsBlessing","reliquary:NewFriend","reliquary:PurpleTingedLeaf","Strawberry"],"acts_visited":["Exordium","TheCity"],"potions_floor_usage":[7,16,16],"damage_taken":[{"damage":0,"enemies":"Jaw Worm","floor":1,"turns":1},{"damage":0,"enemies":"2 Louse","floor":4,"turns":1},{"damage":0,"enemies":"Cultist","floor":5,"turns":1},{"damage":28,"enemies":"Lagavulin","floor":6,"turns":5},{"damage":0,"enemies":"3 Louse","floor":7,"turns":2},{"damage":0,"enemies":"Looter","floor":10,"turns":2},{"damage":1,"enemies":"Large Slime","floor":12,"turns":6},{"damage":7,"enemies":"3 Louse","floor":14,"turns":5},{"damage":40,"enemies":"Hexaghost","floor":16,"turns":10},{"damage":67,"enemies":"Chosen","floor":18,"turns":10},{"damage":14,"enemies":"3 Byrds","floor":20,"turns":3}],"seed_played":"6182237924810794924","potions_obtained":[{"floor":5,"key":"BottledMiracle"},{"floor":12,"key":"Strength Potion"},{"floor":14,"key":"AttackPotion"}],"is_trial":false,"path_per_floor":["M","?","?","M","M","E","M","R","T","M","R","M","$","M","R","B",null,"M","?","M"],"character_chosen":"WATCHER","items_purchased":["Strawberry","Study"],"campfire_rested":2,"item_purchase_floors":[13,13],"current_hp_per_floor":[72,72,72,72,72,44,44,65,65,66,66,67,74,68,79,41,79,14,14,0,0],"gold":111,"neow_bonus":"THREE_ENEMY_KILL","is_daily":false,"chose_seed":false,"campfire_upgraded":1,"win_rate":0.0,"timestamp":1613767548,"path_taken":["M","?","?","M","?","E","M","R","T","M","R","M","$","M","R","BOSS","M","?","M"],"items_purchased_type":["Relic","Card"],"build_version":"2020-12-22","purchased_purges":0,"victory":false,"max_hp_per_floor":[72,72,72,72,72,72,72,72,72,72,72,72,79,79,79,79,79,79,79,79,79],"card_choices":[{"not_picked":["JustLucky","Replay:Hum","Tantrum"],"picked":"SKIP","floor":1},{"not_picked":["Replay:Anticipation","EmptyFist","Replay:ManipulateFuture"],"picked":"SKIP","floor":4},{"not_picked":["EmptyBody","BowlingBash","ThirdEye"],"picked":"SKIP","floor":5},{"not_picked":["CrushJoints","CarveReality"],"picked":"Protect","floor":6},{"not_picked":["BattleHymn","Replay:BluntJabs"],"picked":"Judgement","floor":7},{"not_picked":["ForeignInfluence","Vengeance"],"picked":"Worship","floor":10},{"not_picked":["InnerPeace","Replay:Battleflow"],"picked":"Prostrate","floor":12},{"not_picked":["Protect","FlurryOfBlows"],"picked":"Prostrate","floor":14},{"not_picked":["Blasphemy","SpiritShield"],"picked":"Devotion","floor":16},{"not_picked":["Halt","ClearTheMind+1"],"picked":"Wallop","floor":18}],"player_experience":325794,"relics_obtained":[{"floor":6,"key":"reliquary:NewFriend"},{"floor":9,"key":"reliquary:PurpleTingedLeaf"}],"event_choices":[{"cards_removed":["Defend_P"],"damage_healed":0,"gold_gain":0,"player_choice":"Forget","damage_taken":0,"max_hp_gain":0,"max_hp_loss":0,"event_name":"Living Wall","floor":2,"gold_loss":0},{"damage_healed":0,"gold_gain":0,"player_choice":"Upgraded","damage_taken":0,"max_hp_gain":0,"max_hp_loss":0,"event_name":"Upgrade Shrine","floor":3,"gold_loss":0,"cards_upgraded":["Vigilance"]}],"is_beta":false,"boss_relics":[{"not_picked":["Painkiller Herb","Empty Cage"],"picked":"HolyWater"}],"items_purged_floors":[],"is_endless":false,"potions_floor_spawned":[5,12,14],"killed_by":"3 Byrds","ascension_level":4}}