{"host":"cjhtzh7tp54jdfyv","time":1613723300,"event":{"mods":["AchievementEnabler","BaseMod","Colored Map","Colored Powertips","Curses Come First","DeckTracker","Filter the Spire","Minty Spire (QoL Compilation)","RNG Fix","Relic Sorter","Relic Stats","StSLib","UnlockEverythingMod","ojb\u0027s Better Paths Mod","ojb\u0027s Info Mod"],"gold_per_floor":[109,128,128,145,160,194,194,211,237,237,272,284,284,284],"floor_reached":13,"language":"ENG","playtime":1100,"items_purged":[],"score":194,"play_id":"43184fd1-5500-4740-9213-d6629d25a654","local_time":"20210219032820","is_ascension_mode":true,"campfire_choices":[{"data":"Eruption","floor":7,"key":"SMITH"}],"circlet_count":0,"master_deck":["AscendersBane","Strike_P","Strike_P","Strike_P+1","Strike_P+1","Defend_P","Defend_P","Defend_P","Defend_P","Eruption+1","Vigilance","Adaptation","CutThroughFate","InnerPeace","Consecrate","JustLucky","EmptyMind"],"relics":["Philosopher\u0027s Stone","Ice Cream","Oddly Smooth Stone","Anchor"],"acts_visited":["Exordium"],"potions_floor_usage":[5,11,11],"damage_taken":[{"damage":3,"enemies":"Jaw Worm","floor":1,"turns":4},{"damage":0,"enemies":"Cultist","floor":2,"turns":3},{"damage":0,"enemies":"2 Louse","floor":4,"turns":2},{"damage":0,"enemies":"Large Slime","floor":5,"turns":4},{"damage":26,"enemies":"Lagavulin","floor":6,"turns":7},{"damage":0,"enemies":"Red Slaver","floor":8,"turns":2},{"damage":37,"enemies":"3 Sentries","floor":11,"turns":12},{"damage":0,"enemies":"Gremlin Gang","floor":12,"turns":3},{"damage":3,"enemies":"Lagavulin","floor":13,"turns":3}],"seed_played":"5681112678815051329","potions_obtained":[{"floor":2,"key":"EssenceOfSteel"},{"floor":4,"key":"StancePotion"},{"floor":5,"key":"Fruit Juice"}],"is_trial":false,"path_per_floor":["M","M","?","M","M","E","R","M","T","?","E","M","E"],"character_chosen":"WATCHER","items_purchased":[],"campfire_rested":0,"item_purchase_floors":[],"current_hp_per_floor":[58,58,38,38,38,12,12,12,12,34,2,2,0,0],"gold":284,"neow_bonus":"BOSS_RELIC","is_daily":false,"chose_seed":false,"campfire_upgraded":1,"win_rate":0.0,"timestamp":1613723300,"path_taken":["M","M","?","M","M","E","R","M","T","?","E","M","E"],"items_purchased_type":[],"build_version":"2020-12-22","purchased_purges":0,"victory":false,"max_hp_per_floor":[68,68,68,68,68,68,68,68,68,68,73,73,73,73],"relic_stats":{"counters":[9,40],"obtain_stats":[{"Ice Cream":6,"Anchor":11,"Oddly Smooth Stone":9,"Philosopher\u0027s Stone":0,"PureWater":0},{"Ice Cream":5,"Anchor":7,"Oddly Smooth Stone":6,"Philosopher\u0027s Stone":0,"PureWater":0},{"Ice Cream":20,"Anchor":34,"Oddly Smooth Stone":22,"Philosopher\u0027s Stone":0,"PureWater":0}]},"card_choices":[{"not_picked":["CrushJoints","Prostrate"],"picked":"Adaptation","floor":1},{"not_picked":["Worship","Evaluate"],"picked":"CutThroughFate","floor":2},{"not_picked":["BowlingBash","SashWhip"],"picked":"InnerPeace","floor":4},{"not_picked":["SashWhip","Nirvana"],"picked":"Consecrate","floor":5},{"not_picked":["Conclude","JustLucky","SashWhip"],"picked":"SKIP","floor":6},{"not_picked":["Conclude","SashWhip"],"picked":"JustLucky","floor":6},{"not_picked":["Halt","ClearTheMind"],"picked":"EmptyMind","floor":8},{"not_picked":["Pray","PathToVictory","Consecrate"],"picked":"SKIP","floor":11},{"not_picked":["FlyingSleeves","EmptyBody","LikeWater"],"picked":"SKIP","floor":12}],"player_experience":5043172,"relics_obtained":[{"floor":6,"key":"Ice Cream"},{"floor":9,"key":"Oddly Smooth Stone"},{"floor":11,"key":"Anchor"}],"event_choices":[{"damage_healed":0,"gold_gain":0,"player_choice":"Entered Light","damage_taken":20,"max_hp_gain":0,"max_hp_loss":0,"event_name":"Shining Light","floor":3,"gold_loss":0,"cards_upgraded":["Strike_P","Strike_P"]},{"damage_healed":22,"gold_gain":0,"player_choice":"Banana","damage_taken":0,"max_hp_gain":0,"max_hp_loss":0,"event_name":"Big Fish","floor":10,"gold_loss":0}],"is_beta":false,"boss_relics":[],"items_purged_floors":[],"is_endless":false,"potions_floor_spawned":[2,4,5],"killed_by":"Lagavulin","ascension_level":20}}