{"host":"y087t2reloz9bi43","time":1613746200,"event":{"mods":["2.2 Compatiblity","AchievementEnabler","BaseMod","Bestiary","Better Note","Better Vampires","BetterRewards","Colored Map","Conspire","Downfall","GifTheSpireLib","Gold Saver","Halation","Hubris","Infinite Spire","Jedi Mod","Mimic Mod","Minty Spire (QoL Compilation)","Permanent Neow","Rare Cards Sparkle","Relic Stats","Reliquary","Replay The Spire","Shop Mod","StSLib","Transform Curses","Uncapped","everything is the same but u backflip on backflip"],"gold_per_floor":[1010,898,898,580,591,591,623,623,694,715,752,752,806,822,822,926,926,944,944,617,636,636,667,682,695,745,791,791,809,832,832,832,948,948,979,979,979,1006,1006,1035,1035,1049,1107,1145,840,840,840,861,861,889,889,889,565,605,694,694],"floor_reached":55,"language":"ENG","playtime":7094,"items_purged":["Strike_R","Defend_R","Strike_R","Strike_R","Strike_R","Strike_R"],"score":668,"play_id":"325a86a2-54d2-4777-9214-53e98becb52e","local_time":"20210219145000","is_ascension_mode":false,"campfire_choices":[{"data":"Armaments","floor":6,"key":"SMITH"},{"data":"Armaments","floor":8,"key":"SMITH"},{"data":"Body Slam","floor":15,"key":"SMITH"},{"data":"Body Slam","floor":28,"key":"SMITH"},{"data":"Impervious","floor":32,"key":"SMITH"},{"floor":41,"key":"RECALL"},{"data":"Entrench","floor":49,"key":"SMITH"},{"data":"Flame Barrier","floor":52,"key":"SMITH"}],"circlet_count":0,"master_deck":["Defend_R","Defend_R","Defend_R","Bash","Impervious+1","Iron Wave","Armaments+1","Armaments+1","Entrench+1","Flame Barrier+1","Body Slam+1","Body Slam+1","Ghostly Armor","conspire:Charge+1","sneckomod:SnekBite","Warcry+1","Flame Barrier+1","Body Slam","Warcry+1","Evolve","Fire Breathing+1"],"relics":["Black Blood","Tiny Chest","infinitespire:Midas Blood","Letter Opener","reliquary:GummyVitamins","Centennial Puzzle","Sozu","halation:LettersToHer","Replay:Bottled Snecko","halation:IllGainedPizza","jedi:bottledfury","Torii","Ooze Armor","conspire:TopHat","reliquary:TatteredRug","jedi:purplefairy","Juzu Bracelet","hubris:FunFungus","reliquary:Stiletto","reliquary:Vitrine"],"acts_visited":["Exordium","TheCity","TheBeyond","TheEnding"],"potions_floor_usage":[7,7,10,16,16,16,29],"damage_taken":[{"damage":3,"enemies":"conspire:RoseBush","floor":1,"turns":3},{"damage":12,"enemies":"infinitespire:Voidling","floor":5,"turns":5},{"damage":0,"enemies":"Gremlin Nob","floor":7,"turns":3},{"damage":5,"enemies":"Small Slimes","floor":10,"turns":2},{"damage":21,"enemies":"Lagavulin","floor":11,"turns":6},{"damage":0,"enemies":"Blue Slaver","floor":14,"turns":5},{"damage":4,"enemies":"The Guardian","floor":16,"turns":13},{"damage":5,"enemies":"Shell Parasite","floor":18,"turns":7},{"damage":0,"enemies":"Chosen","floor":21,"turns":3},{"damage":13,"enemies":"Book of Stabbing","floor":23,"turns":4},{"damage":0,"enemies":"Snake Plant","floor":24,"turns":2},{"damage":0,"enemies":"3 Cultists","floor":25,"turns":5},{"damage":12,"enemies":"Slavers","floor":27,"turns":6},{"damage":5,"enemies":"Snecko","floor":29,"turns":4},{"damage":0,"enemies":"Chosen and Byrds","floor":30,"turns":2},{"damage":28,"enemies":"Automaton","floor":33,"turns":11},{"damage":19,"enemies":"3 Shapes","floor":35,"turns":6},{"damage":0,"enemies":"Giant Head","floor":40,"turns":6},{"damage":0,"enemies":"Orb Walker","floor":42,"turns":2},{"damage":2,"enemies":"Sphere and 2 Shapes","floor":43,"turns":14},{"damage":29,"enemies":"Sphere and 2 Shapes","floor":44,"turns":6},{"damage":14,"enemies":"Maw","floor":48,"turns":7},{"damage":48,"enemies":"Replay:Hell Engine","floor":50,"turns":10},{"damage":0,"enemies":"Shield and Spear","floor":54,"turns":5},{"damage":123,"enemies":"The Heart","floor":55,"turns":6}],"seed_played":"-7153836440303527117","potions_obtained":[{"floor":1,"key":"Swift Potion"},{"floor":3,"key":"Dexterity Potion"},{"floor":3,"key":"infinitespire:BlackPotion"},{"floor":3,"key":"Fire Potion"},{"floor":5,"key":"AttackPotion"},{"floor":7,"key":"sneckomod:MuddlingPotion"},{"floor":13,"key":"jedi:tentaclejuice"},{"floor":13,"key":"Swift Potion"},{"floor":16,"key":"Ancient Potion"}],"is_trial":false,"path_per_floor":["M","$","?","$","M","R","E","R","T","M","E","?","?","M","R","B",null,"M","T","$","M","?","E","M","M","T","E","R","M","M","AVR","R","B",null,"M","?","?","T","?","E","R","M","MIM","M","$","?","T","M","R","B",null,"R","$","E","B"],"character_chosen":"IRONCLAD","items_purchased":["Armaments","Entrench","Tiny Chest","conspire:Charge+1","halation:LettersToHer","reliquary:FerryPass","reliquary:Stiletto"],"campfire_rested":0,"item_purchase_floors":[2,4,4,20,20,45,53],"current_hp_per_floor":[80,80,80,80,80,80,80,80,80,80,65,65,33,39,39,41,80,80,80,80,80,80,73,79,80,80,74,74,75,80,80,80,58,80,73,73,73,73,73,76,76,76,76,59,59,59,59,57,62,29,76,76,76,76,0,0],"gold":694,"neow_bonus":"ONE_RANDOM_RARE_CARD","is_daily":false,"chose_seed":false,"campfire_upgraded":7,"win_rate":0.0,"timestamp":1613746200,"path_taken":["M","$","?","$","?","R","E","R","T","M","E","?","?","M","R","BOSS","M","?","$","M","?","E","M","M","T","E","R","M","M","AVR","R","BOSS","M","?","?","?","?","E","R","M","MIM","?","$","?","?","M","R","BOSS","R","$","E","BOSS"],"items_purchased_type":["Card","Card","Relic","Card","Relic","Relic","Relic"],"build_version":"2020-12-22","purchased_purges":6,"victory":false,"max_hp_per_floor":[80,80,80,80,80,80,80,80,80,80,80,80,80,80,80,80,80,80,80,80,80,80,80,80,80,80,80,80,80,80,80,80,80,80,80,76,76,76,76,76,76,76,76,76,76,76,76,76,76,76,76,76,76,76,76,76],"relic_stats":{"Sozu":7,"Centennial Puzzle":[36],"Torii":13,"counters":[25,143],"Black Blood":123,"Tiny Chest":3,"Juzu Bracelet":0,"Letter Opener":[354],"obtain_stats":[{"Torii":31,"halation:IllGainedPizza":26,"Black Blood":34,"jedi:purplefairy":43,"reliquary:TatteredRug":40,"Juzu Bracelet":47,"Letter Opener":9,"jedi:bottledfury":27,"Burning Blood":0,"conspire:TopHat":38,"reliquary:FerryPass":45,"Sozu":17,"Centennial Puzzle":13,"Ooze Armor":31,"Tiny Chest":4,"reliquary:GummyVitamins":11,"hubris:FunFungus":48,"reliquary:Stiletto":53,"Replay:Bottled Snecko":23,"reliquary:Vitrine":54,"halation:LettersToHer":20,"infinitespire:Midas Blood":7},{"Torii":15,"halation:IllGainedPizza":12,"Black Blood":16,"jedi:purplefairy":20,"reliquary:TatteredRug":18,"Juzu Bracelet":21,"Letter Opener":3,"jedi:bottledfury":13,"Burning Blood":0,"conspire:TopHat":17,"reliquary:FerryPass":21,"Sozu":7,"Centennial Puzzle":5,"Ooze Armor":15,"Tiny Chest":1,"reliquary:GummyVitamins":5,"hubris:FunFungus":22,"reliquary:Stiletto":23,"Replay:Bottled Snecko":10,"reliquary:Vitrine":24,"halation:LettersToHer":8,"infinitespire:Midas Blood":3},{"Torii":70,"halation:IllGainedPizza":58,"Black Blood":81,"jedi:purplefairy":109,"reliquary:TatteredRug":93,"Juzu Bracelet":115,"Letter Opener":11,"jedi:bottledfury":64,"Burning Blood":0,"conspire:TopHat":87,"reliquary:FerryPass":115,"Sozu":37,"Centennial Puzzle":19,"Ooze Armor":70,"Tiny Chest":3,"reliquary:GummyVitamins":19,"hubris:FunFungus":122,"reliquary:Stiletto":132,"Replay:Bottled Snecko":51,"reliquary:Vitrine":137,"halation:LettersToHer":44,"infinitespire:Midas Blood":11}]},"card_choices":[{"not_picked":["Pommel Strike","Flame Barrier"],"picked":"Iron Wave","floor":1},{"not_picked":["conspire:HitWhereItHurts","Massacre"],"picked":"Flame Barrier","floor":5},{"not_picked":["Twin Strike","Life Link","Evolve"],"picked":"SKIP","floor":7},{"not_picked":["Clothesline","Shrug It Off"],"picked":"Body Slam","floor":10},{"not_picked":["jedi:fear","Sword Boomerang","Shockwave"],"picked":"SKIP","floor":11},{"not_picked":["jedi:strikingstrike","Rupture"],"picked":"Body Slam","floor":13},{"not_picked":["Havoc","Heavy Blade"],"picked":"Ghostly Armor","floor":14},{"not_picked":["Infernal Blade+1","Twin Strike","jedi:fear"],"picked":"SKIP","floor":18},{"not_picked":["Sword Boomerang","jedi:MakeshiftSword","Pummel+1"],"picked":"SKIP","floor":21},{"not_picked":["Reaper","Clothesline","Perfected Strike"],"picked":"SKIP","floor":23},{"not_picked":["hubris:ReadiedAction","Headbutt+1","ReplayTheSpireMod:Strike From Hell"],"picked":"SKIP","floor":24},{"not_picked":["Perfected Strike+1","Armaments"],"picked":"Warcry+1","floor":25},{"not_picked":["Iron Wave","Cleave"],"picked":"Flame Barrier+1","floor":27},{"not_picked":["conspire:Purge","Perfected Strike","jedi:fear"],"picked":"SKIP","floor":29},{"not_picked":["Replay:Undeath\u0027s Touch","ReplayTheSpireMod:Limb From Limb","Headbutt"],"picked":"SKIP","floor":30},{"not_picked":["Eclipse","Berserk"],"picked":"Demonic Infusion","floor":33},{"not_picked":["Havoc+1","jedi:hate","True Grit+1"],"picked":"SKIP","floor":35},{"not_picked":["Bludgeon","Searing Blow","ReplayTheSpireMod:Stacked"],"picked":"SKIP","floor":40},{"not_picked":["Thunderclap","Twin Strike+1"],"picked":"Warcry+1","floor":42},{"not_picked":["jedi:fear+1","Thunderclap+1"],"picked":"Evolve","floor":43},{"not_picked":["ReplayTheSpireMod:Strike From Hell","Pommel Strike+1","Seeing Red+1"],"picked":"SKIP","floor":44},{"not_picked":["Havoc+1","Body Slam+1"],"picked":"Fire Breathing+1","floor":48},{"not_picked":["Anger","Armaments","ReplayTheSpireMod:Corrosion Curse"],"picked":"SKIP","floor":54}],"player_experience":313933,"relics_obtained":[{"floor":7,"key":"infinitespire:Midas Blood"},{"floor":9,"key":"Letter Opener"},{"floor":11,"key":"reliquary:GummyVitamins"},{"floor":13,"key":"Centennial Puzzle"},{"floor":23,"key":"Replay:Bottled Snecko"},{"floor":26,"key":"halation:LettersToHer"},{"floor":26,"key":"halation:IllGainedPizza"},{"floor":27,"key":"jedi:bottledfury"},{"floor":38,"key":"halation:LettersToHer"},{"floor":38,"key":"conspire:TopHat"},{"floor":40,"key":"reliquary:TatteredRug"},{"floor":43,"key":"jedi:purplefairy"},{"floor":43,"key":"halation:LettersToHer"},{"floor":47,"key":"halation:LettersToHer"},{"floor":47,"key":"Juzu Bracelet"},{"floor":48,"key":"hubris:FunFungus"},{"floor":54,"key":"reliquary:Vitrine"}],"event_choices":[{"damage_healed":0,"gold_gain":0,"player_choice":"Got Potions","damage_taken":0,"max_hp_gain":0,"max_hp_loss":0,"event_name":"Lab","floor":3,"gold_loss":0},{"cards_removed":["Armaments"],"damage_healed":0,"gold_gain":0,"player_choice":"Take \u0026 Give","damage_taken":0,"max_hp_gain":0,"max_hp_loss":0,"event_name":"betterNote:BetterNote","floor":22,"gold_loss":0,"cards_obtained":["sneckomod:SnekBite"]},{"damage_healed":0,"gold_gain":0,"player_choice":"Max HP","damage_taken":0,"max_hp_gain":0,"max_hp_loss":4,"event_name":"Winding Halls","floor":36,"gold_loss":0},{"damage_healed":0,"gold_gain":0,"player_choice":"0 cards matched","damage_taken":0,"max_hp_gain":0,"max_hp_loss":0,"event_name":"Match and Keep!","floor":37,"gold_loss":0,"cards_obtained":[]},{"damage_healed":0,"gold_gain":0,"player_choice":"Ignored","damage_taken":0,"max_hp_gain":0,"max_hp_loss":0,"event_name":"SecretPortal","floor":46,"gold_loss":0}],"is_beta":false,"boss_relics":[{"not_picked":["hubris:BlackHole","hubris:GrandSneckoEye"],"picked":"Sozu"},{"not_picked":["jedi:paperlyon","halation:SmartPhone"],"picked":"Black Blood"}],"items_purged_floors":[2,4,20,31,45,53],"is_endless":false,"potions_floor_spawned":[1,5,7,16,21,25,33,42,44,48,54],"killed_by":"The Heart","ascension_level":0}}