{"host":"glqsg3p5q4u9u1ra","time":1613754924,"event":{"mods":["Act Like it!","Arknights","BaseMod","Better Third Choice","BetterRewards","Colored Map","Downfall","Friendly Minions","GifTheSpireLib","Hallownest","Highlight Path","Infinite Spire","Lobotomy","LobotomyExtend","Mimic Mod","Minty Spire (QoL Compilation)","Pale of the Ancients","Reliquary","Replay The Spire","Ruina","Spicy Shops","Spire Birthday Party","StSLib","The Blue Laboratory","The Bug Knight","The Exalted","The Servant 0.9.4","Wandering Minibosses"],"gold_per_floor":[113,13,13,13,34,70,84,84,109,109,109,109,109,122,122,122,122],"floor_reached":16,"language":"ENG","playtime":486,"items_purged":["Strike_G","Strike_G"],"score":296,"play_id":"7542cd66-e368-447b-ab14-641aeb5770d9","local_time":"20210219091524","is_ascension_mode":true,"campfire_choices":[{"data":"Night Terror","floor":8,"key":"SMITH"},{"floor":11,"key":"REST"},{"data":"Neutralize","floor":13,"key":"SMITH"},{"data":"Strike_G","floor":15,"key":"PURGE"}],"circlet_count":0,"master_deck":["AscendersBane","Strike_G","Strike_G","Defend_G","Defend_G","Defend_G","Defend_G","Defend_G","Survivor","Neutralize+1","Cloak And Dagger","Corpse Explosion","Backstab","Footwork","Toxin Wave","Toxin Wave","Night Terror+1","Blur"],"relics":["Ring of the Snake","BargainBundle","Orrery","infinitespire:Satchel","Toy Ornithopter","reliquary:KillPill","LetterFromLob","Singing Bowl","Golden Idol","Centennial Puzzle","reliquary:Aerogel","Blue Doll"],"acts_visited":["Exordium"],"potions_floor_usage":[6,6,16,16,16],"damage_taken":[{"damage":7,"enemies":"Cultist","floor":1,"turns":4},{"damage":3,"enemies":"ats:Genji","floor":5,"turns":3},{"damage":32,"enemies":"Lagavulin","floor":6,"turns":6},{"damage":0,"enemies":"2 Louse","floor":7,"turns":2},{"damage":12,"enemies":"Large Slime","floor":14,"turns":3},{"damage":26,"enemies":"Hexaghost","floor":16,"turns":11}],"seed_played":"1803351193100130963","potions_obtained":[{"floor":5,"key":"infinitespire:BlackPotion"},{"floor":7,"key":"blueLaboratory:BottledHope"},{"floor":14,"key":"BlessingOfTheForge"}],"is_trial":false,"path_per_floor":["M","$","T","?","M","E","M","R","T","?","R","?","R","M","R_BF","B"],"character_chosen":"THE_SILENT","items_purchased":["BargainBundle","Orrery","infinitespire:Satchel","Toy Ornithopter","Explosive Potion","hexamod:SoulburnPotion","Elixir","reliquary:KillPill","Footwork"],"campfire_rested":1,"item_purchase_floors":[0,0,0,0,0,0,0,0,0],"current_hp_per_floor":[52,52,52,52,51,30,30,30,30,4,22,22,22,10,10,0,0],"gold":122,"neow_bonus":"","is_daily":false,"chose_seed":false,"campfire_upgraded":2,"win_rate":0.0,"timestamp":1613754924,"path_taken":["M","$","?","?","M","E","M","R","T","?","R","?","R","M","R_BF","BOSS"],"items_purchased_type":["Relic","Relic","Relic","Relic","Potion","Potion","Potion","Relic","Card"],"build_version":"2020-12-22","purchased_purges":2,"victory":false,"max_hp_per_floor":[66,66,66,60,62,62,62,62,62,62,62,62,62,62,62,62,62],"card_choices":[{"not_picked":["Acrobatics","Flechettes"],"picked":"Cloak And Dagger","floor":0},{"not_picked":["Bane","Skewer"],"picked":"Corpse Explosion","floor":0},{"not_picked":["Tactician","Deflect"],"picked":"Toxin Wave","floor":1},{"not_picked":["Blade Dance","Expertise","Backflip"],"picked":"Singing Bowl","floor":5},{"not_picked":["Blade Dance","Backflip"],"picked":"Toxin Wave","floor":6},{"not_picked":["Prepared","Deadly Poison"],"picked":"Night Terror","floor":7},{"not_picked":["Eviscerate","Hidden Blade"],"picked":"Blur","floor":14}],"player_experience":1161202,"relics_obtained":[{"floor":1,"key":"LetterFromLob"},{"floor":3,"key":"Singing Bowl"},{"floor":6,"key":"Centennial Puzzle"},{"floor":9,"key":"reliquary:Aerogel"}],"event_choices":[{"damage_healed":0,"gold_gain":0,"player_choice":"Lose Max HP","damage_taken":0,"relics_obtained":["Golden Idol"],"max_hp_gain":0,"max_hp_loss":6,"event_name":"Golden Idol","floor":4,"gold_loss":0},{"damage_healed":0,"gold_gain":0,"player_choice":"Relic ","damage_taken":26,"max_hp_gain":0,"max_hp_loss":0,"event_name":"betterThird:BetterScrap","floor":10,"gold_loss":0,"cards_obtained":["Meditate"]}],"is_beta":false,"boss_relics":[],"items_purged_floors":[0,2],"is_endless":false,"potions_floor_spawned":[5,7,14],"killed_by":"Hexaghost","ascension_level":20}}