{"host":"ju66gn9zov5ov15o","time":1613754954,"event":{"mods":["100% Spire Juice","2.2 Compatiblity","Act Like it!","Aspiration","BaseMod","Conspire","Downfall","GifTheSpireLib","Hubris","Lobotomy","LobotomyExtend","Marisa????????","Minty Spire (QoL Compilation)","Pale of the Ancients","Rare Cards Sparkle","Relic Stats","Ruina","Shapeshifter Mod","StSLib","The Alterego","The Animator"],"gold_per_floor":[124,147,161,175,155,155,155,155],"floor_reached":7,"language":"ENG","playtime":439,"items_purged":[],"score":67,"play_id":"a3bdf393-1334-4a26-9e32-bdf956a5e712","local_time":"20210219181554","is_ascension_mode":true,"campfire_choices":[{"floor":6,"key":"REST"}],"circlet_count":0,"master_deck":["AscendersBane","animator:Strike_MadokaMagica","animator:Defend_MadokaMagica","animator:Strike","animator:Strike","animator:Strike","animator:Defend","animator:Defend","animator:Defend","animator:IrohaTamaki","animator:YuiTsuruno","HappyTeddy","animator:NagisaMomoe","Wellcheers","animator:Fredrika","OldLady","animator:ChaikaBohdan","animator:SayakaMiki","PunishingBird"],"relics":["animator:LivingPicture","animator:TheMissingPiece","CogitoBucket","LetterFromLob"],"acts_visited":["Exordium"],"potions_floor_usage":[7,7],"damage_taken":[{"damage":4,"enemies":"Jaw Worm","floor":1,"turns":5},{"damage":0,"enemies":"Cultist","floor":2,"turns":4},{"damage":17,"enemies":"2 Louse","floor":3,"turns":6},{"damage":5,"enemies":"Exordium Wildlife","floor":4,"turns":4},{"damage":62,"enemies":"Gremlin Nob","floor":7,"turns":4}],"seed_played":"-4995611974188638559","potions_obtained":[{"floor":2,"key":"SneckoOil"},{"floor":5,"key":"BlessingOfTheForge"}],"is_trial":false,"path_per_floor":["M","M","M","M","?","R","E"],"character_chosen":"THE_ANIMATOR","items_purchased":[],"campfire_rested":1,"item_purchase_floors":[],"current_hp_per_floor":[55,55,39,38,38,58,0,0],"gold":155,"neow_bonus":"","is_daily":false,"chose_seed":false,"campfire_upgraded":0,"win_rate":0.0,"timestamp":1613754954,"path_taken":["M","M","M","M","?","R","E"],"items_purchased_type":[],"build_version":"2020-12-22","purchased_purges":0,"victory":false,"max_hp_per_floor":[66,66,67,68,68,68,68,68],"relic_stats":{"counters":[5,23],"obtain_stats":[{"CogitoBucket":0,"animator:TheMissingPiece":0,"animator:LivingPicture":0,"LetterFromLob":1},{"CogitoBucket":0,"animator:TheMissingPiece":0,"animator:LivingPicture":0,"LetterFromLob":1},{"CogitoBucket":0,"animator:TheMissingPiece":0,"animator:LivingPicture":0,"LetterFromLob":5}]},"card_choices":[{"not_picked":["WallGazer","MHz"],"picked":"HappyTeddy","floor":1},{"not_picked":["animator:OrikoMikuni","animator:HighElfArcher"],"picked":"animator:NagisaMomoe","floor":1},{"not_picked":["Scorched","BeautyBeast"],"picked":"Wellcheers","floor":2},{"not_picked":["animator:EmiyaShirou","animator:Tyuule"],"picked":"animator:Fredrika","floor":2},{"not_picked":["ShyLook","MeatLantern"],"picked":"OldLady","floor":3},{"not_picked":["animator:Caster","animator:Mitsuba"],"picked":"animator:ChaikaBohdan","floor":3},{"not_picked":["animator:YuiTsuruno","animator:IrohaTamaki"],"picked":"animator:SayakaMiki","floor":4},{"not_picked":["CherryBlossoms","BeautyBeast"],"picked":"PunishingBird","floor":4}],"player_experience":504809,"relics_obtained":[{"floor":1,"key":"LetterFromLob"}],"event_choices":[{"damage_healed":0,"gold_gain":0,"player_choice":"Bought 1 Potion","damage_taken":0,"max_hp_gain":0,"max_hp_loss":0,"event_name":"The Woman in Blue","floor":5,"gold_loss":0}],"is_beta":false,"boss_relics":[],"items_purged_floors":[],"is_endless":false,"potions_floor_spawned":[2],"killed_by":"Gremlin Nob","ascension_level":11}}