{"host":"jfbo3eu2ui08ej1u","time":1613747528,"event":{"mods":["2.2 Compatiblity","AchievementEnabler","Act Like it!","Aspiration","BaseMod","Better Altar","Better Match","Better Note","Better Sensory Stone","Better Skull","Better Third Choice","Block Reminder","Colored Map","Colored Powertips","Conspire","DeckTracker","Displayed Cursed Tome","Energized Spire","Fox Events","GifTheSpireLib","Hermit","Hubris","Infinite Spire","Marked Mod","Minty Spire (QoL Compilation)","Monster B Gone","Pale of the Ancients","Poor People Problems","Quick Restart","Relic Filter","Reliquary","Reorder Act Four","Replay The Spire","Shop Mod","Spicy Shops","Spire Arcade","StSLib","Stuff the Spire","The Blue Laboratory","The Disciple","The Forsaken","The Hierophant","The Marked","Uncapped","Unceasing Turn Reminder","Wandering Minibosses"],"gold_per_floor":[112,129,144,144,163,163,10,43,43,62,62,48,67,67,67],"floor_reached":14,"language":"ENG","playtime":580,"items_purged":["Strike_P"],"score":188,"play_id":"4d79ddcf-00dc-4a04-80b7-9e21dcf6a55a","local_time":"20210219101208","is_ascension_mode":true,"campfire_choices":[{"floor":6,"key":"REST"},{"floor":11,"key":"REST"}],"circlet_count":0,"master_deck":["AscendersBane","Strike_P","Strike_P","Strike_P","Defend_P","Defend_P","Defend_P","Defend_P","Eruption","Vigilance","FollowUp","WindmillStrike","SpiritShield","EmptyBody","SashWhip","CutThroughFate","BattleHymn","InnerPeace"],"relics":["infinitespire:BottledMercury","hubris:BottledRain"],"acts_visited":["Exordium"],"potions_floor_usage":[13],"damage_taken":[{"damage":7.0,"enemies":"Jaw Worm","floor":1.0,"turns":5.0},{"damage":0.0,"enemies":"Cultist","floor":2.0,"turns":2.0},{"damage":11.0,"enemies":"Small Slimes","floor":3.0,"turns":4.0},{"damage":31,"enemies":"Exordium Thugs","floor":5,"turns":8},{"damage":42,"enemies":"3 Sentries","floor":8,"turns":15},{"damage":0,"enemies":"Exordium Wildlife","floor":10,"turns":2},{"damage":3,"enemies":"Large Slime","floor":12,"turns":8},{"damage":2,"enemies":"conspire:2 RoseBushes","floor":13,"turns":7},{"damage":27,"enemies":"Gremlin Nob","floor":14,"turns":3}],"seed_played":"-16423117129950308","potions_obtained":[{"floor":8,"key":"Energy Potion"},{"floor":12,"key":"blueLaboratory:AbyssPotion"},{"floor":13,"key":"blueLaboratory:NullPotion"}],"is_trial":false,"path_per_floor":["M","M","M","?","M","R","$","E","T","M","R","M","M","E"],"character_chosen":"WATCHER","items_purchased":["SashWhip"],"campfire_rested":2,"item_purchase_floors":[7],"current_hp_per_floor":[60,60,49,53,22,44,44,2,2,2,24,21,19,0,0],"gold":67,"neow_bonus":"TEN_PERCENT_HP_BONUS","is_daily":false,"chose_seed":false,"campfire_upgraded":0,"win_rate":0.0,"timestamp":1613747528,"path_taken":["M","M","M","?","M","R","?","E","T","M","R","M","?","E"],"items_purchased_type":["Card"],"build_version":"2020-12-22","purchased_purges":1,"victory":false,"max_hp_per_floor":[74,74,74,74,74,74,74,74,74,74,74,74,74,74,74],"card_choices":[{"not_picked":["Evaluate","FlyingSleeves"],"picked":"FollowUp","floor":1.0},{"not_picked":["SignatureMove","FlyingSleeves"],"picked":"WindmillStrike","floor":2.0},{"not_picked":["PathToVictory","JustLucky"],"picked":"SpiritShield","floor":3.0},{"not_picked":["Halt","MarkedMod:FirstStrike"],"picked":"EmptyBody","floor":5},{"not_picked":["Vengeance","MarkedMod:OneThousandNeedles"],"picked":"CutThroughFate","floor":8},{"not_picked":["EmptyFist","FollowUp"],"picked":"BattleHymn","floor":10},{"not_picked":["Consecrate","MarkedMod:FirstStrike","WreathOfFlame"],"picked":"SKIP","floor":12},{"not_picked":["Prostrate","Pray"],"picked":"InnerPeace","floor":13}],"player_experience":1349781,"relics_obtained":[{"floor":8,"key":"infinitespire:BottledMercury"},{"floor":9,"key":"hubris:BottledRain"}],"event_choices":[],"is_beta":false,"boss_relics":[],"items_purged_floors":[7],"is_endless":false,"potions_floor_spawned":[8,12,13],"killed_by":"Gremlin Nob","ascension_level":20}}