{"host":"4qkvkh7pd9qr2mca","time":1613765248,"event":{"mods":["AchievementEnabler","Act Like it!","BaseMod","Colored Map","Colored Powertips","Highlight Path","Minty Spire (QoL Compilation)","Pale of the Ancients","Permanent Neow","Quick Restart","Relic Stats","StSLib","SuperFastMode"],"gold_per_floor":[111,127,144,41,6,6,6],"floor_reached":6,"language":"ENG","playtime":199,"items_purged":["Strike_G"],"score":72,"play_id":"db6a7f74-f2bd-4fc6-b14f-2eefbbabc72b","local_time":"20210219210728","is_ascension_mode":true,"campfire_choices":[],"circlet_count":0,"master_deck":["AscendersBane","Strike_G","Strike_G","Strike_G","Strike_G","Defend_G","Defend_G","Defend_G","Defend_G","Defend_G","Survivor","Neutralize","Discovery","Flying Knee","Dagger Spray","Backflip"],"relics":["Ring of the Snake"],"acts_visited":["Exordium"],"potions_floor_usage":[6,6],"damage_taken":[{"damage":6,"enemies":"Cultist","floor":1,"turns":3},{"damage":2,"enemies":"Jaw Worm","floor":2,"turns":5},{"damage":0,"enemies":"2 Louse","floor":3,"turns":4},{"damage":8,"enemies":"Gremlin Nob","floor":6,"turns":3}],"seed_played":"8872548186924761882","potions_obtained":[{"floor":2,"key":"Swift Potion"},{"floor":3,"key":"Weak Potion"}],"is_trial":false,"path_per_floor":["M","M","M","$","?","E"],"character_chosen":"THE_SILENT","items_purchased":["Backflip"],"campfire_rested":0,"item_purchase_floors":[4],"current_hp_per_floor":[53,51,51,51,66,58,58],"gold":6,"neow_bonus":"RANDOM_COLORLESS","is_daily":false,"chose_seed":false,"campfire_upgraded":0,"win_rate":0.0,"timestamp":1613765248,"path_taken":["M","M","M","$","?","E"],"items_purchased_type":["Card"],"build_version":"2020-12-22","purchased_purges":1,"victory":false,"max_hp_per_floor":[66,66,66,66,66,66,66],"relic_stats":{"counters":[4,15],"obtain_stats":[{"Ring of the Snake":0},{"Ring of the Snake":0},{"Ring of the Snake":0}],"Ring of the Snake":[8]},"card_choices":[{"not_picked":["Trip","Deep Breath"],"picked":"Discovery","floor":0},{"not_picked":["PiercingWail","Riddle With Holes","Cloak And Dagger"],"picked":"SKIP","floor":1},{"not_picked":["Sucker Punch","Setup"],"picked":"Flying Knee","floor":2},{"not_picked":["Reflex","Prepared"],"picked":"Dagger Spray","floor":3}],"player_experience":648750,"relics_obtained":[],"event_choices":[{"damage_healed":16,"gold_gain":0,"player_choice":"Healed","damage_taken":0,"max_hp_gain":0,"max_hp_loss":0,"event_name":"The Cleric","floor":5,"gold_loss":35}],"is_beta":false,"boss_relics":[],"items_purged_floors":[4],"is_endless":false,"potions_floor_spawned":[2,3],"killed_by":"Gremlin Nob","ascension_level":20}}