{"host":"kdt6w7ix8lwe69i9","time":1613756158,"event":{"mods":["100% Spire Juice","BaseMod","ChefMod","Evolution","Koishi","Minty Spire (QoL Compilation)","Poor People Problems","Reimu（博丽灵梦）","Robot Space Explorer","Shade Mod","Shapeshifter Mod","StSLib","The Druid","The Gatherer","The Poker Player","The Servant 0.9.4","TheSurvivalist"],"gold_per_floor":[112,112,112,127,127,127,138,169,223,35,35,67,86,134,134,238,288,305,322,107,107,120,120,153,153,153,153,4,24,24,24],"floor_reached":30,"language":"ENG","playtime":3849,"items_purged":[],"score":306,"play_id":"e5e3d760-66b0-4ebe-963c-b346c701ca00","local_time":"20210219123558","is_ascension_mode":false,"campfire_choices":[{"floor":6,"key":"REST"},{"data":"StSShapeShifter:FruitBasket","floor":11,"key":"SMITH"},{"floor":15,"key":"REST"},{"floor":23,"key":"REST"},{"floor":25,"key":"REST"},{"data":"1","floor":27,"key":"LIFT"}],"circlet_count":0,"master_deck":["StSShapeShifter:ShiftingStrike","StSShapeShifter:ShiftingStrike","StSShapeShifter:ShiftingStrike","StSShapeShifter:ShiftingStrike","StSShapeShifter:ShiftingStrike","StSShapeShifter:FallingLeaves","StSShapeShifter:FallingLeaves","StSShapeShifter:FallingLeaves","StSShapeShifter:FallingLeaves","StSShapeShifter:ShapeShifter_Defend","StSShapeShifter:Tortoise_Form+1","StSShapeShifter:Lynx_Form","StSShapeShifter:Summer","StSShapeShifter:IntimidatingAura+1","StSShapeShifter:SquirrelForm+1","StSShapeShifter:ReplenishingNectar","StSShapeShifter:Hunt","StSShapeShifter:FruitBasket+1","StSShapeShifter:CosmicShifter","StSShapeShifter:Bonk","StSShapeShifter:Earthquake","StSShapeShifter:AdaptiveStrikes","StSShapeShifter:OwlForm","StSShapeShifter:AdaptiveStrikes","StSShapeShifter:SpiritOfTheEarth","StSShapeShifter:VileMushroom","StSShapeShifter:Roar","StSShapeShifter:BurstingSpore","StSShapeShifter:AdaptiveStrikes","StSShapeShifter:BladeOfGrass+1","StSShapeShifter:Synchronicity+1","StSShapeShifter:Efflorescence+1"],"relics":["StSShapeShifter:AnimalHeart","StSShapeShifter:TheShapeShiftersMagnolia","EVO:Axolotl","Pen Nib","Mercury Hourglass","Oddly Smooth Stone","Membership Card","Bronze Scales","MealTicket","Tiny House","StSShapeShifter:EmeraldPantherFigurine","StSShapeShifter:FruitTree","Girya","Torii"],"acts_visited":["Exordium","TheCity"],"potions_floor_usage":[8,12,16,18,22],"damage_taken":[{"damage":1,"enemies":"Cultist","floor":1,"turns":4},{"damage":1,"enemies":"Jaw Worm","floor":4,"turns":4},{"damage":0,"enemies":"Small Slimes","floor":7,"turns":2},{"damage":12,"enemies":"3 Sentries","floor":8,"turns":8},{"damage":42,"enemies":"Gremlin Nob","floor":12,"turns":4},{"damage":2,"enemies":"Red Slaver","floor":13,"turns":2},{"damage":23,"enemies":"Slime Boss","floor":16,"turns":5},{"damage":0,"enemies":"2 Thieves","floor":18,"turns":2},{"damage":22,"enemies":"Shell Parasite","floor":19,"turns":4},{"damage":43,"enemies":"Sentry and Sphere","floor":22,"turns":6},{"damage":42,"enemies":"Book of Stabbing","floor":24,"turns":5},{"damage":35,"enemies":"Shelled Parasite and Fungi","floor":29,"turns":4},{"damage":41,"enemies":"Slavers","floor":30,"turns":2}],"seed_played":"-1979035894749687086","potions_obtained":[{"floor":7,"key":"Dexterity Potion"},{"floor":8,"key":"Fire Potion"},{"floor":12,"key":"Energy Potion"},{"floor":17,"key":"Fire Potion"},{"floor":19,"key":"Regen Potion"}],"is_trial":false,"path_per_floor":["M","?","?","M","?","R","M","E","T","$","R","E","M","T","R","B",null,"M","M","$","?","M","R","E","R","T","R","$","M","E"],"character_chosen":"SHAPESHIFTER","items_purchased":["Membership Card","StSShapeShifter:FruitBasket","StSShapeShifter:EmeraldPantherFigurine","StSShapeShifter:SpiritOfTheEarth","StSShapeShifter:VileMushroom","StSShapeShifter:Roar","StSShapeShifter:BurstingSpore","StSShapeShifter:AdaptiveStrikes","Torii"],"campfire_rested":4,"item_purchase_floors":[10,10,20,20,20,20,20,20,28],"current_hp_per_floor":[56,44,44,43,43,66,66,55,55,55,55,17,15,15,38,18,83,83,65,80,72,46,70,30,54,54,54,69,34,0,0],"gold":24,"neow_bonus":"THREE_RARE_CARDS","is_daily":false,"chose_seed":false,"campfire_upgraded":1,"win_rate":0.0,"timestamp":1613756158,"path_taken":["M","?","?","M","?","R","?","E","T","$","R","E","M","?","R","BOSS","M","?","$","?","M","R","E","R","T","R","$","?","E"],"items_purchased_type":["Relic","Card","Relic","Card","Card","Card","Card","Card","Relic"],"build_version":"2020-12-22","purchased_purges":0,"victory":false,"max_hp_per_floor":[78,78,78,78,78,78,78,78,78,78,78,78,78,78,78,78,83,83,83,83,83,83,83,83,83,83,83,83,83,83,83],"card_choices":[{"not_picked":["StSShapeShifter:Pounce","StSShapeShifter:Autumn"],"picked":"StSShapeShifter:Summer","floor":0},{"not_picked":["StSShapeShifter:VineHandcuffs","StSShapeShifter:Roar"],"picked":"StSShapeShifter:IntimidatingAura","floor":1},{"not_picked":["StSShapeShifter:ThornToss","StSShapeShifter:ThornedSkin"],"picked":"StSShapeShifter:SquirrelForm","floor":4},{"not_picked":["StSShapeShifter:Roar","StSShapeShifter:SunflowerShuriken"],"picked":"StSShapeShifter:ReplenishingNectar","floor":7},{"not_picked":["StSShapeShifter:ThornedSkin","StSShapeShifter:Roar"],"picked":"StSShapeShifter:Hunt","floor":8},{"not_picked":["StSShapeShifter:SquirrelForm","StSShapeShifter:AdaptiveStrikes"],"picked":"StSShapeShifter:CosmicShifter","floor":12},{"not_picked":["StSShapeShifter:Sapling","StSShapeShifter:DragonForm"],"picked":"StSShapeShifter:Bonk","floor":13},{"not_picked":["StSShapeShifter:DragonForm","StSShapeShifter:Pounce"],"picked":"StSShapeShifter:Earthquake","floor":16},{"not_picked":["StSShapeShifter:FlowerShield","StSShapeShifter:CursedApple"],"picked":"StSShapeShifter:AdaptiveStrikes","floor":17},{"not_picked":["StSShapeShifter:RaptorForm","StSShapeShifter:OakBlade"],"picked":"StSShapeShifter:OwlForm","floor":18},{"not_picked":["StSShapeShifter:Consume+1","StSShapeShifter:SquirrelForm"],"picked":"StSShapeShifter:AdaptiveStrikes","floor":19},{"not_picked":["StSShapeShifter:FlowerShield+1","StSShapeShifter:RhinoCalfForm"],"picked":"StSShapeShifter:BladeOfGrass+1","floor":22},{"not_picked":["StSShapeShifter:RaptorForm+1","StSShapeShifter:Consume"],"picked":"StSShapeShifter:Synchronicity+1","floor":24},{"not_picked":["StSShapeShifter:ShiftingStrike+1","StSShapeShifter:Garden"],"picked":"StSShapeShifter:Efflorescence+1","floor":29}],"player_experience":1688296,"relics_obtained":[{"floor":8,"key":"Mercury Hourglass"},{"floor":9,"key":"Oddly Smooth Stone"},{"floor":12,"key":"Bronze Scales"},{"floor":14,"key":"MealTicket"},{"floor":24,"key":"StSShapeShifter:FruitTree"},{"floor":26,"key":"Girya"}],"event_choices":[{"damage_healed":0,"gold_gain":0,"player_choice":"Success","damage_taken":12,"relics_obtained":["Pen Nib"],"max_hp_gain":0,"max_hp_loss":0,"event_name":"Scrap Ooze","floor":2,"gold_loss":0},{"damage_healed":0,"gold_gain":0,"player_choice":"Grow","damage_taken":0,"max_hp_gain":0,"max_hp_loss":0,"event_name":"Living Wall","floor":3,"gold_loss":0,"cards_upgraded":["StSShapeShifter:IntimidatingAura"]},{"damage_healed":0,"gold_gain":0,"player_choice":"Upgraded","damage_taken":0,"max_hp_gain":0,"max_hp_loss":0,"event_name":"Upgrade Shrine","floor":5,"gold_loss":0,"cards_upgraded":["StSShapeShifter:SquirrelForm"]},{"damage_healed":0,"gold_gain":0,"player_choice":"Damaged","damage_taken":8,"max_hp_gain":0,"max_hp_loss":0,"event_name":"Wheel of Change","floor":21,"gold_loss":0}],"is_beta":false,"boss_relics":[{"not_picked":["Fusion Hammer","Velvet Choker"],"picked":"Tiny House"}],"items_purged_floors":[],"is_endless":false,"potions_floor_spawned":[7,8,12,19],"killed_by":"Slavers","ascension_level":0}}