{"host":"epo9t9qajflxsfbx","time":1613709086,"event":{"mods":["Act Like it!","BaseMod","Better Altar","Better Match","Better Note","Better Sensory Stone","Better Skull","Better Third Choice","Better Vampires","BetterRewards","Clockwork Mod","Defuse TimeMaze Blight","Displayed Cursed Tome","Elementarium","Hermit","Highlight Path","Hubris","Infinite Spire","Minty Spire (QoL Compilation)","Quick Restart","Relic Stats","Reliquary","Replay The Spire","Shade Mod","Shop Mod","Somnambulant","StSLib","The Bladedancer","The Cursed","The Hierophant","The Jungle","The Servant 0.9.4","everything is the same but u backflip on backflip"],"gold_per_floor":[118,118,118,43,63,91,104,104,104,131,145,170,33,47,47,146,146,162,162,176,176,86,115,115,150,212,254,299,311,336,363,375,482,494,557,10,30,51,69,0,0,0,0,29,61,61,81,103,103,209,209,212,162,162,176,6,26,35,48,48,48,60,74,74,78,78,119,119,129,129,142,142,64,75,87,107,144,154,190,202,314,331,343,445,457,501,513,563,598,628,692,704,741,778,831,903,966,1036,1083,1095,1096,1096],"floor_reached":101,"language":"ENG","playtime":10429,"items_purged":["blademaster:Havoc","blademaster:BladeMastery","Delirium","hubris:Disease"],"score":3432,"play_id":"eb6ce1b9-5f4b-4302-97e7-e1cc71ceded6","local_time":"20210218203126","daily_mods":["Heirloom","DeadlyEvents"],"is_ascension_mode":false,"campfire_choices":[{"data":"blademaster:WindSlash","floor":8,"key":"SMITH"},{"floor":15,"key":"REST"},{"data":"blademaster:DragonStrike","floor":24,"key":"SMITH"},{"floor":32,"key":"REST"},{"data":"infinitespire:FutureSight","floor":41,"key":"SMITH"},{"data":"blademaster:FuryOfTheElements","floor":49,"key":"SMITH"},{"data":"hubris:DuctTapeCard","floor":61,"key":"SMITH"},{"data":"ReplayTheSpireMod:Faulty Equipment","floor":64,"key":"SMITH"},{"data":"Midas Touch","floor":66,"key":"SMITH"},{"data":"blademaster:ColdBlood","floor":75,"key":"SMITH"},{"data":"blademaster:Empower","floor":80,"key":"SMITH"},{"data":"blademaster:AwakeningDefend","floor":83,"key":"SMITH"},{"data":"blademaster:Empower","floor":92,"key":"SMITH"},{"data":"blademaster:ColdBlood","floor":100,"key":"SMITH"}],"circlet_count":0,"master_deck":["blademaster:Strike","blademaster:Strike","blademaster:Strike","blademaster:Strike+1","blademaster:Defend","blademaster:Defend","blademaster:Defend","blademaster:Defend","blademaster:RagingBlow","blademaster:HighVoltage","blademaster:AwakeningDefend","blademaster:Reversal+1","blademaster:DragonStrike+1","blademaster:OneTrickPony","blademaster:Havoc","blademaster:Frontflip+1","blademaster:Flurry","blademaster:LightningDraw","blademaster:AirSlash","infinitespire:FutureSight+1","blademaster:Defend","blademaster:DragonStrike+1","infinitespire:Execution","blademaster:BloodyBlow","blademaster:LeechingStrike","blademaster:AspectOfLightning+1","blademaster:SharpBlades","blademaster:Gust","blademaster:Sharpen","blademaster:Blindside","blademaster:AirSlash+1","blademaster:DaggerAndCloak+1","blademaster:FuryOfTheElements+1","blademaster:Frenzy+1","blademaster:Havoc","blademaster:ColdBlood+1","blademaster:FuriousStrike","Midas Touch+1","blademaster:Empower+1","blademaster:Empower","hubris:DuctTapeCard+2","blademaster:AwakeningDefend+1","blademaster:IcyWind+1","blademaster:Empower+1","hubris:Disease","blademaster:LeechingStrike+1","blademaster:Bloodbath+1","Normality","blademaster:ColdBlood+1","blademaster:Havoc","blademaster:DragonStrike+1","Normality","blademaster:DancingEdge+1","blademaster:StanceMastery","blademaster:DragonStrike+1","blademaster:DragonStrike+1","blademaster:Reversal+1","blademaster:AncestralHealing","blademaster:SharpBlades","ReplayTheSpireMod:Restless Dread","blademaster:Cut+1","blademaster:Empower+1","blademaster:BladeCross+1","blademaster:AwakeningStrike+1","blademaster:AwakeningStrike+1","blademaster:Blindside+1"],"relics":["Unceasing Top","Ring of Chaos","replay:Trail_Library","Du-Vu Doll","infinitespire:BottledMercury","Replay:Rubber Ducky","Ornamental Fan","StrikeDummy","Boot","Cursed Key","Replay:Bronze Core","Ginger","Pantograph","Toy Ornithopter","Eternal Feather","infinitespire:Lychee Nut","infinitespire:EvilPickle","reliquary:RedCape","MerchantsRug","infinitespire:WardingShard","Red Mask","infinitespire:CheckeredPen","infinitespire:Satchel","infinitespire:Lucky Rock","Ice Cream","Philosopher\u0027s Stone","Sozu","replay:Trail_Library","infinitespire:Cubic Diamond","Whetstone","ReplayTheSpireMod:Shallot","hubris:DuctTape","Happy Flower","Molten Egg 2","reliquary:KinkedSpring","reliquary:TatteredRug","PreservedInsect","Oddly Smooth Stone","MawBank","reliquary:WeakTea","hubris:BundleOfHerbs","Replay:Wanted Poster","TungstenRod","reliquary:WritOfMandamus","infinitespire:Magic Flask","reliquary:Knoch","Toxic Egg 2"],"acts_visited":["Exordium","TheCity","TheBeyond","Exordium","Exordium","TheBeyond"],"potions_floor_usage":[6,12,16,23,23,48,48,48],"damage_taken":[{"damage":0,"enemies":"2 Louse","floor":1,"turns":3},{"damage":0,"enemies":"Jaw Worm","floor":5,"turns":6},{"damage":95,"enemies":"Gremlin Nob","floor":6,"turns":8},{"damage":0,"enemies":"Cultist","floor":7,"turns":5},{"damage":18,"enemies":"3 Sentries","floor":10,"turns":11},{"damage":0,"enemies":"Looter","floor":11,"turns":2},{"damage":3,"enemies":"Gremlin Nob","floor":12,"turns":4},{"damage":11,"enemies":"Exordium Thugs","floor":14,"turns":4},{"damage":9,"enemies":"Hexaghost","floor":16,"turns":8},{"damage":0,"enemies":"Shell Parasite","floor":18,"turns":4},{"damage":0,"enemies":"Chosen","floor":20,"turns":3},{"damage":0,"enemies":"Replay:Snechameleon","floor":23,"turns":3},{"damage":12,"enemies":"Nightmare","floor":25,"turns":7},{"damage":0,"enemies":"Replay:Snechameleon","floor":27,"turns":3},{"damage":11,"enemies":"Gremlin Leader","floor":28,"turns":4},{"damage":0,"enemies":"3 Cultists","floor":30,"turns":2},{"damage":36,"enemies":"Sentry and Sphere","floor":31,"turns":6},{"damage":0,"enemies":"Pondfish","floor":33,"turns":6},{"damage":17,"enemies":"Orb Walker","floor":35,"turns":4},{"damage":34,"enemies":"3 Shapes","floor":37,"turns":8},{"damage":0,"enemies":"Maw","floor":38,"turns":4},{"damage":0,"enemies":"3 Darklings","floor":39,"turns":3},{"damage":1,"enemies":"Reptomancer","floor":44,"turns":6},{"damage":23,"enemies":"Nemesis","floor":45,"turns":5},{"damage":20,"enemies":"4 Shapes","floor":47,"turns":3},{"damage":0,"enemies":"Jaw Worm Horde","floor":48,"turns":2},{"damage":0,"enemies":"hubris:GrandSnecko","floor":50,"turns":5},{"damage":3,"enemies":"Jaw Worm","floor":52,"turns":3},{"damage":0,"enemies":"Gremlin Nob","floor":55,"turns":1},{"damage":14,"enemies":"3 Sentries","floor":57,"turns":1},{"damage":9,"enemies":"2 Louse","floor":58,"turns":2},{"damage":8,"enemies":"Gremlin Nob","floor":59,"turns":3},{"damage":0,"enemies":"3 Sentries","floor":62,"turns":2},{"damage":3,"enemies":"Gremlin Nob","floor":63,"turns":3},{"damage":0,"enemies":"Small Slimes","floor":65,"turns":2},{"damage":3,"enemies":"Fading Forest","floor":67,"turns":5},{"damage":0,"enemies":"theJungle:MUSHROOMGANG","floor":69,"turns":1},{"damage":0,"enemies":"theJungle:Cassacara","floor":71,"turns":3},{"damage":0,"enemies":"theJungle:MamaSnecko","floor":74,"turns":1},{"damage":0,"enemies":"theJungle:GiantWrat","floor":76,"turns":1},{"damage":0,"enemies":"theJungle:JungleHuntersEncounter","floor":78,"turns":2},{"damage":0,"enemies":"theJungle:Cassacara","floor":79,"turns":2},{"damage":13,"enemies":"theJungle:2_Flameangoes","floor":82,"turns":4},{"damage":16,"enemies":"theJungle:FunGuy","floor":84,"turns":3},{"damage":12,"enemies":"3 Shapes","floor":86,"turns":3},{"damage":0,"enemies":"Orb Walker","floor":88,"turns":1},{"damage":0,"enemies":"4 Shapes","floor":89,"turns":2},{"damage":0,"enemies":"Spire Growth","floor":90,"turns":4},{"damage":0,"enemies":"Nemesis","floor":91,"turns":1},{"damage":0,"enemies":"Transient","floor":93,"turns":5},{"damage":0,"enemies":"Maw","floor":95,"turns":3},{"damage":25,"enemies":"R_Hoarder","floor":96,"turns":3},{"damage":0,"enemies":"Spire Growth","floor":97,"turns":2},{"damage":0,"enemies":"Jaw Worm Horde","floor":98,"turns":1},{"damage":1,"enemies":"Transient","floor":99,"turns":5},{"damage":42,"enemies":"infinitespire:LordOfFortification","floor":101,"turns":3}],"seed_played":"1249892805615911034","potions_obtained":[{"floor":1,"key":"Venom Potion"},{"floor":7,"key":"Elixir"},{"floor":12,"key":"Fruit Juice"},{"floor":14,"key":"Dexterity Potion"},{"floor":16,"key":"PowerPotion"},{"floor":20,"key":"Swift Potion"},{"floor":23,"key":"Ancient Potion"},{"floor":31,"key":"DuplicationPotion"},{"floor":39,"key":"Block Potion"},{"floor":48,"key":"LifebloodPotion"}],"is_trial":true,"path_per_floor":["M","?","T","$","M","E","M","R","T","E","M","E","$","M","R","B",null,"M","?","M","AVR","?","E","R","NM","T","E","E","?","M","M","R","B",null,"M","$","M","M","M","?","R","?","T","E","E","T","M","M","R","B",null,"M","?","?","E","$","E","M","E","T","R","E","E","R","M","R","B",null,"M","?","E","?","$","E","R","M","T","M","E","R","AVR","M","R","B",null,"M","?","M","M","M","E","R","M","T","M","E","M","M","M","R","B"],"character_chosen":"THE_BLADEMASTER","items_purchased":["blademaster:Frontflip+1","MerchantsRug","infinitespire:WardingShard","blademaster:SharpBlades","blademaster:Gust","Midas Touch","PreservedInsect","Oddly Smooth Stone"],"campfire_rested":2,"item_purchase_floors":[13,36,36,36,36,56,73,73],"current_hp_per_floor":[75,75,75,75,75,55,55,55,55,37,37,39,39,28,52,43,80,80,80,80,80,80,80,80,68,68,74,60,60,60,31,60,60,60,46,46,26,52,60,60,60,70,70,70,65,65,56,70,70,70,70,70,70,70,70,70,62,62,65,65,70,70,70,70,70,70,70,70,70,70,70,70,70,70,70,70,70,70,70,70,70,64,70,63,70,64,67,73,73,73,73,73,73,73,73,73,73,73,73,73,31,31],"gold":1096,"neow_bonus":"","is_daily":false,"chose_seed":false,"campfire_upgraded":12,"win_rate":0.0,"timestamp":1613709086,"path_taken":["M","?","?","$","M","E","M","R","T","E","M","?","?","?","R","BOSS","M","?","M","AVR","?","E","R","NM","T","?","E","?","M","M","R","BOSS","M","$","M","M","M","?","R","?","T","E","?","?","M","M","R","BOSS","M","?","?","?","$","E","?","?","T","R","E","?","R","M","R","BOSS","M","?","?","?","$","E","R","M","T","M","?","R","AVR","M","R","BOSS","M","?","M","M","M","E","R","M","T","M","E","M","M","M","R","BOSS"],"items_purchased_type":["Card","Relic","Relic","Card","Card","Card","Relic","Relic"],"build_version":"2020-12-22","purchased_purges":4,"victory":false,"max_hp_per_floor":[75,75,75,75,75,75,75,75,75,75,75,80,80,80,80,80,80,80,80,80,80,80,80,80,80,80,80,60,60,60,60,60,60,60,60,60,60,60,60,60,60,70,70,70,70,70,70,70,70,70,70,70,70,70,70,70,70,70,70,70,70,70,70,70,70,70,70,70,70,70,70,70,70,70,70,70,70,70,70,70,70,70,70,70,70,70,73,73,73,73,73,73,73,73,73,73,73,73,73,73,73,73],"relic_stats":{"Happy Flower":[20],"counters":[56,200],"Eternal Feather":29,"PreservedInsect":385,"Ginger":[17],"Whetstone":["blademaster:Reversal","blademaster:Strike"],"Boot":[198],"Cursed Key":6,"MawBank":456,"Sozu":12,"Ornamental Fan":[544],"Pantograph":0,"obtain_stats":[{"Ice Cream":46,"blademaster:RandomStancePerk":62,"infinitespire:BottledMercury":2,"blademaster:BonusFuryPerk":44,"infinitespire:Cubic Diamond":54,"Ginger":21,"Whetstone":55,"reliquary:RedCape":34,"Boot":12,"Sozu":51,"Replay:Wanted Poster":81,"Lizard Tail":3,"Replay:Bronze Core":21,"blademaster:LightningChargePerk":28,"Philosopher\u0027s Stone":51,"blademaster:FinisherDrawCardPerk":45,"blademaster:DextrousPerk":6,"blademaster:ComboEveryTurnPerk":12,"Toxic Egg 2":96,"replay:Trail_Library":0,"MerchantsRug":36,"hubris:DuctTape":60,"Happy Flower":62,"blademaster:StrongPerk":10,"blademaster:BonusComboPerk":63,"Replay:Grab Bag":51,"Oddly Smooth Stone":73,"Eternal Feather":27,"Ring of Chaos":0,"reliquary:TatteredRug":71,"reliquary:WeakTea":77,"infinitespire:Magic Flask":91,"Du-Vu Doll":0,"infinitespire:EvilPickle":33,"ReplayTheSpireMod:Shallot":59,"infinitespire:Lychee Nut":28,"Molten Egg 2":63,"blademaster:WindChargePerk":27,"reliquary:Knoch":94,"reliquary:WritOfMandamus":85,"StrikeDummy":10,"Unceasing Top":0,"Cursed Key":17,"Empty Cage":51,"Replay:Rubber Ducky":6,"Pantograph":23,"Red Mask":40,"blademaster:BleedingLaceratePerk":79,"PreservedInsect":73,"blademaster:OnAttackedChargePerk":23,"blademaster:RandomBladePerk":59,"infinitespire:CheckeredPen":43,"infinitespire:Lucky Rock":45,"MawBank":25,"reliquary:IridiumChain":57,"reliquary:KinkedSpring":68,"infinitespire:WardingShard":36,"Ornamental Fan":9,"blademaster:FuryEveryTurnPerk":55,"infinitespire:Satchel":44,"blademaster:BleedingMoreDamagePerk":57,"hubris:BundleOfHerbs":79,"blademaster:StanceHealPerk":25,"Toy Ornithopter":26,"TungstenRod":81},{"Ice Cream":24,"blademaster:RandomStancePerk":33,"infinitespire:BottledMercury":1,"blademaster:BonusFuryPerk":23,"infinitespire:Cubic Diamond":28,"Ginger":11,"Whetstone":29,"reliquary:RedCape":18,"Boot":7,"Sozu":27,"Replay:Wanted Poster":42,"Lizard Tail":1,"Replay:Bronze Core":11,"blademaster:LightningChargePerk":15,"Philosopher\u0027s Stone":27,"blademaster:FinisherDrawCardPerk":24,"blademaster:DextrousPerk":3,"blademaster:ComboEveryTurnPerk":7,"Toxic Egg 2":52,"replay:Trail_Library":0,"MerchantsRug":19,"hubris:DuctTape":32,"Happy Flower":33,"blademaster:StrongPerk":5,"blademaster:BonusComboPerk":34,"Replay:Grab Bag":27,"Oddly Smooth Stone":38,"Eternal Feather":14,"Ring of Chaos":0,"reliquary:TatteredRug":38,"reliquary:WeakTea":40,"infinitespire:Magic Flask":49,"Du-Vu Doll":0,"infinitespire:EvilPickle":18,"ReplayTheSpireMod:Shallot":32,"infinitespire:Lychee Nut":15,"Molten Egg 2":34,"blademaster:WindChargePerk":14,"reliquary:Knoch":50,"reliquary:WritOfMandamus":44,"StrikeDummy":5,"Unceasing Top":0,"Cursed Key":9,"Empty Cage":27,"Replay:Rubber Ducky":3,"Pantograph":12,"Red Mask":22,"blademaster:BleedingLaceratePerk":42,"PreservedInsect":38,"blademaster:OnAttackedChargePerk":12,"blademaster:RandomBladePerk":32,"infinitespire:CheckeredPen":22,"infinitespire:Lucky Rock":24,"MawBank":13,"reliquary:IridiumChain":30,"reliquary:KinkedSpring":36,"infinitespire:WardingShard":19,"Ornamental Fan":4,"blademaster:FuryEveryTurnPerk":29,"infinitespire:Satchel":23,"blademaster:BleedingMoreDamagePerk":30,"hubris:BundleOfHerbs":42,"blademaster:StanceHealPerk":13,"Toy Ornithopter":13,"TungstenRod":42},{"Ice Cream":119,"blademaster:RandomStancePerk":141,"infinitespire:BottledMercury":3,"blademaster:BonusFuryPerk":114,"infinitespire:Cubic Diamond":132,"Ginger":58,"Whetstone":133,"reliquary:RedCape":89,"Boot":39,"Sozu":129,"Replay:Wanted Poster":161,"Lizard Tail":3,"Replay:Bronze Core":58,"blademaster:LightningChargePerk":75,"Philosopher\u0027s Stone":129,"blademaster:FinisherDrawCardPerk":119,"blademaster:DextrousPerk":17,"blademaster:ComboEveryTurnPerk":39,"Toxic Egg 2":190,"replay:Trail_Library":0,"MerchantsRug":93,"hubris:DuctTape":139,"Happy Flower":141,"blademaster:StrongPerk":33,"blademaster:BonusComboPerk":144,"Replay:Grab Bag":129,"Oddly Smooth Stone":155,"Eternal Feather":71,"Ring of Chaos":0,"reliquary:TatteredRug":155,"reliquary:WeakTea":157,"infinitespire:Magic Flask":179,"Du-Vu Doll":0,"infinitespire:EvilPickle":89,"ReplayTheSpireMod:Shallot":139,"infinitespire:Lychee Nut":75,"Molten Egg 2":144,"blademaster:WindChargePerk":71,"reliquary:Knoch":184,"reliquary:WritOfMandamus":168,"StrikeDummy":33,"Unceasing Top":0,"Cursed Key":51,"Empty Cage":129,"Replay:Rubber Ducky":17,"Pantograph":61,"Red Mask":108,"blademaster:BleedingLaceratePerk":161,"PreservedInsect":155,"blademaster:OnAttackedChargePerk":61,"blademaster:RandomBladePerk":139,"infinitespire:CheckeredPen":108,"infinitespire:Lucky Rock":119,"MawBank":68,"reliquary:IridiumChain":134,"reliquary:KinkedSpring":151,"infinitespire:WardingShard":93,"Ornamental Fan":22,"blademaster:FuryEveryTurnPerk":133,"infinitespire:Satchel":114,"blademaster:BleedingMoreDamagePerk":134,"hubris:BundleOfHerbs":161,"blademaster:StanceHealPerk":68,"Toy Ornithopter":68,"TungstenRod":161}],"Unceasing Top":[237],"Toy Ornithopter":14,"TungstenRod":11},"card_choices":[{"not_picked":["blademaster:SharpBlades","blademaster:AncestralHealing"],"picked":"blademaster:AwakeningDefend","floor":1},{"not_picked":["blademaster:BloodyBlow","blademaster:ThunderingOpener"],"picked":"blademaster:WindSlash","floor":5},{"not_picked":["blademaster:Sharpen","blademaster:RagingBlow"],"picked":"blademaster:Reversal","floor":6},{"not_picked":["blademaster:Blockade","blademaster:AwakeningDefend"],"picked":"blademaster:DragonStrike","floor":7},{"not_picked":["blademaster:Sunder","blademaster:Quickstep"],"picked":"blademaster:OneTrickPony","floor":10},{"not_picked":["blademaster:LeechingStrike","blademaster:DaggerAndCloak"],"picked":"blademaster:RollingTyphoon","floor":11},{"not_picked":["blademaster:ChargingUp","blademaster:Thrust"],"picked":"blademaster:Havoc","floor":12},{"not_picked":["blademaster:Stormstrike","blademaster:WindSlash"],"picked":"blademaster:Flurry","floor":14},{"not_picked":["blademaster:BladeDance","blademaster:StanceMastery"],"picked":"blademaster:LightningDraw","floor":16},{"not_picked":["blademaster:Safeguard+1","blademaster:Thrust"],"picked":"blademaster:AirSlash","floor":18},{"not_picked":["blademaster:LeechingStrike+1","blademaster:FuriousStrike","blademaster:Vortex+1"],"picked":"SKIP","floor":20},{"not_picked":["blademaster:IcyWind+1","blademaster:CombatPrep"],"picked":"blademaster:DragonStrike+1","floor":23},{"not_picked":["infinitespire:TheBestDefense","infinitespire:Starlight"],"picked":"infinitespire:Execution","floor":25},{"not_picked":["blademaster:Frenzy","blademaster:Quickness"],"picked":"blademaster:BloodyBlow","floor":25},{"not_picked":["blademaster:Thrust+1","blademaster:Discharge"],"picked":"blademaster:LeechingStrike","floor":27},{"not_picked":["blademaster:Slice+1","blademaster:Breeze"],"picked":"blademaster:AspectOfLightning+1","floor":28},{"not_picked":["blademaster:DragonStrike","blademaster:Meditate","blademaster:CombatPrep"],"picked":"SKIP","floor":30},{"not_picked":["blademaster:Safeguard","blademaster:BladeMastery+1"],"picked":"blademaster:EnchantedCuirass","floor":31},{"not_picked":["blademaster:FlockOfBlades","blademaster:StanceMastery"],"picked":"blademaster:Blindside","floor":33},{"not_picked":["blademaster:AncestralHealing","blademaster:Quickness","blademaster:CombatPrep+1"],"picked":"SKIP","floor":35},{"not_picked":["blademaster:DancingEdge","blademaster:SharpBlades+1"],"picked":"blademaster:Sharpen","floor":37},{"not_picked":["blademaster:AirSlash+1","blademaster:Quickness+1","blademaster:LeechingStrike+1"],"picked":"SKIP","floor":38},{"not_picked":["blademaster:AirSlash+1","blademaster:Sunder+1","blademaster:Quickstep+1"],"picked":"SKIP","floor":39},{"not_picked":["blademaster:AspectOfWind+1","blademaster:Stability+1"],"picked":"blademaster:AirSlash+1","floor":44},{"not_picked":["blademaster:Quickstep","blademaster:Discharge+1"],"picked":"blademaster:DaggerAndCloak+1","floor":45},{"not_picked":["blademaster:ThunderSlash+1","blademaster:ChargingUp+1"],"picked":"blademaster:Frenzy+1","floor":47},{"not_picked":["blademaster:Breeze","blademaster:BloodyBlow+1"],"picked":"blademaster:SharpBlades","floor":48},{"not_picked":["blademaster:FlockOfBlades","blademaster:ThreePointStrike"],"picked":"blademaster:ColdBlood","floor":50},{"not_picked":["blademaster:LeechingStrike","blademaster:ChargingUp"],"picked":"blademaster:FuriousStrike","floor":52},{"not_picked":["blademaster:Frenzy","blademaster:Frontflip","blademaster:OneTrickPony"],"picked":"SKIP","floor":55},{"not_picked":["blademaster:Frenzy","blademaster:Frontflip","blademaster:OneTrickPony"],"picked":"SKIP","floor":55},{"not_picked":["blademaster:ThreePointStrike","blademaster:FuriousStrike"],"picked":"blademaster:Empower","floor":57},{"not_picked":["blademaster:LightningCrash","blademaster:AncestralHealing"],"picked":"blademaster:Empower","floor":58},{"not_picked":["blademaster:ChargingUp","blademaster:Cut","blademaster:DaggerAndCloak"],"picked":"SKIP","floor":59},{"not_picked":["blademaster:ParryingStrike","blademaster:HighVoltage"],"picked":"blademaster:AwakeningDefend","floor":62},{"not_picked":["blademaster:AwakeningDefend","blademaster:OneTrickPony"],"picked":"blademaster:IcyWind+1","floor":63},{"not_picked":["blademaster:AirSlash+1","blademaster:Frontflip","blademaster:Safeguard"],"picked":"SKIP","floor":65},{"not_picked":["blademaster:FuryOfTheElements+1","blademaster:UnrelentingWind"],"picked":"blademaster:Empower","floor":67},{"not_picked":["blademaster:FlockOfBlades","blademaster:Stability","blademaster:AncestralHealing+1"],"picked":"SKIP","floor":69},{"not_picked":["blademaster:LeechingStrike+1","blademaster:RollingTyphoon+1","blademaster:ThunderSlash+1"],"picked":"SKIP","floor":71},{"not_picked":["blademaster:BloodyBlow+1","blademaster:Stability"],"picked":"blademaster:LeechingStrike+1","floor":74},{"not_picked":["blademaster:SlyStabs+1","blademaster:DeadlyDance+1"],"picked":"blademaster:Bloodbath+1","floor":76},{"not_picked":["blademaster:Bloodbath","blademaster:Hailwind+1"],"picked":"blademaster:ColdBlood","floor":78},{"not_picked":["blademaster:AspectOfLightning+1","blademaster:KiBarrier"],"picked":"blademaster:Havoc","floor":79},{"not_picked":["blademaster:BladeCross+1","blademaster:Slice+1"],"picked":"blademaster:DancingEdge+1","floor":82},{"not_picked":["blademaster:RollingTyphoon+1","blademaster:BladeDance"],"picked":"blademaster:StanceMastery","floor":84},{"not_picked":["blademaster:DaggerAndCloak+1","blademaster:Stormstrike+1"],"picked":"blademaster:DragonStrike+1","floor":86},{"not_picked":["blademaster:Flurry+1","blademaster:Slice+1"],"picked":"blademaster:DragonStrike+1","floor":88},{"not_picked":["blademaster:TraverseCut+1","blademaster:Momentum+1"],"picked":"blademaster:Reversal+1","floor":89},{"not_picked":["blademaster:AwakeningDefend","blademaster:Thrust+1"],"picked":"blademaster:AncestralHealing","floor":90},{"not_picked":["blademaster:Cut+1","blademaster:WindSlash+1"],"picked":"blademaster:SharpBlades","floor":91},{"not_picked":["blademaster:Vortex+1","blademaster:SlyStabs","blademaster:Frontflip"],"picked":"SKIP","floor":93},{"not_picked":["blademaster:SlyStabs","blademaster:Hailwind+1"],"picked":"blademaster:Cut+1","floor":95},{"not_picked":["blademaster:Thrust+1","blademaster:SharpBlades"],"picked":"blademaster:Empower+1","floor":96},{"not_picked":["blademaster:FuriousStrike+1","blademaster:Vortex+1"],"picked":"blademaster:BladeCross+1","floor":97},{"not_picked":["blademaster:AirSlash+1","blademaster:Cut+1"],"picked":"blademaster:AwakeningStrike+1","floor":98},{"not_picked":["blademaster:CombatPrep+1","blademaster:Safeguard+1"],"picked":"blademaster:AwakeningStrike+1","floor":99}],"player_experience":304487,"relics_obtained":[{"floor":2,"key":"infinitespire:BottledMercury"},{"floor":3,"key":"Lizard Tail"},{"floor":6,"key":"blademaster:DextrousPerk"},{"floor":6,"key":"Replay:Rubber Ducky"},{"floor":9,"key":"Ornamental Fan"},{"floor":10,"key":"StrikeDummy"},{"floor":10,"key":"blademaster:StrongPerk"},{"floor":12,"key":"Boot"},{"floor":12,"key":"blademaster:ComboEveryTurnPerk"},{"floor":23,"key":"Pantograph"},{"floor":23,"key":"blademaster:OnAttackedChargePerk"},{"floor":25,"key":"MawBank"},{"floor":25,"key":"blademaster:StanceHealPerk"},{"floor":26,"key":"Toy Ornithopter"},{"floor":27,"key":"Eternal Feather"},{"floor":27,"key":"blademaster:WindChargePerk"},{"floor":28,"key":"infinitespire:Lychee Nut"},{"floor":28,"key":"blademaster:LightningChargePerk"},{"floor":43,"key":"infinitespire:CheckeredPen"},{"floor":44,"key":"infinitespire:Satchel"},{"floor":44,"key":"blademaster:BonusFuryPerk"},{"floor":45,"key":"infinitespire:Lucky Rock"},{"floor":45,"key":"blademaster:FinisherDrawCardPerk"},{"floor":46,"key":"Ice Cream"},{"floor":55,"key":"Whetstone"},{"floor":55,"key":"blademaster:FuryEveryTurnPerk"},{"floor":57,"key":"reliquary:IridiumChain"},{"floor":57,"key":"blademaster:BleedingMoreDamagePerk"},{"floor":59,"key":"ReplayTheSpireMod:Shallot"},{"floor":59,"key":"blademaster:RandomBladePerk"},{"floor":60,"key":"hubris:DuctTape"},{"floor":62,"key":"Happy Flower"},{"floor":62,"key":"blademaster:RandomStancePerk"},{"floor":63,"key":"Molten Egg 2"},{"floor":63,"key":"blademaster:BonusComboPerk"},{"floor":71,"key":"reliquary:TatteredRug"},{"floor":74,"key":"MawBank"},{"floor":77,"key":"reliquary:WeakTea"},{"floor":79,"key":"hubris:BundleOfHerbs"},{"floor":79,"key":"blademaster:BleedingLaceratePerk"},{"floor":91,"key":"infinitespire:Magic Flask"},{"floor":94,"key":"reliquary:Knoch"},{"floor":96,"key":"Toxic Egg 2"}],"event_choices":[{"damage_healed":0,"gold_gain":0,"player_choice":"Ignored","damage_taken":0,"max_hp_gain":0,"max_hp_loss":0,"event_name":"betterNote:BetterNote","floor":19,"gold_loss":0,"cards_obtained":["hermit:GoldenBullet"]},{"damage_healed":0,"gold_gain":0,"player_choice":"Ignored","damage_taken":0,"max_hp_gain":0,"max_hp_loss":0,"event_name":"Ghosts","floor":29,"gold_loss":0},{"damage_healed":0,"gold_gain":0,"player_choice":"Paid","damage_taken":0,"relics_obtained":["Red Mask"],"max_hp_gain":0,"max_hp_loss":0,"event_name":"Tomb of Lord Red Mask","floor":40,"gold_loss":69},{"cards_removed":["blademaster:Blindside"],"damage_healed":0,"gold_gain":0,"player_choice":"Offered Rare","damage_taken":0,"max_hp_gain":10,"max_hp_loss":0,"event_name":"Bonfire Elementals","floor":42,"gold_loss":0},{"cards_removed":["blademaster:WindSlash"],"damage_healed":0,"gold_gain":0,"player_choice":"Card Removal","damage_taken":0,"max_hp_gain":0,"max_hp_loss":0,"event_name":"The Cleric","floor":53,"gold_loss":50},{"damage_healed":0,"gold_gain":0,"player_choice":"Ignored","damage_taken":0,"max_hp_gain":0,"max_hp_loss":0,"event_name":"betterNote:BetterNote","floor":72,"gold_loss":0,"cards_obtained":["hermit:GoldenBullet"]}],"is_beta":false,"boss_relics":[{"not_picked":["hubris:GrandSneckoEye","Snecko Eye"],"picked":"Cursed Key"},{"not_picked":["Ring of Chaos","reliquary:Ember"],"picked":"reliquary:RedCape"},{"not_picked":["hubris:RunicObelisk","hubris:CrackedHourglass"],"picked":"Replay:Grab Bag"},{"not_picked":["Velvet Choker","ReplayTheSpireMod:DimensionalGlitch"],"picked":"Philosopher\u0027s Stone"},{"not_picked":["Fusion Hammer","Replay:Fungal Core"],"picked":"Sozu"},{"not_picked":["SacredBark","hubris:Stopwatch"],"picked":"Empty Cage"},{"not_picked":["reliquary:Ember","Velvet Choker"],"picked":"reliquary:KinkedSpring"},{"not_picked":["hubris:Backtick","hubris:VirtuousBlindfold"],"picked":"reliquary:WritOfMandamus"}],"items_purged_floors":[4,13,36,73],"is_endless":true,"potions_floor_spawned":[1,7,12,14,16,20,23,31,35,39,45,48,52,58,59,67,69,76,79,88,93,97,98,99],"killed_by":"infinitespire:LordOfFortification","ascension_level":0}}