{"host":"u9h06qdlnp3wgzsw","time":1613698808,"event":{"mods":["Act Like it!","BaseMod","Conspire","Curses Come First","Downfall","Hallownest","Hermit","Hubris","Minty Spire (QoL Compilation)","Quick Restart","Rare Cards Sparkle","Reliquary","Replay The Spire","Shop Mod","StSLib","The Disciple","The Hierophant","The Servant 0.9.4"],"gold_per_floor":[111,62,78,97,117,149,149,149,194,231,262,274,286,317,329,341,341],"floor_reached":16,"language":"ENG","playtime":907,"items_purged":[],"score":138,"play_id":"8ca8fcf4-8808-454e-9700-b06b1a9fb719","local_time":"20210218204008","is_ascension_mode":true,"campfire_choices":[{"floor":7,"key":"REST"},{"floor":12,"key":"REST"},{"floor":15,"key":"REST"}],"circlet_count":0,"master_deck":["Strike_G","Strike_G","Strike_G","Strike_G","Strike_G","Defend_G","Defend_G","Defend_G","Defend_G","Defend_G","Survivor","Neutralize+1","Accuracy","Replay:Bag of Tricks"],"relics":["Ring of the Snake","Toy Ornithopter","MawBank","Smiling Mask"],"acts_visited":["Exordium"],"potions_floor_usage":[5,6,11,14],"damage_taken":[{"damage":2,"enemies":"2 Louse","floor":1,"turns":5},{"damage":3,"enemies":"Jaw Worm","floor":3,"turns":6},{"damage":6,"enemies":"Small Slimes","floor":4,"turns":5},{"damage":1,"enemies":"Blue Slaver","floor":5,"turns":6},{"damage":33,"enemies":"Gremlin Nob","floor":6,"turns":6},{"damage":9,"enemies":"conspire:2 RoseBushes","floor":11,"turns":11},{"damage":16,"enemies":"Gremlin Gang","floor":14,"turns":11},{"damage":77,"enemies":"Slime Boss","floor":16,"turns":9}],"seed_played":"2644984960975712840","potions_obtained":[{"floor":3,"key":"SkillPotion"},{"floor":4,"key":"SneckoOil"},{"floor":6,"key":"Dexterity Potion"},{"floor":11,"key":"PowerPotion"}],"is_trial":false,"path_per_floor":["M","$","M","M","M","E","R","?","T","T","M","R","$","M","R","B"],"character_chosen":"THE_SILENT","items_purchased":["Block Potion"],"campfire_rested":3,"item_purchase_floors":[2],"current_hp_per_floor":[61,61,58,52,51,18,39,39,39,39,35,56,56,45,66,0,0],"gold":341,"neow_bonus":"UPGRADE_CARD","is_daily":false,"chose_seed":false,"campfire_upgraded":0,"win_rate":0.0,"timestamp":1613698808,"path_taken":["M","$","M","M","M","E","R","?","T","?","M","R","$","M","R","BOSS"],"items_purchased_type":["Potion"],"build_version":"2020-12-22","purchased_purges":0,"victory":false,"max_hp_per_floor":[70,70,70,70,70,70,70,70,70,70,70,70,70,70,70,70,70],"card_choices":[{"not_picked":["Slice","Heel Hook"],"picked":"Accuracy","floor":1},{"not_picked":["Prepared","Skewer","hubris:SlightOfHand"],"picked":"SKIP","floor":3},{"not_picked":["Distraction","Outmaneuver","Leg Sweep"],"picked":"SKIP","floor":4},{"not_picked":["Backflip","Blur","Slice"],"picked":"SKIP","floor":5},{"not_picked":["Bouncing Flask","Riddle With Holes","Prepared"],"picked":"SKIP","floor":6},{"not_picked":["Outmaneuver","Flechettes","Distraction"],"picked":"SKIP","floor":11},{"not_picked":["Prepared","Crippling Poison"],"picked":"Replay:Bag of Tricks","floor":14}],"player_experience":1080657,"relics_obtained":[{"floor":6,"key":"Toy Ornithopter"},{"floor":9,"key":"MawBank"},{"floor":10,"key":"Smiling Mask"}],"event_choices":[{"damage_healed":0,"gold_gain":0,"player_choice":"Ignored","damage_taken":0,"max_hp_gain":0,"max_hp_loss":0,"event_name":"Liars Game","floor":8,"gold_loss":0}],"is_beta":false,"boss_relics":[],"items_purged_floors":[],"is_endless":false,"potions_floor_spawned":[3,4,6,11],"killed_by":"Slime Boss","ascension_level":7}}