{"host":"4w9vompg42n13q24","time":1613737943,"event":{"mods":["Aspiration","BaseMod","Better Third Choice","Colored Map","Colored Powertips","DeckTracker","Downfall","GifTheSpireLib","Glutton Mod","Hermit","Highlight Path","Hubris","Minty Spire (QoL Compilation)","Relic Stats","StSLib","Stuff the Spire","The Druid","The Necromancer","Trackpad"],"gold_per_floor":[99,119,119,119,104,120,198,198,98,110,124,157,167,183,194,294,294,194,211,211,222,235,235,286,196,196,196,215,215,233,268,286,388,388,388,399,281,292,311,322,322,322,37,87,99,99,99,99,109,109],"floor_reached":51,"language":"ENG","playtime":4044,"items_purged":["Parasite","hubris:Compulsion"],"score":723,"play_id":"39522fcb-2a43-40be-87cb-960063de1c54","local_time":"20210219133222","is_ascension_mode":false,"campfire_choices":[{"floor":1.0,"key":"RECALL"},{"data":"bronze:ClassDefault","floor":9.0,"key":"SMITH"},{"data":"bronze:InfiniteLoop","floor":18,"key":"SMITH"},{"data":"bronze:Repulsor","floor":23,"key":"SMITH"},{"data":"bronze:Assembly","floor":26,"key":"SMITH"},{"data":"bronze:Library","floor":35,"key":"SMITH"},{"data":"bronze:BronzeOrb","floor":46,"key":"SMITH"}],"circlet_count":0,"master_deck":["StuffTheSpire:BrainWave+1","bronze:Replicate+1","bronze:Goto+1","bronze:BronzeOrb+1","bronze:ClassDefault+1","bronze:Assembly+1","bronze:BronzeOrb","bronze:OilSpill","bronze:Flail","bronze:WhirlingStrike","bronze:BronzeOrb","bronze:InfiniteLoop+1","bronze:Repulsor+1","bronze:Safeguard","Negative_Energy_Shield","bronze:BronzeOrb","bronze:GetLatest","bronze:Flail","bronze:Library+1","bronze:Repair","bronze:ForLoop","bronze:CutThrough","bronze:HyperBeam","bronze:BugBarrage","bronze:TinkerersToolbox","bronze:ForLoop","bronze:Repair","bronze:Constructor+1","bronze:ItsAFeature","Parasite","StuffTheSpire:Rapture"],"relics":["bronze:BronzeCore","Dream Catcher","StuffTheSpire:ForceGauntlet","downfall:HeartBlessingRed","Regal Pillow","Cursed Key","downfall:HeartBlessingGreen","Sundial","Pandora\u0027s Box","trackpad:ZombieHeart","aspiration:AnachronicSnailShell","Pear","Lizard Tail"],"acts_visited":["Exordium","TheCity","TheBeyond"],"potions_floor_usage":[33,33,37],"damage_taken":[{"damage":2.0,"enemies":"Jaw Worm","floor":2.0,"turns":4.0},{"damage":0.0,"enemies":"downfall:FleeingMerchant","floor":5.0,"turns":4.0},{"damage":0.0,"enemies":"Small Slimes","floor":6.0,"turns":4.0},{"damage":0.0,"enemies":"2 Louse","floor":10.0,"turns":2.0},{"damage":0.0,"enemies":"Lots of Slimes","floor":11.0,"turns":4.0},{"damage":16.0,"enemies":"Lagavulin","floor":12.0,"turns":4.0},{"damage":0.0,"enemies":"Large Slime","floor":13.0,"turns":2.0},{"damage":0.0,"enemies":"downfall:LooterAlt","floor":14.0,"turns":2.0},{"damage":0.0,"enemies":"2 Fungi Beasts","floor":15.0,"turns":1.0},{"damage":27.0,"enemies":"WA_ARCHETYPE_RETAIN","floor":16.0,"turns":5.0},{"damage":0,"enemies":"Shell Parasite","floor":19,"turns":2},{"damage":0,"enemies":"downfall:LooterAlt2","floor":21,"turns":1},{"damage":0,"enemies":"Cultist and Chosen","floor":22,"turns":3},{"damage":0,"enemies":"downfall:FleeingMerchant","floor":25,"turns":4},{"damage":9,"enemies":"Shelled Parasite and Fungi","floor":28,"turns":4},{"damage":16,"enemies":"Centurion and Healer","floor":30,"turns":4},{"damage":0,"enemies":"Gremlin Leader","floor":31,"turns":3},{"damage":16,"enemies":"Sentry and Sphere","floor":32,"turns":4},{"damage":17,"enemies":"DF_ARCHETYPE_CLAW","floor":33,"turns":7},{"damage":0,"enemies":"3 Shapes","floor":36,"turns":1},{"damage":14,"enemies":"downfall:FleeingMerchant","floor":37,"turns":4},{"damage":0,"enemies":"3 Darklings","floor":38,"turns":2},{"damage":0,"enemies":"Jaw Worm Horde","floor":39,"turns":2},{"damage":18,"enemies":"Writhing Mass","floor":40,"turns":6},{"damage":0,"enemies":"downfall:FleeingMerchant","floor":43,"turns":1},{"damage":9,"enemies":"downfall:FleeingMerchant","floor":44,"turns":4},{"damage":1,"enemies":"Transient","floor":45,"turns":5},{"damage":11,"enemies":"Maw","floor":49,"turns":4},{"damage":34,"enemies":"IC_BLOCK_ARCHETYPE","floor":50,"turns":7}],"seed_played":"-8447049914265209254","potions_obtained":[{"floor":6.0,"key":"bronze:CleanCodePotion"},{"floor":13.0,"key":"Weak Potion"},{"floor":14.0,"key":"Slimebound:ThreeZeroPotion"},{"floor":29,"key":"bronze:BurnAndBuffPotion"},{"floor":33,"key":"SkillPotion"},{"floor":40,"key":"DistilledChaos"},{"floor":44,"key":"FairyPotion"}],"is_trial":false,"path_per_floor":["R","M","?","?","$","M","T","?","R","M","M","E","M","M","M","B",null,"R","M","?","M","M","R","T","$","R","?","M","?","M","E","M","B",null,"R","M","$","M","M","M","T","?","$","?","M","R","?","?","M","B",null],"character_chosen":"THE_AUTOMATON","items_purchased":["Fruit Juice","aspiration:AnachronicSnailShell","Pear"],"campfire_rested":0,"item_purchase_floors":[37,43,43],"current_hp_per_floor":[70,68,68,56,56,56,56,56,56,56,56,40,40,40,40,13,70,70,70,70,70,70,70,70,67,67,67,58,58,42,42,26,9,67,67,67,65,65,72,61,61,61,79,75,85,85,85,85,82,63],"gold":109,"neow_bonus":"UPGRADE_CARD","is_daily":false,"chose_seed":false,"campfire_upgraded":6,"win_rate":0.0,"timestamp":1613737942,"path_taken":["R","M","?","?","$","M","T","?","R","M","M","E","?","M","M","BOSS","R","M","?","M","M","R","T","$","R","?","M","?","M","E","M","BOSS","R","M","$","?","M","M","T","?","$","?","M","R","?","?","M","BOSS"],"items_purchased_type":["Potion","Relic","Relic"],"build_version":"2020-12-22","purchased_purges":2,"victory":true,"max_hp_per_floor":[70,70,70,70,70,70,70,70,70,70,70,70,70,70,70,70,70,70,70,70,70,70,70,70,67,67,67,67,67,67,67,67,67,67,67,67,72,72,72,72,72,72,83,84,85,85,85,85,86,87],"relic_stats":{"Dream Catcher":0,"Regal Pillow":0,"Lizard Tail":0,"counters":[29,100],"Sundial":[8],"Pandora\u0027s Box":["bronze:Repair","bronze:ForLoop","bronze:CutThrough","bronze:HyperBeam","bronze:BugBarrage","bronze:TinkerersToolbox","bronze:ForLoop","bronze:Repair"],"Cursed Key":2,"obtain_stats":[{"Regal Pillow":12,"bronze:BronzeCore":0,"Pear":43,"downfall:HeartBlessingRed":9,"StuffTheSpire:ForceGauntlet":7,"downfall:HeartBlessingGreen":18,"War Paint":24,"Cursed Key":17,"Dream Catcher":4,"trackpad:ZombieHeart":41,"Lizard Tail":44,"Sundial":31,"aspiration:AnachronicSnailShell":43,"Pandora\u0027s Box":34},{"Regal Pillow":6,"bronze:BronzeCore":0,"Pear":25,"downfall:HeartBlessingRed":3,"StuffTheSpire:ForceGauntlet":3,"downfall:HeartBlessingGreen":10,"War Paint":13,"Cursed Key":10,"Dream Catcher":1,"trackpad:ZombieHeart":24,"Lizard Tail":26,"Sundial":17,"aspiration:AnachronicSnailShell":25,"Pandora\u0027s Box":19},{"Regal Pillow":22,"bronze:BronzeCore":0,"Pear":80,"downfall:HeartBlessingRed":12,"StuffTheSpire:ForceGauntlet":12,"downfall:HeartBlessingGreen":32,"War Paint":38,"Cursed Key":32,"Dream Catcher":4,"trackpad:ZombieHeart":79,"Lizard Tail":84,"Sundial":53,"aspiration:AnachronicSnailShell":80,"Pandora\u0027s Box":64}]},"card_choices":[{"not_picked":["bronze:BugBarrage","bronze:BitShift"],"picked":"bronze:BronzeOrb","floor":2.0},{"not_picked":["bronze:DelayedGuard","bronze:OilSpill"],"picked":"bronze:ClassDefault","floor":5.0},{"not_picked":["bronze:BugBarrage","bronze:DelayedGuard"],"picked":"bronze:Assembly","floor":6.0},{"not_picked":["bronze:Shield","bronze:DelayedSlice","bronze:CutThrough"],"picked":"SKIP","floor":10.0},{"not_picked":["bronze:Shield","bronze:WildBeam"],"picked":"bronze:OilSpill","floor":11.0},{"not_picked":["bronze:InfiniteBeams","bronze:CloningBeam"],"picked":"bronze:Flail","floor":12.0},{"not_picked":["bronze:FineTuning","bronze:BitShift","bronze:WildBeam"],"picked":"SKIP","floor":13.0},{"not_picked":["bronze:Invalidate","bronze:DelayedGuard"],"picked":"bronze:WhirlingStrike","floor":14.0},{"not_picked":["bronze:NullPointer","bronze:Assembly"],"picked":"bronze:BronzeOrb","floor":15.0},{"not_picked":["bronze:HyperBeam","bronze:AlphaBuild"],"picked":"bronze:InfiniteLoop","floor":16.0},{"not_picked":["bronze:GetLatest","bronze:FineTuning"],"picked":"bronze:Repulsor","floor":19},{"not_picked":["bronze:BuggyMess","bronze:Shield","bronze:Safeguard+1"],"picked":"SKIP","floor":21},{"not_picked":["bronze:OilSpill","bronze:Separator","bronze:Overheat"],"picked":"SKIP","floor":22},{"not_picked":["bronze:FineTuning+1","bronze:Invalidate"],"picked":"bronze:Safeguard","floor":25},{"not_picked":["bronze:InfiniteBeams+1","bronze:Frontload","bronze:DelayedSlice"],"picked":"SKIP","floor":28},{"not_picked":["bronze:Branch","bronze:BugBarrage"],"picked":"bronze:BronzeOrb","floor":30},{"not_picked":["bronze:ShipIt","bronze:DelayedSlice"],"picked":"bronze:GetLatest","floor":31},{"not_picked":["bronze:Turbo","bronze:CutThrough"],"picked":"bronze:Flail","floor":32},{"not_picked":["bronze:ShipIt","bronze:RecursiveStrike"],"picked":"bronze:Library","floor":33},{"not_picked":["bronze:BuggyMess+1","bronze:FineTuning+1","bronze:BugBarrage+1"],"picked":"SKIP","floor":36},{"not_picked":["bronze:Overheat","bronze:CloningBeam","bronze:Iterate+1"],"picked":"SKIP","floor":37},{"not_picked":["bronze:WhirlingStrike+1","bronze:Allocate+1"],"picked":"bronze:Constructor+1","floor":38},{"not_picked":["bronze:Invalidate","bronze:Backtrace+1"],"picked":"bronze:ItsAFeature","floor":39},{"not_picked":["bronze:RecursiveStrike","bronze:FineTuning+1","bronze:DelayedGuard+1"],"picked":"SKIP","floor":40},{"not_picked":["StuffTheSpire:Perfection","StuffTheSpire:Innocence"],"picked":"StuffTheSpire:Rapture","floor":42},{"not_picked":["bronze:ItsAFeature","bronze:WildBeam","bronze:WhirlingStrike+1"],"picked":"SKIP","floor":43},{"not_picked":["bronze:Branch","bronze:Deprecate+1","bronze:Invalidate+1"],"picked":"SKIP","floor":45},{"not_picked":["bronze:Frontload","bronze:GetLatest+1","bronze:WildBeam"],"picked":"SKIP","floor":49}],"player_experience":686384,"relics_obtained":[{"floor":7.0,"key":"StuffTheSpire:ForceGauntlet"},{"floor":12.0,"key":"Regal Pillow"},{"floor":24,"key":"War Paint"},{"floor":31,"key":"Sundial"},{"floor":41,"key":"trackpad:ZombieHeart"},{"floor":44,"key":"Lizard Tail"}],"event_choices":[{"damage_healed":0.0,"max_hp_gain":0.0,"max_hp_loss":0.0,"gold_gain":0.0,"event_name":"betterThird:BetterScrap","player_choice":"Relic ","floor":4.0,"gold_loss":0.0,"damage_taken":12.0,"cards_obtained":["aspiration:Polymerization"]},{"damage_healed":0,"gold_gain":0,"player_choice":"Ignored","damage_taken":0,"max_hp_gain":0,"max_hp_loss":0,"event_name":"Ghosts","floor":20,"gold_loss":0},{"damage_healed":0,"gold_gain":0,"player_choice":"Read","damage_taken":0,"max_hp_gain":0,"max_hp_loss":0,"event_name":"The Library","floor":27,"gold_loss":0,"cards_obtained":["Negative_Energy_Shield"]},{"damage_healed":0,"gold_gain":0,"player_choice":"Got Potions","damage_taken":0,"max_hp_gain":0,"max_hp_loss":0,"event_name":"Lab","floor":29,"gold_loss":0},{"damage_healed":0,"gold_gain":0,"player_choice":"Ignored","damage_taken":0,"max_hp_gain":0,"max_hp_loss":0,"event_name":"NoteForYourself","floor":48,"gold_loss":0}],"is_beta":false,"boss_relics":[{"not_picked":["hubris:VirtuousBlindfold","Velvet Choker"],"picked":"Cursed Key"},{"not_picked":["aspiration:PoetsPen_weak","aspiration:SilentSkillbook"],"picked":"Pandora\u0027s Box"}],"items_purged_floors":[25,43],"is_endless":false,"potions_floor_spawned":[6,13,14,16,19,22,28,31,32,33,40,44,45,49],"ascension_level":0}}