{"host":"bzq0skgbben6khkk","time":1613716626,"event":{"mods":["Act Like it!","BaseMod","Minty Spire (QoL Compilation)","MostiFishMod","StSLib","Swap Starting Deck Mod"],"gold_per_floor":[118,88,104,116,130,161,161,196,196,206,233,244,17,59,59,141,141,156,170,179,79,106,140,157,185,266,266,301,301,314,349,349,437,437,448,398,411,427,427,453,453,475,499,273,312,312,338,38,38,38,38,38,38,63,63],"floor_reached":56,"language":"ZHS","playtime":1744,"items_purged":["Strike_G","Strike_G","Strike_G","Strike_G","Strike_G"],"score":2589,"play_id":"cedffb57-76fd-4eb7-a0c0-27fab2150a50","local_time":"20210219143706","is_ascension_mode":true,"campfire_choices":[{"data":"Outmaneuver","floor":7.0,"key":"SMITH"},{"data":"MostiFishMod:Opportunism","floor":15.0,"key":"SMITH"},{"data":"MostiFishMod:AdrenalineArouse","floor":27,"key":"SMITH"},{"data":"Calculated Gamble","floor":29,"key":"SMITH"},{"data":"Blade Dance","floor":32,"key":"SMITH"},{"floor":41,"key":"RECALL"},{"data":"Well Laid Plans","floor":46,"key":"SMITH"},{"data":"MostiFishMod:ShivMaster","floor":49,"key":"SMITH"},{"data":"Adrenaline","floor":52,"key":"SMITH"}],"circlet_count":0,"master_deck":["AscendersBane","Defend_G","Defend_G","Defend_G+1","Defend_G","Defend_G","Survivor","Neutralize","Blade Dance+1","Predator","Outmaneuver+1","Flying Knee","MostiFishMod:VineMother","Blade Dance+1","MostiFishMod:Opportunism+1","Expertise","MostiFishMod:AdrenalineArouse+1","MostiFishMod:InvigoratingSolution","After Image","Calculated Gamble+1","MostiFishMod:ShivMaster+1","Adrenaline+1","Well Laid Plans+1","Acrobatics","MostiFishMod:PerfectParry"],"relics":["Ring of the Snake","DaveBox","PatriotShield","NeowsBlessing","SynthV:TestCard","PreservedInsect","Bronze Scales","Sundial","BionicSphere","CeramicFish","Black Star","Nunchaku","Smiling Mask","Akabeko","Singing Bowl","Molten Egg 2","Tiny Chest","Bag of Marbles","Blood Vial","Eternal Feather","RhineSuit","Strawberry","Prayer Wheel","War Paint","Juzu Bracelet","Bag of Preparation","Shuriken","Mummified Hand","InkBottle"],"acts_visited":["Exordium","TheCity","TheBeyond","TheEnding"],"potions_floor_usage":[],"damage_taken":[{"damage":0.0,"enemies":"2 Louse","floor":1.0,"turns":1.0},{"damage":0.0,"enemies":"Cultist","floor":3.0,"turns":1.0},{"damage":0.0,"enemies":"Jaw Worm","floor":4.0,"turns":1.0},{"damage":0.0,"enemies":"Exordium Thugs","floor":5.0,"turns":2.0},{"damage":0.0,"enemies":"3 Sentries","floor":6.0,"turns":3.0},{"damage":0.0,"enemies":"Lagavulin","floor":8.0,"turns":2.0},{"damage":0.0,"enemies":"Lots of Slimes","floor":10.0,"turns":1.0},{"damage":0.0,"enemies":"3 Sentries","floor":11.0,"turns":2.0},{"damage":0.0,"enemies":"Gremlin Gang","floor":12.0,"turns":1.0},{"damage":0.0,"enemies":"Gremlin Nob","floor":14.0,"turns":2.0},{"damage":28.0,"enemies":"The Guardian","floor":16.0,"turns":4.0},{"damage":0.0,"enemies":"Spheric Guardian","floor":18.0,"turns":1.0},{"damage":0.0,"enemies":"2 Thieves","floor":19.0,"turns":2.0},{"damage":0,"enemies":"Snake Plant","floor":22,"turns":2},{"damage":0,"enemies":"Gremlin Leader","floor":23,"turns":2},{"damage":0,"enemies":"Snecko","floor":24,"turns":2},{"damage":0,"enemies":"Book of Stabbing","floor":25,"turns":2},{"damage":0,"enemies":"Gremlin Leader","floor":28,"turns":2},{"damage":0,"enemies":"3 Cultists","floor":30,"turns":2},{"damage":0,"enemies":"Book of Stabbing","floor":31,"turns":3},{"damage":0,"enemies":"Collector","floor":33,"turns":2},{"damage":10,"enemies":"3 Shapes","floor":35,"turns":5},{"damage":2,"enemies":"3 Darklings","floor":37,"turns":2},{"damage":0,"enemies":"Jaw Worm Horde","floor":38,"turns":1},{"damage":0,"enemies":"Reptomancer","floor":40,"turns":1},{"damage":0,"enemies":"Sphere and 2 Shapes","floor":42,"turns":2},{"damage":0,"enemies":"Giant Head","floor":45,"turns":3},{"damage":0,"enemies":"Transient","floor":47,"turns":4},{"damage":20,"enemies":"Awakened One","floor":50,"turns":4},{"damage":0,"enemies":"Shield and Spear","floor":54,"turns":2},{"damage":2,"enemies":"The Heart","floor":55,"turns":4}],"seed_played":"-636143623160023325","potions_obtained":[{"floor":2.0,"key":"Explosive Potion"},{"floor":2.0,"key":"GhostInAJar"},{"floor":19.0,"key":"BlessingOfTheForge"},{"floor":25,"key":"PowerPotion"},{"floor":47,"key":"Energy Potion"}],"is_trial":false,"path_per_floor":["M","?","M","M","M","E","R","E","T","M","E","M","$","E","R","B",null,"M","M","?","$","M","E","M","E","T","R","E","R","M","E","R","B",null,"M","$","M","M","?","E","R","M","T","$","E","R","M","$","R","B",null,"R","$","E","B",null],"character_chosen":"THE_SILENT","items_purchased":["MostiFishMod:Opportunism","War Paint","Well Laid Plans","Shuriken"],"campfire_rested":0,"item_purchase_floors":[13,44,44,48],"current_hp_per_floor":[63,63,63,63,63,63,63,63,63,63,63,63,63,63,63,35,61,61,61,61,61,61,61,61,63,63,63,65,65,67,69,78,78,78,70,70,72,76,76,87,89,91,91,91,91,91,93,93,93,73,88,93,93,95,93],"gold":63,"neow_bonus":"THREE_ENEMY_KILL","is_daily":false,"chose_seed":false,"campfire_upgraded":8,"win_rate":0.0,"timestamp":1613716626,"path_taken":["M","?","?","M","M","E","R","E","T","M","E","M","$","E","R","BOSS","M","M","?","$","M","E","M","E","T","R","E","R","M","E","R","BOSS","M","$","M","M","?","E","R","M","T","$","E","R","M","?","R","BOSS","R","$","E","BOSS"],"items_purchased_type":["Card","Relic","Card","Relic"],"build_version":"2020-12-22","purchased_purges":5,"victory":true,"max_hp_per_floor":[70,70,70,70,70,70,70,70,70,70,70,70,70,70,70,70,70,70,70,70,70,70,70,70,72,72,72,74,74,76,78,78,78,78,80,80,82,84,80,89,89,91,91,91,91,91,93,93,93,93,93,93,93,95,95],"card_choices":[{"not_picked":["Poisoned Stab","Blur","Sucker Punch"],"picked":"SKIP","floor":1.0},{"not_picked":["Bouncing Flask","Terror","Underhanded Strike","Acrobatics"],"picked":"Riddle With Holes","floor":3.0},{"not_picked":["Prepared","Cloak And Dagger","Dodge and Roll","MostiFishMod:PoisonShield"],"picked":"Blade Dance","floor":4.0},{"not_picked":["Noxious Fumes","Prepared","MostiFishMod:PerfectParry","Endless Agony"],"picked":"Predator","floor":5.0},{"not_picked":["Terror","Cloak And Dagger","Malaise","Infinite Blades"],"picked":"Outmaneuver","floor":6.0},{"not_picked":["Acrobatics","Sucker Punch","Cloak And Dagger","Quick Slash"],"picked":"Flying Knee","floor":8.0},{"not_picked":["Masterful Stab","MostiFishMod:VineMother","Catalyst","Bouncing Flask","Poisoned Stab"],"picked":"SKIP","floor":10.0},{"not_picked":["Masterful Stab","Catalyst","Bouncing Flask","Poisoned Stab"],"picked":"MostiFishMod:VineMother","floor":10.0},{"not_picked":["Noxious Fumes","Accuracy","Caltrops","Storm of Steel","Reflex"],"picked":"SKIP","floor":11.0},{"not_picked":["MostiFishMod:ThornCasing","Slice","Outmaneuver","Underhanded Strike"],"picked":"Blade Dance","floor":12.0},{"not_picked":["Grand Finale","Blade Dance","MostiFishMod:PoisonShield","Deflect"],"picked":"Expertise","floor":14.0},{"not_picked":["Envenom","Glass Knife","Burst","Storm of Steel"],"picked":"MostiFishMod:AdrenalineArouse","floor":16.0},{"not_picked":["Underhanded Strike","Slice","Backstab","Backflip","Acrobatics"],"picked":"SKIP","floor":18.0},{"not_picked":["Heel Hook","Deadly Poison+1","Setup","Flechettes","MostiFishMod:VineMother"],"picked":"SKIP","floor":19.0},{"not_picked":["Deflect","Deadly Poison","MostiFishMod:PerfectParry+1","Sucker Punch"],"picked":"After Image","floor":22},{"not_picked":["MostiFishMod:PerfectParry","MostiFishMod:FrostNova","Cloak And Dagger","Leg Sweep"],"picked":"Calculated Gamble","floor":23},{"not_picked":["Blur","Footwork","Deflect","Skewer","Outmaneuver"],"picked":"SKIP","floor":24},{"not_picked":["Reflex","Riddle With Holes","Blade Dance","Cloak And Dagger","Deadly Poison"],"picked":"Singing Bowl","floor":25},{"not_picked":["Slice+1","Dagger Throw+1","Riddle With Holes+1","Acrobatics","Dodge and Roll"],"picked":"Singing Bowl","floor":28},{"not_picked":["Finisher+1","Bane+1","Accuracy","Choke+1","Outmaneuver"],"picked":"Singing Bowl","floor":30},{"not_picked":["MostiFishMod:VineMother+1","MostiFishMod:InvigoratingSolution","MostiFishMod:Wind","Prepared","Infinite Blades"],"picked":"Singing Bowl","floor":31},{"not_picked":["Bullet Time","A Thousand Cuts","MostiFishMod:LethalBlade","Wraith Form v2"],"picked":"MostiFishMod:ShivMaster","floor":33},{"not_picked":["Slice+1","Masterful Stab+1","Backstab+1","MostiFishMod:PreservedThorns","Calculated Gamble"],"picked":"Singing Bowl","floor":35},{"not_picked":["Escape Plan","Heel Hook+1","Blade Dance","MostiFishMod:PerfectParry","Dash+1"],"picked":"Singing Bowl","floor":37},{"not_picked":["Dagger Spray+1","Underhanded Strike+1","Deflect","PiercingWail","Blade Dance"],"picked":"Singing Bowl","floor":38},{"not_picked":["Setup","Heel Hook+1","Poisoned Stab+1","Terror","Deflect"],"picked":"Singing Bowl","floor":40},{"not_picked":["MostiFishMod:PerfectParry+1","Backflip+1","Bane+1","Slice+1"],"picked":"Adrenaline","floor":42},{"not_picked":["Bane+1","Dodge and Roll","MostiFishMod:ThornCasing","Dagger Spray+1","Flechettes+1"],"picked":"Singing Bowl","floor":42},{"not_picked":["Backflip+1","Dagger Throw+1","Flying Knee+1","MostiFishMod:FrostNova"],"picked":"Acrobatics","floor":45},{"not_picked":["Infinite Blades","Catalyst","Acrobatics","Dagger Throw+1","MostiFishMod:Wind"],"picked":"Singing Bowl","floor":47},{"not_picked":["Cloak And Dagger","MostiFishMod:ThornCasing","Backflip","Flying Knee+1"],"picked":"MostiFishMod:PerfectParry","floor":47},{"not_picked":["Endless Agony+1","MostiFishMod:FullyArmed","Terror","MostiFishMod:PerfectParry","Footwork"],"picked":"Singing Bowl","floor":54}],"player_experience":465832,"relics_obtained":[{"floor":1.0,"key":"SynthV:TestCard"},{"floor":6.0,"key":"PreservedInsect"},{"floor":8.0,"key":"Bronze Scales"},{"floor":9.0,"key":"Sundial"},{"floor":11.0,"key":"BionicSphere"},{"floor":14.0,"key":"CeramicFish"},{"floor":23,"key":"Nunchaku"},{"floor":23,"key":"Smiling Mask"},{"floor":25,"key":"Akabeko"},{"floor":25,"key":"Singing Bowl"},{"floor":26,"key":"Molten Egg 2"},{"floor":28,"key":"Tiny Chest"},{"floor":28,"key":"Bag of Marbles"},{"floor":31,"key":"Blood Vial"},{"floor":31,"key":"Eternal Feather"},{"floor":40,"key":"Strawberry"},{"floor":40,"key":"Prayer Wheel"},{"floor":45,"key":"Juzu Bracelet"},{"floor":45,"key":"Bag of Preparation"},{"floor":54,"key":"Mummified Hand"},{"floor":54,"key":"InkBottle"}],"event_choices":[{"damage_healed":0.0,"max_hp_gain":0.0,"max_hp_loss":0.0,"gold_gain":0.0,"event_name":"The Woman in Blue","player_choice":"Bought 2 Potions","floor":2.0,"gold_loss":0.0,"damage_taken":0.0},{"damage_healed":0,"gold_gain":0,"cards_transformed":["Riddle With Holes"],"player_choice":"Transformed","damage_taken":0,"max_hp_gain":0,"max_hp_loss":0,"event_name":"Transmorgrifier","floor":20,"gold_loss":0,"cards_obtained":["MostiFishMod:InvigoratingSolution"]},{"damage_healed":0,"gold_gain":0,"player_choice":"Max HP","damage_taken":0,"max_hp_gain":0,"max_hp_loss":4,"event_name":"Winding Halls","floor":39,"gold_loss":0}],"is_beta":false,"boss_relics":[{"not_picked":["Sozu","Cursed Key"],"picked":"Black Star"},{"not_picked":["xbg","FixedStarFall"],"picked":"RhineSuit"}],"items_purged_floors":[13,21,36,44,48],"is_endless":false,"potions_floor_spawned":[5,6,10,12,16,18,19,24,25,28,38,40,42,45,47,54],"ascension_level":13}}