{"host":"uhnh33uh34qot0et","time":1613775250,"event":{"mods":["Act Like it!","BaseMod","Bossed Relics","Colored Map","Downfall","GungeonMod","Hallownest","Hermit","JesterMod","Marisa????????","Minty Spire (QoL Compilation)","Relic Stats","Replay The Spire","Ruina","Shapeshifter Mod","StSLib","The Construct","The Cursed","The Hierophant","The Servant 0.9.4"],"gold_per_floor":[14,14,28,47,65,65,91,120,132,159,183,228,340,363,375,387,387],"floor_reached":16,"language":"ENG","playtime":496,"items_purged":[],"score":116,"play_id":"fb864961-5acd-4c89-9707-a5464637c24f","local_time":"20210219235410","is_ascension_mode":false,"campfire_choices":[{"data":"ReplayTheSpireMod:Corrosion Curse","floor":6,"key":"SMITH"},{"floor":15,"key":"REST"}],"circlet_count":0,"master_deck":["Strike_R","Strike_R","Strike_R","Strike_R","Strike_R","Defend_R","Defend_R","Defend_R","Defend_R","Bash","Pummel","Replay:Undeath\u0027s Touch","Perfected Strike","ReplayTheSpireMod:Corrosion Curse+1","Replay:Undeath\u0027s Touch","Replay:Undeath\u0027s Touch","Pummel","Thunderclap","ReplayTheSpireMod:Strike From Hell"],"relics":["Burning Blood","Ginger","MawBank","Nunchaku","Smiling Mask"],"acts_visited":["Exordium"],"potions_floor_usage":[7,12,16,16],"damage_taken":[{"damage":6,"enemies":"Cultist","floor":1,"turns":3},{"damage":4,"enemies":"Jaw Worm","floor":3,"turns":5},{"damage":0,"enemies":"Small Slimes","floor":4,"turns":3},{"damage":10,"enemies":"Looter","floor":5,"turns":2},{"damage":32,"enemies":"3 Sentries","floor":7,"turns":9},{"damage":9,"enemies":"2 Fungi Beasts","floor":8,"turns":3},{"damage":6,"enemies":"Red Slaver","floor":10,"turns":2},{"damage":20,"enemies":"Large Slime","floor":11,"turns":5},{"damage":2,"enemies":"Gremlin Nob","floor":12,"turns":3},{"damage":0,"enemies":"Exordium Wildlife","floor":14,"turns":2},{"damage":67,"enemies":"Hexaghost","floor":16,"turns":9}],"seed_played":"-8714878032474012377","potions_obtained":[{"floor":1,"key":"SkillPotion"},{"floor":10,"key":"Reflective Coating"},{"floor":11,"key":"Guardian:BlockOnCardUsePotion"},{"floor":14,"key":"Dexterity Potion"}],"is_trial":false,"path_per_floor":["M","$","M","M","M","R","E","M","T","M","M","E","?","M","R","B"],"character_chosen":"IRONCLAD","items_purchased":[],"campfire_rested":1,"item_purchase_floors":[],"current_hp_per_floor":[80,80,80,80,76,76,50,47,47,47,33,37,37,43,67,0,0],"gold":387,"neow_bonus":"ONE_RARE_RELIC","is_daily":false,"chose_seed":false,"campfire_upgraded":1,"win_rate":0.0,"timestamp":1613775250,"path_taken":["M","$","M","M","M","R","E","?","T","M","M","E","?","M","R","BOSS"],"items_purchased_type":[],"build_version":"2020-12-22","purchased_purges":0,"victory":false,"max_hp_per_floor":[80,80,80,80,80,80,80,80,80,80,80,80,80,80,80,80,80],"relic_stats":{"Nunchaku":[5],"counters":[11,46],"Ginger":[4],"MawBank":108,"Smiling Mask":0,"obtain_stats":[{"Nunchaku":9,"DemoMod:GlassGuonStoneRelic":1,"Ginger":0,"MawBank":7,"Smiling Mask":12,"Burning Blood":0},{"Nunchaku":6,"DemoMod:GlassGuonStoneRelic":1,"Ginger":0,"MawBank":5,"Smiling Mask":9,"Burning Blood":0},{"Nunchaku":25,"DemoMod:GlassGuonStoneRelic":3,"Ginger":0,"MawBank":22,"Smiling Mask":35,"Burning Blood":0}],"Burning Blood":52},"card_choices":[{"not_picked":["Sword Boomerang","Clash"],"picked":"Pummel","floor":1},{"not_picked":["Massacre","Twin Strike"],"picked":"Replay:Undeath\u0027s Touch","floor":3},{"not_picked":["Run Through","Cleave"],"picked":"Perfected Strike","floor":4},{"not_picked":["ReplayTheSpireMod:Muscle Training","Sword Boomerang"],"picked":"ReplayTheSpireMod:Corrosion Curse","floor":5},{"not_picked":["Metallicize","Corruption"],"picked":"Replay:Undeath\u0027s Touch","floor":7},{"not_picked":["Warcry","Clothesline"],"picked":"Replay:Undeath\u0027s Touch","floor":8},{"not_picked":["Searing Blow","Rupture","Burning Pact"],"picked":"SKIP","floor":10},{"not_picked":["Sword Boomerang","Run Through"],"picked":"Pummel","floor":11},{"not_picked":["Reckless Charge","Cleave"],"picked":"Thunderclap","floor":12},{"not_picked":["Heavy Blade","Sever Soul"],"picked":"ReplayTheSpireMod:Strike From Hell","floor":14}],"player_experience":51984,"relics_obtained":[{"floor":7,"key":"MawBank"},{"floor":9,"key":"Nunchaku"},{"floor":12,"key":"Smiling Mask"}],"event_choices":[{"damage_healed":0,"gold_gain":100,"player_choice":"Pray","damage_taken":0,"max_hp_gain":0,"max_hp_loss":0,"event_name":"Golden Shrine","floor":13,"gold_loss":0}],"is_beta":false,"boss_relics":[],"items_purged_floors":[],"is_endless":false,"potions_floor_spawned":[1,10,11,14],"killed_by":"Hexaghost","ascension_level":0}}