{"host":"s4ojoik2izpnmj7q","time":1613737507,"event":{"mods":["ATMod(°¢èªMod)","Act Like it!","BaseMod","Minty Spire (QoL Compilation)","MostiFishMod","StSLib"],"gold_per_floor":[117,131,14,14,14,42,52,87,87,117,117,136,136,166,166,238,238,258,173,123,123,123,158,158,185,261,296,296,316,328,348,348,425,425,440,359,369,388,406,441,459,487,540,840,840,869,869,887,887,887,887,887,887,887,922,922],"floor_reached":57,"language":"ZHS","playtime":1568,"items_purged":["Defend_P","Defend_P","Strike_P","Strike_P"],"score":3731,"play_id":"e55e4a0c-3184-4137-946f-a041d04e7e1a","local_time":"20210219202507","is_ascension_mode":true,"campfire_choices":[{"data":"Eruption","floor":11.0,"key":"SMITH"},{"floor":13.0,"key":"REST"},{"data":"Scrawl","floor":15.0,"key":"SMITH"},{"data":"MostiFishMod:Speedup","floor":28.0,"key":"SMITH"},{"data":"DeusExMachina","floor":32.0,"key":"SMITH"},{"floor":45.0,"key":"REST"},{"data":"Adaptation","floor":47.0,"key":"SMITH"},{"floor":49.0,"key":"RECALL"},{"floor":53.0,"key":"REST"}],"circlet_count":0,"master_deck":["AscendersBane","Strike_P","Strike_P","Defend_P","Defend_P","Eruption+1","Vigilance","AT_EssenceShift","BowlingBash","DeusExMachina+1","InnerPeace","ReachHeaven","Scrawl+1","Adaptation+1","FlurryOfBlows+1","FearNoEvil+1","MostiFishMod:Dust","MostiFishMod:Speedup+1","MostiFishMod:Adaptation","Indignation+1","Wallop+1","Vault+1","Deep Breath+1","AT_SoftenMuscles+1","Tantrum+1","AT_ChampionStep+1","Ragnarok+1"],"relics":["DaveBox","AT_ATBox","Membership Card","Black Star","SynthV:TestCard","AT_EbonyIvory","AT_BladeRuinedKing","Pocketwatch","HollowDreamFlower","Blue Candle","Molten Egg 2","White Beast Statue","AT_ArcaneBoots","Bag of Marbles","Pantograph","Runic Dome","Torii","Toy Ornithopter","AT_RedNoBalance","Akabeko","Ice Cream","Toxic Egg 2","Vajra","FeatherPendant","DiscerningMonocle","AT_ForceNature","Dream Catcher","AT_SunfireAegis","Bottled Lightning","Meat on the Bone","InkBottle","Oddly Smooth Stone","StoneCalendar","Frozen Egg 2","ClockworkSouvenir","Mercury Hourglass","Sundial","OriginationStaff"],"acts_visited":["Exordium","TheCity","TheBeyond","TheEnding"],"potions_floor_usage":[56],"damage_taken":[{"damage":7.0,"enemies":"2 Louse","floor":1.0,"turns":2.0},{"damage":3.0,"enemies":"Cultist","floor":2.0,"turns":4.0},{"damage":16.0,"enemies":"Gremlin Nob","floor":6.0,"turns":3.0},{"damage":3.0,"enemies":"Small Slimes","floor":7.0,"turns":2.0},{"damage":17.0,"enemies":"Lagavulin","floor":8.0,"turns":4.0},{"damage":0.0,"enemies":"Gremlin Nob","floor":10.0,"turns":2.0},{"damage":11.0,"enemies":"Looter","floor":12.0,"turns":2.0},{"damage":0.0,"enemies":"Lagavulin","floor":14.0,"turns":2.0},{"damage":0.0,"enemies":"Slime Boss","floor":16.0,"turns":3.0},{"damage":15.0,"enemies":"Shell Parasite","floor":18.0,"turns":2.0},{"damage":0.0,"enemies":"Gremlin Leader","floor":23.0,"turns":3.0},{"damage":1.0,"enemies":"Book of Stabbing","floor":25.0,"turns":3.0},{"damage":7.0,"enemies":"Gremlin Leader","floor":27.0,"turns":4.0},{"damage":0.0,"enemies":"Spheric Guardian","floor":29.0,"turns":2.0},{"damage":0.0,"enemies":"Centurion and Healer","floor":30.0,"turns":1.0},{"damage":0.0,"enemies":"Sentry and Sphere","floor":31.0,"turns":2.0},{"damage":0.0,"enemies":"Automaton","floor":33.0,"turns":3.0},{"damage":0.0,"enemies":"Orb Walker","floor":35.0,"turns":1.0},{"damage":0.0,"enemies":"3 Shapes","floor":37.0,"turns":2.0},{"damage":0.0,"enemies":"Spire Growth","floor":38.0,"turns":1.0},{"damage":12.0,"enemies":"Jaw Worm Horde","floor":39.0,"turns":2.0},{"damage":18.0,"enemies":"Reptomancer","floor":40.0,"turns":3.0},{"damage":0.0,"enemies":"Maw","floor":41.0,"turns":1.0},{"damage":13.0,"enemies":"Giant Head","floor":42.0,"turns":3.0},{"damage":0.0,"enemies":"Nemesis","floor":46.0,"turns":1.0},{"damage":0.0,"enemies":"Transient","floor":48.0,"turns":1.0},{"damage":0.0,"enemies":"Donu and Deca","floor":50.0,"turns":1.0},{"damage":1.0,"enemies":"Time Eater","floor":51.0,"turns":2.0},{"damage":0.0,"enemies":"Shield and Spear","floor":55.0,"turns":1.0},{"damage":61,"enemies":"The Heart","floor":56,"turns":4}],"seed_played":"-3696442376577406596","potions_obtained":[{"floor":6.0,"key":"Energy Potion"},{"floor":8.0,"key":"FairyPotion"},{"floor":14.0,"key":"Ancient Potion"},{"floor":16.0,"key":"BottledMiracle"},{"floor":25.0,"key":"EssenceOfSteel"},{"floor":27.0,"key":"Weak Potion"},{"floor":29.0,"key":"LiquidBronze"},{"floor":30.0,"key":"ColorlessPotion"},{"floor":31.0,"key":"Energy Potion"},{"floor":33.0,"key":"Explosive Potion"}],"is_trial":false,"path_per_floor":["M","M","$","?","?","E","M","E","T","E","R","M","R","E","R","B",null,"M","?","$","?","?","E","?","E","T","E","R","M","M","M","R","B",null,"M","$","M","M","M","E","M","E","T","?","R","E","R","M","R","B","B",null,"R","$","E","B",null],"character_chosen":"WATCHER","items_purchased":["AT_EbonyIvory","DiscerningMonocle","AT_ForceNature","Dream Catcher","StancePotion","Deep Breath+1","ClockworkSouvenir","Mercury Hourglass","Sundial","AT_ChampionStep+1","Fruit Juice","DistilledChaos"],"campfire_rested":3,"item_purchase_floors":[3,36,36,36,36,36,54,54,54,54,54,54],"current_hp_per_floor":[54,51,51,51,51,35,32,15,15,19,19,12,32,36,36,65,67,53,53,53,53,53,57,38,44,44,38,38,40,40,40,40,70,72,40,40,44,48,40,26,30,21,21,21,42,46,46,50,50,73,72,73,73,78,78,34],"gold":922,"neow_bonus":"BOSS_RELIC","is_daily":false,"chose_seed":false,"campfire_upgraded":5,"win_rate":0.0,"timestamp":1613737507,"path_taken":["M","M","$","?","?","E","M","E","T","E","R","?","R","E","R","BOSS","M","?","$","?","?","E","?","E","T","E","R","?","?","M","R","BOSS","M","?","M","M","M","E","M","E","T","?","R","E","R","M","R","BOSS","BOSS","R","$","E","BOSS"],"items_purchased_type":["Relic","Relic","Relic","Relic","Potion","Card","Relic","Relic","Relic","Card","Potion","Potion"],"build_version":"2020-12-22","purchased_purges":4,"victory":true,"max_hp_per_floor":[68,68,68,68,68,68,68,68,68,68,68,68,68,68,68,68,68,68,68,68,68,68,68,73,73,73,73,73,73,73,73,73,73,73,73,73,73,73,73,73,73,73,73,73,73,73,73,73,73,73,73,73,73,78,78,78],"card_choices":[{"not_picked":["EmptyBody","Nirvana","FlyingSleeves"],"picked":"SKIP","floor":1.0},{"not_picked":["PathToVictory","MostiFishMod:PathToVictory","Evaluate","Prostrate"],"picked":"BowlingBash","floor":2.0},{"not_picked":["FlyingSleeves","Consecrate","ClearTheMind","PathToVictory"],"picked":"ReachHeaven","floor":6.0},{"not_picked":["SashWhip","FollowUp","CutThroughFate","Weave"],"picked":"Scrawl","floor":7.0},{"not_picked":["Crescendo","ForeignInfluence","WindmillStrike","FollowUp"],"picked":"Adaptation","floor":8.0},{"not_picked":["FollowUp+1","WaveOfTheHand","Vault","ClearTheMind"],"picked":"FlurryOfBlows+1","floor":10.0},{"not_picked":["LikeWater","EmptyBody","Protect","CrushJoints+1"],"picked":"FearNoEvil+1","floor":12.0},{"not_picked":["Wireheading","Protect","CrushJoints+1","MostiFishMod:Moonprays","BowlingBash+1"],"picked":"SKIP","floor":14.0},{"not_picked":["MostiFishMod:StarHerder","AT_MachinaRedman","MostiFishMod:StarOceanP","AT_ChampionKick+1"],"picked":"MostiFishMod:Dust","floor":16.0},{"not_picked":["EmptyFist+1","InnerPeace+1","PathToVictory","Protect"],"picked":"MostiFishMod:Speedup","floor":18.0},{"not_picked":["SignatureMove+1","LikeWater+1","Evaluate","MostiFishMod:DisColor","CrushJoints+1"],"picked":"SKIP","floor":23.0},{"not_picked":["MostiFishMod:StarOceanP","ClearTheMind","Halt","Conclude+1","EmptyMind+1"],"picked":"SKIP","floor":25.0},{"not_picked":["EmptyBody+1","AT_RealFormLess+1","CrushJoints+1","Sanctity+1","EmptyMind+1"],"picked":"SKIP","floor":27.0},{"not_picked":["Evaluate+1","EmptyFist+1","BowlingBash+1","ClearTheMind+1"],"picked":"Indignation+1","floor":29.0},{"not_picked":["Protect+1","FlurryOfBlows+1","WreathOfFlame+1","Wireheading"],"picked":"Wallop+1","floor":30.0},{"not_picked":["Perseverance+1","CrushJoints+1","EmptyBody+1","BowlingBash+1","SignatureMove+1"],"picked":"SKIP","floor":31.0},{"not_picked":["MostiFishMod:Unraveling+1","AT_IrregularMenstruation+1","MostiFishMod:Adaptation","DevaForm"],"picked":"Vault+1","floor":33.0},{"not_picked":["WaveOfTheHand+1","EmptyBody+1","FearNoEvil+1","Prostrate+1","CutThroughFate+1"],"picked":"SKIP","floor":35.0},{"not_picked":["FearNoEvil+1","AT_DivineConfetti+1","Prostrate+1","BowlingBash+1","FlyingSleeves+1"],"picked":"SKIP","floor":37.0},{"not_picked":["JustLucky+1","PathToVictory+1","Fasting2+1","ThirdEye+1","MostiFishMod:StarWish+1"],"picked":"SKIP","floor":38.0},{"not_picked":["PathToVictory+1","Evaluate+1","EmptyBody+1","CrushJoints+1"],"picked":"AT_SoftenMuscles+1","floor":39.0},{"not_picked":["Prostrate+1","ClearTheMind+1","EmptyFist+1","WaveOfTheHand+1","PathToVictory+1"],"picked":"SKIP","floor":40.0},{"not_picked":["Blasphemy+1","BowlingBash+1","CrushJoints+1","ThirdEye+1","Consecrate+1"],"picked":"SKIP","floor":41.0},{"not_picked":["Consecrate+1","MostiFishMod:Clarity+1","Wireheading+1","DeceiveReality+1","WheelKick+1"],"picked":"SKIP","floor":42.0},{"not_picked":["WindmillStrike+1","MostiFishMod:StarOceanP+1","Conclude+1","Indignation+1"],"picked":"Tantrum+1","floor":46.0},{"not_picked":["MostiFishMod:FlowState+1","Consecrate+1","WindmillStrike+1","SashWhip+1","ReachHeaven+1"],"picked":"SKIP","floor":48.0},{"not_picked":["CrushJoints+1","FearNoEvil+1","Protect+1","ClearTheMind+1"],"picked":"Ragnarok+1","floor":55}],"player_experience":621523,"relics_obtained":[{"floor":1.0,"key":"SynthV:TestCard"},{"floor":6.0,"key":"AT_BladeRuinedKing"},{"floor":6.0,"key":"Pocketwatch"},{"floor":8.0,"key":"HollowDreamFlower"},{"floor":8.0,"key":"Blue Candle"},{"floor":9.0,"key":"Molten Egg 2"},{"floor":10.0,"key":"White Beast Statue"},{"floor":10.0,"key":"AT_SpeedBoots"},{"floor":14.0,"key":"Bag of Marbles"},{"floor":14.0,"key":"Pantograph"},{"floor":23.0,"key":"Toy Ornithopter"},{"floor":23.0,"key":"AT_SilverBalance"},{"floor":25.0,"key":"Akabeko"},{"floor":25.0,"key":"Ice Cream"},{"floor":27.0,"key":"Toxic Egg 2"},{"floor":27.0,"key":"Vajra"},{"floor":40.0,"key":"AT_SunfireAegis"},{"floor":40.0,"key":"Bottled Lightning"},{"floor":42.0,"key":"Meat on the Bone"},{"floor":42.0,"key":"InkBottle"},{"floor":43.0,"key":"Oddly Smooth Stone"},{"floor":46.0,"key":"StoneCalendar"},{"floor":46.0,"key":"Frozen Egg 2"},{"floor":55,"key":"OriginationStaff"}],"event_choices":[{"damage_healed":0.0,"max_hp_gain":0.0,"max_hp_loss":0.0,"gold_gain":0.0,"event_name":"Shining Light","player_choice":"Ignored","floor":4.0,"gold_loss":0.0,"damage_taken":0.0},{"damage_healed":0.0,"max_hp_gain":0.0,"max_hp_loss":0.0,"gold_gain":0.0,"event_name":"Match and Keep!","player_choice":"2 cards matched","floor":5.0,"gold_loss":0.0,"damage_taken":0.0,"cards_obtained":["DeusExMachina","InnerPeace"]},{"damage_healed":0.0,"max_hp_gain":0.0,"max_hp_loss":0.0,"gold_gain":0.0,"event_name":"Addict","player_choice":"Obtained Relic","floor":19.0,"gold_loss":85.0,"damage_taken":0.0,"relics_obtained":["Torii"]},{"damage_healed":0.0,"max_hp_gain":0.0,"max_hp_loss":0.0,"gold_gain":0.0,"event_name":"The Mausoleum","player_choice":"Ignored","floor":21.0,"gold_loss":0.0,"damage_taken":0.0},{"damage_healed":0.0,"max_hp_gain":0.0,"max_hp_loss":0.0,"gold_gain":0.0,"event_name":"The Library","player_choice":"Read","floor":22.0,"gold_loss":0.0,"damage_taken":0.0,"cards_obtained":["MostiFishMod:Adaptation"]},{"damage_healed":0.0,"max_hp_gain":5.0,"max_hp_loss":0.0,"gold_gain":0.0,"event_name":"Forgotten Altar","player_choice":"Shed Blood","floor":24.0,"gold_loss":0.0,"damage_taken":24.0},{"damage_healed":0.0,"max_hp_gain":0.0,"max_hp_loss":0.0,"gold_gain":300.0,"event_name":"Wheel of Change","player_choice":"Gold","floor":44.0,"gold_loss":0.0,"damage_taken":0.0}],"is_beta":false,"boss_relics":[{"not_picked":["EE1DDrone","BloodWine"],"picked":"Runic Dome"},{"not_picked":["Pandora\u0027s Box","AT_TrinityForce"],"picked":"FeatherPendant"}],"items_purged_floors":[3,20,36,54],"is_endless":false,"potions_floor_spawned":[6,8,10,12,14,16,18,23,25,27,29,30,31,33,35,37,38,39,40,41,42,46,48,55],"ascension_level":20}}