{"host":"x7btokbb0w2jhl7e","time":1613719234,"event":{"mods":["Act Like it!","BaseMod","Gensokyo","Marisa£®ÏF”Í°°ƒß¿Ì…≥£©","Minty Spire (QoL Compilation)","Quick Restart","StSLib","°æ“≈ŒÔø®≈∆°øREMEMod"],"gold_per_floor":[109,7,7,7,22,22,22,353,353,363,363,363,391,410,410,484,484,502,502,518,518,518,518,552,166,166,193,193,193,143,162,162,240,240,253,253,253,253,61,80,80,398,451,465,465,497,507,519,519,519,519,519,519,232,265,265],"floor_reached":57,"language":"ZHS","playtime":2489,"items_purged":["Strike_P","Defend_P","Strike_P"],"score":2912,"play_id":"f7bbb34c-8348-4eb8-8fdd-87fd2aa16c36","local_time":"20210219152034","is_ascension_mode":true,"campfire_choices":[{"data":"Eruption","floor":6.0,"key":"SMITH"},{"data":"Blasphemy","floor":11.0,"key":"SMITH"},{"data":"MentalFortress","floor":15.0,"key":"SMITH"},{"data":"Gensokyo:FourOfAKind","floor":23.0,"key":"SMITH"},{"data":"Gensokyo:FourOfAKind","floor":29.0,"key":"SMITH"},{"data":"TalkToTheHand","floor":32.0,"key":"SMITH"},{"floor":41.0,"key":"REST"},{"floor":45.0,"key":"RECALL"},{"data":"Scrawl","floor":49.0,"key":"SMITH"},{"data":"Gensokyo:FourOfAKind","floor":53.0,"key":"SMITH"}],"circlet_count":0,"master_deck":["AscendersBane","Strike_P","Defend_P","Eruption+1","Vigilance","Blasphemy+1","FollowUp","BowlingBash","MentalFortress+1","Scrawl+1","CrushJoints","Gensokyo:FourOfAKind+1","Gensokyo:FourOfAKind+1","Gensokyo:FourOfAKind+1","Gensokyo:FourOfAKind","Adaptation","TalkToTheHand+1","Fasting2+1","Vault","DevaForm"],"relics":["HolyWater","REME_ComplimentaryCards","NeowsBlessing","Mummified Hand","Smiling Mask","Gremlin Horn","Pear","Calipers","Mango","Runic Pyramid","Gensokyo:MosesMiracle","MealTicket","OrangePellets","Singing Bowl","Potion Belt","Damaru","REME_HandOfSuture","Girya","TeardropLocket","Oddly Smooth Stone","Incense Burner"],"acts_visited":["Gensokyo:Gensokyo","Gensokyo:Gensokyoer","Gensokyo:Gensokyoest","TheEnding"],"potions_floor_usage":[56,56,56],"damage_taken":[{"damage":0.0,"enemies":"Gensokyo:2_Kodama","floor":1.0,"turns":2.0},{"damage":0.0,"enemies":"Gensokyo:Python","floor":5.0,"turns":2.0},{"damage":0.0,"enemies":"Gensokyo:Aya","floor":8.0,"turns":1.0},{"damage":1.0,"enemies":"Gensokyo:3_Fairies","floor":10.0,"turns":3.0},{"damage":8.0,"enemies":"Gensokyo:Mamizou","floor":13.0,"turns":8.0},{"damage":0.0,"enemies":"Gensokyo:Python_and_Kodama","floor":14.0,"turns":2.0},{"damage":7.0,"enemies":"Gensokyo:Yukari","floor":16.0,"turns":6.0},{"damage":0.0,"enemies":"Gensokyo:Chomper","floor":18.0,"turns":2.0},{"damage":0.0,"enemies":"Gensokyo:CosmicMonolith","floor":20.0,"turns":2.0},{"damage":8.0,"enemies":"Gensokyo:Reisen","floor":24.0,"turns":2.0},{"damage":7.0,"enemies":"Gensokyo:Koishi","floor":27.0,"turns":3.0},{"damage":3.0,"enemies":"Gensokyo:Slime_Group","floor":31.0,"turns":2.0},{"damage":9.0,"enemies":"Gensokyo:Eternal_Rivals","floor":33.0,"turns":7.0},{"damage":0.0,"enemies":"Gensokyo:AncientGuardian","floor":35.0,"turns":2.0},{"damage":21.0,"enemies":"Gensokyo:3_Boulders","floor":40.0,"turns":5.0},{"damage":5.0,"enemies":"Gensokyo:4_Bats","floor":42.0,"turns":5.0},{"damage":0.0,"enemies":"Gensokyo:AtlasGolem","floor":44.0,"turns":3.0},{"damage":3.0,"enemies":"Gensokyo:Doremy","floor":46.0,"turns":4.0},{"damage":7.0,"enemies":"Gensokyo:Dusk_and_Dawn","floor":47.0,"turns":3.0},{"damage":0.0,"enemies":"Gensokyo:Rafflesia","floor":48.0,"turns":3.0},{"damage":26.0,"enemies":"Gensokyo:Shinki","floor":50.0,"turns":5.0},{"damage":0.0,"enemies":"Gensokyo:Scarlet_Devils","floor":51.0,"turns":5.0},{"damage":26.0,"enemies":"Shield and Spear","floor":55.0,"turns":6.0},{"damage":40,"enemies":"The Heart","floor":56,"turns":10}],"seed_played":"6101251319786463029","potions_obtained":[{"floor":1.0,"key":"EssenceOfSteel"},{"floor":10.0,"key":"EntropicBrew"},{"floor":13.0,"key":"Energy Potion"},{"floor":16.0,"key":"REME_GoldPotion"},{"floor":18.0,"key":"BottledMiracle"},{"floor":27.0,"key":"SpeedPotion"},{"floor":33.0,"key":"Block Potion"},{"floor":44.0,"key":"Energy Potion"},{"floor":46.0,"key":"Dexterity Potion"},{"floor":47.0,"key":"FairyPotion"},{"floor":55.0,"key":"DuplicationPotion"}],"is_trial":false,"path_per_floor":["M","COS","?","?","M","R","T","E","T","M","R","?","E","M","R","B",null,"M","?","M","?","?","R","E","$","T","E","T","R","$","M","R","B",null,"M","?","?","?","COS","M","R","M","T","M","R","E","M","M","R","B","B",null,"R","$","E","B",null],"character_chosen":"WATCHER","items_purchased":["Adaptation","TalkToTheHand","OrangePellets","StancePotion","Oddly Smooth Stone"],"campfire_rested":1,"item_purchase_floors":[25,25,25,54,54],"current_hp_per_floor":[61,61,67,31,31,31,31,31,31,30,30,20,26,26,26,19,78,78,78,78,64,64,64,56,64,64,59,59,59,66,63,63,54,63,65,65,52,52,52,33,54,53,53,55,55,54,47,49,49,23,23,66,66,80,56,16],"gold":265,"neow_bonus":"THREE_ENEMY_KILL","is_daily":false,"chose_seed":false,"campfire_upgraded":8,"win_rate":0.0,"timestamp":1613719234,"path_taken":["M","COS","?","?","M","R","?","E","T","?","R","?","E","M","R","BOSS","M","?","M","?","?","R","E","$","T","E","?","R","$","M","R","BOSS","M","?","?","?","COS","M","R","M","T","?","R","E","?","M","R","BOSS","BOSS","R","$","E","BOSS"],"items_purchased_type":["Card","Card","Relic","Potion","Relic"],"build_version":"2020-12-22","purchased_purges":3,"victory":true,"max_hp_per_floor":[68,68,74,74,74,74,74,74,74,74,74,84,98,98,98,98,98,98,98,98,64,64,64,64,64,64,66,66,66,66,66,66,66,66,68,68,68,68,68,70,70,74,74,76,76,78,78,80,80,80,80,80,80,80,82,82],"card_choices":[{"not_picked":["PathToVictory","SashWhip","Nirvana"],"picked":"SKIP","floor":1.0},{"not_picked":["CarveReality","FlyingSleeves","REME_Repentance"],"picked":"SKIP","floor":5.0},{"not_picked":["WindmillStrike","WaveOfTheHand","FlyingSleeves"],"picked":"SKIP","floor":8.0},{"not_picked":["Weave","Worship"],"picked":"FollowUp","floor":10.0},{"not_picked":["ConjureBlade","Consecrate"],"picked":"BowlingBash","floor":13.0},{"not_picked":["DeceiveReality","Prostrate"],"picked":"MentalFortress","floor":14.0},{"not_picked":["Omniscience","Alpha"],"picked":"Scrawl","floor":16.0},{"not_picked":["WheelKick","BattleHymn"],"picked":"CrushJoints","floor":18.0},{"not_picked":["Protect+1","CrushJoints","PathToVictory+1"],"picked":"SKIP","floor":20.0},{"not_picked":["Establishment","ClearTheMind","FlurryOfBlows"],"picked":"SKIP","floor":24.0},{"not_picked":["REME_Repentance","Brilliance","SashWhip"],"picked":"Singing Bowl","floor":27.0},{"not_picked":["CutThroughFate","Evaluate"],"picked":"Fasting2+1","floor":31.0},{"not_picked":["Blasphemy","SpiritShield"],"picked":"Vault","floor":33.0},{"not_picked":["Vengeance","REME_MusicOfDeath+1","PathToVictory"],"picked":"Singing Bowl","floor":35.0},{"not_picked":["EmptyBody+1","CutThroughFate+1","LikeWater"],"picked":"Singing Bowl","floor":40.0},{"not_picked":["Brilliance","Blasphemy","Devotion"],"picked":"Singing Bowl","floor":42.0},{"not_picked":["ClearTheMind","BowlingBash","EmptyBody"],"picked":"Singing Bowl","floor":42.0},{"not_picked":["FlyingSleeves","EmptyFist","Evaluate"],"picked":"Singing Bowl","floor":44.0},{"not_picked":["CutThroughFate","TalkToTheHand","SandsOfTime+1"],"picked":"Singing Bowl","floor":46.0},{"not_picked":["REME_Repentance","Fasting2"],"picked":"DevaForm","floor":47.0},{"not_picked":["Indignation+1","DeceiveReality+1","Halt"],"picked":"Singing Bowl","floor":48.0},{"not_picked":["REME_MusicOfDeath","Vengeance","Conclude"],"picked":"Singing Bowl","floor":55.0}],"player_experience":290502,"relics_obtained":[{"floor":7.0,"key":"Mummified Hand"},{"floor":8.0,"key":"Smiling Mask"},{"floor":9.0,"key":"Gremlin Horn"},{"floor":13.0,"key":"Mango"},{"floor":24.0,"key":"MealTicket"},{"floor":26.0,"key":"Singing Bowl"},{"floor":27.0,"key":"Gensokyo:MosesMiracle"},{"floor":27.0,"key":"Potion Belt"},{"floor":43.0,"key":"REME_HandOfSuture"},{"floor":46.0,"key":"TeardropLocket"},{"floor":55.0,"key":"Incense Burner"}],"event_choices":[],"is_beta":false,"boss_relics":[{"not_picked":["Snecko Eye","Cursed Key"],"picked":"Runic Pyramid"},{"not_picked":["SacredBark","Black Star"],"picked":"HolyWater"}],"items_purged_floors":[25,30,54],"is_endless":false,"potions_floor_spawned":[1,10,13,14,16,18,20,27,33,44,46,47,48,55],"ascension_level":20}}