{"host":"2j7k79oxv8es4yqd","time":1613724788,"event":{"mods":["BaseMod","Emptier Cage","Minty Spire (QoL Compilation)","Permanent Neow","Ryuuou¡˙Õı","StSLib"],"gold_per_floor":[116,291,372,385,397,397,190,218,218,218,232,232,250,284,284,380,380,393,403,417,433,433,468,468,497,497,514,514,529,529,393,393,498,498,510,526,135,135,175,175,17,56,108,108,123,123,174,44,44,69,69,69,19,69,69,69],"floor_reached":55,"language":"ZHT","playtime":3629,"items_purged":["Doubt","Strike_G","Strike_G","Strike_G","Strike_G+1"],"score":1066,"play_id":"ef3d867c-a743-4602-a67c-3554dc3b2ee5","local_time":"20210219165308","is_ascension_mode":true,"campfire_choices":[{"data":"Footwork","floor":6,"key":"SMITH"},{"data":"Adrenaline","floor":12,"key":"SMITH"},{"data":"Doppelganger","floor":15,"key":"SMITH"},{"floor":24,"key":"RECALL"},{"data":"1","floor":30,"key":"LIFT"},{"data":"2","floor":32,"key":"LIFT"},{"data":"3","floor":40,"key":"LIFT"},{"floor":44,"key":"REST"},{"floor":49,"key":"REST"},{"floor":52,"key":"REST"}],"circlet_count":0,"master_deck":["Strike_G+1","Defend_G+1","Defend_G+1","Defend_G+1","Defend_G+1","Defend_G+1","Survivor+1","Neutralize+1","CurseOfTheBell","Flechettes+1","Dagger Throw+1","Footwork+1","Adrenaline+1","Eviscerate+1","Footwork+1","Doppelganger+1","Tools of the Trade+1","Deflect+1","Footwork+1","All Out Attack+1","Flying Knee+1","Dagger Throw+1","Tactician+1","Impatience+1","Venomology+1","Concentrate+1","Choke+1","Skewer+1","Flash of Steel+1","Secret Weapon+1","HandOfGreed+1","Leg Sweep+1","Footwork+1","Acrobatics+1"],"relics":["Calling Bell","Smiling Mask","Meat on the Bone","Ice Cream","Letter Opener","PreservedInsect","Thread and Needle","Molten Egg 2","Strawberry","Anchor","Runic Pyramid","Girya","Incense Burner","Boot","Prayer Wheel","Philosopher\u0027s Stone","Membership Card","Ginger","War Paint","Regal Pillow","Mark of the Bloom","Eternal Feather","Shuriken","FossilizedHelix"],"acts_visited":["Exordium","TheCity","TheBeyond","TheEnding"],"potions_floor_usage":[11,20,23,25,35,36,39,42,47,47,47,54,55,55,55,55],"damage_taken":[{"damage":3,"enemies":"Jaw Worm","floor":1,"turns":4},{"damage":8,"enemies":"Small Slimes","floor":4,"turns":4},{"damage":8,"enemies":"Cultist","floor":5,"turns":4},{"damage":1,"enemies":"Lagavulin","floor":8,"turns":8},{"damage":5,"enemies":"Exordium Wildlife","floor":11,"turns":6},{"damage":2,"enemies":"Exordium Thugs","floor":13,"turns":6},{"damage":0,"enemies":"Gremlin Nob","floor":14,"turns":3},{"damage":6,"enemies":"The Guardian","floor":16,"turns":14},{"damage":0,"enemies":"3 Byrds","floor":18,"turns":6},{"damage":0,"enemies":"Chosen","floor":19,"turns":6},{"damage":0,"enemies":"Snecko","floor":20,"turns":5},{"damage":3,"enemies":"Snake Plant","floor":21,"turns":6},{"damage":22,"enemies":"Gremlin Leader","floor":23,"turns":6},{"damage":0,"enemies":"Book of Stabbing","floor":25,"turns":7},{"damage":0,"enemies":"3 Cultists","floor":27,"turns":6},{"damage":0,"enemies":"Centurion and Healer","floor":29,"turns":7},{"damage":0,"enemies":"Collector","floor":33,"turns":9},{"damage":0,"enemies":"3 Shapes","floor":35,"turns":4},{"damage":0,"enemies":"Orb Walker","floor":36,"turns":3},{"damage":44,"enemies":"Spire Growth","floor":39,"turns":4},{"damage":8,"enemies":"4 Shapes","floor":42,"turns":5},{"damage":0,"enemies":"Transient","floor":45,"turns":5},{"damage":0,"enemies":"Reptomancer","floor":47,"turns":5},{"damage":14,"enemies":"Time Eater","floor":50,"turns":8},{"damage":0,"enemies":"Shield and Spear","floor":54,"turns":5},{"damage":66,"enemies":"The Heart","floor":55,"turns":8}],"seed_played":"-5205851929521335763","potions_obtained":[{"floor":5,"key":"DistilledChaos"},{"floor":13,"key":"DuplicationPotion"},{"floor":14,"key":"LiquidBronze"},{"floor":16,"key":"Poison Potion"},{"floor":18,"key":"DistilledChaos"},{"floor":27,"key":"Regen Potion"},{"floor":29,"key":"Regen Potion"},{"floor":33,"key":"PowerPotion"},{"floor":42,"key":"Regen Potion"},{"floor":47,"key":"SpeedPotion"}],"is_trial":false,"path_per_floor":["M","?","T","M","M","R","$","E","T","?","M","R","M","E","R","B",null,"M","M","M","M","?","E","R","E","T","M","T","M","R","$","R","B",null,"M","M","$","?","M","R","$","M","T","R","M","?","E","$","R","B",null,"R","$","E","B"],"character_chosen":"THE_SILENT","items_purchased":["PreservedInsect","Impatience","Membership Card","Ginger","Skewer+1","War Paint","Footwork","Shuriken"],"campfire_rested":3,"item_purchase_floors":[7,31,37,37,37,41,41,48],"current_hp_per_floor":[67,67,67,59,51,51,51,50,50,57,52,52,50,50,50,44,77,77,77,77,74,74,52,52,52,52,52,52,52,52,52,52,52,77,77,77,77,67,35,35,35,39,39,77,77,77,77,77,77,63,63,63,63,63,0,0],"gold":69,"neow_bonus":"BOSS_RELIC","is_daily":false,"chose_seed":false,"campfire_upgraded":3,"win_rate":0.0,"timestamp":1613724788,"path_taken":["M","?","?","M","M","R","?","E","T","?","?","R","M","E","R","BOSS","M","M","M","M","?","E","R","E","T","M","?","M","R","$","R","BOSS","M","M","$","?","M","R","$","M","T","R","M","?","E","?","R","BOSS","R","$","E","BOSS"],"items_purchased_type":["Relic","Card","Relic","Relic","Card","Relic","Card","Relic"],"build_version":"2020-12-22","purchased_purges":5,"victory":false,"max_hp_per_floor":[70,70,70,70,70,70,70,70,70,77,77,77,77,77,77,77,77,77,77,77,77,77,77,77,77,77,77,77,77,77,77,77,77,77,77,77,77,77,77,77,77,77,77,77,77,77,77,77,77,77,77,77,77,77,77,77],"card_choices":[{"not_picked":["PiercingWail","Acrobatics"],"picked":"Flechettes","floor":1},{"not_picked":["Catalyst","Setup"],"picked":"Dagger Throw","floor":4},{"not_picked":["Quick Slash","Flying Knee"],"picked":"Footwork","floor":5},{"not_picked":["Deadly Poison","All Out Attack"],"picked":"Adrenaline","floor":8},{"not_picked":["Blade Dance","Slice+1"],"picked":"Eviscerate+1","floor":11},{"not_picked":["PiercingWail","Cloak And Dagger"],"picked":"Footwork","floor":13},{"not_picked":["Dagger Spray+1","Night Terror"],"picked":"Doppelganger","floor":14},{"not_picked":["Die Die Die+1","Night Terror"],"picked":"Tools of the Trade","floor":16},{"not_picked":["Finisher+1","Blade Dance","Setup"],"picked":"SKIP","floor":18},{"not_picked":["Riddle With Holes+1","Poisoned Stab+1"],"picked":"Deflect","floor":19},{"not_picked":["Quick Slash+1","Dagger Spray+1"],"picked":"Footwork","floor":20},{"not_picked":["Backstab+1","Deadly Poison","Crippling Poison"],"picked":"SKIP","floor":21},{"not_picked":["Blade Dance","Malaise"],"picked":"All Out Attack+1","floor":23},{"not_picked":["Crippling Poison","Dodge and Roll"],"picked":"Flying Knee+1","floor":25},{"not_picked":["Setup","Deadly Poison+1"],"picked":"Dagger Throw+1","floor":27},{"not_picked":["Flying Knee+1","Dagger Throw+1"],"picked":"Tactician+1","floor":29},{"not_picked":["Deadly Poison","Acrobatics+1","Catalyst"],"picked":"SKIP","floor":29},{"not_picked":["After Image","Bullet Time"],"picked":"Venomology","floor":33},{"not_picked":["Poisoned Stab+1","Acrobatics","Dagger Spray+1"],"picked":"SKIP","floor":35},{"not_picked":["Slice+1","Accuracy+1","Outmaneuver"],"picked":"SKIP","floor":35},{"not_picked":["Finisher+1","Underhanded Strike+1"],"picked":"Concentrate","floor":36},{"not_picked":["Sucker Punch+1","Outmaneuver"],"picked":"Choke+1","floor":36},{"not_picked":["Swift Strike+1","Mind Blast+1"],"picked":"Flash of Steel+1","floor":38},{"not_picked":["Mind Blast+1","PanicButton"],"picked":"Secret Weapon","floor":38},{"not_picked":["Swift Strike+1","Transmutation"],"picked":"HandOfGreed+1","floor":38},{"not_picked":["Slice+1","Sucker Punch+1"],"picked":"Leg Sweep+1","floor":39},{"not_picked":["Dodge and Roll","Heel Hook+1","Sucker Punch+1"],"picked":"SKIP","floor":39},{"not_picked":["Distraction+1","Masterful Stab+1","Unload+1"],"picked":"SKIP","floor":42},{"not_picked":["Outmaneuver+1","Dagger Throw+1","Crippling Poison+1"],"picked":"SKIP","floor":42},{"not_picked":["Deadly Poison","Dagger Throw+1","Prepared+1"],"picked":"SKIP","floor":45},{"not_picked":["Slice+1","Deadly Poison","Masterful Stab+1"],"picked":"SKIP","floor":45},{"not_picked":["Blade Dance+1","Phantasmal Killer","Heel Hook+1"],"picked":"SKIP","floor":47},{"not_picked":["Tactician+1","Dagger Throw+1"],"picked":"Acrobatics+1","floor":54}],"player_experience":578112,"relics_obtained":[{"floor":0,"key":"Smiling Mask"},{"floor":0,"key":"Meat on the Bone"},{"floor":0,"key":"Ice Cream"},{"floor":3,"key":"Letter Opener"},{"floor":8,"key":"Thread and Needle"},{"floor":9,"key":"Molten Egg 2"},{"floor":10,"key":"Strawberry"},{"floor":14,"key":"Anchor"},{"floor":23,"key":"Incense Burner"},{"floor":25,"key":"Boot"},{"floor":28,"key":"Prayer Wheel"},{"floor":43,"key":"Regal Pillow"},{"floor":47,"key":"Eternal Feather"},{"floor":54,"key":"FossilizedHelix"}],"event_choices":[{"damage_healed":0,"gold_gain":175,"player_choice":"AGREE","damage_taken":0,"max_hp_gain":0,"max_hp_loss":0,"event_name":"Liars Game","floor":2,"gold_loss":0,"cards_obtained":["Doubt"]},{"damage_healed":0,"gold_gain":0,"player_choice":"Relic","damage_taken":0,"max_hp_gain":0,"max_hp_loss":0,"event_name":"Wheel of Change","floor":10,"gold_loss":0},{"damage_healed":0,"gold_gain":0,"player_choice":"Opened","damage_taken":0,"relics_obtained":["Girya"],"max_hp_gain":0,"max_hp_loss":0,"event_name":"The Mausoleum","floor":22,"gold_loss":0},{"damage_healed":0,"gold_gain":0,"player_choice":"Memory 3","damage_taken":10,"max_hp_gain":0,"max_hp_loss":0,"event_name":"SensoryStone","floor":38,"gold_loss":0},{"damage_healed":0,"gold_gain":0,"player_choice":"Upgrade","damage_taken":0,"relics_obtained":["Mark of the Bloom"],"max_hp_gain":0,"max_hp_loss":0,"event_name":"MindBloom","floor":46,"gold_loss":0,"cards_upgraded":["Strike_G","Strike_G","Defend_G","Defend_G","Defend_G","Defend_G","Survivor","Neutralize","Flechettes","Dagger Throw","Footwork","Tools of the Trade","Deflect","Footwork","Venomology","Concentrate","Secret Weapon","Footwork"]}],"is_beta":false,"boss_relics":[{"not_picked":["Snecko Eye","Cursed Key"],"picked":"Runic Pyramid"},{"not_picked":["WristBlade","Tiny House"],"picked":"Philosopher\u0027s Stone"}],"items_purged_floors":[7,31,37,41,53],"is_endless":false,"potions_floor_spawned":[5,13,14,16,18,27,29,33,42,45,47,54],"killed_by":"The Heart","ascension_level":4}}