{"host":"1dhlu4qzehvrzpot","time":1613738710,"event":{"mods":["2.2 Compatiblity","AchievementEnabler","BaseMod","Block Reminder","Minty Spire (QoL Compilation)","Permanent Neow","Quick Restart","Rare Cards Sparkle","Relic Stats","Say the Spire","Slay-I","StSLib","SuperFastMode"],"gold_per_floor":[112,112,131,131,406,406,418,438,438,455,455,455,467,247,247,352,352,367,381,401,401,401,401,414,414,414],"floor_reached":25,"language":"ENG","playtime":620,"items_purged":["Regret"],"score":337,"play_id":"ad249814-ef80-4468-9e97-f2a436242261","local_time":"20210219134510","is_ascension_mode":true,"campfire_choices":[{"floor":6,"key":"REST"},{"floor":12,"key":"REST"},{"data":"Biased Cognition","floor":15,"key":"SMITH"}],"circlet_count":0,"master_deck":["AscendersBane","Defend_B","Defend_B","Defend_B","Defend_B","Zap","Dualcast","Multi-Cast","Defragment","Chill","Biased Cognition+1","Go for the Eyes","Thunder Strike","Coolheaded","Lockon","Amplify","Force Field","Ball Lightning","Lockon","Writhe","Bite","Bite","Bite","Bite","Bite"],"relics":["Cracked Core","Bag of Preparation","Dead Branch","Bottled Lightning","Orrery","Snecko Eye"],"acts_visited":["Exordium","TheCity"],"potions_floor_usage":[16,24,24],"damage_taken":[{"damage":8,"enemies":"Small Slimes","floor":1,"turns":4},{"damage":12,"enemies":"Cultist","floor":3,"turns":4},{"damage":16,"enemies":"Jaw Worm","floor":7,"turns":2},{"damage":18,"enemies":"Large Slime","floor":8,"turns":6},{"damage":4,"enemies":"3 Louse","floor":10,"turns":3},{"damage":7,"enemies":"Looter","floor":13,"turns":3},{"damage":16,"enemies":"The Guardian","floor":16,"turns":9},{"damage":18,"enemies":"2 Thieves","floor":18,"turns":4},{"damage":2,"enemies":"Spheric Guardian","floor":19,"turns":4},{"damage":0,"enemies":"Centurion and Healer","floor":20,"turns":5},{"damage":13,"enemies":"Sentry and Sphere","floor":24,"turns":5},{"damage":33,"enemies":"Cultist and Chosen","floor":25,"turns":6}],"seed_played":"-6768368390346292526","potions_obtained":[{"floor":7,"key":"Ancient Potion"},{"floor":8,"key":"LiquidMemories"},{"floor":19,"key":"AttackPotion"},{"floor":20,"key":"PowerPotion"}],"is_trial":false,"path_per_floor":["M","?","M","?","?","R","M","M","T","M","?","R","M","$","R","B",null,"M","M","M","?","?","?","M","M"],"character_chosen":"DEFECT","items_purchased":["Orrery"],"campfire_rested":2,"item_purchase_floors":[14],"current_hp_per_floor":[60,60,48,36,36,58,42,24,24,20,13,35,28,28,28,12,59,41,39,39,39,25,25,18,0,0],"gold":414,"neow_bonus":"ONE_RANDOM_RARE_CARD","is_daily":false,"chose_seed":false,"campfire_upgraded":1,"win_rate":0.0,"timestamp":1613738710,"path_taken":["M","?","M","?","?","R","M","M","T","?","?","R","M","$","R","BOSS","M","M","M","?","?","?","?","M"],"items_purchased_type":["Relic"],"build_version":"2020-12-22","purchased_purges":1,"victory":false,"max_hp_per_floor":[75,75,75,75,75,75,75,75,75,75,75,75,75,75,75,75,75,75,75,75,75,80,80,80,80,80],"relic_stats":{"counters":[12,55],"Dead Branch":[26],"Snecko Eye":[38,37,53,39],"Bag of Preparation":[22],"obtain_stats":[{"Blood Vial":21,"Dead Branch":4,"Orrery":14,"Snecko Eye":17,"Bag of Preparation":2,"Bottled Lightning":9,"Cracked Core":0},{"Blood Vial":10,"Dead Branch":2,"Orrery":6,"Snecko Eye":7,"Bag of Preparation":1,"Bottled Lightning":4,"Cracked Core":0},{"Blood Vial":44,"Dead Branch":8,"Orrery":22,"Snecko Eye":31,"Bag of Preparation":4,"Bottled Lightning":16,"Cracked Core":0}]},"card_choices":[{"not_picked":["Sweeping Beam","Streamline"],"picked":"Defragment","floor":1},{"not_picked":["Steam","Undo"],"picked":"Chill","floor":3},{"not_picked":["Beam Cell","Blizzard","Leap"],"picked":"SKIP","floor":7},{"not_picked":["Redo","Undo"],"picked":"Biased Cognition","floor":8},{"not_picked":["Steam","Stack","Beam Cell"],"picked":"SKIP","floor":10},{"not_picked":["Rip and Tear","Gash","Leap"],"picked":"SKIP","floor":13},{"not_picked":["Stack","Sweeping Beam"],"picked":"Go for the Eyes","floor":14},{"not_picked":["Go for the Eyes","Streamline"],"picked":"Thunder Strike","floor":14},{"not_picked":["Rip and Tear","Doom and Gloom"],"picked":"Coolheaded","floor":14},{"not_picked":["Steam Power","Stack"],"picked":"Lockon","floor":14},{"not_picked":["Rainbow","Buffer"],"picked":"Amplify","floor":16},{"not_picked":["Force Field","Rebound","Chaos"],"picked":"SKIP","floor":18},{"not_picked":["Rebound","Chaos"],"picked":"Force Field","floor":18},{"not_picked":["Steam+1","Rebound"],"picked":"Ball Lightning","floor":19},{"not_picked":["Coolheaded","Reinforced Body"],"picked":"Lockon","floor":20},{"not_picked":["Rebound+1","Gash","Streamline"],"picked":"SKIP","floor":24}],"player_experience":550225,"relics_obtained":[{"floor":9,"key":"Bottled Lightning"}],"event_choices":[{"damage_healed":0,"gold_gain":0,"player_choice":"Box","damage_taken":0,"relics_obtained":["Bag of Preparation"],"max_hp_gain":0,"max_hp_loss":0,"event_name":"Big Fish","floor":2,"gold_loss":0,"cards_obtained":["Regret"]},{"damage_healed":0,"gold_gain":0,"player_choice":"Success","damage_taken":12,"relics_obtained":["Dead Branch"],"max_hp_gain":0,"max_hp_loss":0,"event_name":"Scrap Ooze","floor":4,"gold_loss":0},{"damage_healed":0,"gold_gain":275,"player_choice":"Desecrate","damage_taken":0,"max_hp_gain":0,"max_hp_loss":0,"event_name":"Golden Shrine","floor":5,"gold_loss":0,"cards_obtained":["Regret"]},{"cards_removed":["Regret"],"damage_healed":0,"gold_gain":0,"player_choice":"Card Removal","damage_taken":7,"max_hp_gain":0,"max_hp_loss":0,"event_name":"Golden Wing","floor":11,"gold_loss":0},{"damage_healed":0,"gold_gain":0,"player_choice":"Opened","damage_taken":0,"relics_obtained":["Blood Vial"],"max_hp_gain":0,"max_hp_loss":0,"event_name":"The Mausoleum","floor":21,"gold_loss":0,"cards_obtained":["Writhe"]},{"damage_healed":0,"gold_gain":0,"player_choice":"Shed Blood","damage_taken":19,"max_hp_gain":5,"max_hp_loss":0,"event_name":"Forgotten Altar","floor":22,"gold_loss":0},{"damage_healed":0,"gold_gain":0,"player_choice":"Became a vampire (Vial)","damage_taken":0,"max_hp_gain":0,"max_hp_loss":0,"event_name":"Vampires","floor":23,"relics_lost":["Blood Vial"],"gold_loss":0,"cards_obtained":["Bite","Bite","Bite","Bite","Bite"]}],"is_beta":false,"boss_relics":[{"not_picked":["SacredBark","Ectoplasm"],"picked":"Snecko Eye"}],"items_purged_floors":[14],"is_endless":false,"potions_floor_spawned":[7,8,13,19,20],"killed_by":"Cultist and Chosen","ascension_level":12}}