{"host":"tj5b4ndtwgv8r84u","time":1613724088,"event":{"mods":["2.2 Compatiblity","AchievementEnabler","Act Like it!","Aspiration","BaseMod","Better Note","Colored Map","Conspire","Downfall","GifTheSpireLib","Hallownest","Hermit","Infinite Spire","Minty Spire (QoL Compilation)","Rare Cards Sparkle","Relic Stats","Replay The Spire","Shop Mod","StSLib","The Bug Knight","The Cursed","The Hierophant","The Marked","The Servant 0.9.4"],"gold_per_floor":[111,111,111,130,146,175,175,192,192,384,384,399,69,89,89,192,192,212,225,5,24,24,44,44,57,80,30,58,72,72,49,49,49,49],"floor_reached":33,"language":"ENG","playtime":2608,"items_purged":[],"score":269,"play_id":"ea90dfc7-4f56-448d-a11b-31658ceafae5","local_time":"20210219034128","is_ascension_mode":false,"campfire_choices":[{"floor":7,"key":"REST"},{"data":"HollowMod:MonarchWings","floor":15,"key":"SMITH"},{"data":"HollowMod:CycloneSlash","floor":24,"key":"SMITH"},{"data":"HollowMod:LifebloodCore","floor":32,"key":"SMITH"}],"circlet_count":0,"master_deck":["HollowMod:NailStrikeStart","HollowMod:NailStrikeStart","HollowMod:NailStrikeStart","HollowMod:NailStrikeStart","HollowMod:QuickDashStart","HollowMod:QuickDashStart","HollowMod:QuickDashStart","HollowMod:QuickDashStart","HollowMod:FocusHealStart","HollowMod:PogoStrike","HollowMod:CloakDash","HollowMod:VengefulSpirit","HollowMod:MonarchWings+1","HollowMod:GoodIntentions","HollowMod:HowlingWraiths","HollowMod:CloakDash","HollowMod:DashSlash","HollowMod:DungDefenderAura","HollowMod:ZotesMagnificence","HollowMod:SoulStrike","HollowMod:FastStrike","HollowMod:CycloneSlash+1","HollowMod:Grubsong","HollowMod:LifebloodCocoon+1","HollowMod:LifebloodCore+1","HollowMod:InfectedCysts","hermit:Shortfuse","HollowMod:SoulSplash"],"relics":["HollowMod:VesselMask","infinitespire:Lucky Rock","ReplayFunnel","aspiration:FrozenJewel","infinitespire:Golems Mask","Membership Card","Oddly Smooth Stone","Simple Rune","bronze:MakeshiftBattery","Quantum Egg","HandDrill","TheAbacus","ReplayTheSpireMod:Lightbulb","HollowMod:KingsBrand"],"acts_visited":["Exordium","TheCity"],"potions_floor_usage":[6,16,16,16,33,33,33],"damage_taken":[{"damage":0,"enemies":"2 Louse","floor":1,"turns":2},{"damage":1,"enemies":"Cultist","floor":4,"turns":3},{"damage":1,"enemies":"Jaw Worm","floor":5,"turns":4},{"damage":21,"enemies":"3 Sentries","floor":6,"turns":9},{"damage":0,"enemies":"Looter","floor":8,"turns":3},{"damage":0,"enemies":"Blue Slaver","floor":12,"turns":5},{"damage":0,"enemies":"Red Slaver","floor":14,"turns":3},{"damage":20,"enemies":"Fading Forest","floor":16,"turns":11},{"damage":0,"enemies":"Spheric Guardian","floor":18,"turns":3},{"damage":8,"enemies":"Shell Parasite","floor":19,"turns":5},{"damage":0,"enemies":"Snake Plant","floor":21,"turns":3},{"damage":0,"enemies":"3 Cultists","floor":23,"turns":5},{"damage":0,"enemies":"Cultist and Chosen","floor":25,"turns":5},{"damage":15,"enemies":"Gremlin Leader","floor":28,"turns":5},{"damage":0,"enemies":"Chosen and Byrds","floor":29,"turns":5},{"damage":75,"enemies":"Champ","floor":33,"turns":10}],"seed_played":"-9211232801944950512","potions_obtained":[{"floor":1,"key":"sneckomod:MuddlingPotion"},{"floor":5,"key":"GamblersBrew"},{"floor":8,"key":"LiquidBronze"},{"floor":12,"key":"GamblersBrew"},{"floor":18,"key":"SmokeBomb"},{"floor":19,"key":"champ:CounterPotion"},{"floor":25,"key":"Slimebound:ThreeZeroPotion"},{"floor":29,"key":"Fire Potion"}],"is_trial":false,"path_per_floor":["M","?","?","M","M","E","R","M","T","?","?","M","$","M","R","B",null,"M","M","$","M","AVR","M","R","M","T","?","E","M","?","$","R","B"],"character_chosen":"THE_BUGKNIGHT","items_purchased":["Membership Card","Oddly Smooth Stone","Simple Rune","ColorlessPotion","Quantum Egg","HandDrill","HollowMod:CycloneSlash","HollowMod:SoulSplash"],"campfire_rested":1,"item_purchase_floors":[13,13,13,13,20,20,20,31],"current_hp_per_floor":[82,57,65,70,75,60,82,82,82,50,50,56,56,56,56,48,82,82,80,80,80,80,82,82,82,82,82,67,67,67,67,67,0,0],"gold":49,"neow_bonus":"TEN_PERCENT_HP_BONUS","is_daily":false,"chose_seed":false,"campfire_upgraded":3,"win_rate":0.0,"timestamp":1613724088,"path_taken":["M","?","?","M","M","E","R","?","T","?","?","M","?","M","R","BOSS","M","M","$","M","AVR","M","R","M","T","?","E","M","?","?","R","BOSS"],"items_purchased_type":["Relic","Relic","Relic","Potion","Relic","Relic","Card","Card"],"build_version":"2020-12-22","purchased_purges":0,"victory":false,"max_hp_per_floor":[82,82,82,82,82,82,82,82,82,82,82,82,82,82,82,82,82,82,82,82,82,82,82,82,82,82,82,82,82,82,82,82,82,82],"relic_stats":{"TheAbacus":[36],"counters":[16,81],"HandDrill":[14],"obtain_stats":[{"ReplayFunnel":6,"Quantum Egg":20,"Oddly Smooth Stone":13,"HollowMod:VesselMask":0,"infinitespire:Lucky Rock":2,"HollowMod:KingsBrand":28,"aspiration:FrozenJewel":9,"TheAbacus":22,"infinitespire:Golems Mask":11,"Simple Rune":13,"HandDrill":20,"Membership Card":13,"ReplayTheSpireMod:Lightbulb":26,"bronze:MakeshiftBattery":17},{"ReplayFunnel":4,"Quantum Egg":10,"Oddly Smooth Stone":6,"HollowMod:VesselMask":0,"infinitespire:Lucky Rock":1,"HollowMod:KingsBrand":14,"aspiration:FrozenJewel":5,"TheAbacus":11,"infinitespire:Golems Mask":5,"Simple Rune":6,"HandDrill":10,"Membership Card":6,"ReplayTheSpireMod:Lightbulb":13,"bronze:MakeshiftBattery":8},{"ReplayFunnel":18,"Quantum Egg":48,"Oddly Smooth Stone":26,"HollowMod:VesselMask":0,"infinitespire:Lucky Rock":2,"HollowMod:KingsBrand":66,"aspiration:FrozenJewel":21,"TheAbacus":51,"infinitespire:Golems Mask":21,"Simple Rune":26,"HandDrill":48,"Membership Card":26,"ReplayTheSpireMod:Lightbulb":61,"bronze:MakeshiftBattery":40}]},"card_choices":[{"not_picked":["HollowMod:PerfectDash","HollowMod:ShapeofUnn"],"picked":"HollowMod:CloakDash","floor":1},{"not_picked":["HollowMod:HuntersJournal","HollowMod:GoodIntentions"],"picked":"HollowMod:VengefulSpirit","floor":4},{"not_picked":["HollowMod:MothsMistake","HollowMod:CrystalDash"],"picked":"HollowMod:MonarchWings","floor":5},{"not_picked":["HollowMod:SharpenedNail","HollowMod:BrokenVessel"],"picked":"HollowMod:GoodIntentions","floor":6},{"not_picked":["HollowMod:NewLittleFool","HollowMod:HuntersJournal"],"picked":"HollowMod:HowlingWraiths","floor":8},{"not_picked":["HollowMod:InfectedCysts","HollowMod:GrimmsGift"],"picked":"HollowMod:CloakDash","floor":10},{"not_picked":["HollowMod:DescendingDark","HollowMod:SharpenedShadows"],"picked":"HollowMod:DashSlash","floor":12},{"not_picked":["HollowMod:TaintedHusks","HollowMod:DescendingDark"],"picked":"HollowMod:DungDefenderAura","floor":14},{"not_picked":["HollowMod:MidwifesHunger","HollowMod:VoidDash"],"picked":"HollowMod:ZotesMagnificence","floor":16},{"not_picked":["HollowMod:BaldurShell","HollowMod:VengefulVoid"],"picked":"HollowMod:SoulStrike","floor":18},{"not_picked":["HollowMod:MonarchWings","HollowMod:MawleksShell"],"picked":"HollowMod:FastStrike","floor":19},{"not_picked":["HollowMod:SharpenedNail","HollowMod:SharpenedShadows"],"picked":"HollowMod:Grubsong","floor":21},{"not_picked":["HollowMod:SiblingsSouls","HollowMod:HowlingWraiths","HollowMod:DescendingDark"],"picked":"SKIP","floor":23},{"not_picked":["HollowMod:SoulSplash","HollowMod:CornifersMapStart+1"],"picked":"HollowMod:LifebloodCocoon+1","floor":25},{"not_picked":["HollowMod:AbyssShriek","HollowMod:GoodIntentions"],"picked":"HollowMod:LifebloodCore","floor":28},{"not_picked":["HollowMod:LifebloodCocoon","HollowMod:MothsMistake"],"picked":"HollowMod:InfectedCysts","floor":29}],"player_experience":48564,"relics_obtained":[{"floor":6,"key":"ReplayFunnel"},{"floor":9,"key":"aspiration:FrozenJewel"},{"floor":11,"key":"infinitespire:Golems Mask"},{"floor":26,"key":"ReplayTheSpireMod:Lightbulb"},{"floor":28,"key":"HollowMod:KingsBrand"}],"event_choices":[{"damage_healed":0,"gold_gain":0,"player_choice":"Success","damage_taken":25,"relics_obtained":["infinitespire:Lucky Rock"],"max_hp_gain":0,"max_hp_loss":0,"event_name":"Scrap Ooze","floor":2,"gold_loss":0},{"damage_healed":0,"gold_gain":0,"player_choice":"Bet on Murderer","damage_taken":0,"max_hp_gain":0,"max_hp_loss":0,"event_name":"The Joust","floor":27,"gold_loss":50},{"cards_removed":["HollowMod:LifebloodCocoon"],"damage_healed":0,"gold_gain":0,"player_choice":"Take \u0026 Give","damage_taken":0,"max_hp_gain":0,"max_hp_loss":0,"event_name":"betterNote:BetterNote","floor":30,"gold_loss":0,"cards_obtained":["hermit:Shortfuse"]}],"is_beta":false,"boss_relics":[{"not_picked":["aspiration:WatcherSkillbook","Ring of Chaos"],"picked":"bronze:MakeshiftBattery"}],"items_purged_floors":[],"is_endless":false,"potions_floor_spawned":[1,5,8,12,18,19,25,29],"killed_by":"Champ","ascension_level":0}}