{"host":"n1v11un6j7y72mz7","time":1613724003,"event":{"mods":["Act Like it!","BaseMod","Downfall","Minty Spire (QoL Compilation)","Reliquary","StSLib","The Animator","Waifu the Spire"],"gold_per_floor":[111,111,59,59,79,110,125,90,90,90,90,90,102,117,135,135,239,239,250,250,261,261,289,289,318,328,351,423,423,11,11,11,29,29,133,133,147,369,369,388,24,24,43,43,89,101,14,24,24,24,24,24,24],"floor_reached":54,"language":"ZHS","playtime":1728,"items_purged":["Defend_B","Parasite"],"score":863,"play_id":"2f1ff114-77d5-4eb5-bfa4-693735ba66dc","local_time":"20210219164003","is_ascension_mode":true,"campfire_choices":[{"data":"Loop","floor":11.0,"key":"SMITH"},{"data":"Streamline","floor":16.0,"key":"SMITH"},{"data":"Fission","floor":24,"key":"SMITH"},{"data":"Static Discharge","floor":29,"key":"SMITH"},{"data":"Doom and Gloom","floor":31,"key":"SMITH"},{"data":"Defragment","floor":34,"key":"SMITH"},{"data":"Capacitor","floor":42,"key":"SMITH"},{"data":"Dualcast","floor":52,"key":"SMITH"}],"circlet_count":0,"master_deck":["Defend_B","Defend_B","Defend_B","Zap","Dualcast+1","Undo","Ball Lightning","Streamline+1","Loop+1","Melter","Doom and Gloom+1","Fission+1","Coolheaded+1","Static Discharge+1","Dark Shackles","Cold Snap","Redo+1","Sunder","Compile Driver+1","Conserve Battery","Defragment+1","Meteor Strike","Turbo","Double Energy+1","Blizzard","Capacitor+1","Machine Learning","Blind","Zap","Purity"],"relics":["FrozenCore","NeowsBlessing","reliquary:IridiumChain","HornCleat","Meat on the Bone","Red Mask","reliquary:Stiletto","reliquary:Boomerang","reliquary:PurpleTingedLeaf","Juzu Bracelet","reliquary:RoseTintedGlasses","Membership Card","reliquary:JackalopeAntler","Strawberry"],"acts_visited":["Exordium","TheCity","TheBeyond"],"potions_floor_usage":[23,35,35,35,53,53],"damage_taken":[{"damage":0.0,"enemies":"2 Louse","floor":1.0,"turns":1.0},{"damage":0.0,"enemies":"Cultist","floor":5.0,"turns":1.0},{"damage":0.0,"enemies":"Gremlin Nob","floor":6.0,"turns":1.0},{"damage":8.0,"enemies":"Jaw Worm","floor":7.0,"turns":3.0},{"damage":5.0,"enemies":"3 Louse","floor":13.0,"turns":3.0},{"damage":10.0,"enemies":"Red Slaver","floor":14.0,"turns":4.0},{"damage":3.0,"enemies":"Gremlin Gang","floor":15.0,"turns":4.0},{"damage":38.0,"enemies":"The Guardian","floor":17.0,"turns":7.0},{"damage":0.0,"enemies":"Spheric Guardian","floor":19.0,"turns":2.0},{"damage":13,"enemies":"Shell Parasite","floor":21,"turns":4},{"damage":3,"enemies":"Masked Bandits","floor":23,"turns":4},{"damage":2,"enemies":"Gremlin Leader","floor":25,"turns":8},{"damage":7,"enemies":"Snake Plant","floor":26,"turns":5},{"damage":9,"enemies":"Centurion and Healer","floor":33,"turns":7},{"damage":29,"enemies":"Automaton","floor":35,"turns":11},{"damage":7,"enemies":"Orb Walker","floor":37,"turns":4},{"damage":2,"enemies":"3 Shapes","floor":40,"turns":3},{"damage":33,"enemies":"Sphere and 2 Shapes","floor":43,"turns":5},{"damage":2,"enemies":"Writhing Mass","floor":46,"turns":5},{"damage":8,"enemies":"Spire Growth","floor":48,"turns":6},{"damage":34,"enemies":"Awakened One","floor":53,"turns":17}],"seed_played":"4566224475740289687","potions_obtained":[{"floor":5.0,"key":"AttackPotion"},{"floor":7.0,"key":"Block Potion"},{"floor":13.0,"key":"DistilledChaos"},{"floor":17.0,"key":"Dexterity Potion"},{"floor":21,"key":"champ:CounterPotion"},{"floor":25,"key":"Guardian:BlockOnCardUsePotion"},{"floor":40,"key":"Fire Potion"},{"floor":43,"key":"ColorlessPotion"},{"floor":46,"key":"Dexterity Potion"}],"is_trial":false,"path_per_floor":["M","?","$","?","M","E","M","?","T","T","R","?","M","M","M","R","B",null,"M","?","M","?","?","R","E","M","T","T","R","$","R","?","M","R","B",null,"M","?","?","M","$","R","M","$","T","M","$","M","?","?","R","R","B",null],"character_chosen":"DEFECT","items_purchased":["Ball Lightning","Juzu Bracelet","reliquary:RoseTintedGlasses","Conserve Battery","Blizzard","Membership Card","reliquary:JackalopeAntler","Capacitor","Machine Learning"],"campfire_rested":0,"item_purchase_floors":[3,30,30,30,41,41,41,41,47],"current_hp_per_floor":[75,68,68,68,68,68,60,75,75,75,75,75,70,60,57,57,31,75,75,75,62,62,59,59,57,50,50,50,50,50,50,50,42,42,27,75,68,68,68,66,66,66,46,46,53,52,52,45,45,45,45,45,26],"gold":24,"neow_bonus":"THREE_ENEMY_KILL","is_daily":false,"chose_seed":false,"campfire_upgraded":8,"win_rate":0.0,"timestamp":1613724003,"path_taken":["M","?","$","?","M","E","?","?","T","T","R","?","M","M","M","R","BOSS","M","?","?","?","?","R","E","M","T","T","R","?","R","?","M","R","BOSS","M","?","?","M","$","R","M","$","T","M","$","M","?","?","R","R","BOSS"],"items_purchased_type":["Card","Relic","Relic","Card","Card","Relic","Relic","Card","Card"],"build_version":"2020-12-22","purchased_purges":2,"victory":true,"max_hp_per_floor":[75,75,75,75,75,75,75,75,75,75,75,75,75,75,75,75,75,75,75,75,75,75,75,75,75,75,75,75,75,75,75,75,75,75,75,75,75,75,75,75,75,75,75,75,82,82,79,79,79,79,79,79,79],"card_choices":[{"not_picked":["Leap","Conserve Battery"],"picked":"Undo","floor":1.0},{"not_picked":["Rebound","Conserve Battery"],"picked":"Streamline","floor":5.0},{"not_picked":["Buffer","Thunder Strike"],"picked":"Loop","floor":6.0},{"not_picked":["Steam","Hologram"],"picked":"Melter","floor":7.0},{"not_picked":["Melter","Storm"],"picked":"Doom and Gloom","floor":13.0},{"not_picked":["Heatsinks","Beam Cell","Ball Lightning"],"picked":"SKIP","floor":14.0},{"not_picked":["Sweeping Beam","Beam Cell","Genetic Algorithm"],"picked":"SKIP","floor":15.0},{"not_picked":["Hyperbeam","Creative AI"],"picked":"Fission","floor":17.0},{"not_picked":["Streamline","Compile Driver"],"picked":"Coolheaded+1","floor":19.0},{"not_picked":["Ball Lightning","Hologram"],"picked":"Cold Snap","floor":21},{"not_picked":["Ball Lightning","Coolheaded"],"picked":"Redo+1","floor":23},{"not_picked":["Coolheaded","Steam"],"picked":"Sunder","floor":25},{"not_picked":["Leap","Go for the Eyes"],"picked":"Compile Driver+1","floor":26},{"not_picked":["Doom and Gloom","Compile Driver"],"picked":"Defragment","floor":33},{"not_picked":["Multi-Cast","Machine Learning"],"picked":"Meteor Strike","floor":35},{"not_picked":["Sweeping Beam+1","Stack"],"picked":"Turbo","floor":37},{"not_picked":["Gash+1","Ball Lightning+1"],"picked":"Double Energy+1","floor":40},{"not_picked":["Coolheaded","Leap+1","Sweeping Beam+1"],"picked":"SKIP","floor":43},{"not_picked":["Sweeping Beam+1","Doom and Gloom+1","Compile Driver"],"picked":"SKIP","floor":46},{"not_picked":["Rebound","Heatsinks+1","Compile Driver+1"],"picked":"SKIP","floor":48},{"not_picked":["Jack Of All Trades","Mind Blast"],"picked":"Purity","floor":50}],"player_experience":215017,"relics_obtained":[{"floor":6.0,"key":"reliquary:IridiumChain"},{"floor":9.0,"key":"HornCleat"},{"floor":10.0,"key":"Meat on the Bone"},{"floor":23,"key":"Red Mask"},{"floor":25,"key":"reliquary:Stiletto"},{"floor":27,"key":"reliquary:Boomerang"},{"floor":28,"key":"reliquary:PurpleTingedLeaf"},{"floor":45,"key":"Strawberry"}],"event_choices":[{"cards_removed":["Strike_B"],"damage_healed":0.0,"max_hp_gain":0.0,"max_hp_loss":0.0,"gold_gain":0.0,"event_name":"Golden Wing","player_choice":"Card Removal","floor":2.0,"gold_loss":0.0,"damage_taken":7.0},{"cards_removed":["Strike_B"],"damage_healed":0.0,"max_hp_gain":0.0,"max_hp_loss":0.0,"gold_gain":0.0,"event_name":"Wheel of Change","player_choice":"Card Removal","floor":4.0,"gold_loss":0.0,"damage_taken":0.0},{"damage_healed":18.0,"max_hp_gain":0.0,"max_hp_loss":0.0,"gold_gain":0.0,"event_name":"The Cleric","player_choice":"Healed","floor":8.0,"gold_loss":35.0,"damage_taken":0.0},{"cards_removed":["Strike_B"],"damage_healed":0.0,"max_hp_gain":0.0,"max_hp_loss":0.0,"gold_gain":0.0,"event_name":"Bonfire Elementals","player_choice":"Offered Basic","floor":12.0,"gold_loss":0.0,"damage_taken":0.0},{"damage_healed":0,"gold_gain":0,"player_choice":"2 cards matched","damage_taken":0,"max_hp_gain":0,"max_hp_loss":0,"event_name":"Match and Keep!","floor":20,"gold_loss":0,"cards_obtained":["Static Discharge","Dark Shackles"]},{"damage_healed":0,"gold_gain":0,"player_choice":"Ignored","damage_taken":0,"max_hp_gain":0,"max_hp_loss":0,"event_name":"Vampires","floor":22,"gold_loss":0},{"damage_healed":0,"gold_gain":0,"player_choice":"Fought Bandits","damage_taken":0,"max_hp_gain":0,"max_hp_loss":0,"event_name":"Masked Bandits","floor":23,"gold_loss":0},{"damage_healed":0,"gold_gain":222,"player_choice":"Wore Mask","damage_taken":0,"max_hp_gain":0,"max_hp_loss":0,"event_name":"Tomb of Lord Red Mask","floor":38,"gold_loss":0},{"cards_removed":["Strike_B"],"damage_healed":0,"gold_gain":0,"player_choice":"Removed Attack","damage_taken":0,"max_hp_gain":0,"max_hp_loss":0,"event_name":"Falling","floor":39,"gold_loss":0},{"damage_healed":0,"gold_gain":0,"player_choice":"2 cards matched","damage_taken":0,"max_hp_gain":0,"max_hp_loss":0,"event_name":"Match and Keep!","floor":49,"gold_loss":0,"cards_obtained":["Blind","Zap"]},{"damage_healed":0,"gold_gain":0,"player_choice":"Memory 1","damage_taken":0,"max_hp_gain":0,"max_hp_loss":0,"event_name":"SensoryStone","floor":50,"gold_loss":0}],"is_beta":false,"boss_relics":[{"not_picked":["Coffee Dripper","reliquary:WritOfMandamus"],"picked":"FrozenCore"},{"not_picked":["reliquary:Ember","reliquary:RedCape","Velvet Choker"]}],"items_purged_floors":[30,47],"is_endless":false,"potions_floor_spawned":[5,7,13,17,21,25,40,43,46],"ascension_level":1}}