{"host":"bpdbi03e31cbjklx","time":1613705235,"event":{"mods":["BaseMod","Colored Map","Colored Powertips","Downfall","Highlight Path","Minty Spire (QoL Compilation)","StSLib","The Senshi"],"gold_per_floor":[115,190,206,48,48,48,77,77,77,88,103,103,103,53,53,156,156,173,186,41,41,17,50,62,92,104,116,146,158,170,194,206,319,331,353,365,395,407,433,445,445],"floor_reached":40,"language":"ENG","playtime":4079,"items_purged":[],"score":449,"play_id":"1c27938a-5523-49ae-abae-f2797f8504ec","local_time":"20210218212715","is_ascension_mode":true,"campfire_choices":[{"data":"Armaments","floor":6,"key":"SMITH"},{"data":"Flame Barrier","floor":8,"key":"SMITH"},{"data":"Body Slam","floor":13,"key":"SMITH"},{"floor":15,"key":"RECALL"},{"data":"Combust","floor":24,"key":"SMITH"},{"data":"Feed","floor":29,"key":"SMITH"},{"data":"Fire Breathing","floor":32,"key":"SMITH"}],"circlet_count":0,"master_deck":["Strike_R","Strike_R","Strike_R","Defend_R","Defend_R","Defend_R","Defend_R","Armaments+1","Combust+1","Flame Barrier+1","Rage","Twin Strike","Reaper","Body Slam+1","Feed+1","Pommel Strike+1","Havoc+1","Immolate+1","Ghostly Armor","Fire Breathing+1","downfall:Icky","Brutality","Shrug It Off","Warcry+1","Ghostly Armor+1","Shrug It Off+1","Impervious","Bloodletting+1","Madness","Madness","Impatience","Parasite"],"relics":["Burning Blood","Vajra","StoneCalendar","Blue Candle","Astrolabe","Anchor","Du-Vu Doll","MawBank","Kunai","Empty Cage"],"acts_visited":["Exordium","TheCity","TheBeyond"],"potions_floor_usage":[11,16,18,23,33,33,33,40],"damage_taken":[{"damage":0,"enemies":"Small Slimes","floor":1,"turns":4},{"damage":0,"enemies":"2 Louse","floor":3,"turns":2},{"damage":18,"enemies":"3 Sentries","floor":7,"turns":6},{"damage":1,"enemies":"Jaw Worm","floor":10,"turns":3},{"damage":5,"enemies":"Blue Slaver","floor":11,"turns":3},{"damage":59,"enemies":"Hexaghost","floor":16,"turns":10},{"damage":15,"enemies":"Spheric Guardian","floor":18,"turns":3},{"damage":4,"enemies":"Shell Parasite","floor":19,"turns":4},{"damage":18,"enemies":"Book of Stabbing","floor":23,"turns":3},{"damage":23,"enemies":"Snake Plant","floor":25,"turns":5},{"damage":3,"enemies":"Cultist and Chosen","floor":28,"turns":3},{"damage":17,"enemies":"Shelled Parasite and Fungi","floor":31,"turns":6},{"damage":66,"enemies":"Automaton","floor":33,"turns":10},{"damage":11,"enemies":"Orb Walker","floor":35,"turns":4},{"damage":40,"enemies":"3 Darklings","floor":37,"turns":5},{"damage":45,"enemies":"Writhing Mass","floor":39,"turns":7},{"damage":31,"enemies":"Reptomancer","floor":40,"turns":4}],"seed_played":"-20898250979717925","potions_obtained":[{"floor":3,"key":"Energy Potion"},{"floor":7,"key":"EssenceOfSteel"},{"floor":16,"key":"Energy Potion"},{"floor":19,"key":"Slimebound:ThreeZeroPotion"},{"floor":23,"key":"bronze:BurnAndBuffPotion"},{"floor":25,"key":"BlessingOfTheForge"},{"floor":31,"key":"SkillPotion"},{"floor":39,"key":"ColorlessPotion"}],"is_trial":false,"path_per_floor":["M","?","M","$","?","R","E","R","T","M","M","?","R","?","R","B",null,"M","M","$","?","$","E","R","M","T","?","M","R","?","M","R","B",null,"M","?","M","?","M","E"],"character_chosen":"IRONCLAD","items_purchased":["Flame Barrier","Rage","Anchor","Shrug It Off"],"campfire_rested":0,"item_purchase_floors":[4,4,20,22],"current_hp_per_floor":[88,77,83,83,83,83,71,71,71,76,82,82,82,82,82,36,88,79,81,81,81,81,69,69,61,61,61,67,67,67,60,60,30,98,93,81,64,64,29,0,0],"gold":445,"neow_bonus":"TEN_PERCENT_HP_BONUS","is_daily":false,"chose_seed":false,"campfire_upgraded":6,"win_rate":0.0,"timestamp":1613705235,"path_taken":["M","?","M","$","?","R","E","R","T","M","M","?","R","?","R","BOSS","M","M","$","?","$","E","R","M","T","?","M","R","?","M","R","BOSS","M","?","M","?","M","E"],"items_purchased_type":["Card","Card","Relic","Card"],"build_version":"2020-12-22","purchased_purges":0,"victory":false,"max_hp_per_floor":[88,88,88,88,88,88,88,88,88,88,88,88,88,88,88,88,88,88,88,88,88,88,88,88,91,91,91,94,94,94,98,98,98,98,98,98,98,98,98,98,98],"card_choices":[{"not_picked":["Headbutt","Warcry"],"picked":"Armaments","floor":1},{"not_picked":["Thunderclap","Havoc"],"picked":"Combust","floor":3},{"not_picked":["Bloodletting","Perfected Strike"],"picked":"Twin Strike","floor":7},{"not_picked":["Body Slam","Disarm"],"picked":"Reaper","floor":10},{"not_picked":["Whirlwind","Entrench"],"picked":"Body Slam","floor":11},{"not_picked":["Reaper","Double Tap"],"picked":"Feed","floor":16},{"not_picked":["Clothesline","Flex"],"picked":"Ghostly Armor","floor":18},{"not_picked":["Shrug It Off","Pummel"],"picked":"Fire Breathing","floor":19},{"not_picked":["Feel No Pain","Pommel Strike"],"picked":"Warcry+1","floor":23},{"not_picked":["Heavy Blade","Warcry"],"picked":"Ghostly Armor+1","floor":25},{"not_picked":["Wild Strike","Body Slam"],"picked":"Shrug It Off+1","floor":28},{"not_picked":["Pommel Strike","Warcry","Carnage"],"picked":"SKIP","floor":31},{"not_picked":["Reaper","Demon Form"],"picked":"Impervious","floor":33},{"not_picked":["Perfected Strike+1","True Grit+1"],"picked":"Bloodletting+1","floor":35},{"not_picked":["Pommel Strike","Clothesline","Armaments"],"picked":"SKIP","floor":37},{"not_picked":["PanicButton","Enlightenment"],"picked":"Impatience","floor":38},{"not_picked":["Shrug It Off+1","Heavy Blade","Sword Boomerang+1"],"picked":"SKIP","floor":39}],"player_experience":433140,"relics_obtained":[{"floor":7,"key":"StoneCalendar"},{"floor":9,"key":"Blue Candle"},{"floor":23,"key":"MawBank"},{"floor":26,"key":"Kunai"}],"event_choices":[{"damage_healed":0,"gold_gain":75,"player_choice":"Gather Gold","damage_taken":11,"max_hp_gain":0,"max_hp_loss":0,"event_name":"World of Goop","floor":2,"gold_loss":0},{"damage_healed":0,"gold_gain":0,"player_choice":"Box","damage_taken":0,"relics_obtained":["Vajra"],"max_hp_gain":0,"max_hp_loss":0,"event_name":"Big Fish","floor":5,"gold_loss":0,"cards_obtained":["Regret"]},{"damage_healed":0,"gold_gain":0,"player_choice":"Ignored","damage_taken":0,"max_hp_gain":0,"max_hp_loss":0,"event_name":"Golden Wing","floor":12,"gold_loss":0},{"cards_removed":["Regret"],"damage_healed":0,"gold_gain":0,"player_choice":"Card Removal","damage_taken":0,"max_hp_gain":0,"max_hp_loss":0,"event_name":"The Cleric","floor":14,"gold_loss":50},{"damage_healed":0,"gold_gain":0,"player_choice":"Ignored","damage_taken":0,"max_hp_gain":0,"max_hp_loss":0,"event_name":"Cursed Tome","floor":27,"gold_loss":0},{"damage_healed":0,"gold_gain":0,"player_choice":"Ignored","damage_taken":0,"max_hp_gain":0,"max_hp_loss":0,"event_name":"Vampires","floor":30,"gold_loss":0},{"damage_healed":0,"gold_gain":0,"player_choice":"Embrace Madness","damage_taken":12,"max_hp_gain":0,"max_hp_loss":0,"event_name":"Winding Halls","floor":36,"gold_loss":0,"cards_obtained":["Madness","Madness"]},{"damage_healed":0,"gold_gain":0,"player_choice":"Memory 1","damage_taken":0,"max_hp_gain":0,"max_hp_loss":0,"event_name":"SensoryStone","floor":38,"gold_loss":0}],"is_beta":false,"boss_relics":[{"not_picked":["bronze:MakeshiftBattery","Snecko Eye"],"picked":"Astrolabe"},{"not_picked":["Runic Pyramid","Sozu"],"picked":"Empty Cage"}],"items_purged_floors":[],"is_endless":false,"potions_floor_spawned":[3,7,16,19,23,25,31,39],"killed_by":"Reptomancer","ascension_level":1}}