{"host":"iudiqz5bwex5meyb","time":1613763182,"event":{"mods":["AchievementEnabler","BaseMod","Block Reminder","Colored Map","Minty Spire (QoL Compilation)","StSLib","ojb\u0027s Better Paths Mod","ojb\u0027s Info Mod"],"gold_per_floor":[360,360,373,69,69,69,109,124,124,124,164,164,179,213,213,342,342,322,322,337,362,13,52,52,71,71,71,71,71,92,125,125,253,253,276,290,290,304,327,366,405,446,496,540,574,574,595,196,196,196,196,196,42,83,83,83],"floor_reached":55,"language":"ENG","playtime":8573,"items_purged":["Reflex+1","Escape Plan"],"score":1312,"play_id":"79f3dacf-1755-4119-b6f9-f74397252f80","local_time":"20210219133302","is_ascension_mode":true,"campfire_choices":[{"data":"Neutralize","floor":6,"key":"SMITH"},{"data":"Dash","floor":10,"key":"SMITH"},{"data":"Footwork","floor":15,"key":"SMITH"},{"data":"Deadly Poison","floor":24,"key":"SMITH"},{"data":"Bouncing Flask","floor":27,"key":"SMITH"},{"data":"Dodge and Roll","floor":32,"key":"SMITH"},{"floor":49,"key":"RECALL"},{"data":"Well Laid Plans","floor":52,"key":"SMITH"}],"circlet_count":0,"master_deck":["Defend_G","Defend_G","Defend_G","Defend_G","Defend_G","Survivor","Neutralize+1","Dash+1","Flying Knee","Bouncing Flask+1","Footwork+1","Tactician","Escape Plan","Venomology+1","Noxious Fumes+1","Dodge and Roll+1","Deadly Poison+1","Corpse Explosion","Bite+1","Bite+1","Bite+1","Bite+1","Bite+1","Adrenaline","Dagger Throw+1","Madness","Madness","Well Laid Plans+1","Dodge and Roll","Footwork+1","Burst"],"relics":["Ring of the Snake","Golden Idol","The Specimen","Pocketwatch","Smiling Mask","Blue Candle","Astrolabe","GremlinMask","TheAbacus","Oddly Smooth Stone","Molten Egg 2","InkBottle","Bag of Marbles","WingedGreaves","HoveringKite","Matryoshka","PreservedInsect","Bag of Preparation","Nunchaku","Orichalcum","Bottled Tornado","MealTicket","FossilizedHelix","ClockworkSouvenir","Kunai"],"acts_visited":["Exordium","TheCity","TheBeyond","TheEnding"],"potions_floor_usage":[7,16,18,21,23,23,25,30,31,33,33,33,38,39,39,39,40,40,41,41,42,44,44,45,47,47,47,50,54,54,55,55,55],"damage_taken":[{"damage":8,"enemies":"Jaw Worm","floor":1,"turns":6},{"damage":0,"enemies":"2 Louse","floor":3,"turns":3},{"damage":7,"enemies":"3 Sentries","floor":7,"turns":11},{"damage":0,"enemies":"Cultist","floor":8,"turns":3},{"damage":0,"enemies":"Lagavulin","floor":11,"turns":5},{"damage":3,"enemies":"Red Slaver","floor":13,"turns":3},{"damage":5,"enemies":"Gremlin Nob","floor":14,"turns":4},{"damage":2,"enemies":"Slime Boss","floor":16,"turns":13},{"damage":15,"enemies":"2 Thieves","floor":18,"turns":5},{"damage":0,"enemies":"Spheric Guardian","floor":20,"turns":4},{"damage":0,"enemies":"3 Cultists","floor":21,"turns":6},{"damage":3,"enemies":"Slavers","floor":23,"turns":7},{"damage":0,"enemies":"Snecko","floor":25,"turns":5},{"damage":0,"enemies":"Snake Plant","floor":30,"turns":4},{"damage":0,"enemies":"Gremlin Leader","floor":31,"turns":5},{"damage":1,"enemies":"Automaton","floor":33,"turns":10},{"damage":15,"enemies":"Orb Walker","floor":35,"turns":6},{"damage":12,"enemies":"3 Darklings","floor":36,"turns":3},{"damage":7,"enemies":"Spire Growth","floor":38,"turns":6},{"damage":5,"enemies":"Jaw Worm Horde","floor":39,"turns":4},{"damage":34,"enemies":"Nemesis","floor":40,"turns":7},{"damage":6,"enemies":"Giant Head","floor":41,"turns":10},{"damage":9,"enemies":"Nemesis","floor":42,"turns":9},{"damage":14,"enemies":"Giant Head","floor":44,"turns":8},{"damage":19,"enemies":"Nemesis","floor":45,"turns":7},{"damage":24,"enemies":"Sphere and 2 Shapes","floor":47,"turns":6},{"damage":38,"enemies":"Awakened One","floor":50,"turns":19},{"damage":12,"enemies":"Shield and Spear","floor":54,"turns":8},{"damage":64,"enemies":"The Heart","floor":55,"turns":6}],"seed_played":"7610049926379546907","potions_obtained":[{"floor":1,"key":"Fire Potion"},{"floor":7,"key":"Explosive Potion"},{"floor":13,"key":"Weak Potion"},{"floor":16,"key":"AttackPotion"},{"floor":20,"key":"SpeedPotion"},{"floor":23,"key":"DistilledChaos"},{"floor":30,"key":"LiquidMemories"},{"floor":35,"key":"GamblersBrew"},{"floor":36,"key":"DuplicationPotion"},{"floor":40,"key":"DistilledChaos"},{"floor":42,"key":"SneckoOil"},{"floor":47,"key":"FairyPotion"},{"floor":54,"key":"Swift Potion"}],"is_trial":false,"path_per_floor":["M","?","M","$","?","R","E","M","T","R","E","?","M","E","R","B",null,"M","?","M","M","$","E","R","M","T","R","?","?","M","E","R","B",null,"M","M","?","M","M","E","E","E","T","E","E","?","M","$","R","B",null,"R","$","E","B"],"character_chosen":"THE_SILENT","items_purchased":["The Specimen","TheAbacus","Oddly Smooth Stone","FossilizedHelix","SpeedPotion","ClockworkSouvenir"],"campfire_rested":0,"item_purchase_floors":[4,22,22,48,48,53],"current_hp_per_floor":[37,37,37,37,37,37,30,30,30,30,30,30,27,22,22,20,54,39,39,39,39,39,36,36,36,36,36,36,36,42,45,45,45,45,37,34,28,39,43,30,42,45,45,34,30,30,18,33,33,45,45,45,45,39,0,0],"gold":83,"neow_bonus":"TWO_FIFTY_GOLD","is_daily":false,"chose_seed":false,"campfire_upgraded":7,"win_rate":0.0,"timestamp":1613763182,"path_taken":["M","?","M","$","?","R","E","M","T","R","E","?","?","E","R","BOSS","M","?","M","?","$","E","R","M","T","R","?","?","M","E","R","BOSS","M","M","?","M","M","E","E","E","T","E","E","?","M","$","R","BOSS","R","$","E","BOSS"],"items_purchased_type":["Relic","Relic","Relic","Relic","Potion","Relic"],"build_version":"2020-12-22","purchased_purges":2,"victory":false,"max_hp_per_floor":[70,65,65,65,65,65,65,65,65,65,65,65,65,65,65,65,65,65,65,65,65,65,65,65,65,65,65,65,45,45,45,45,45,45,45,45,45,45,45,45,45,45,45,45,45,45,45,45,45,45,45,45,45,45,45,45],"card_choices":[{"not_picked":["Sucker Punch","Bouncing Flask"],"picked":"Dash","floor":1},{"not_picked":["Sucker Punch","Finisher"],"picked":"Escape Plan","floor":3},{"not_picked":["Infinite Blades","Setup"],"picked":"Flying Knee","floor":7},{"not_picked":["Dash","Masterful Stab"],"picked":"Bouncing Flask","floor":8},{"not_picked":["Corpse Explosion","Cloak And Dagger"],"picked":"Footwork","floor":11},{"not_picked":["Slice","Dagger Throw","Infinite Blades"],"picked":"SKIP","floor":13},{"not_picked":["Reflex","Dagger Spray"],"picked":"Escape Plan","floor":14},{"not_picked":["Bane","Reflex"],"picked":"Dodge and Roll","floor":18},{"not_picked":["Underhanded Strike+1","Quick Slash","Calculated Gamble+1"],"picked":"SKIP","floor":20},{"not_picked":["Finisher","Skewer"],"picked":"Deadly Poison","floor":21},{"not_picked":["All Out Attack+1","Eviscerate+1"],"picked":"Corpse Explosion","floor":23},{"not_picked":["Expertise","Accuracy+1","Dagger Spray+1"],"picked":"SKIP","floor":25},{"not_picked":["Quick Slash+1","Outmaneuver","Dagger Spray+1"],"picked":"SKIP","floor":30},{"not_picked":["Backflip","Glass Knife+1","Quick Slash+1"],"picked":"SKIP","floor":31},{"not_picked":["Phantasmal Killer","Corpse Explosion"],"picked":"Adrenaline","floor":33},{"not_picked":["Backflip","Reflex+1","Riddle With Holes+1"],"picked":"SKIP","floor":35},{"not_picked":["Cloak And Dagger","Outmaneuver"],"picked":"Dagger Throw+1","floor":36},{"not_picked":["Slice+1","Quick Slash+1"],"picked":"Well Laid Plans","floor":38},{"not_picked":["Deflect","Riddle With Holes+1","Finisher+1"],"picked":"SKIP","floor":39},{"not_picked":["Bouncing Flask+1","Tactician+1"],"picked":"Dodge and Roll","floor":40},{"not_picked":["Cloak And Dagger+1","Grand Finale+1","Predator+1"],"picked":"SKIP","floor":41},{"not_picked":["Poisoned Stab+1","Accuracy","Skewer+1"],"picked":"SKIP","floor":42},{"not_picked":["PiercingWail","Riddle With Holes+1","Flechettes+1"],"picked":"SKIP","floor":44},{"not_picked":["PiercingWail","Riddle With Holes+1","Flechettes+1"],"picked":"SKIP","floor":44},{"not_picked":["Envenom","Underhanded Strike+1","Slice+1"],"picked":"SKIP","floor":45},{"not_picked":["Outmaneuver+1","Dagger Throw+1","Heel Hook+1"],"picked":"SKIP","floor":47},{"not_picked":["Tactician","Dagger Spray+1"],"picked":"Burst","floor":54}],"player_experience":332571,"relics_obtained":[{"floor":7,"key":"Pocketwatch"},{"floor":11,"key":"Smiling Mask"},{"floor":14,"key":"Blue Candle"},{"floor":23,"key":"Molten Egg 2"},{"floor":26,"key":"InkBottle"},{"floor":31,"key":"WingedGreaves"},{"floor":40,"key":"Matryoshka"},{"floor":41,"key":"PreservedInsect"},{"floor":42,"key":"Bag of Preparation"},{"floor":43,"key":"Nunchaku"},{"floor":43,"key":"Orichalcum"},{"floor":44,"key":"Bottled Tornado"},{"floor":45,"key":"MealTicket"},{"floor":54,"key":"Kunai"}],"event_choices":[{"damage_healed":0,"gold_gain":0,"player_choice":"Lose Max HP","damage_taken":0,"relics_obtained":["Golden Idol"],"max_hp_gain":0,"max_hp_loss":5,"event_name":"Golden Idol","floor":2,"gold_loss":0},{"cards_removed":["Strike_G"],"damage_healed":0,"gold_gain":0,"player_choice":"Forget","damage_taken":0,"max_hp_gain":0,"max_hp_loss":0,"event_name":"Living Wall","floor":5,"gold_loss":0},{"damage_healed":0,"gold_gain":0,"cards_transformed":["Strike_G"],"player_choice":"Transformed","damage_taken":0,"max_hp_gain":0,"max_hp_loss":0,"event_name":"Transmorgrifier","floor":12,"gold_loss":0,"cards_obtained":["Tactician"]},{"damage_healed":0,"gold_gain":0,"player_choice":"Trade","damage_taken":0,"relics_obtained":["GremlinMask"],"max_hp_gain":0,"max_hp_loss":0,"event_name":"FaceTrader","floor":19,"gold_loss":0},{"damage_healed":0,"gold_gain":0,"player_choice":"Opened","damage_taken":0,"relics_obtained":["Bag of Marbles"],"max_hp_gain":0,"max_hp_loss":0,"event_name":"The Mausoleum","floor":28,"gold_loss":0},{"damage_healed":0,"gold_gain":0,"player_choice":"Became a vampire","damage_taken":0,"max_hp_gain":0,"max_hp_loss":20,"event_name":"Vampires","floor":29,"gold_loss":0,"cards_obtained":["Bite","Bite","Bite","Bite","Bite"]},{"damage_healed":0,"gold_gain":0,"player_choice":"Embrace Madness","damage_taken":6,"max_hp_gain":0,"max_hp_loss":0,"event_name":"Winding Halls","floor":37,"gold_loss":0,"cards_obtained":["Madness","Madness"]},{"damage_healed":0,"gold_gain":0,"player_choice":"Copied","damage_taken":0,"max_hp_gain":0,"max_hp_loss":0,"event_name":"Duplicator","floor":46,"gold_loss":0,"cards_obtained":["Footwork"]}],"is_beta":false,"boss_relics":[{"not_picked":["Tiny House","SacredBark"],"picked":"Astrolabe"},{"not_picked":["Ring of the Serpent","Snecko Eye"],"picked":"HoveringKite"}],"items_purged_floors":[22,48],"is_endless":false,"potions_floor_spawned":[1,7,13,16,20,23,30,35,36,40,42,47,54],"killed_by":"The Heart","ascension_level":7}}