{"host":"4kbqeuw4a1wt9r2z","time":1613765475,"event":{"mods":["Act Like it!","Aspiration","Astrologer","Bard","BaseMod","Chen","Conspire","Downfall","Duelist Mod","Gensokyo","GifTheSpireLib","Googly Eyes","Hallownest","Hermit","Hubris","Koishi","Lobotomy","LobotomyExtend","Marisa????????","Minty Spire (QoL Compilation)","Reimu??????","SOS???????","StSLib","The Administrix","The Bug Knight","The Construct","The Cursed","The Disciple","The Forsaken","The Gatherer","The Hierophant","The Marked","The Necromancer","The Runesmith","The Senshi","The Servant 0.9.4","The Wild Card","everything is the same but u backflip on backflip"],"gold_per_floor":[120,120,140,151,81,8,8,53,128,128,169,169,169,206,206,622,622,644,352,352,380,4,4,4,55,55,55,55,55,55],"floor_reached":29,"language":"ENG","playtime":2476,"items_purged":["AdministrixMod:Strike_Administrix"],"score":247,"play_id":"5c19f329-ca5c-4c6c-bd42-22a1dcd70b41","local_time":"20210219231115","is_ascension_mode":false,"campfire_choices":[{"data":"AdministrixMod:TouchOfCinnabar","floor":10,"key":"SMITH"},{"floor":15,"key":"REST"},{"data":"Gensokyo:GapWoman","floor":23,"key":"SMITH"},{"data":"AdministrixMod:XianArts","floor":27,"key":"SMITH"}],"circlet_count":0,"master_deck":["AdministrixMod:Strike_Administrix","AdministrixMod:Strike_Administrix","AdministrixMod:Strike_Administrix","AdministrixMod:RedCloak","AdministrixMod:Defend_Administrix","AdministrixMod:Defend_Administrix","AdministrixMod:Defend_Administrix+1","AdministrixMod:Defend_Administrix","AdministrixMod:BlueCloak","Wellcheers","AdministrixMod:ImmortalGrace","AdministrixMod:ImmortalPurity+1","AdministrixMod:ShadowPlay","AdministrixMod:TouchOfCinnabar+1","AdministrixMod:ImmortalPurity","ShyLook","AdministrixMod:ImmortalClarity","AdministrixMod:BloodlessSapphire","AdministrixMod:ImmortalPurity","PunishingBird","AdministrixMod:CosmosControl","SingingMachine","AdministrixMod:XianArts+1","Gensokyo:BlemishedSteel","Gensokyo:GapWoman+1","AdministrixMod:MixOfMercury+1","AdministrixMod:SipOfSparks+1","DreamingCurrent"],"relics":["AdministrixMod:ConductorRitualBaton","CogitoBucket","LetterFromLob","CeramicFish","hubris:DeckOfHolding","conspire:DeflatedDodgeball","Lantern","ResearcherNote","Sozu","Gensokyo:ConquerorOfFear","conspire:TreasureMap","Tiny Chest","AdministrixMod:PrescriptionBottle","Bag of Marbles","Blood Vial"],"acts_visited":["Gensokyo:Gensokyo","Gensokyo:Gensokyoer"],"potions_floor_usage":[11,16],"damage_taken":[{"damage":0,"enemies":"Gensokyo:3_Fairies","floor":1,"turns":4},{"damage":0,"enemies":"Gensokyo:2_Kodama","floor":3,"turns":4},{"damage":0,"enemies":"Gensokyo:Python","floor":4,"turns":4},{"damage":6,"enemies":"Gensokyo:Mamizou","floor":8,"turns":13},{"damage":12,"enemies":"Gensokyo:Aya","floor":11,"turns":11},{"damage":21,"enemies":"Gensokyo:3_Kodama","floor":14,"turns":9},{"damage":35,"enemies":"Gensokyo:Reimu","floor":16,"turns":22},{"damage":9,"enemies":"Gensokyo:AngelMirror","floor":18,"turns":6},{"damage":27,"enemies":"Gensokyo:3_Dogs","floor":21,"turns":10},{"damage":22,"enemies":"Gensokyo:Tenshi","floor":25,"turns":7},{"damage":58,"enemies":"Gensokyo:3_Gloops","floor":29,"turns":7}],"seed_played":"-7904041110540471245","potions_obtained":[{"floor":3,"key":"Explosive Potion"},{"floor":8,"key":"Block Potion"},{"floor":11,"key":"SneckoOil"},{"floor":16,"key":"Dexterity Potion"}],"is_trial":false,"path_per_floor":["M","?","M","M","?","COS","?","E","T","R","E","?","T","M","R","B",null,"M","COS","?","M","$","R","?","E","T","R","$","M"],"character_chosen":"TheAdministrix","items_purchased":["conspire:TreasureMap","Tiny Chest"],"campfire_rested":1,"item_purchase_floors":[22,22],"current_hp_per_floor":[65,65,65,65,65,65,65,62,62,62,50,44,44,32,51,56,65,61,61,61,41,41,41,53,48,48,48,48,2,2],"gold":55,"neow_bonus":"","is_daily":false,"chose_seed":false,"campfire_upgraded":3,"win_rate":0.0,"timestamp":1613765475,"path_taken":["M","?","M","M","?","COS","?","E","T","R","E","?","?","M","R","BOSS","M","COS","?","M","?","R","?","E","T","R","$","M"],"items_purchased_type":["Relic","Relic"],"build_version":"2020-12-22","purchased_purges":1,"victory":false,"max_hp_per_floor":[65,65,65,65,65,65,65,65,65,65,65,65,65,65,65,65,65,65,65,65,65,65,65,65,65,65,65,65,65,65],"card_choices":[{"not_picked":["Scorched","UniverseFragment"],"picked":"Wellcheers","floor":1},{"not_picked":["AdministrixMod:SyncreticSurge","AdministrixMod:Transition"],"picked":"AdministrixMod:ImmortalGrace","floor":1},{"not_picked":["AdministrixMod:GuanyinBlessing","AdministrixMod:SeventeenArticleLaser"],"picked":"AdministrixMod:ImmortalPurity","floor":2},{"not_picked":["AdministrixMod:FuneraryRites","AdministrixMod:QuietConspiracy"],"picked":"AdministrixMod:ShadowPlay","floor":2},{"not_picked":["AdministrixMod:UnstableVigor","AdministrixMod:TrickOfTheLight"],"picked":"AdministrixMod:TouchOfCinnabar","floor":3},{"not_picked":["AdministrixMod:RegentEdict","AdministrixMod:TouchOfCinnabar"],"picked":"AdministrixMod:ImmortalPurity","floor":4},{"not_picked":["CherryBlossoms","SingingMachine"],"picked":"ShyLook","floor":8},{"not_picked":["AdministrixMod:TouchOfCinnabar","AdministrixMod:WickedPunishment"],"picked":"AdministrixMod:ImmortalClarity","floor":8},{"not_picked":["AdministrixMod:RegentEdict","AdministrixMod:FearOfDeath"],"picked":"AdministrixMod:BloodlessSapphire","floor":11},{"not_picked":["AdministrixMod:CrackingPangu","AdministrixMod:RisingSunPrince"],"picked":"AdministrixMod:ImmortalPurity","floor":14},{"not_picked":["Mercenary","Porccubus"],"picked":"PunishingBird","floor":14},{"not_picked":["AdministrixMod:StarSwordSoul","AdministrixMod:GirlsDoItBetter"],"picked":"AdministrixMod:CosmosControl","floor":16},{"not_picked":["Laetitia","RedShoes"],"picked":"SingingMachine","floor":16},{"not_picked":["AdministrixMod:CastOffRegrets+1","AdministrixMod:TrickOfTheLight+1"],"picked":"AdministrixMod:XianArts","floor":18},{"not_picked":["AdministrixMod:ArmillarySphere","AdministrixMod:CastOffRegrets"],"picked":"AdministrixMod:MixOfMercury+1","floor":21},{"not_picked":["AdministrixMod:NewWardrobe","AdministrixMod:ShadowPlay"],"picked":"AdministrixMod:SipOfSparks+1","floor":25},{"not_picked":["SilentOrchestra","CrumblingArmor"],"picked":"DreamingCurrent","floor":25}],"player_experience":570919,"relics_obtained":[{"floor":1,"key":"LetterFromLob"},{"floor":8,"key":"CeramicFish"},{"floor":9,"key":"hubris:DeckOfHolding"},{"floor":11,"key":"Juzu Bracelet"},{"floor":13,"key":"conspire:DeflatedDodgeball"},{"floor":21,"key":"Gensokyo:ConquerorOfFear"},{"floor":25,"key":"Bag of Marbles"},{"floor":26,"key":"Blood Vial"}],"event_choices":[],"is_beta":false,"boss_relics":[{"not_picked":["aspiration:BardSkillbook","conspire:RoyalGoblet"],"picked":"Sozu"}],"items_purged_floors":[22],"is_endless":false,"potions_floor_spawned":[3,8,11,16],"killed_by":"Gensokyo:3_Gloops","ascension_level":0}}