{"host":"ow66nzv2xecjoor3","time":1613757519,"event":{"mods":["BaseMod","Bestiary","Block Reminder","Colored Powertips","Curses Come First","Highlight Path","Keyboard Shortcuts","Minty Spire (QoL Compilation)","Permanent Neow","Relic Stats","StSLib","UnlockEverythingMod"],"gold_per_floor":[117,117,134,150,160,160,191,191,191,220,220,235,235,160,160,160,160],"floor_reached":16,"language":"ENG","playtime":463,"items_purged":["Strike_B"],"score":220,"play_id":"de847bb8-7202-4708-9202-e8350f44857a","local_time":"20210219115839","is_ascension_mode":true,"campfire_choices":[{"data":"Consume","floor":6.0,"key":"SMITH"},{"floor":8.0,"key":"REST"},{"floor":15.0,"key":"REST"}],"circlet_count":0,"master_deck":["AscendersBane","Strike_B","Strike_B","Strike_B","Defend_B","Defend_B","Defend_B+1","Defend_B","Zap+1","Dualcast","Compile Driver","Self Repair","Consume+1","Compile Driver","Capacitor+1","Rainbow","Coolheaded"],"relics":["Cracked Core","Nunchaku","War Paint","Lantern","Sundial"],"acts_visited":["Exordium"],"potions_floor_usage":[],"damage_taken":[{"damage":14.0,"enemies":"2 Louse","floor":1.0,"turns":4.0},{"damage":1.0,"enemies":"Cultist","floor":3.0,"turns":3.0},{"damage":7.0,"enemies":"Jaw Worm","floor":4.0,"turns":3.0},{"damage":14.0,"enemies":"Blue Slaver","floor":5.0,"turns":6.0},{"damage":35.0,"enemies":"3 Sentries","floor":7.0,"turns":6.0},{"damage":27.0,"enemies":"Lagavulin","floor":10.0,"turns":6.0},{"damage":3.0,"enemies":"3 Louse","floor":12.0,"turns":4.0},{"damage":34,"enemies":"The Guardian","floor":16,"turns":2}],"seed_played":"-180953829358862590","potions_obtained":[{"floor":1.0,"key":"LiquidBronze"},{"floor":2.0,"key":"PotionOfCapacity"},{"floor":4.0,"key":"DuplicationPotion"},{"floor":10.0,"key":"EssenceOfSteel"}],"is_trial":false,"path_per_floor":["M","?","M","M","M","R","E","R","T","E","?","M","?","$","R","B"],"character_chosen":"DEFECT","items_purchased":[],"campfire_rested":2,"item_purchase_floors":[],"current_hp_per_floor":[50,50,49,49,42,42,7,28,28,8,8,5,5,5,26,0,0],"gold":160,"neow_bonus":"RANDOM_COMMON_RELIC","is_daily":false,"chose_seed":false,"campfire_upgraded":1,"win_rate":0.0,"timestamp":1613757519,"path_taken":["M","?","M","M","?","R","E","R","T","E","?","M","?","$","R","BOSS"],"items_purchased_type":[],"build_version":"2020-12-22","purchased_purges":1,"victory":false,"max_hp_per_floor":[71,71,71,71,71,71,71,71,71,71,71,71,71,71,71,71,71],"relic_stats":{"Nunchaku":[3],"counters":[8,34],"Sundial":[0],"War Paint":["Zap","Defend_B"],"obtain_stats":[{"Nunchaku":0,"Lantern":9,"Sundial":10,"War Paint":7,"Cracked Core":0},{"Nunchaku":0,"Lantern":5,"Sundial":6,"War Paint":5,"Cracked Core":0},{"Nunchaku":0,"Lantern":22,"Sundial":28,"War Paint":22,"Cracked Core":0}]},"card_choices":[{"not_picked":["Redo","Gash"],"picked":"Compile Driver","floor":1.0},{"not_picked":["Beam Cell","Compile Driver"],"picked":"Self Repair","floor":3.0},{"not_picked":["Recycle","Conserve Battery"],"picked":"Consume","floor":4.0},{"not_picked":["Hello World","Stack"],"picked":"Compile Driver","floor":5.0},{"not_picked":["Aggregate","Reprogram"],"picked":"Capacitor","floor":7.0},{"not_picked":["Hologram","Cold Snap"],"picked":"Rainbow","floor":10.0},{"not_picked":["Auto Shields","Chaos"],"picked":"Coolheaded","floor":12.0}],"player_experience":2897969,"relics_obtained":[{"floor":7.0,"key":"War Paint"},{"floor":9.0,"key":"Lantern"},{"floor":10.0,"key":"Sundial"}],"event_choices":[{"damage_healed":0.0,"max_hp_gain":0.0,"max_hp_loss":0.0,"gold_gain":0.0,"event_name":"Lab","player_choice":"Got Potions","floor":2.0,"gold_loss":0.0,"damage_taken":0.0},{"damage_healed":0.0,"max_hp_gain":0.0,"max_hp_loss":0.0,"gold_gain":0.0,"event_name":"Liars Game","player_choice":"Ignored","floor":11.0,"gold_loss":0.0,"damage_taken":0.0},{"damage_healed":0.0,"max_hp_gain":0.0,"max_hp_loss":0.0,"gold_gain":0.0,"event_name":"Living Wall","player_choice":"Grow","floor":13.0,"gold_loss":0.0,"damage_taken":0.0,"cards_upgraded":["Capacitor"]}],"is_beta":false,"boss_relics":[],"items_purged_floors":[14],"is_endless":false,"potions_floor_spawned":[1,4,5,10],"killed_by":"The Guardian","ascension_level":20}}