{"host":"ffqn1azj9urswy62","time":1613747086,"event":{"mods":["BaseMod","Better Third Choice","Conspire","Googly Eyes","Hubris","Minty Spire (QoL Compilation)","Replay The Spire","StSLib","Wandering Minibosses","slay the spire mod where everything is the same but ironclad has a cowboy hat"],"gold_per_floor":[116,168,178,189,208,242,242,98,98,111,111,111,111,111],"floor_reached":13,"language":"ENG","playtime":453,"items_purged":["ReplayTheSpireMod:Splinters"],"score":98,"play_id":"f9c95711-260c-4341-b1ac-0a7916eae33a","local_time":"20210219100446","is_ascension_mode":true,"campfire_choices":[{"data":"hubris:DuctTapeCard","floor":7,"key":"SMITH"},{"data":"Replay:Battleflow","floor":11,"key":"SMITH"}],"circlet_count":0,"master_deck":["Strike_P","Strike_P","Strike_P","Strike_P","Defend_P","Defend_P","Defend_P","Defend_P","Eruption","hubris:DuctTapeCard+2","EmptyFist","JustLucky","EmptyBody","CutThroughFate","InnerPeace","Replay:Battleflow+1"],"relics":["PureWater","NeowsBlessing","hubris:DuctTape","ReplayTheSpireMod:Ninjato","Golden Idol"],"acts_visited":["Exordium"],"potions_floor_usage":[6,13],"damage_taken":[{"damage":0,"enemies":"2 Louse","floor":1,"turns":1},{"damage":0,"enemies":"Jaw Worm","floor":3,"turns":1},{"damage":0,"enemies":"Cultist","floor":4,"turns":1},{"damage":9,"enemies":"Exordium Wildlife","floor":5,"turns":5},{"damage":20,"enemies":"Lagavulin","floor":6,"turns":4},{"damage":9,"enemies":"Blue Slaver","floor":10,"turns":5},{"damage":25,"enemies":"3 Sentries","floor":13,"turns":7}],"seed_played":"-4078767054442456426","potions_obtained":[{"floor":1,"key":"FearPotion"},{"floor":2,"key":"Flashbang"},{"floor":6,"key":"Elixir"}],"is_trial":false,"path_per_floor":["M","?","M","M","M","E","R","$","T","M","R","?","E"],"character_chosen":"WATCHER","items_purchased":["InnerPeace"],"campfire_rested":0,"item_purchase_floors":[8],"current_hp_per_floor":[72,72,72,72,63,43,43,43,43,34,34,16,0,0],"gold":111,"neow_bonus":"THREE_ENEMY_KILL","is_daily":false,"chose_seed":false,"campfire_upgraded":2,"win_rate":0.0,"timestamp":1613747086,"path_taken":["M","?","M","?","M","E","R","$","T","M","R","?","E"],"items_purchased_type":["Card"],"build_version":"2020-12-22","purchased_purges":1,"victory":false,"max_hp_per_floor":[72,72,72,72,72,72,72,72,72,72,72,72,72,72],"card_choices":[{"not_picked":["TalkToTheHand","ClearTheMind"],"picked":"Prostrate","floor":1},{"not_picked":["Collect","Replay:BluntJabs"],"picked":"EmptyFist","floor":2},{"not_picked":["Replay:ManipulateFuture","SashWhip"],"picked":"JustLucky","floor":3},{"not_picked":["Replay:AtTheReady","Conclude"],"picked":"EmptyBody","floor":4},{"not_picked":["ClearTheMind","Nirvana"],"picked":"CutThroughFate","floor":5},{"not_picked":["Devotion","ClearTheMind","CutThroughFate"],"picked":"SKIP","floor":6},{"not_picked":["FearNoEvil","ThirdEye"],"picked":"Replay:Battleflow","floor":10}],"player_experience":699256,"relics_obtained":[{"floor":2,"key":"hubris:DuctTape"},{"floor":6,"key":"ReplayTheSpireMod:Ninjato"}],"event_choices":[{"damage_healed":0,"gold_gain":0,"player_choice":"Take Damage","damage_taken":18,"relics_obtained":["Golden Idol"],"max_hp_gain":0,"max_hp_loss":0,"event_name":"Golden Idol","floor":12,"gold_loss":0}],"is_beta":false,"boss_relics":[],"items_purged_floors":[8],"is_endless":false,"potions_floor_spawned":[1,6],"killed_by":"3 Sentries","ascension_level":3}}