{"host":"zxd2l8an9de7z7b9","time":1613719377,"event":{"mods":["2.2 Compatiblity","AchievementEnabler","BaseMod","CapriCore","Colored Map","Colored Powertips","Marisa£¨Ùöéë¡¡Øª×âÞÞ£©","Minty Spire (QoL Compilation)","Rare Cards Sparkle","StSLib","SuperFastMode","Td1madao Mod","everything is the same but u backflip on backflip"],"gold_per_floor":[111,131,131,56,69,83,116,136,159,159,234,234,249,268,268,366,366,376,291,116,116,41,67,67,82,109,109,209,235,235,281,281,281,281],"floor_reached":33,"language":"KOR","playtime":1145,"items_purged":["Strike_R","Strike_R"],"score":283,"play_id":"4b987bd4-a598-4400-9082-5dd3b46ed067","local_time":"20210219162257","is_ascension_mode":false,"campfire_choices":[{"data":"Berserk","floor":10.0,"key":"SMITH"},{"data":"Flame Barrier","floor":12.0,"key":"SMITH"},{"data":"Heavy Blade","floor":15.0,"key":"SMITH"},{"data":"Whirlwind","floor":24.0,"key":"SMITH"},{"data":"Barricade","floor":30.0,"key":"SMITH"},{"floor":32.0,"key":"REST"}],"circlet_count":0,"master_deck":["Strike_R","Strike_R","Defend_R","Defend_R","Defend_R","Bash","Berserk+1","Flame Barrier+1","Pummel","Feel No Pain","Pommel Strike","Spot Weakness","Offering","Heavy Blade+1","Barricade+1","Twin Strike+1","Disarm","Whirlwind+1","Pommel Strike+1"],"relics":["Burning Blood","Pantograph","Juzu Bracelet","Velvet Choker","Orichalcum","Oddly Smooth Stone","Calipers","Letter Opener","PreservedInsect","Pen Nib"],"acts_visited":["Exordium","TheCity"],"potions_floor_usage":[33,33],"damage_taken":[{"damage":2.0,"enemies":"Small Slimes","floor":1.0,"turns":4.0},{"damage":1.0,"enemies":"Cultist","floor":2.0,"turns":5.0},{"damage":0.0,"enemies":"Jaw Worm","floor":5.0,"turns":5.0},{"damage":2.0,"enemies":"3 Louse","floor":6.0,"turns":4.0},{"damage":9.0,"enemies":"3 Sentries","floor":7.0,"turns":14.0},{"damage":6.0,"enemies":"2 Fungi Beasts","floor":8.0,"turns":6.0},{"damage":10.0,"enemies":"Lots of Slimes","floor":13.0,"turns":3.0},{"damage":9.0,"enemies":"Gremlin Gang","floor":14.0,"turns":4.0},{"damage":64.0,"enemies":"Slime Boss","floor":16.0,"turns":12.0},{"damage":5.0,"enemies":"3 Byrds","floor":18.0,"turns":3.0},{"damage":39.0,"enemies":"Book of Stabbing","floor":23.0,"turns":7.0},{"damage":6.0,"enemies":"Chosen","floor":25.0,"turns":5.0},{"damage":12.0,"enemies":"Colosseum Slavers","floor":28.0,"turns":2.0},{"damage":7.0,"enemies":"Colosseum Nobs","floor":28.0,"turns":3.0},{"damage":31.0,"enemies":"Slavers","floor":29.0,"turns":5.0},{"damage":60,"enemies":"Champ","floor":33,"turns":7}],"seed_played":"4414961183148095634","potions_obtained":[{"floor":1.0,"key":"PowerPotion"},{"floor":2.0,"key":"BloodPotion"},{"floor":3.0,"key":"SneckoOil"},{"floor":3.0,"key":"Block Potion"},{"floor":3.0,"key":"Energy Potion"},{"floor":7.0,"key":"Weak Potion"},{"floor":23.0,"key":"Strength Potion"},{"floor":29.0,"key":"SteroidPotion"}],"is_trial":false,"path_per_floor":["M","M","?","$","M","M","E","M","T","R","?","R","M","M","R","B",null,"M","?","$","?","?","E","R","M","T","?","?","E","R","T","R","B"],"character_chosen":"IRONCLAD","items_purchased":["Disarm"],"campfire_rested":1,"item_purchase_floors":[20],"current_hp_per_floor":[80,80,80,80,80,80,77,77,77,77,69,69,65,62,62,22,80,80,80,80,80,80,47,47,47,47,47,40,15,15,15,39,4,4],"gold":281,"neow_bonus":"ONE_RANDOM_RARE_CARD","is_daily":false,"chose_seed":false,"campfire_upgraded":5,"win_rate":0.0,"timestamp":1613719377,"path_taken":["M","M","?","$","M","M","E","M","T","R","?","R","M","M","R","BOSS","M","?","$","?","?","E","R","M","T","?","?","E","R","?","R","BOSS"],"items_purchased_type":["Card"],"build_version":"2020-12-22","purchased_purges":2,"victory":false,"max_hp_per_floor":[80,80,80,80,80,80,80,80,80,80,80,80,80,80,80,80,80,80,80,80,80,80,80,80,80,80,80,80,80,80,80,80,80,80],"card_choices":[{"not_picked":["Pommel Strike","Body Slam"],"picked":"Flame Barrier","floor":1.0},{"not_picked":["Thunderclap","Twin Strike"],"picked":"Pummel","floor":2.0},{"not_picked":["Uppercut","Clash"],"picked":"Feel No Pain","floor":5.0},{"not_picked":["Thunderclap","Headbutt","Iron Wave"],"picked":"SKIP","floor":6.0},{"not_picked":["Flex","Uppercut"],"picked":"Pommel Strike","floor":7.0},{"not_picked":["Carnage","True Grit"],"picked":"Spot Weakness","floor":8.0},{"not_picked":["Wild Strike","Iron Wave"],"picked":"Offering","floor":13.0},{"not_picked":["True Grit","Burning Pact"],"picked":"Heavy Blade","floor":14.0},{"not_picked":["Impervious","Juggernaut"],"picked":"Barricade","floor":16.0},{"not_picked":["Havoc+1","Flex"],"picked":"Twin Strike+1","floor":18.0},{"not_picked":["Shrug It Off+1","Havoc"],"picked":"Whirlwind","floor":23.0},{"not_picked":["Shrug It Off","Searing Blow"],"picked":"Pommel Strike+1","floor":25.0},{"not_picked":["Anger","Iron Wave+1","Hemokinesis+1"],"picked":"SKIP","floor":29.0}],"player_experience":404735,"relics_obtained":[{"floor":7.0,"key":"Pantograph"},{"floor":9.0,"key":"Juzu Bracelet"},{"floor":23.0,"key":"Oddly Smooth Stone"},{"floor":28.0,"key":"Calipers"},{"floor":28.0,"key":"Letter Opener"},{"floor":29.0,"key":"PreservedInsect"},{"floor":31.0,"key":"Pen Nib"}],"event_choices":[{"damage_healed":0.0,"max_hp_gain":0.0,"max_hp_loss":0.0,"gold_gain":0.0,"event_name":"Lab","player_choice":"Got Potions","floor":3.0,"gold_loss":0.0,"damage_taken":0.0},{"damage_healed":0.0,"max_hp_gain":0.0,"max_hp_loss":0.0,"gold_gain":75.0,"event_name":"FaceTrader","player_choice":"Touch","floor":11.0,"gold_loss":0.0,"damage_taken":8.0},{"damage_healed":0.0,"max_hp_gain":0.0,"max_hp_loss":0.0,"gold_gain":0.0,"event_name":"Addict","player_choice":"Obtained Relic","floor":19.0,"gold_loss":85.0,"damage_taken":0.0,"relics_obtained":["Orichalcum"]},{"damage_healed":0.0,"max_hp_gain":0.0,"max_hp_loss":0.0,"gold_gain":0.0,"event_name":"Vampires","player_choice":"Ignored","floor":21.0,"gold_loss":0.0,"damage_taken":0.0},{"cards_removed":["Defend_R"],"damage_healed":0.0,"max_hp_gain":0.0,"max_hp_loss":0.0,"gold_gain":0.0,"event_name":"Beggar","player_choice":"Gave Gold","floor":22.0,"gold_loss":75.0,"damage_taken":0.0},{"cards_removed":["Strike_R"],"damage_healed":0.0,"max_hp_gain":0.0,"max_hp_loss":0.0,"gold_gain":0.0,"event_name":"Back to Basics","player_choice":"Elegance","floor":27.0,"gold_loss":0.0,"damage_taken":0.0},{"damage_healed":0.0,"max_hp_gain":0.0,"max_hp_loss":0.0,"gold_gain":0.0,"event_name":"Colosseum","player_choice":"Fight","floor":28.0,"gold_loss":0.0,"damage_taken":0.0},{"damage_healed":0.0,"max_hp_gain":0.0,"max_hp_loss":0.0,"gold_gain":0.0,"event_name":"Colosseum","player_choice":"Fought Nobs","floor":28.0,"gold_loss":0.0,"damage_taken":0.0}],"is_beta":false,"boss_relics":[{"not_picked":["Black Blood","Ectoplasm"],"picked":"Velvet Choker"}],"items_purged_floors":[4,20],"is_endless":false,"potions_floor_spawned":[1,2,7,23,28,29],"killed_by":"Champ","ascension_level":0}}