{"host":"21daswlctsv3qaxk","time":1613767796,"event":{"mods":["BaseMod","Downfall","Minty Spire (QoL Compilation)","Replay The Spire","StSLib","The Cursed","The Servant 0.9.4"],"gold_per_floor":[362,362,362,537,558,599,320,345,345,345,364,110,110,149,149,280,280,296,296,315,8,29,29,69,69,69,69,94,23,23,23],"floor_reached":30,"language":"ENG","playtime":1636,"items_purged":["Normality","Doubt"],"score":294,"play_id":"b170b3b9-dcf1-4ae6-aa30-80faabb3b6e1","local_time":"20210219214956","is_ascension_mode":true,"campfire_choices":[{"floor":10,"key":"RECALL"},{"floor":13,"key":"REST"},{"floor":15,"key":"REST"},{"data":"Blade Dance","floor":23,"key":"SMITH"},{"floor":25,"key":"REST"}],"circlet_count":0,"master_deck":["Strike_G","Strike_G","Strike_G","Strike_G","Strike_G","Defend_G","Defend_G","Defend_G","Defend_G","Defend_G","Survivor","Neutralize","PiercingWail","Dagger Spray","Dash","Jack Of All Trades","Outmaneuver","Acrobatics","Blade Dance+1","Blade Dance","PiercingWail","Dash+1","Dagger Spray","Accuracy"],"relics":["Ring of the Snake","Golden Idol","Ring of Fury","ReplayTheSpireMod:Ring of Collecting","Ninja Scroll","BargainBundle","Ring of Hypnosis","Potion Belt","SacredBark","GremlinMask","Matryoshka","InkBottle","ReplayTheSpireMod:Ring of Challenge","Bronze Scales","Garlic"],"acts_visited":["Exordium","TheCity"],"potions_floor_usage":[6,16,16,22,22,24],"damage_taken":[{"damage":0,"enemies":"Jaw Worm","floor":1,"turns":4},{"damage":0,"enemies":"Small Slimes","floor":5,"turns":4},{"damage":17,"enemies":"3 Sentries","floor":6,"turns":6},{"damage":0,"enemies":"Cultist","floor":8,"turns":2},{"damage":0,"enemies":"Blue Slaver","floor":11,"turns":1},{"damage":13,"enemies":"Replay:BlueRogue","floor":14,"turns":3},{"damage":41,"enemies":"Hexaghost","floor":16,"turns":9},{"damage":4,"enemies":"3 Byrds","floor":18,"turns":4},{"damage":2,"enemies":"Spheric Guardian","floor":20,"turns":3},{"damage":5,"enemies":"Centurion and Healer","floor":22,"turns":5},{"damage":37,"enemies":"Book of Stabbing","floor":24,"turns":6},{"damage":9,"enemies":"Sentry and Sphere","floor":28,"turns":4},{"damage":27,"enemies":"Shelled Parasite and Fungi","floor":30,"turns":3}],"seed_played":"3531001582750331361","potions_obtained":[{"floor":5,"key":"BlessingOfTheForge"},{"floor":8,"key":"Fire Potion"},{"floor":16,"key":"Doom Potion"},{"floor":22,"key":"Reflective Coating"}],"is_trial":false,"path_per_floor":["M","?","?","?","M","E","$","M","T","R","M","$","R","E","R","B",null,"M","?","M","$","M","R","E","R","T","$","M","$","M"],"character_chosen":"THE_SILENT","items_purchased":["BargainBundle","ColorlessPotion","Block Potion","GamblersBrew","Jack Of All Trades","Outmaneuver","Acrobatics","Potion Belt","Matryoshka","Explosive Potion","Accuracy"],"campfire_rested":3,"item_purchase_floors":[7,7,7,7,7,7,7,12,21,21,29],"current_hp_per_floor":[49,49,49,49,49,32,32,32,32,32,32,32,51,38,57,16,65,61,61,59,59,54,54,17,36,36,36,27,27,0,0],"gold":23,"neow_bonus":"TWO_FIFTY_GOLD","is_daily":false,"chose_seed":false,"campfire_upgraded":1,"win_rate":0.0,"timestamp":1613767796,"path_taken":["M","?","?","?","M","E","$","M","T","R","?","$","R","E","R","BOSS","M","?","M","$","M","R","E","R","T","$","?","$","M"],"items_purchased_type":["Relic","Potion","Potion","Potion","Card","Card","Card","Relic","Relic","Potion","Card"],"build_version":"2020-12-22","purchased_purges":2,"victory":false,"max_hp_per_floor":[70,65,65,65,65,65,65,65,65,65,65,65,65,65,65,65,65,65,65,65,65,65,65,65,65,65,65,65,65,65,65],"card_choices":[{"not_picked":["Concentrate","Dagger Spray"],"picked":"PiercingWail","floor":1},{"not_picked":["ReplayTheSpireMod:Scrap Shanks","Underhanded Strike"],"picked":"Dagger Spray","floor":5},{"not_picked":["Doppelganger","Dodge and Roll"],"picked":"Dash","floor":6},{"not_picked":["Prepared","Distraction"],"picked":"Blade Dance","floor":8},{"not_picked":["Underhanded Strike","Calculated Gamble"],"picked":"Blade Dance","floor":11},{"not_picked":["Deadly Poison","Dagger Spray"],"picked":"PiercingWail","floor":14},{"not_picked":["Terror","Heel Hook","Sucker Punch"],"picked":"SKIP","floor":18},{"not_picked":["ReplayTheSpireMod:Scrap Shanks+1","Deflect+1"],"picked":"Dash+1","floor":20},{"not_picked":["Hidden Blade","Bane"],"picked":"Dagger Spray","floor":22},{"not_picked":["Deflect","Slice+1","Corpse Explosion"],"picked":"SKIP","floor":24},{"not_picked":["Hidden Blade","Slice","Acrobatics+1"],"picked":"SKIP","floor":28}],"player_experience":216823,"relics_obtained":[{"floor":3,"key":"Ring of Fury"},{"floor":3,"key":"ReplayTheSpireMod:Ring of Collecting"},{"floor":6,"key":"Ninja Scroll"},{"floor":9,"key":"Ring of Hypnosis"},{"floor":24,"key":"InkBottle"},{"floor":26,"key":"ReplayTheSpireMod:Ring of Challenge"},{"floor":26,"key":"Bronze Scales"},{"floor":26,"key":"Garlic"}],"event_choices":[{"damage_healed":0,"gold_gain":0,"player_choice":"Lose Max HP","damage_taken":0,"relics_obtained":["Golden Idol"],"max_hp_gain":0,"max_hp_loss":5,"event_name":"Golden Idol","floor":2,"gold_loss":0},{"damage_healed":0,"gold_gain":175,"player_choice":"AGREE","damage_taken":0,"max_hp_gain":0,"max_hp_loss":0,"event_name":"Liars Game","floor":4,"gold_loss":0,"cards_obtained":["Doubt"]},{"damage_healed":0,"gold_gain":0,"player_choice":"Trade","damage_taken":0,"relics_obtained":["GremlinMask"],"max_hp_gain":0,"max_hp_loss":0,"event_name":"FaceTrader","floor":19,"gold_loss":0}],"is_beta":false,"boss_relics":[{"not_picked":["Runic Dome","ReplayTheSpireMod:DimensionalGlitch"],"picked":"SacredBark"}],"items_purged_floors":[7,12],"is_endless":false,"potions_floor_spawned":[5,8,16,22],"killed_by":"Shelled Parasite and Fungi","ascension_level":3}}