{"host":"swphzoo6hmc78epl","time":1613698570,"event":{"mods":["BaseMod","Highlight Path","Minty Spire (QoL Compilation)","Quick Restart"],"gold_per_floor":[361,372,382,382,51,51,62,62,62,72,89,89,102,115,115,210,210,227,427,442,168,83,111,128,154,180,180,180,180],"floor_reached":28,"language":"ENG","playtime":1194,"items_purged":["Strike_B","Strike_B"],"score":290,"play_id":"6bbae156-c06d-4bb5-91ca-0a50797e5f76","local_time":"20210218203610","is_ascension_mode":true,"campfire_choices":[{"data":"Sweeping Beam","floor":6,"key":"SMITH"},{"data":"Hologram","floor":8,"key":"SMITH"},{"data":"Dualcast","floor":15,"key":"SMITH"}],"circlet_count":0,"master_deck":["Strike_B","Defend_B","Defend_B","Defend_B","Defend_B","Zap","Dualcast+1","Sweeping Beam+1","Ball Lightning","Rebound","Melter+1","Loop","Hologram+1","Capacitor","Sunder+1","FTL+1","Electrodynamics","Hologram+1","Cold Snap+1","Lockon+1","Seek","Barrage+1","Glacier"],"relics":["Cracked Core","Molten Egg 2","Lantern","The Courier","SacredBark","Runic Capacitor","Toy Ornithopter","Oddly Smooth Stone","Pen Nib","Ancient Tea Set","Art of War"],"acts_visited":["Exordium","TheCity"],"potions_floor_usage":[10,16,20,23,25,25],"damage_taken":[{"damage":2,"enemies":"Jaw Worm","floor":1,"turns":3},{"damage":0,"enemies":"Small Slimes","floor":2,"turns":3},{"damage":1,"enemies":"Cultist","floor":3,"turns":3},{"damage":1,"enemies":"2 Fungi Beasts","floor":7,"turns":2},{"damage":5,"enemies":"Gremlin Gang","floor":10,"turns":2},{"damage":1,"enemies":"Looter","floor":11,"turns":2},{"damage":0,"enemies":"3 Louse","floor":13,"turns":2},{"damage":0,"enemies":"2 Fungi Beasts","floor":14,"turns":2},{"damage":19,"enemies":"Hexaghost","floor":16,"turns":9},{"damage":2,"enemies":"Chosen","floor":18,"turns":4},{"damage":29,"enemies":"2 Thieves","floor":20,"turns":3},{"damage":30,"enemies":"Slavers","floor":23,"turns":3},{"damage":6,"enemies":"Cultist and Chosen","floor":24,"turns":3},{"damage":9,"enemies":"Gremlin Leader","floor":25,"turns":4},{"damage":17,"enemies":"Book of Stabbing","floor":28,"turns":2}],"seed_played":"-8671664629884651746","potions_obtained":[{"floor":1,"key":"AttackPotion"},{"floor":13,"key":"Explosive Potion"},{"floor":14,"key":"SkillPotion"},{"floor":16,"key":"PotionOfCapacity"},{"floor":18,"key":"Fire Potion"},{"floor":20,"key":"BlessingOfTheForge"},{"floor":24,"key":"FearPotion"}],"is_trial":false,"path_per_floor":["M","M","M","?","$","R","M","R","T","M","M","?","M","M","R","B",null,"M","?","M","$","?","E","M","E","T","?","E"],"character_chosen":"DEFECT","items_purchased":["Lantern","Melter+1","Loop","Runic Capacitor","Cold Snap+1","Lockon+1"],"campfire_rested":0,"item_purchase_floors":[5,5,5,21,21,21],"current_hp_per_floor":[52,52,51,33,33,33,32,32,32,27,26,26,26,26,26,7,75,73,73,44,44,44,19,13,14,14,14,0,0],"gold":180,"neow_bonus":"TWO_FIFTY_GOLD","is_daily":false,"chose_seed":false,"campfire_upgraded":3,"win_rate":0.0,"timestamp":1613698570,"path_taken":["M","M","M","?","$","R","M","R","T","M","M","?","M","?","R","BOSS","M","?","?","$","?","E","M","E","T","?","E"],"items_purchased_type":["Relic","Card","Card","Relic","Card","Card"],"build_version":"2020-12-22","purchased_purges":2,"victory":false,"max_hp_per_floor":[75,75,75,75,75,75,75,75,75,75,75,75,75,75,75,75,75,75,75,75,75,75,75,75,75,75,75,75,75],"card_choices":[{"not_picked":["Genetic Algorithm","Hello World"],"picked":"Sweeping Beam","floor":1},{"not_picked":["Steam","Conserve Battery"],"picked":"Ball Lightning","floor":2},{"not_picked":["Loop","Blizzard"],"picked":"Rebound","floor":3},{"not_picked":["Reprogram","Steam"],"picked":"Hologram","floor":7},{"not_picked":["Genetic Algorithm","Recycle"],"picked":"Capacitor","floor":10},{"not_picked":["Rainbow","Compile Driver+1"],"picked":"Sunder+1","floor":11},{"not_picked":["Melter+1","Coolheaded","Redo"],"picked":"SKIP","floor":13},{"not_picked":["Coolheaded","Skim"],"picked":"FTL+1","floor":14},{"not_picked":["Creative AI","Biased Cognition"],"picked":"Electrodynamics","floor":16},{"not_picked":["Streamline+1","Ball Lightning+1"],"picked":"Hologram+1","floor":18},{"not_picked":["Rebound+1","Heatsinks+1","Steam Power"],"picked":"SKIP","floor":20},{"not_picked":["Beam Cell+1","Streamline+1"],"picked":"Seek","floor":23},{"not_picked":["Streamline+1","Auto Shields"],"picked":"Barrage+1","floor":24},{"not_picked":["BootSequence","Fusion+1"],"picked":"Glacier","floor":25}],"player_experience":882088,"relics_obtained":[{"floor":9,"key":"The Courier"},{"floor":23,"key":"Oddly Smooth Stone"},{"floor":25,"key":"Pen Nib"},{"floor":26,"key":"Ancient Tea Set"}],"event_choices":[{"damage_healed":0,"gold_gain":0,"player_choice":"Success","damage_taken":18,"relics_obtained":["Molten Egg 2"],"max_hp_gain":0,"max_hp_loss":0,"event_name":"Scrap Ooze","floor":4,"gold_loss":0},{"cards_removed":["Strike_B"],"damage_healed":0,"gold_gain":0,"player_choice":"Purged","damage_taken":0,"max_hp_gain":0,"max_hp_loss":0,"event_name":"Purifier","floor":12,"gold_loss":0},{"damage_healed":0,"gold_gain":200,"player_choice":"Gold","damage_taken":0,"max_hp_gain":0,"max_hp_loss":0,"event_name":"Wheel of Change","floor":19,"gold_loss":0},{"damage_healed":0,"gold_gain":0,"player_choice":"Obtained Relic","damage_taken":0,"relics_obtained":["Toy Ornithopter"],"max_hp_gain":0,"max_hp_loss":0,"event_name":"Addict","floor":22,"gold_loss":85},{"damage_healed":0,"gold_gain":0,"player_choice":"Opened","damage_taken":0,"relics_obtained":["Art of War"],"max_hp_gain":0,"max_hp_loss":0,"event_name":"The Mausoleum","floor":27,"gold_loss":0}],"is_beta":false,"boss_relics":[{"not_picked":["Runic Pyramid","Philosopher\u0027s Stone"],"picked":"SacredBark"}],"items_purged_floors":[5,21],"is_endless":false,"potions_floor_spawned":[1,13,14,16,18,20,24],"killed_by":"Book of Stabbing","ascension_level":3}}