{"host":"mhk64yc8b8cafbgt","time":1613744471,"event":{"mods":["Act Like it!","Aspiration","BaseMod","BetterRewards","CapriCore","Downfall","Energized Spire","Friendly Minions","GifTheSpireLib","Gold Saver","HornydragonMod","LagranYue(拉格朗・月)","Marked Mod","Minty Spire (QoL Compilation)","MostiFishMod","Pale of the Ancients","Quick Restart","Relic Filter Mod","Robot Space Explorer","RumiaBox-露米娅的神秘盒子","Ryuuou龙王","Shop Mod","Spicy Shops","StSLib","TestMod","Uncapped","[IsaacMod]以撒尖塔","noobMod","【功能Mod】混沌之环修复补丁","【遗物卡牌】REMEMod","残留之物"],"gold_per_floor":[1618,1634,1650,1650,1650,1679,1697,1724,1795,1807,1817,1833,1863,1883,1883,1979,1979,1998,1998,757,757,773,801,801,801,801,801,275,316,329,364,364,479,479,506,521,521,534,547,581,581,612,694,746,746,791,805,859,859,859,870,895,895,135,135,153,153,54,54,54],"floor_reached":61,"language":"ZHS","playtime":5884,"items_purged":["Injury","PlaceholderMod:BaseStrike","PlaceholderMod:BaseStrike","PlaceholderMod:BaseStrike","PlaceholderMod:BaseDefend","PlaceholderMod:BaseDefend","PlaceholderMod:BaseDefend","PlaceholderMod:PoisonWhip"],"score":1513,"play_id":"0446e1e7-84f6-4672-9204-6489c1aa17ad","local_time":"20210219222111","is_ascension_mode":true,"campfire_choices":[{"floor":15.0,"key":"RECALL"},{"data":"PlaceholderMod:GrowthForm","floor":24,"key":"SMITH"},{"data":"PlaceholderMod:HighConcentration","floor":27,"key":"SMITH"},{"data":"PlaceholderMod:DiffusionChemical","floor":32,"key":"SMITH"},{"data":"PlaceholderMod:DiffusionPoison","floor":41,"key":"SMITH"},{"data":"MostiFishMod:DarkDeal","floor":45,"key":"SMITH"},{"data":"PlaceholderMod:PoisonExcitation","floor":49,"key":"SMITH"},{"data":"PlaceholderMod:Crystal","floor":55,"key":"SMITH"},{"data":"PlaceholderMod:ThreeBenzyolStart","floor":57,"key":"SMITH"}],"circlet_count":0,"master_deck":["PlaceholderMod:BaseDefend+1","PlaceholderMod:BaseDefend+1","PlaceholderMod:Crystal+1","MostiFishMod:DarkDeal+1","PlaceholderMod:DiffusionChemical+1","PlaceholderMod:ReactionCatalyze+1","PlaceholderMod:StrongAcid+1","PlaceholderMod:HardStinger+1","PlaceholderMod:PoisonExcitation+1","PlaceholderMod:Hard+1","PlaceholderMod:CorePoison+1","PlaceholderMod:Break","PlaceholderMod:HighConcentration+1","PlaceholderMod:MultiReaction+1","PlaceholderMod:NutritionAbsorb+1","PlaceholderMod:GrowthForm+1","PlaceholderMod:ChainPoly+1","PlaceholderMod:Hard+1","PlaceholderMod:DiffusionPoison+1","PlaceholderMod:ThreeBenzyolStart+1","PlaceholderMod:Stratification+1","PlaceholderMod:QualitativeChange+1","Parasite"],"relics":["PlaceholderMod:Tancle","REME_ComplimentaryCards","DaveBox","testmod-TestBox","HushsDoor","KeepersGift","ice","LagranYue:RandomDrawCardRelic","Toxic Egg 2","SatanicBible","testmod-NegativeEmotionEnhancer","GuppysCollar","aspiration:ChemicalBlood","MerchantsRug","SSSystem","Tiny Chest","BookOfRevelations","HornCleat","SalivaCoin","Kunai","DeadEye","Chemical X","White Beast Statue","Gambling Chip","Orichalcum","LagranYue:SoulBurningRelic","GuppysTail","UnicornStump","Potion Belt","MagicDraw4","GodSword4","GuppysPaw","testmod-Brilliant","paleoftheancients:Timepiece","paleoftheancients:KeyRelic","Gremlin Horn","CultistMask","testmod-Nyarlathotep","Ccalipers","testmod-Maize","Happy Flower","paleoftheancients:SoulOfTheDefect"],"acts_visited":["Exordium","TheCity","TheBeyond","paleoftheancients:PaleOfTheAncients"],"potions_floor_usage":[23,29,29,29,31,33,33,35,38,39,40,46,46,47,60,60],"damage_taken":[{"damage":5.0,"enemies":"Small Slimes","floor":1.0,"turns":3.0},{"damage":5.0,"enemies":"2 Louse","floor":2.0,"turns":3.0},{"damage":0.0,"enemies":"Cultist","floor":3.0,"turns":2.0},{"damage":0.0,"enemies":"3 Sentries","floor":6.0,"turns":3.0},{"damage":0.0,"enemies":"Looter","floor":7.0,"turns":4.0},{"damage":0.0,"enemies":"Lagavulin","floor":8.0,"turns":7.0},{"damage":7.0,"enemies":"3 Louse","floor":10.0,"turns":3.0},{"damage":2.0,"enemies":"Exordium Thugs","floor":11.0,"turns":4.0},{"damage":18.0,"enemies":"Large Slime","floor":12.0,"turns":8.0},{"damage":12.0,"enemies":"Gremlin Nob","floor":13.0,"turns":4.0},{"damage":5.0,"enemies":"Blue Slaver","floor":14.0,"turns":2.0},{"damage":0.0,"enemies":"The Guardian","floor":16.0,"turns":9.0},{"damage":0.0,"enemies":"Shell Parasite","floor":18.0,"turns":1.0},{"damage":0,"enemies":"Spheric Guardian","floor":22,"turns":2},{"damage":6,"enemies":"Book of Stabbing","floor":23,"turns":5},{"damage":0,"enemies":"Slavers","floor":29,"turns":5},{"damage":0,"enemies":"Snake Plant","floor":30,"turns":3},{"damage":2,"enemies":"Gremlin Leader","floor":31,"turns":6},{"damage":0,"enemies":"Champ","floor":33,"turns":6},{"damage":12,"enemies":"3 Darklings","floor":35,"turns":3},{"damage":0,"enemies":"3 Shapes","floor":36,"turns":4},{"damage":0,"enemies":"Maw","floor":38,"turns":3},{"damage":0,"enemies":"Spire Growth","floor":39,"turns":5},{"damage":5,"enemies":"Giant Head","floor":40,"turns":4},{"damage":0,"enemies":"Reptomancer","floor":42,"turns":4},{"damage":0,"enemies":"Nemesis","floor":46,"turns":5},{"damage":0,"enemies":"Writhing Mass","floor":47,"turns":3},{"damage":0,"enemies":"2 Orb Walkers","floor":48,"turns":3},{"damage":0,"enemies":"Time Eater","floor":50,"turns":4},{"damage":0,"enemies":"Time Eater","floor":51,"turns":3},{"damage":12,"enemies":"Time Eater","floor":52,"turns":2},{"damage":0,"enemies":"Time Eater","floor":56,"turns":5},{"damage":0,"enemies":"Delirium","floor":60,"turns":15}],"seed_played":"-4456209500100494761","potions_obtained":[{"floor":3.0,"key":"LiquidBronze"},{"floor":10.0,"key":"Block Potion"},{"floor":13.0,"key":"LiquidMemories"},{"floor":14.0,"key":"Energy Potion"},{"floor":22,"key":"EntropicBrew"},{"floor":29,"key":"testmod-TestPotion"},{"floor":33,"key":"SneckoOil"},{"floor":35,"key":"AttackPotion"},{"floor":38,"key":"LiquidBronze"},{"floor":39,"key":"Strength Potion"},{"floor":40,"key":"Fire Potion"},{"floor":42,"key":"Dexterity Potion"},{"floor":46,"key":"Regen Potion"},{"floor":47,"key":"LiquidMemories"},{"floor":48,"key":"Fire Potion"}],"is_trial":false,"path_per_floor":["M","M","M","?","?","E","M","E","T","M","M","M","E","M","R","B",null,"M","?","$","?","M","E","R","T","T","R","$","E","M","E","R","B",null,"M","M","T","M","M","E","R","E","T","?","R","E","M","?","R","B","M","M","T","$","R","M","R","$","?","B",null],"character_chosen":"THE_PLACEHOLDER","items_purchased":["FairyPotion","GuppysCollar","MerchantsRug","PlaceholderMod:HighConcentration","SSSystem","Tiny Chest","BookOfRevelations","HornCleat","Chemical X","White Beast Statue","GuppysTail","Ccalipers","testmod-Maize","Happy Flower"],"campfire_rested":0,"item_purchase_floors":[17,17,20,20,20,20,20,20,28,28,34,54,54,54],"current_hp_per_floor":[73,68,68,52,52,52,52,52,52,45,43,25,13,8,8,8,56,57,42,42,42,44,40,40,40,40,40,40,44,46,50,50,52,46,34,34,34,37,37,32,32,32,32,17,17,17,24,24,24,56,56,51,51,51,51,55,55,55,55,58],"gold":54,"neow_bonus":"NOSTALGIA","is_daily":false,"chose_seed":false,"campfire_upgraded":8,"win_rate":0.0,"timestamp":1613744471,"path_taken":["M","M","M","?","?","E","M","E","T","M","M","M","E","M","R","BOSS","M","?","$","?","M","E","R","?","T","R","?","E","M","E","R","BOSS","M","M","?","M","M","E","R","E","T","?","R","E","?","?","R","BOSS","M","M","?","$","R","M","R","$","?","BOSS"],"items_purchased_type":["Potion","Relic","Relic","Card","Relic","Relic","Relic","Relic","Relic","Relic","Relic","Relic","Relic","Relic"],"build_version":"2020-12-22","purchased_purges":8,"victory":true,"max_hp_per_floor":[78,78,78,78,78,78,78,78,78,78,78,78,78,78,78,78,56,57,57,57,57,58,59,59,59,59,59,59,60,61,62,62,63,46,47,48,48,49,50,51,51,52,52,52,52,53,54,55,55,56,57,58,58,58,58,59,59,59,59,60],"card_choices":[{"not_picked":[],"picked":"ChaosCard","floor":0.0},{"not_picked":["PlaceholderMod:HardStrike","PlaceholderMod:ComplexForm"],"picked":"Bomb","floor":1.0},{"not_picked":["PlaceholderMod:PoisonExcitation","PlaceholderMod:SeverePoisonStrike"],"picked":"PlaceholderMod:DiffusionChemical","floor":2.0},{"not_picked":["PlaceholderMod:HornyBlast","PlaceholderMod:PoisonAbsorb","PlaceholderMod:CrystallizationStrike"],"picked":"SKIP","floor":3.0},{"not_picked":["PlaceholderMod:StressReaction+1","PlaceholderMod:Hard+1"],"picked":"PlaceholderMod:ReactionCatalyze+1","floor":6.0},{"not_picked":["PlaceholderMod:ParasiteChange+1","PlaceholderMod:PoisonExcitation","PlaceholderMod:HighConcentration"],"picked":"PlaceholderMod:StrongAcid+1","floor":7.0},{"not_picked":["PlaceholderMod:Polyp+1","PlaceholderMod:SpinBlade","PlaceholderMod:Break","PlaceholderMod:HornyBlast"],"picked":"SKIP","floor":8.0},{"not_picked":["PlaceholderMod:OHStrongAttack","PlaceholderMod:ProliferateStrike","PlaceholderMod:AngryAttack","PlaceholderMod:StrongAcid+1"],"picked":"SKIP","floor":10.0},{"not_picked":["PlaceholderMod:Hyperplasia+1","PlaceholderMod:MultiReaction+1","PlaceholderMod:Package+1"],"picked":"PlaceholderMod:HardStinger+1","floor":11.0},{"not_picked":["PlaceholderMod:SprayAttack","PlaceholderMod:Polyp+1","PlaceholderMod:MultipleOxi+1"],"picked":"PlaceholderMod:PoisonExcitation","floor":12.0},{"not_picked":["PlaceholderMod:Sweep","PlaceholderMod:PoisonBlast","PlaceholderMod:ProliferateStrike"],"picked":"Bomb","floor":13.0},{"not_picked":["PlaceholderMod:StressReaction+1","PlaceholderMod:DissolvingSpikes","PlaceholderMod:HardStinger+1"],"picked":"PlaceholderMod:Hard+1","floor":14.0},{"not_picked":["PlaceholderMod:FinalSpray+1","PlaceholderMod:Eat","PlaceholderMod:AbsorbTouch"],"picked":"PlaceholderMod:CorePoison+1","floor":16.0},{"not_picked":["PlaceholderMod:ProliferateStrike","PlaceholderMod:SpinBlade","PlaceholderMod:HardStrike"],"picked":"PlaceholderMod:Break","floor":18.0},{"not_picked":["PlaceholderMod:FastReaction+1","PlaceholderMod:CycleAttack","PlaceholderMod:ParasiteChange+1","PlaceholderMod:PoisonExcitation+1"],"picked":"SKIP","floor":22},{"not_picked":["PlaceholderMod:FastReaction+1","PlaceholderMod:CycleAttack","PlaceholderMod:ParasiteChange+1","PlaceholderMod:PoisonExcitation+1"],"picked":"SKIP","floor":22},{"not_picked":["PlaceholderMod:DirectingGroup+1","PlaceholderMod:StrongAcid+1","PlaceholderMod:PericyclicReaction+1"],"picked":"PlaceholderMod:GrowthForm","floor":23},{"not_picked":["PlaceholderMod:ParasiteChange+1","PlaceholderMod:Turn+1","PlaceholderMod:HardStinger+1","PlaceholderMod:Internalization+1"],"picked":"SKIP","floor":29},{"not_picked":["PlaceholderMod:NutritionAbsorb+1","PlaceholderMod:DirectingGroup+1","PlaceholderMod:HardStrike"],"picked":"PlaceholderMod:ChainPoly+1","floor":30},{"not_picked":["PlaceholderMod:SeverePoisonStrike","PlaceholderMod:AttackAsDefend","PlaceholderMod:FinalSpray+1"],"picked":"PlaceholderMod:Hard+1","floor":31},{"not_picked":["PlaceholderMod:ReactionCatalyze+1","PlaceholderMod:FinalSpray+1","PlaceholderMod:CorePoison+1"],"picked":"PlaceholderMod:DiffusionPoison","floor":33},{"not_picked":["PlaceholderMod:CycleAttack+1","PlaceholderMod:DirectingGroup+1","PlaceholderMod:SelectReaction+1"],"picked":"PlaceholderMod:ThreeBenzyolStart","floor":35},{"not_picked":["PlaceholderMod:PoisonExcitation","PlaceholderMod:SeverePoisonStrike","PlaceholderMod:ChainPoly+1","PlaceholderMod:Sweep"],"picked":"SKIP","floor":36},{"not_picked":["PlaceholderMod:PoisonAbsorb+1","PlaceholderMod:CrystallizationStrike+1","PlaceholderMod:SeverePoisonStrike+1"],"picked":"PlaceholderMod:Stratification+1","floor":38},{"not_picked":["PlaceholderMod:HardStinger+1","PlaceholderMod:TriggerStrike+1","PlaceholderMod:OHStrongAttack+1","PlaceholderMod:FastReaction+1"],"picked":"SKIP","floor":39},{"not_picked":["PlaceholderMod:CycleAttack+1","PlaceholderMod:SelectReaction+1","PlaceholderMod:HardStrike"],"picked":"PlaceholderMod:QualitativeChange+1","floor":40},{"not_picked":["PlaceholderMod:DissolvingSpikes+1","PlaceholderMod:Break+1","PlaceholderMod:RadicalHit","PlaceholderMod:HardStrike+1"],"picked":"SKIP","floor":42},{"not_picked":["PlaceholderMod:SubstitutionNucleophilic1+1","PlaceholderMod:SprayAttack","PlaceholderMod:ChainPoly+1","PlaceholderMod:Sweep"],"picked":"SKIP","floor":46},{"not_picked":["PlaceholderMod:AbsorbTouch","PlaceholderMod:StressReaction+1","PlaceholderMod:UnpureUse+1","PlaceholderMod:SprayAttack+1"],"picked":"SKIP","floor":47},{"not_picked":["PlaceholderMod:HardStinger+1","PlaceholderMod:PoisonExcitation","PlaceholderMod:HornyBlast+1","PlaceholderMod:ContinueSpray"],"picked":"SKIP","floor":51},{"not_picked":["PlaceholderMod:SpinBlade","PlaceholderMod:FastReaction+1","PlaceholderMod:HornyBlast+1","PlaceholderMod:Internalization+1"],"picked":"SKIP","floor":52},{"not_picked":["PlaceholderMod:Hyperplasia+1","PlaceholderMod:EnergyAbsorb+1","PlaceholderMod:StressReaction+1","PlaceholderMod:ContinueSpray+1"],"picked":"SKIP","floor":56}],"player_experience":454053,"relics_obtained":[{"floor":6.0,"key":"Question Card"},{"floor":8.0,"key":"GnawedLeaf"},{"floor":13.0,"key":"SatanicBible"},{"floor":23,"key":"SalivaCoin"},{"floor":25,"key":"Kunai"},{"floor":26,"key":"DeadEye"},{"floor":29,"key":"Gambling Chip"},{"floor":31,"key":"Orichalcum"},{"floor":37,"key":"UnicornStump"},{"floor":40,"key":"Potion Belt"},{"floor":42,"key":"MagicDraw4"},{"floor":43,"key":"GodSword4"},{"floor":46,"key":"GuppysPaw"},{"floor":48,"key":"testmod-Brilliant"},{"floor":53,"key":"testmod-Nyarlathotep"},{"floor":56,"key":"paleoftheancients:SoulOfTheDefect"}],"event_choices":[{"damage_healed":0.0,"max_hp_gain":0.0,"max_hp_loss":0.0,"gold_gain":0.0,"event_name":"Shining Light","player_choice":"Entered Light","floor":4.0,"gold_loss":0.0,"damage_taken":16.0,"cards_upgraded":["PlaceholderMod:BaseDefend","PlaceholderMod:BaseDefend"]},{"damage_healed":0.0,"max_hp_gain":0.0,"max_hp_loss":0.0,"gold_gain":0.0,"cards_transformed":["PlaceholderMod:BaseStrike","PlaceholderMod:BaseStrike"],"event_name":"Drug Dealer","player_choice":"Became Test Subject","floor":21.0,"gold_loss":0.0,"damage_taken":0.0,"cards_obtained":["PlaceholderMod:MultiReaction","PlaceholderMod:NutritionAbsorb"]},{"damage_healed":0,"gold_gain":0,"player_choice":"Fight","damage_taken":0,"max_hp_gain":0,"max_hp_loss":0,"event_name":"Mysterious Sphere","floor":48,"gold_loss":0}],"is_beta":false,"boss_relics":[{"not_picked":["aspiration:RitualDagger","GreenFoldingFan"],"picked":"testmod-NegativeEmotionEnhancer"},{"not_picked":[]},{"not_picked":["OneHitWonderSystem","energizedSpire:StickyHand"],"picked":"LagranYue:SoulBurningRelic"},{"not_picked":[]}],"items_purged_floors":[17,20,20,28,34,54,58,58],"is_endless":false,"potions_floor_spawned":[3,10,12,13,14,22,29,30,31,33,35,36,38,39,40,42,46,47,48,51,52,56],"ascension_level":2}}