{"host":"ewe4oe702q4ujr6i","time":1613745413,"event":{"mods":["BaseMod","Colored Map","Colored Powertips","DeckTracker","Minty Spire (QoL Compilation)","SuperFastMode"],"gold_per_floor":[115,133,133,208,224,224,237,265,265,265,275,126,126,26,26,123,123,138,13,13,13,13,13,41,41,89,89,89],"floor_reached":27,"language":"KOR","playtime":744,"items_purged":["Strike_B","Strike_B","Defend_B"],"score":238,"play_id":"d87b5780-eb34-4395-b045-08cceadeeb34","local_time":"20210219233653","is_ascension_mode":true,"campfire_choices":[{"data":"Zap","floor":6,"key":"SMITH"},{"data":"Dualcast","floor":10,"key":"SMITH"},{"data":"Hologram","floor":13,"key":"SMITH"},{"data":"Ball Lightning","floor":15,"key":"SMITH"},{"data":"Defragment","floor":23,"key":"SMITH"},{"floor":25,"key":"REST"}],"circlet_count":0,"master_deck":["Defend_B","Defend_B","Defend_B+1","Zap+1","Dualcast+1","Ball Lightning+1","Sweeping Beam","Hologram+1","FTL","Tempest","Storm","Electrodynamics","Necronomicurse","Defragment+1","Coolheaded+1"],"relics":["Cracked Core","Bag of Preparation","Mercury Hourglass","Matryoshka","Empty Cage","Necronomicon","Bottled Lightning","War Paint","Art of War"],"acts_visited":["Exordium","TheCity"],"potions_floor_usage":[8],"damage_taken":[{"damage":8,"enemies":"2 Louse","floor":1,"turns":2},{"damage":1,"enemies":"Jaw Worm","floor":2,"turns":3},{"damage":0,"enemies":"Small Slimes","floor":5,"turns":2},{"damage":7,"enemies":"Blue Slaver","floor":7,"turns":2},{"damage":16,"enemies":"Lagavulin","floor":8,"turns":4},{"damage":5,"enemies":"Looter","floor":11,"turns":2},{"damage":25,"enemies":"The Guardian","floor":16,"turns":9},{"damage":5,"enemies":"Shell Parasite","floor":18,"turns":4},{"damage":39,"enemies":"Slavers","floor":24,"turns":3},{"damage":33,"enemies":"Book of Stabbing","floor":27,"turns":5}],"seed_played":"-7727730199400949660","potions_obtained":[{"floor":2,"key":"PowerPotion"},{"floor":8,"key":"PotionOfCapacity"},{"floor":16,"key":"SteroidPotion"}],"is_trial":false,"path_per_floor":["M","M","?","?","M","R","M","E","T","R","M","$","R","$","R","B",null,"M","$","?","?","?","R","E","R","T","E"],"character_chosen":"DEFECT","items_purchased":["Storm"],"campfire_rested":1,"item_purchase_floors":[12],"current_hp_per_floor":[67,66,71,60,60,60,53,37,37,37,32,32,32,32,32,7,80,75,75,59,44,44,44,5,30,30,0,0],"gold":89,"neow_bonus":"RANDOM_COMMON_RELIC","is_daily":false,"chose_seed":false,"campfire_upgraded":5,"win_rate":0.0,"timestamp":1613745413,"path_taken":["M","M","?","?","M","R","M","E","T","R","M","$","R","?","R","BOSS","M","$","?","?","?","R","E","R","T","E"],"items_purchased_type":["Card"],"build_version":"2020-12-22","purchased_purges":3,"victory":false,"max_hp_per_floor":[75,75,80,80,80,80,80,80,80,80,80,80,80,80,80,80,80,80,80,80,85,85,85,85,85,85,85,85],"card_choices":[{"not_picked":["Leap","Go for the Eyes"],"picked":"Ball Lightning","floor":1},{"not_picked":["Beam Cell","Leap"],"picked":"Sweeping Beam","floor":2},{"not_picked":["Beam Cell","Reinforced Body","Rip and Tear"],"picked":"SKIP","floor":5},{"not_picked":["Leap","Sweeping Beam"],"picked":"Hologram","floor":7},{"not_picked":["Compile Driver","Cold Snap"],"picked":"FTL","floor":8},{"not_picked":["Barrage","Hyperbeam"],"picked":"Tempest","floor":11},{"not_picked":["Amplify","Buffer"],"picked":"Electrodynamics","floor":16},{"not_picked":["Auto Shields","Rebound","Turbo"],"picked":"SKIP","floor":18},{"not_picked":["Steam+1","Sweeping Beam"],"picked":"Coolheaded","floor":24}],"player_experience":228522,"relics_obtained":[{"floor":8,"key":"Mercury Hourglass"},{"floor":9,"key":"Matryoshka"},{"floor":20,"key":"Necronomicon"},{"floor":24,"key":"Bottled Lightning"},{"floor":26,"key":"War Paint"},{"floor":26,"key":"Art of War"}],"event_choices":[{"damage_healed":0,"gold_gain":0,"player_choice":"Donut","damage_taken":0,"max_hp_gain":5,"max_hp_loss":0,"event_name":"Big Fish","floor":3,"gold_loss":0},{"damage_healed":0,"gold_gain":75,"player_choice":"Gather Gold","damage_taken":11,"max_hp_gain":0,"max_hp_loss":0,"event_name":"World of Goop","floor":4,"gold_loss":0},{"damage_healed":0,"gold_gain":0,"player_choice":"Obtained Book","damage_taken":16,"max_hp_gain":0,"max_hp_loss":0,"event_name":"Cursed Tome","floor":20,"gold_loss":0},{"damage_healed":0,"gold_gain":0,"player_choice":"Shed Blood","damage_taken":20,"max_hp_gain":5,"max_hp_loss":0,"event_name":"Forgotten Altar","floor":21,"gold_loss":0},{"damage_healed":0,"gold_gain":0,"player_choice":"Read","damage_taken":0,"max_hp_gain":0,"max_hp_loss":0,"event_name":"The Library","floor":22,"gold_loss":0,"cards_obtained":["Defragment"]}],"is_beta":false,"boss_relics":[{"not_picked":["Ectoplasm","FrozenCore"],"picked":"Empty Cage"}],"items_purged_floors":[12,14,19],"is_endless":false,"potions_floor_spawned":[2,8,16],"killed_by":"Book of Stabbing","ascension_level":1}}