{"host":"8is2j71l4wmybkoi","time":1613742470,"event":{"mods":["AchievementEnabler","BaseMod","Colored Map","DeckTracker","Minty Spire (QoL Compilation)","Rare Cards Sparkle","Relic Stats","StSLib","SuperFastMode"],"gold_per_floor":[117,134,134,144,144,173,173,192,192,192,267,267,267,287,287,362,362,377,390,115,134,184,216,216,247,324,347,347,347,347],"floor_reached":29,"language":"KOR","playtime":1015,"items_purged":["Strike_G"],"score":457,"play_id":"fb077237-07a4-430a-9ca6-61343885763f","local_time":"20210219224750","is_ascension_mode":true,"campfire_choices":[{"data":"Noxious Fumes","floor":7.0,"key":"SMITH"},{"data":"Neutralize","floor":10.0,"key":"SMITH"},{"data":"Blade Dance","floor":12.0,"key":"SMITH"},{"data":"Leg Sweep","floor":15.0,"key":"SMITH"},{"floor":24.0,"key":"REST"},{"data":"Well Laid Plans","floor":28,"key":"SMITH"}],"circlet_count":0,"master_deck":["AscendersBane","Strike_G","Strike_G","Strike_G","Defend_G","Defend_G","Defend_G","Defend_G","Defend_G","Survivor","Neutralize+1","Dramatic Entrance","Blade Dance+1","Noxious Fumes+1","Dagger Throw","Tools of the Trade","Grand Finale","Leg Sweep+1","Venomology","Prepared","Tactician","Accuracy","Well Laid Plans+1","Backflip"],"relics":["Ring of the Snake","Ninja Scroll","Mummified Hand","Black Star","StrikeDummy","Bottled Lightning","WingedGreaves","Tingsha","Bottled Tornado","MealTicket"],"acts_visited":["Exordium","TheCity"],"potions_floor_usage":[25,25,25,29,29],"damage_taken":[{"damage":0.0,"enemies":"Small Slimes","floor":1.0,"turns":3.0},{"damage":4.0,"enemies":"Jaw Worm","floor":2.0,"turns":4.0},{"damage":1.0,"enemies":"Cultist","floor":4.0,"turns":3.0},{"damage":27.0,"enemies":"3 Sentries","floor":6.0,"turns":6.0},{"damage":1.0,"enemies":"Exordium Wildlife","floor":8.0,"turns":3.0},{"damage":0.0,"enemies":"3 Louse","floor":14.0,"turns":2.0},{"damage":10.0,"enemies":"Hexaghost","floor":16.0,"turns":9.0},{"damage":3.0,"enemies":"Spheric Guardian","floor":18.0,"turns":5.0},{"damage":3.0,"enemies":"Shell Parasite","floor":19.0,"turns":4.0},{"damage":9.0,"enemies":"Chosen and Byrds","floor":21.0,"turns":8.0},{"damage":13.0,"enemies":"Slavers","floor":23.0,"turns":7.0},{"damage":26,"enemies":"Book of Stabbing","floor":25,"turns":7},{"damage":46,"enemies":"Slavers","floor":29,"turns":3}],"seed_played":"-7025240982696665800","potions_obtained":[{"floor":6.0,"key":"LiquidBronze"},{"floor":13.0,"key":"Weak Potion"},{"floor":16.0,"key":"GhostInAJar"},{"floor":23.0,"key":"AttackPotion"}],"is_trial":false,"path_per_floor":["M","M","?","M","?","E","R","M","T","R","?","R","?","M","R","B",null,"M","M","$","M","?","E","R","E","T","T","R","E"],"character_chosen":"THE_SILENT","items_purchased":["Tactician","Accuracy","SteroidPotion"],"campfire_rested":1,"item_purchase_floors":[20,20,20],"current_hp_per_floor":[59,55,60,59,59,32,32,31,31,31,20,20,20,20,20,10,56,53,50,50,41,41,28,49,23,23,23,23,0,0],"gold":347,"neow_bonus":"RANDOM_COLORLESS","is_daily":false,"chose_seed":false,"campfire_upgraded":5,"win_rate":0.0,"timestamp":1613742470,"path_taken":["M","M","?","M","?","E","R","M","T","R","?","R","?","M","R","BOSS","M","M","$","M","?","E","R","E","T","?","R","E"],"items_purchased_type":["Card","Card","Potion"],"build_version":"2020-12-22","purchased_purges":1,"victory":false,"max_hp_per_floor":[66,66,71,71,71,71,71,71,71,71,71,71,71,71,71,71,71,71,71,71,71,71,71,71,71,71,71,71,71,71],"relic_stats":{"counters":[13,64],"Mummified Hand":[22],"Tingsha":[9],"MealTicket":0,"Black Star":2,"obtain_stats":[{"Ninja Scroll":6,"Mummified Hand":9,"Tingsha":25,"MealTicket":27,"WingedGreaves":25,"Black Star":17,"Bottled Lightning":23,"Bottled Tornado":26,"StrikeDummy":23,"Ring of the Snake":0},{"Ninja Scroll":4,"Mummified Hand":5,"Tingsha":12,"MealTicket":12,"WingedGreaves":12,"Black Star":7,"Bottled Lightning":11,"Bottled Tornado":12,"StrikeDummy":11,"Ring of the Snake":0},{"Ninja Scroll":16,"Mummified Hand":19,"Tingsha":61,"MealTicket":61,"WingedGreaves":61,"Black Star":30,"Bottled Lightning":54,"Bottled Tornado":61,"StrikeDummy":54,"Ring of the Snake":0}],"Ring of the Snake":[26]},"card_choices":[{"not_picked":["Finesse","Dark Shackles"],"picked":"Dramatic Entrance","floor":0.0},{"not_picked":["All Out Attack","Bane"],"picked":"Blade Dance","floor":1.0},{"not_picked":["Underhanded Strike","Crippling Poison"],"picked":"Noxious Fumes","floor":2.0},{"not_picked":["Blur","Escape Plan"],"picked":"Dagger Throw","floor":4.0},{"not_picked":["Night Terror","Outmaneuver"],"picked":"Grand Finale","floor":6.0},{"not_picked":["Setup","Poisoned Stab","Outmaneuver"],"picked":"SKIP","floor":8.0},{"not_picked":["Setup","Poisoned Stab","Outmaneuver"],"picked":"SKIP","floor":8.0},{"not_picked":["Flechettes","Noxious Fumes"],"picked":"Leg Sweep","floor":14.0},{"not_picked":["Wraith Form v2","Grand Finale"],"picked":"Venomology","floor":16.0},{"not_picked":["Underhanded Strike","Dagger Spray","Cloak And Dagger"],"picked":"SKIP","floor":18.0},{"not_picked":["Poisoned Stab+1","Cloak And Dagger"],"picked":"Prepared","floor":19.0},{"not_picked":["Slice+1","Glass Knife"],"picked":"Well Laid Plans","floor":21.0},{"not_picked":["Bouncing Flask","Setup"],"picked":"Backflip","floor":23.0},{"not_picked":["Underhanded Strike","Finisher","Blade Dance"],"picked":"SKIP","floor":25}],"player_experience":1256712,"relics_obtained":[{"floor":6.0,"key":"Ninja Scroll"},{"floor":9.0,"key":"Mummified Hand"},{"floor":23.0,"key":"StrikeDummy"},{"floor":23.0,"key":"Bottled Lightning"},{"floor":25,"key":"WingedGreaves"},{"floor":25,"key":"Tingsha"},{"floor":26,"key":"Bottled Tornado"},{"floor":27,"key":"MealTicket"}],"event_choices":[{"damage_healed":0.0,"max_hp_gain":5.0,"max_hp_loss":0.0,"gold_gain":0.0,"event_name":"Big Fish","player_choice":"Donut","floor":3.0,"gold_loss":0.0,"damage_taken":0.0},{"damage_healed":0.0,"max_hp_gain":0.0,"max_hp_loss":0.0,"gold_gain":0.0,"cards_transformed":["Strike_G"],"event_name":"Living Wall","player_choice":"Change","floor":5.0,"gold_loss":0.0,"damage_taken":0.0,"cards_obtained":["Tools of the Trade"]},{"damage_healed":0.0,"max_hp_gain":0.0,"max_hp_loss":0.0,"gold_gain":75.0,"event_name":"World of Goop","player_choice":"Gather Gold","floor":11.0,"gold_loss":0.0,"damage_taken":11.0},{"damage_healed":0.0,"max_hp_gain":0.0,"max_hp_loss":0.0,"gold_gain":0.0,"event_name":"Lab","player_choice":"Got Potions","floor":13.0,"gold_loss":0.0,"damage_taken":0.0},{"damage_healed":0.0,"max_hp_gain":0.0,"max_hp_loss":0.0,"gold_gain":50.0,"event_name":"Nest","player_choice":"Stole From Cult","floor":22.0,"gold_loss":0.0,"damage_taken":0.0}],"is_beta":false,"boss_relics":[{"not_picked":["Snecko Eye","Cursed Key"],"picked":"Black Star"}],"items_purged_floors":[20],"is_endless":false,"potions_floor_spawned":[6,16,21,23],"killed_by":"Slavers","ascension_level":15}}