{"host":"spd19cimorv47raq","time":1613754104,"event":{"mods":["AchievementEnabler","BaseMod","Colored Map","Keyboard Shortcuts","Minty Spire (QoL Compilation)","StSLib","SuperFastMode"],"gold_per_floor":[115,132,282,44,44,71,88,120,120,133,133,133,148,165,165,242,242,257,274,290,27,27,27,40,75,99,99,133,133,133,133,133,133,133],"floor_reached":33,"language":"KOR","playtime":1292,"items_purged":["Doubt"],"score":690,"play_id":"91c33214-5872-4799-a7ce-9fceb552be82","local_time":"20210220020144","is_ascension_mode":true,"campfire_choices":[{"data":"Clothesline","floor":12.0,"key":"SMITH"},{"data":"True Grit","floor":15.0,"key":"SMITH"},{"data":"Corruption","floor":23.0,"key":"SMITH"},{"floor":29.0,"key":"REST"},{"data":"Ghostly","floor":32.0,"key":"SMITH"}],"circlet_count":0,"master_deck":["AscendersBane","Bash","Hemokinesis","Shrug It Off","Clothesline+1","Blood for Blood","Bloodletting","True Grit+1","Second Wind","Corruption+1","Blood for Blood","Immolate","Combust","Intimidate","Intimidate","Armaments","Warcry","Fire Breathing","Seeing Red","Evolve","Enlightenment","Ghostly Armor","Inflame+1","Shrug It Off","Carnage","Heavy Blade","Ghostly+1","Ghostly","Ghostly"],"relics":["Burning Blood","NeowsBlessing","Sling","Bag of Preparation","Thread and Needle","White Beast Statue","Darkstone Periapt","Anchor","Pandora\u0027s Box","Mummified Hand","Boot","Dream Catcher","Vajra"],"acts_visited":["Exordium","TheCity"],"potions_floor_usage":[33],"damage_taken":[{"damage":0.0,"enemies":"Jaw Worm","floor":1.0,"turns":1.0},{"damage":0.0,"enemies":"Cultist","floor":2.0,"turns":1.0},{"damage":0.0,"enemies":"Lagavulin","floor":6.0,"turns":1.0},{"damage":0.0,"enemies":"2 Louse","floor":7.0,"turns":3.0},{"damage":6.0,"enemies":"3 Sentries","floor":8.0,"turns":5.0},{"damage":5.0,"enemies":"Red Slaver","floor":10.0,"turns":4.0},{"damage":2.0,"enemies":"Large Slime","floor":13.0,"turns":4.0},{"damage":2.0,"enemies":"Looter","floor":14.0,"turns":2.0},{"damage":36.0,"enemies":"Slime Boss","floor":16.0,"turns":12.0},{"damage":8.0,"enemies":"Shell Parasite","floor":18.0,"turns":6.0},{"damage":6.0,"enemies":"Chosen","floor":19.0,"turns":5.0},{"damage":5.0,"enemies":"Snecko","floor":20.0,"turns":4.0},{"damage":6.0,"enemies":"Cultist and Chosen","floor":24.0,"turns":5.0},{"damage":7.0,"enemies":"Slavers","floor":25.0,"turns":4.0},{"damage":32.0,"enemies":"Book of Stabbing","floor":28.0,"turns":5.0},{"damage":40,"enemies":"Automaton","floor":33,"turns":6}],"seed_played":"8547572993075081886","potions_obtained":[{"floor":1.0,"key":"BlessingOfTheForge"},{"floor":2.0,"key":"PowerPotion"},{"floor":10.0,"key":"DistilledChaos"},{"floor":13.0,"key":"ColorlessPotion"},{"floor":14.0,"key":"Strength Potion"},{"floor":16.0,"key":"Swift Potion"},{"floor":18.0,"key":"Swift Potion"},{"floor":19.0,"key":"CultistPotion"},{"floor":20.0,"key":"DistilledChaos"},{"floor":25.0,"key":"Regen Potion"},{"floor":28.0,"key":"BlessingOfTheForge"}],"is_trial":false,"path_per_floor":["M","M","?","$","?","E","M","E","T","M","?","R","M","M","R","B",null,"M","M","M","$","?","R","M","E","T","?","E","R","?","?","R","B"],"character_chosen":"IRONCLAD","items_purchased":["Sling","Mummified Hand"],"campfire_rested":1,"item_purchase_floors":[4,21],"current_hp_per_floor":[74,75,75,75,64,70,75,75,75,75,75,75,75,75,75,45,68,66,66,67,67,55,55,55,54,54,33,21,45,45,40,40,0,0],"gold":133,"neow_bonus":"THREE_ENEMY_KILL","is_daily":false,"chose_seed":false,"campfire_upgraded":4,"win_rate":0.0,"timestamp":1613754104,"path_taken":["M","M","?","$","?","E","M","E","T","M","?","R","?","M","R","BOSS","M","M","M","$","?","R","?","E","T","?","E","R","?","?","R","BOSS"],"items_purchased_type":["Relic","Relic"],"build_version":"2020-12-22","purchased_purges":1,"victory":false,"max_hp_per_floor":[75,75,75,75,75,75,75,75,75,75,75,75,75,75,75,75,75,75,75,75,75,75,75,75,75,75,80,80,80,80,40,40,40,40],"card_choices":[{"not_picked":["Perfected Strike","Rupture"],"picked":"Hemokinesis","floor":1.0},{"not_picked":["Heavy Blade","Headbutt"],"picked":"Shrug It Off","floor":2.0},{"not_picked":["Dropkick","Brutality"],"picked":"Anger","floor":6.0},{"not_picked":["Body Slam","Flex"],"picked":"Clothesline","floor":7.0},{"not_picked":["Sword Boomerang","Searing Blow"],"picked":"Blood for Blood","floor":8.0},{"not_picked":["Clash","Seeing Red"],"picked":"Bloodletting","floor":10.0},{"not_picked":["Dropkick","Headbutt"],"picked":"True Grit","floor":13.0},{"not_picked":["Cleave","Headbutt"],"picked":"Second Wind","floor":14.0},{"not_picked":["Reaper","Immolate"],"picked":"Corruption","floor":16.0},{"not_picked":["Thunderclap","Pommel Strike"],"picked":"Seeing Red","floor":18.0},{"not_picked":["Perfected Strike","Shrug It Off"],"picked":"Evolve","floor":19.0},{"not_picked":["Spot Weakness","Headbutt","Dropkick"],"picked":"SKIP","floor":20.0},{"not_picked":["Rampage","Anger","Spot Weakness"],"picked":"SKIP","floor":24.0},{"not_picked":["Headbutt","True Grit"],"picked":"Ghostly Armor","floor":25.0},{"not_picked":["Reckless Charge","Fire Breathing"],"picked":"Inflame+1","floor":28.0},{"not_picked":["Brutality","Burning Pact"],"picked":"Shrug It Off","floor":29.0}],"player_experience":866557,"relics_obtained":[{"floor":6.0,"key":"Thread and Needle"},{"floor":8.0,"key":"White Beast Statue"},{"floor":9.0,"key":"Darkstone Periapt"},{"floor":25.0,"key":"Boot"},{"floor":26.0,"key":"Dream Catcher"},{"floor":28.0,"key":"Vajra"}],"event_choices":[{"damage_healed":0.0,"max_hp_gain":0.0,"max_hp_loss":0.0,"gold_gain":150.0,"event_name":"Liars Game","player_choice":"AGREE","floor":3.0,"gold_loss":0.0,"damage_taken":0.0,"cards_obtained":["Doubt"]},{"damage_healed":0.0,"max_hp_gain":0.0,"max_hp_loss":0.0,"gold_gain":0.0,"event_name":"Scrap Ooze","player_choice":"Success","floor":5.0,"gold_loss":0.0,"damage_taken":11.0,"relics_obtained":["Bag of Preparation"]},{"damage_healed":0.0,"max_hp_gain":0.0,"max_hp_loss":0.0,"gold_gain":0.0,"event_name":"WeMeetAgain","player_choice":"Gave Potion","floor":11.0,"gold_loss":0.0,"damage_taken":0.0,"relics_obtained":["Anchor"]},{"damage_healed":0.0,"max_hp_gain":0.0,"max_hp_loss":0.0,"gold_gain":0.0,"event_name":"Knowing Skull","player_choice":"CARD ","floor":22.0,"potions_obtained":[],"gold_loss":0.0,"damage_taken":12.0,"cards_obtained":["Enlightenment"]},{"damage_healed":0.0,"max_hp_gain":5.0,"max_hp_loss":0.0,"gold_gain":0.0,"event_name":"Forgotten Altar","player_choice":"Shed Blood","floor":27.0,"gold_loss":0.0,"damage_taken":26.0},{"damage_healed":0.0,"max_hp_gain":0.0,"max_hp_loss":0.0,"gold_gain":0.0,"cards_transformed":["Searing Blow","Anger"],"event_name":"Drug Dealer","player_choice":"Became Test Subject","floor":30.0,"gold_loss":0.0,"damage_taken":0.0,"cards_obtained":["Carnage","Heavy Blade"]},{"damage_healed":0.0,"max_hp_gain":0.0,"max_hp_loss":40.0,"gold_gain":0.0,"event_name":"Ghosts","player_choice":"Became a Ghost","floor":31.0,"gold_loss":0.0,"damage_taken":0.0,"cards_obtained":["Ghostly","Ghostly","Ghostly"]}],"is_beta":false,"boss_relics":[{"not_picked":["Ectoplasm","Black Blood"],"picked":"Pandora\u0027s Box"}],"items_purged_floors":[4],"is_endless":false,"potions_floor_spawned":[1,2,10,13,14,16,18,19,20,24,25,28],"killed_by":"Automaton","ascension_level":20}}