{"host":"3e3mwsgb9gfqiuxm","time":1613718447,"event":{"mods":["Act Like it!","BaseMod","Colored Map","Colored Powertips","Downfall","Gensokyo","Googly Eyes","Hallownest","Hermit","Hubris","Infinite Spire","Koishi","Marisa????????","Minty Spire (QoL Compilation)","Quick Restart","Rare Cards Sparkle","Reimu??????","Remilia??????","Replay The Spire","Shop Mod","StSLib","SuperFastMode","Td1madao Mod","The Administrix","The Servant 0.9.4","Youmu??????","Yuyuko","everything is the same but u backflip on backflip","slay the spire mod where everything is the same but ironclad has a cowboy hat"],"gold_per_floor":[114,114,126,143,143,175,175,191,214,214,239,239,40,90,90,227,327,349,349,349,360,382,382,424,424,496,496,525,622,696,703,703,1161,1161,1267,1267,1267,1378,1402,1402,1937,1937,1937,1937,1937,2011,2011,1936,1936,2006,2006,2006,1381,1420,1435],"floor_reached":56,"language":"ENG","playtime":2711,"items_purged":["Strike_MRS","Strike_MRS","Strike_MRS","Strike_MRS"],"score":1830,"play_id":"22914a93-3962-48f5-a0cd-b79f309a1a65","local_time":"20210219020727","is_ascension_mode":true,"campfire_choices":[{"data":"MilkyWay","floor":7.0,"key":"SMITH"},{"data":"WitchLeyline","floor":10.0,"key":"SMITH"},{"data":"MasterSpark","floor":12.0,"key":"SMITH"},{"data":"SprinkleStarSeal","floor":15.0,"key":"SMITH"},{"data":"infinitespire:NeuralNetwork","floor":23.0,"key":"SMITH"},{"data":"BlazingStar","floor":25.0,"key":"SMITH"},{"data":"Gensokyo:FourOfAKind","floor":27.0,"key":"SMITH"},{"data":"OortCloud","floor":32.0,"key":"SMITH"},{"data":"JA","floor":40.0,"key":"SMITH"},{"data":"Orbital","floor":42.0,"key":"SMITH"},{"floor":45.0,"key":"REST"},{"floor":49.0,"key":"RECALL"},{"data":"GalacticHalo","floor":52.0,"key":"SMITH"}],"circlet_count":0,"master_deck":["Defend_MRS","Defend_MRS+1","Defend_MRS+1","Defend_MRS","MasterSpark+1","UpSweep","WitchLeyline+1","GasGiant","StarlightTyphoon","GalacticHalo+1","GalacticHalo","Robbery","Robbery","SprinkleStarSeal+1","BlazingStar+1","Gensokyo:FourOfAKind","Gensokyo:FourOfAKind","Gensokyo:FourOfAKind","Gensokyo:FourOfAKind+1","infinitespire:NeuralNetwork+1","ManaConvection","Orbital+1","OortCloud+1","JA+1","MeteoricShower+1","Finesse","Finesse"],"relics":["MiniHakkero","NeowsBlessing","Hallownest:DreamNailRelic","Hallownest:TeacherSealRelic","ReplayTheSpireMod:TigerMarble","hubris:AstralHammer","Chemical X","Replay:Wax Seal","Replay:Wanted Poster","Calipers","Blue Doll","infinitespire:Bottled Soul","hubris:SlimyHat","hubris:GrandSneckoEye","hubris:Spice","Blue Candle","ReplayFunnel","Replay:Ringing Soul","Strange Spoon","Singing Bowl","Quantum Egg","Simple Rune"],"acts_visited":["Hallownest:Greenpath","Gensokyo:Gensokyoer","Gensokyo:Gensokyoest","TheEnding"],"potions_floor_usage":[55,55],"damage_taken":[{"damage":0.0,"enemies":"Hallownest:2_MossCreeps","floor":1.0,"turns":1.0},{"damage":0.0,"enemies":"Hallownest:2_Baldur","floor":3.0,"turns":1.0},{"damage":0.0,"enemies":"Hallownest:monsterHuskWarrior","floor":4.0,"turns":1.0},{"damage":27.0,"enemies":"Hallownest:eliteMossKnight","floor":6.0,"turns":9.0},{"damage":0.0,"enemies":"Hallownest:Guard_and_Warrior","floor":8.0,"turns":4.0},{"damage":8.0,"enemies":"Hallownest:eliteCrystalGuardian","floor":11.0,"turns":6.0},{"damage":0.0,"enemies":"Hallownest:eliteVengeflyKing","floor":14.0,"turns":5.0},{"damage":23.0,"enemies":"Hallownest:BossFalseKnight","floor":16.0,"turns":9.0},{"damage":0.0,"enemies":"Gensokyo:CosmicMonolith","floor":18.0,"turns":3.0},{"damage":0.0,"enemies":"Gensokyo:AngelMirror","floor":21.0,"turns":2.0},{"damage":0.0,"enemies":"Gensokyo:Wraith","floor":22.0,"turns":4.0},{"damage":4.0,"enemies":"Gensokyo:Koishi","floor":24.0,"turns":4.0},{"damage":0.0,"enemies":"Gensokyo:Chomper_and_Gloop","floor":28.0,"turns":2.0},{"damage":8.0,"enemies":"Gensokyo:Reisen","floor":29.0,"turns":5.0},{"damage":12.0,"enemies":"Gensokyo:3_Gloops","floor":30.0,"turns":4.0},{"damage":4.0,"enemies":"Gensokyo:Mirror_and_Dog","floor":31.0,"turns":2.0},{"damage":2.0,"enemies":"Gensokyo:Eternal_Rivals","floor":33.0,"turns":16.0},{"damage":0.0,"enemies":"Gensokyo:AncientGuardian","floor":35.0,"turns":6.0},{"damage":0.0,"enemies":"Gensokyo:3_Boulders","floor":38.0,"turns":7.0},{"damage":2.0,"enemies":"Gensokyo:Sharpion","floor":39.0,"turns":4.0},{"damage":0.0,"enemies":"Gensokyo:Doremy","floor":41.0,"turns":6.0},{"damage":28.0,"enemies":"Gensokyo:Kasen","floor":46.0,"turns":9.0},{"damage":0.0,"enemies":"Gensokyo:Scarlet_Devils","floor":50.0,"turns":5.0},{"damage":5,"enemies":"Shield and Spear","floor":54,"turns":4},{"damage":36,"enemies":"The Heart","floor":55,"turns":10}],"seed_played":"-2166334473105544986","potions_obtained":[{"floor":3.0,"key":"Swift Potion"},{"floor":6.0,"key":"SmokeBomb"},{"floor":8.0,"key":"sneckomod:MuddlingPotion"},{"floor":18.0,"key":"LiquidMemories"},{"floor":22.0,"key":"SpeedPotion"},{"floor":24.0,"key":"PowerPotion"},{"floor":35.0,"key":"LiquidMemories"},{"floor":38.0,"key":"hexamod:SoulburnPotion"},{"floor":38.0,"key":"Fire Potion"},{"floor":41.0,"key":"Dexterity Potion"},{"floor":46.0,"key":"StarNLove"},{"floor":46.0,"key":"DistilledChaos"},{"floor":54,"key":"BottledSpark"}],"is_trial":false,"path_per_floor":["M","?","M","M","?","E","R","M","T","R","E","R","$","E","R","B",null,"M","?","AVR","M","M","R","E","R","T","R","M","E","M","M","R","B",null,"M","?","?","M","M","R","E","R","T","AVR","R","E","T","$","R","B",null,"R","$","E","B",null],"character_chosen":"MARISA","items_purchased":["Chemical X","Robbery","hubris:Spice","Simple Rune","Finesse"],"campfire_rested":1,"item_purchase_floors":[13,13,53,53,53],"current_hp_per_floor":[68,68,68,68,68,41,41,41,41,41,33,33,33,33,33,10,59,59,53,53,53,53,53,49,49,49,49,49,41,29,25,25,23,46,46,33,28,28,26,26,26,26,26,26,44,63,63,63,63,63,63,63,74,68,32],"gold":1435,"neow_bonus":"THREE_ENEMY_KILL","is_daily":false,"chose_seed":false,"campfire_upgraded":11,"win_rate":0.0,"timestamp":1613718447,"path_taken":["M","?","?","M","?","E","R","?","T","R","E","R","$","E","R","BOSS","M","?","AVR","M","M","R","E","R","T","R","M","E","M","M","R","BOSS","M","?","?","M","?","R","E","R","T","AVR","R","E","?","?","R","BOSS","R","$","E","BOSS"],"items_purchased_type":["Relic","Card","Relic","Relic","Card"],"build_version":"2020-12-22","purchased_purges":4,"victory":true,"max_hp_per_floor":[75,75,75,75,75,75,75,75,75,75,75,75,75,75,75,75,75,75,53,53,53,53,53,53,53,53,53,53,53,53,53,53,53,53,53,61,61,61,61,61,61,61,61,61,61,63,63,63,63,63,63,63,74,68,68],"card_choices":[{"not_picked":["Acceleration","UnstableBomb"],"picked":"WitchLeyline","floor":1.0},{"not_picked":["WitchLeyline","MilkyWay"],"picked":"GasGiant","floor":3.0},{"not_picked":["FairyDestructionRay","DoubleSpark"],"picked":"StarlightTyphoon","floor":4.0},{"not_picked":["SatelliteIllusion","SporeBomb"],"picked":"MilkyWay","floor":6.0},{"not_picked":["EventHorizon","Singularity"],"picked":"GalacticHalo","floor":8.0},{"not_picked":["DC","EarthLightRay"],"picked":"GalacticHalo","floor":11.0},{"not_picked":["FairyDestructionRay","DC","SprinkleStarSeal"],"picked":"SKIP","floor":14.0},{"not_picked":["FairyDestructionRay","DC"],"picked":"SprinkleStarSeal","floor":14.0},{"not_picked":["MaximisePower","BinaryStars"],"picked":"BlazingStar","floor":16.0},{"not_picked":["DC","SporeBomb","OneTimeOff"],"picked":"SKIP","floor":18.0},{"not_picked":["LuminesStrike","AlicesGift","IllusionStar"],"picked":"SKIP","floor":21.0},{"not_picked":["IllusionStar+1","GalacticHalo"],"picked":"ManaConvection","floor":22.0},{"not_picked":["MilkyWay","Robbery","GrandCross"],"picked":"SKIP","floor":24.0},{"not_picked":["ShootingEcho","SprinkleStarSeal"],"picked":"Orbital","floor":28.0},{"not_picked":["AlicesGift+1","LuminesStrike+1","GravityBeat"],"picked":"SKIP","floor":29.0},{"not_picked":["AsteroidBelt","PowerUp+1"],"picked":"OortCloud","floor":30.0},{"not_picked":["StarDustReverie","FinalSpark"],"picked":"JA","floor":33.0},{"not_picked":["GravityBeat+1","PulseMagic","MilkyWay"],"picked":"SKIP","floor":35.0},{"not_picked":["6A+1","ShootingEcho","JA"],"picked":"SKIP","floor":38.0},{"not_picked":["DragonMeteor","GravityBeat+1","NonDirectionalLaser"],"picked":"SKIP","floor":39.0},{"not_picked":["ShootingEcho","DarkMatter+1"],"picked":"MeteoricShower+1","floor":41.0},{"not_picked":["EventHorizon+1","FairyDestructionRay+1","Robbery+1"],"picked":"Singing Bowl","floor":46.0},{"not_picked":["Acceleration+1","DarkMatter+1","6A+1"],"picked":"Singing Bowl","floor":54}],"player_experience":1425954,"relics_obtained":[{"floor":6.0,"key":"ReplayTheSpireMod:TigerMarble"},{"floor":11.0,"key":"hubris:AstralHammer"},{"floor":14.0,"key":"Replay:Wax Seal"},{"floor":24.0,"key":"Blue Doll"},{"floor":26.0,"key":"infinitespire:Bottled Soul"},{"floor":29.0,"key":"hubris:SlimyHat"},{"floor":41.0,"key":"ReplayFunnel"},{"floor":43.0,"key":"Replay:Ringing Soul"},{"floor":46.0,"key":"Singing Bowl"},{"floor":47.0,"key":"Quantum Egg"},{"floor":54,"key":"hubris:Spice"}],"event_choices":[],"is_beta":false,"boss_relics":[{"not_picked":["Ring of Chaos","Calling Bell"],"picked":"Replay:Wanted Poster"},{"not_picked":["Velvet Choker","Tiny House"],"picked":"hubris:GrandSneckoEye"}],"items_purged_floors":[20,44,48,53],"is_endless":false,"potions_floor_spawned":[3,6,8,18,22,24,28,35,38,41,54],"ascension_level":9}}