{"host":"1c52r9kaxdyo25eq","time":1613746830,"event":{"mods":["AchievementEnabler","BaseMod","DeckTracker","Minty Spire (QoL Compilation)","Rare Cards Sparkle","SuperFastMode","everything is the same but u backflip on backflip"],"gold_per_floor":[111,123,93,111,129,129,154,172,172,191,191,216,216,234,234,308,308,308,308],"floor_reached":18,"language":"KOR","playtime":500,"items_purged":[],"score":413,"play_id":"4a730499-72c7-46bd-a980-7903b155c0a7","local_time":"20210220000030","is_ascension_mode":true,"campfire_choices":[{"data":"Battle Trance","floor":6,"key":"SMITH"},{"floor":13,"key":"REST"},{"data":"Bludgeon","floor":15,"key":"SMITH"}],"circlet_count":0,"master_deck":["AscendersBane","Strike_R","Strike_R","Strike_R","Defend_R","Defend_R","Defend_R","Bash","Feed","Shrug It Off","Battle Trance+1","Pommel Strike","Bludgeon+1","Rampage","Shrug It Off","Barricade","Dual Wield+1","Carnage+1","Juggernaut+1"],"relics":["Burning Blood","MealTicket","The Courier","StrikeDummy","Astrolabe"],"acts_visited":["Exordium","TheCity"],"potions_floor_usage":[8,10,16],"damage_taken":[{"damage":14,"enemies":"Jaw Worm","floor":1,"turns":4},{"damage":7,"enemies":"Cultist","floor":2,"turns":4},{"damage":7,"enemies":"Small Slimes","floor":4,"turns":7},{"damage":27,"enemies":"Exordium Thugs","floor":5,"turns":6},{"damage":45,"enemies":"3 Sentries","floor":7,"turns":9},{"damage":5,"enemies":"Gremlin Gang","floor":8,"turns":6},{"damage":28,"enemies":"Large Slime","floor":10,"turns":6},{"damage":32,"enemies":"Gremlin Nob","floor":12,"turns":4},{"damage":16,"enemies":"2 Fungi Beasts","floor":14,"turns":3},{"damage":21,"enemies":"Hexaghost","floor":16,"turns":7},{"damage":76,"enemies":"3 Byrds","floor":18,"turns":7}],"seed_played":"7384595432109066536","potions_obtained":[{"floor":2,"key":"BloodPotion"},{"floor":3,"key":"FairyPotion"},{"floor":7,"key":"Energy Potion"},{"floor":10,"key":"LiquidBronze"},{"floor":16,"key":"Energy Potion"}],"is_trial":false,"path_per_floor":["M","M","?","M","M","R","E","M","T","M","?","E","R","M","R","B",null,"M"],"character_chosen":"IRONCLAD","items_purchased":[],"campfire_rested":1,"item_purchase_floors":[],"current_hp_per_floor":[45,47,47,49,31,31,30,34,34,33,33,10,39,29,29,14,78,2,2],"gold":308,"neow_bonus":"THREE_RARE_CARDS","is_daily":false,"chose_seed":false,"campfire_upgraded":2,"win_rate":0.0,"timestamp":1613746830,"path_taken":["M","M","?","M","M","R","E","?","T","M","?","E","R","M","R","BOSS","M"],"items_purchased_type":[],"build_version":"2020-12-22","purchased_purges":0,"victory":false,"max_hp_per_floor":[78,81,81,84,87,87,90,93,93,96,96,99,99,99,99,99,99,99,99],"card_choices":[{"not_picked":["Impervious","Brutality"],"picked":"Feed","floor":0},{"not_picked":["Warcry","Clash"],"picked":"Shrug It Off","floor":1},{"not_picked":["Clash","Iron Wave"],"picked":"Battle Trance","floor":2},{"not_picked":["Havoc","Heavy Blade"],"picked":"Pommel Strike","floor":4},{"not_picked":["Anger","Wild Strike"],"picked":"Bludgeon","floor":5},{"not_picked":["Heavy Blade","Perfected Strike","Pommel Strike"],"picked":"SKIP","floor":7},{"not_picked":["True Grit","Clash","Body Slam"],"picked":"SKIP","floor":8},{"not_picked":["True Grit","Clash","Body Slam"],"picked":"SKIP","floor":8},{"not_picked":["True Grit","Clash","Anger"],"picked":"SKIP","floor":10},{"not_picked":["Limit Break","Armaments"],"picked":"Shrug It Off","floor":12},{"not_picked":["Heavy Blade","Body Slam","Perfected Strike"],"picked":"SKIP","floor":14},{"not_picked":["Corruption","Demon Form"],"picked":"Barricade","floor":16}],"player_experience":655796,"relics_obtained":[{"floor":7,"key":"MealTicket"},{"floor":9,"key":"The Courier"},{"floor":12,"key":"StrikeDummy"}],"event_choices":[{"damage_healed":0,"gold_gain":0,"player_choice":"Bought 2 Potions","damage_taken":0,"max_hp_gain":0,"max_hp_loss":0,"event_name":"The Woman in Blue","floor":3,"gold_loss":0},{"damage_healed":0,"gold_gain":0,"player_choice":"1 cards matched","damage_taken":0,"max_hp_gain":0,"max_hp_loss":0,"event_name":"Match and Keep!","floor":11,"gold_loss":0,"cards_obtained":["Rampage"]}],"is_beta":false,"boss_relics":[{"not_picked":["Runic Dome","Mark of Pain"],"picked":"Astrolabe"}],"items_purged_floors":[],"is_endless":false,"potions_floor_spawned":[2,5,7,10,16],"killed_by":"3 Byrds","ascension_level":19}}