{"host":"q9qwbotttpvtd6fn","time":1613693904,"event":{"mods":["BaseMod","Colored Map","Minty Spire (QoL Compilation)","StSLib"],"gold_per_floor":[110,110,35,53,65,92,122,122,122,150,150,150,177,197,197,292,292,306,317,317,317],"floor_reached":20,"language":"ENG","playtime":1106,"items_purged":["Strike_B"],"score":315,"play_id":"5be5c164-10a8-41d2-a09e-e3471a047578","local_time":"20210218191824","is_ascension_mode":true,"campfire_choices":[{"data":"Hyperbeam","floor":8.0,"key":"SMITH"},{"floor":11.0,"key":"REST"},{"data":"Beam Cell","floor":15.0,"key":"SMITH"}],"circlet_count":0,"master_deck":["Zap","Dualcast","Hyperbeam+1","Rebound","Leap","Conserve Battery","Leap","Compile Driver","Turbo+1","Beam Cell+1","Undo+1","Leap+1","Creative AI","Conserve Battery+1","Fusion+1","Redo+1","Streamline","Capacitor","Go for the Eyes","Rip and Tear"],"relics":["Cracked Core","CultistMask","Bottled Lightning","Odd Mushroom","Ornamental Fan","Toxic Egg 2","Prayer Wheel","Pandora\u0027s Box"],"acts_visited":["Exordium","TheCity"],"potions_floor_usage":[],"damage_taken":[{"damage":7.0,"enemies":"Jaw Worm","floor":1.0,"turns":2.0},{"damage":0.0,"enemies":"Cultist","floor":4.0,"turns":2.0},{"damage":0.0,"enemies":"2 Louse","floor":5.0,"turns":2.0},{"damage":26.0,"enemies":"Gremlin Nob","floor":6.0,"turns":4.0},{"damage":0.0,"enemies":"The Mushroom Lair","floor":7.0,"turns":1.0},{"damage":5.0,"enemies":"Lagavulin","floor":10.0,"turns":6.0},{"damage":0.0,"enemies":"3 Sentries","floor":13.0,"turns":2.0},{"damage":6.0,"enemies":"Large Slime","floor":14.0,"turns":3.0},{"damage":8.0,"enemies":"The Guardian","floor":16.0,"turns":14.0},{"damage":51.0,"enemies":"3 Byrds","floor":18.0,"turns":5.0},{"damage":12.0,"enemies":"Chosen","floor":19.0,"turns":6.0},{"damage":12,"enemies":"Snake Plant","floor":20,"turns":4}],"seed_played":"4588685511955095450","potions_obtained":[{"floor":4.0,"key":"SkillPotion"},{"floor":5.0,"key":"PotionOfCapacity"},{"floor":13.0,"key":"Regen Potion"},{"floor":14.0,"key":"ColorlessPotion"}],"is_trial":false,"path_per_floor":["M","?","$","M","M","E","?","R","T","E","R","?","E","M","R","B",null,"M","M","M"],"character_chosen":"DEFECT","items_purchased":[],"campfire_rested":1,"item_purchase_floors":[],"current_hp_per_floor":[61,61,61,61,61,35,35,35,35,30,50,50,50,44,44,36,60,9,12,0,0],"gold":317,"neow_bonus":"THREE_RARE_CARDS","is_daily":false,"chose_seed":false,"campfire_upgraded":2,"win_rate":0.0,"timestamp":1613693904,"path_taken":["M","?","$","?","M","E","?","R","T","E","R","?","E","M","R","BOSS","M","?","M"],"items_purchased_type":[],"build_version":"2020-12-22","purchased_purges":1,"victory":false,"max_hp_per_floor":[68,68,68,68,68,68,68,68,68,68,68,68,68,68,68,68,68,68,68,68,68],"card_choices":[{"not_picked":["Multi-Cast","Machine Learning"],"picked":"Hyperbeam","floor":0.0},{"not_picked":["Compile Driver","Leap"],"picked":"Rebound","floor":1.0},{"not_picked":["Genetic Algorithm","Redo"],"picked":"Leap","floor":4.0},{"not_picked":["Turbo","Streamline"],"picked":"Conserve Battery","floor":5.0},{"not_picked":["Storm","Scrape"],"picked":"Leap","floor":6.0},{"not_picked":["Conserve Battery","Coolheaded"],"picked":"Compile Driver","floor":7.0},{"not_picked":["Cold Snap","Stack+1"],"picked":"Turbo+1","floor":10.0},{"not_picked":["Double Energy+1","Doom and Gloom"],"picked":"Beam Cell","floor":13.0},{"not_picked":["Glacier+1","Leap+1"],"picked":"Undo+1","floor":14.0},{"not_picked":["Capacitor","Steam+1"],"picked":"Leap+1","floor":14.0},{"not_picked":["Fission+1","Meteor Strike"],"picked":"Creative AI","floor":16.0},{"not_picked":["Recycle+1","Barrage","Go for the Eyes"],"picked":"SKIP","floor":18.0},{"not_picked":["Rebound","Compile Driver","Sweeping Beam"],"picked":"SKIP","floor":18.0},{"not_picked":["Compile Driver","Turbo+1","BootSequence+1"],"picked":"SKIP","floor":19.0},{"not_picked":["Stack+1","Go for the Eyes","Cold Snap"],"picked":"SKIP","floor":19.0}],"player_experience":463074,"relics_obtained":[{"floor":6.0,"key":"Bottled Lightning"},{"floor":7.0,"key":"Odd Mushroom"},{"floor":9.0,"key":"Ornamental Fan"},{"floor":10.0,"key":"Toxic Egg 2"},{"floor":13.0,"key":"Prayer Wheel"}],"event_choices":[{"damage_healed":0.0,"max_hp_gain":0.0,"max_hp_loss":0.0,"gold_gain":0.0,"event_name":"FaceTrader","player_choice":"Trade","floor":2.0,"gold_loss":0.0,"damage_taken":0.0,"relics_obtained":["CultistMask"]},{"damage_healed":0.0,"max_hp_gain":0.0,"max_hp_loss":0.0,"gold_gain":0.0,"event_name":"Mushrooms","player_choice":"Fought Mushrooms","floor":7.0,"gold_loss":0.0,"damage_taken":0.0},{"damage_healed":0.0,"max_hp_gain":0.0,"max_hp_loss":0.0,"gold_gain":0.0,"event_name":"The Woman in Blue","player_choice":"Bought 0 Potions","floor":12.0,"gold_loss":0.0,"damage_taken":0.0}],"is_beta":false,"boss_relics":[{"not_picked":["Calling Bell","Black Star"],"picked":"Pandora\u0027s Box"}],"items_purged_floors":[3],"is_endless":false,"potions_floor_spawned":[4,5,13,14],"killed_by":"Snake Plant","ascension_level":9}}