{"host":"syfsfjmzue8y1a6l","time":1613744993,"event":{"mods":["AchievementEnabler","BaseMod","Colored Map","DeckTracker","Minty Spire (QoL Compilation)","Permanent Neow","SuperFastMode"],"gold_per_floor":[109,109,32,45,56,74,105,130,154,154,167,167,185,141,141,141,141],"floor_reached":16,"language":"KOR","playtime":635,"items_purged":[],"score":102,"play_id":"c1d43408-30b7-4377-b1f0-3e01566a1d64","local_time":"20210219232953","is_ascension_mode":false,"campfire_choices":[{"data":"Bouncing Flask","floor":10,"key":"SMITH"},{"data":"Deadly Poison","floor":15,"key":"SMITH"}],"circlet_count":0,"master_deck":["Strike_G","Strike_G","Strike_G","Strike_G","Defend_G","Defend_G","Defend_G","Defend_G","Survivor","Neutralize+1","Calculated Gamble","Bouncing Flask+1","Deadly Poison+1","Bane","Reflex"],"relics":["Ring of the Snake","Omamori","Odd Mushroom","Centennial Puzzle"],"acts_visited":["Exordium"],"potions_floor_usage":[11,12,13,16,16,16],"damage_taken":[{"damage":2,"enemies":"Small Slimes","floor":1,"turns":5},{"damage":0,"enemies":"2 Louse","floor":4,"turns":2},{"damage":0,"enemies":"Cultist","floor":5,"turns":3},{"damage":0,"enemies":"Blue Slaver","floor":6,"turns":5},{"damage":26,"enemies":"Lagavulin","floor":7,"turns":6},{"damage":23,"enemies":"The Mushroom Lair","floor":8,"turns":4},{"damage":9,"enemies":"Exordium Thugs","floor":11,"turns":4},{"damage":6,"enemies":"Exordium Wildlife","floor":13,"turns":3},{"damage":8,"enemies":"Hexaghost","floor":16,"turns":7}],"seed_played":"69003101915818303","potions_obtained":[{"floor":1,"key":"Regen Potion"},{"floor":5,"key":"Explosive Potion"},{"floor":11,"key":"ColorlessPotion"},{"floor":12,"key":"Fruit Juice"},{"floor":12,"key":"CultistPotion"},{"floor":13,"key":"ColorlessPotion"}],"is_trial":false,"path_per_floor":["M","?","$","M","M","M","E","?","T","R","M","?","M","?","R","B"],"character_chosen":"THE_SILENT","items_purchased":["Calculated Gamble"],"campfire_rested":0,"item_purchase_floors":[3],"current_hp_per_floor":[61,61,61,61,61,61,35,12,12,12,3,8,2,2,2,0,0],"gold":141,"neow_bonus":"REMOVE_TWO","is_daily":false,"chose_seed":false,"campfire_upgraded":2,"win_rate":0.0,"timestamp":1613744993,"path_taken":["M","?","$","M","M","M","E","?","T","R","M","?","?","?","R","BOSS"],"items_purchased_type":["Card"],"build_version":"2020-12-22","purchased_purges":0,"victory":false,"max_hp_per_floor":[63,63,63,63,63,63,63,63,63,63,63,68,68,68,68,68,68],"card_choices":[{"not_picked":["Eviscerate","Quick Slash","Sucker Punch"],"picked":"SKIP","floor":1},{"not_picked":["Tactician","Leg Sweep"],"picked":"Bouncing Flask","floor":4},{"not_picked":["Sucker Punch","Underhanded Strike"],"picked":"Deadly Poison","floor":5},{"not_picked":["Sucker Punch","PiercingWail","Dodge and Roll"],"picked":"SKIP","floor":6},{"not_picked":["Leg Sweep","Sucker Punch"],"picked":"Bane","floor":7},{"not_picked":["Expertise","Dagger Throw"],"picked":"Reflex","floor":8},{"not_picked":["Expertise","Skewer","Blade Dance"],"picked":"SKIP","floor":11},{"not_picked":["Calculated Gamble","Quick Slash","Backflip"],"picked":"SKIP","floor":13}],"player_experience":164524,"relics_obtained":[{"floor":7,"key":"Omamori"},{"floor":8,"key":"Odd Mushroom"},{"floor":9,"key":"Centennial Puzzle"}],"event_choices":[{"damage_healed":0,"gold_gain":0,"player_choice":"Grow","damage_taken":0,"max_hp_gain":0,"max_hp_loss":0,"event_name":"Living Wall","floor":2,"gold_loss":0,"cards_upgraded":["Neutralize"]},{"damage_healed":0,"gold_gain":0,"player_choice":"Fought Mushrooms","damage_taken":0,"max_hp_gain":0,"max_hp_loss":0,"event_name":"Mushrooms","floor":8,"gold_loss":0},{"damage_healed":0,"gold_gain":0,"player_choice":"Got Potions","damage_taken":0,"max_hp_gain":0,"max_hp_loss":0,"event_name":"Lab","floor":12,"gold_loss":0},{"damage_healed":0,"gold_gain":0,"player_choice":"Left Gold","damage_taken":0,"max_hp_gain":0,"max_hp_loss":0,"event_name":"World of Goop","floor":14,"gold_loss":44}],"is_beta":false,"boss_relics":[],"items_purged_floors":[],"is_endless":false,"potions_floor_spawned":[1,5,11,13],"killed_by":"Hexaghost","ascension_level":0}}