{"host":"ox77rn1xcurm2t5a","time":1613726079,"event":{"mods":["2.2 Compatiblity","AchievementEnabler","Act Like it!","Aspiration","BaseMod","Best Route Mod","Better Match","Better Note","Better Sensory Stone","Block Reminder","Colored Map","Colored Powertips","Conjunction","Conspire","Custom Start","Energized Spire","GifTheSpireLib","Gold Saver","Gremlin Skip","Halation","Highlight Path","Hubris","Infinite Spire","Minty Spire (QoL Compilation)","Pale of the Ancients","Quick Restart","Reliquary","Replay The Spire","Reworked Bosses","ShortenTheSpire","Spire Exporter","StSLib","Stuff the Spire","Wandering Minibosses"],"gold_per_floor":[294,145,145,159,159,192,192,224,224,257,257,257,111,127,127,225,225,225,225,225,74,74,74,74,74,74,74,74,74,74,74,74,74,74,74,74,74,74,74,74,74,74,74,74,74],"floor_reached":44,"language":"ENG","playtime":1192,"items_purged":["Strike_R","Strike_R"],"score":763,"play_id":"8bf56de5-181d-44fb-8010-d7a85d2c3922","local_time":"20210219111439","is_ascension_mode":true,"campfire_choices":[{"floor":7.0,"key":"RECALL"},{"data":"Spot Weakness","floor":11.0,"key":"SMITH"},{"data":"Bash","floor":15.0,"key":"SMITH"},{"data":"Spot Weakness","floor":23.0,"key":"SMITH"},{"data":"Sword Boomerang","floor":30.0,"key":"SMITH"},{"data":"Perfected Strike","floor":32.0,"key":"SMITH"},{"data":"Pommel Strike","floor":41,"key":"SMITH"}],"circlet_count":0,"master_deck":["Strike_R","Strike_R","Defend_R","Defend_R","Defend_R+1","Defend_R","Bash+1","Sword Boomerang+1","Spot Weakness+1","Battle Trance","Uppercut+1","Pommel Strike+1","Spot Weakness+1","Pommel Strike+1","Thunderclap","Clash","Perfected Strike+1","Headbutt+1","Flex+1"],"relics":["Burning Blood","King of Hearts","aspiration:ChemicalBlood","Eternal Feather","StuffTheSpire:HeavyRock","Ectoplasm","halation:LettersToHer","hubris:ToyBattleship","Bag of Marbles","Replay:Bandana","Juzu Bracelet"],"acts_visited":["Exordium","TheCity","TheBeyond"],"potions_floor_usage":[35,40,40,42,44],"damage_taken":[{"damage":7.0,"enemies":"Small Slimes","floor":1.0,"turns":4.0},{"damage":7.0,"enemies":"Jaw Worm","floor":4.0,"turns":3.0},{"damage":18.0,"enemies":"Gremlin Nob","floor":6.0,"turns":3.0},{"damage":37.0,"enemies":"3 Sentries","floor":8.0,"turns":7.0},{"damage":13.0,"enemies":"Gremlin Nob","floor":10.0,"turns":4.0},{"damage":0.0,"enemies":"Cultist","floor":14.0,"turns":3.0},{"damage":15.0,"enemies":"The Guardian","floor":16.0,"turns":10.0},{"damage":2.0,"enemies":"3 Byrds","floor":18.0,"turns":4.0},{"damage":0.0,"enemies":"Chosen","floor":24.0,"turns":3.0},{"damage":19.0,"enemies":"Sentry and Sphere","floor":25.0,"turns":4.0},{"damage":13.0,"enemies":"Replay:Snechameleon","floor":27.0,"turns":3.0},{"damage":6.0,"enemies":"Snake Plant","floor":28.0,"turns":2.0},{"damage":0.0,"enemies":"Gremlin Leader","floor":29.0,"turns":4.0},{"damage":1.0,"enemies":"Chosen and Byrds","floor":31.0,"turns":3.0},{"damage":48.0,"enemies":"bossMod:newCollector","floor":33.0,"turns":7.0},{"damage":23,"enemies":"3 Darklings","floor":35,"turns":4},{"damage":6,"enemies":"Orb Walker","floor":38,"turns":3},{"damage":54,"enemies":"Giant Head","floor":40,"turns":7},{"damage":23,"enemies":"R_Hoarder","floor":42,"turns":5},{"damage":9,"enemies":"Sphere and 2 Shapes","floor":44,"turns":1}],"seed_played":"-2542941605371068921","potions_obtained":[{"floor":4.0,"key":"Fire Potion"},{"floor":8.0,"key":"BlessingOfTheForge"},{"floor":24.0,"key":"Adrenaline Potion"},{"floor":27.0,"key":"Ancient Potion"},{"floor":28.0,"key":"infinitespire:BlackPotion"},{"floor":29.0,"key":"BloodPotion"},{"floor":40,"key":"Elixir"},{"floor":42,"key":"Death Potion"}],"is_trial":false,"path_per_floor":["M","$","?","M","?","E","R","E","T","E","R","?","$","M","R","B",null,"M","?","?","$","?","R","M","M","T","E","M","E","R","M","R","B",null,"M","?","?","M","$","E","R","E","T","M"],"character_chosen":"IRONCLAD","items_purchased":["Spot Weakness","Pommel Strike","halation:LettersToHer"],"campfire_rested":0,"item_purchase_floors":[2,13,21],"current_hp_per_floor":[79,79,79,78,78,66,66,35,35,28,34,34,34,40,46,37,75,79,79,71,71,71,77,83,70,70,63,63,69,78,83,88,63,82,65,65,65,65,65,17,26,9,9,0,0],"gold":74,"neow_bonus":"TEN_PERCENT_HP_BONUS","is_daily":false,"chose_seed":false,"campfire_upgraded":6,"win_rate":0.0,"timestamp":1613726079,"path_taken":["M","$","?","M","?","E","R","E","T","E","R","?","?","M","R","BOSS","M","?","?","$","?","R","M","M","T","E","M","E","R","?","R","BOSS","M","?","?","M","$","E","R","E","T","M"],"items_purchased_type":["Card","Card","Relic"],"build_version":"2020-12-22","purchased_purges":2,"victory":false,"max_hp_per_floor":[88,88,88,88,88,88,88,88,88,88,88,88,88,88,88,88,88,88,88,88,88,88,88,88,88,88,88,88,88,88,88,88,88,88,88,88,88,88,88,88,88,88,88,88,88],"card_choices":[{"not_picked":["True Grit","Rupture"],"picked":"Sword Boomerang","floor":1.0},{"not_picked":["ReplayTheSpireMod:Strike From Hell","StuffTheSpire:Incineration","ReplayTheSpireMod:Corrosion Curse"],"picked":"SKIP","floor":4.0},{"not_picked":["StuffTheSpire:Slingshot","Dropkick"],"picked":"Battle Trance","floor":6.0},{"not_picked":["Shrug It Off","Run Through"],"picked":"Uppercut","floor":8.0},{"not_picked":["Flex","ReplayReversal","ReplayTheSpireMod:Limb From Limb"],"picked":"SKIP","floor":10.0},{"not_picked":["Combust","StuffTheSpire:RockThrow","Headbutt"],"picked":"SKIP","floor":14.0},{"not_picked":["Clothesline","Wild Strike"],"picked":"Spot Weakness","floor":18.0},{"not_picked":["True Grit","Battle Trance"],"picked":"Pommel Strike+1","floor":20.0},{"not_picked":["Run Through","Wild Strike","Second Wind"],"picked":"SKIP","floor":24.0},{"not_picked":["Feed","Flex"],"picked":"Thunderclap","floor":25.0},{"not_picked":["Pommel Strike","Warcry"],"picked":"Clash","floor":27.0},{"not_picked":["Run Through+1","Massacre","Rampage"],"picked":"SKIP","floor":28.0},{"not_picked":["Bloodletting","Run Through","Rampage"],"picked":"SKIP","floor":29.0},{"not_picked":["ReplayTheSpireMod:Corrosion Curse","Bloodletting"],"picked":"Perfected Strike","floor":31.0},{"not_picked":["Combust+1","Second Wind+1"],"picked":"Headbutt+1","floor":35},{"not_picked":["Headbutt","Havoc"],"picked":"Flex+1","floor":38},{"not_picked":["Rage","ReplayTheSpireMod:Corrosion Curse","Reckless Charge+1"],"picked":"SKIP","floor":40},{"not_picked":["StuffTheSpire:RockThrow","Carnage","Immolate"],"picked":"SKIP","floor":42}],"player_experience":3157933,"relics_obtained":[{"floor":6.0,"key":"King of Hearts"},{"floor":8.0,"key":"aspiration:ChemicalBlood"},{"floor":9.0,"key":"Eternal Feather"},{"floor":10.0,"key":"StuffTheSpire:HeavyRock"},{"floor":26.0,"key":"halation:LettersToHer"},{"floor":29.0,"key":"hubris:ToyBattleship"},{"floor":40,"key":"Bag of Marbles"},{"floor":42,"key":"Replay:Bandana"},{"floor":43,"key":"halation:LettersToHer"},{"floor":43,"key":"Juzu Bracelet"}],"event_choices":[{"damage_healed":0.0,"max_hp_gain":0.0,"max_hp_loss":0.0,"gold_gain":0.0,"event_name":"Living Wall","player_choice":"Grow","floor":12.0,"gold_loss":0.0,"damage_taken":0.0,"cards_upgraded":["Uppercut"]},{"damage_healed":0.0,"max_hp_gain":0.0,"max_hp_loss":0.0,"gold_gain":0.0,"event_name":"betterNote:BetterNote","player_choice":"Ignored","floor":19.0,"gold_loss":0.0,"damage_taken":0.0,"cards_obtained":["Strike_P"]},{"cards_removed":["Strike_R"],"damage_healed":0.0,"max_hp_gain":0.0,"max_hp_loss":0.0,"gold_gain":0.0,"event_name":"Purifier","player_choice":"Purged","floor":22.0,"gold_loss":0.0,"damage_taken":0.0}],"is_beta":false,"boss_relics":[{"not_picked":["Honey Jar","energizedSpire:StickyHand"],"picked":"Ectoplasm"},{"not_picked":["Electric Blood","energizedSpire:HugeHouse","energizedSpire:RedRose"]}],"items_purged_floors":[2,13],"is_endless":false,"potions_floor_spawned":[4,8,24,27,28,29,40,42],"killed_by":"Sphere and 2 Shapes","ascension_level":8}}