{"host":"42xf941fomyavgzy","time":1613703487,"event":{"mods":["Act Like it!","Astrologer","BaseMod","Colored Map","MarisaÅiñ∂âJÅ@ñÇóùçπÅj","Minty Spire (QoL Compilation)","Shop Mod","StSLib","SuperFastMode","The Cursed"],"gold_per_floor":[114,126,141,157,157,193,193,193,193,193,218,218,252,267,267,396,396,417,433,456,232,246,246,246,246,246,280,280,304,136,136,136,266,266,280,76,76,90,150,191,191,234,305,330,371,395,395,410,410,410,410,410,19,60,60],"floor_reached":56,"language":"JPN","playtime":4087,"items_purged":["Strike_R","Strike_R+1","Strike_R+1"],"score":1710,"play_id":"9083665c-d72a-4cd5-9cb9-aa098d250565","local_time":"20210219115807","is_ascension_mode":true,"campfire_choices":[{"data":"Bash","floor":8,"key":"SMITH"},{"data":"Whirlwind","floor":10,"key":"SMITH"},{"data":"Hemokinesis","floor":12,"key":"SMITH"},{"data":"Flex","floor":15,"key":"SMITH"},{"data":"Power Through","floor":23,"key":"SMITH"},{"data":"Fire Breathing","floor":25,"key":"SMITH"},{"data":"Offering","floor":28,"key":"SMITH"},{"data":"Limit Break","floor":32,"key":"SMITH"},{"data":"Feel No Pain","floor":41,"key":"SMITH"},{"floor":49,"key":"RECALL"},{"data":"Feel No Pain","floor":52,"key":"SMITH"}],"circlet_count":0,"master_deck":["Strike_R+1","Defend_R+1","Defend_R+1","Defend_R+1","Bash+1","Hemokinesis+1","Sever Soul","Intimidate+1","Whirlwind+1","Injury","Limit Break+1","Flex+1","Power Through+1","Feed","Pommel Strike+1","Fire Breathing+1","Dark Embrace","Heavy Blade+1","Offering+1","Feel No Pain+1","Feel No Pain+1","J.A.X.","Reaper","Havoc+1","Shrug It Off+1","Madness","True Grit+1","Seeing Red+1","Dark Embrace+1","Seeing Red","Bloodletting+1","Master of Strategy","Headbutt","Battle Trance"],"relics":["Burning Blood","Golden Idol","Dream Catcher","Pear","Odd Mushroom","Coffee Dripper","Lee\u0027s Waffle","Ice Cream","Bird Faced Urn","Runic Pyramid","OrangePellets","CatCart","Blood Vial","Bronze Scales","Potion Belt","War Paint","Centennial Puzzle"],"acts_visited":["Exordium","TheCity","TheBeyond","TheEnding"],"potions_floor_usage":[6,6,16,27,27,39,50,50,54,54,55,55],"damage_taken":[{"damage":1,"enemies":"Cultist","floor":1,"turns":4},{"damage":5,"enemies":"2 Louse","floor":2,"turns":4},{"damage":9,"enemies":"Jaw Worm","floor":3,"turns":2},{"damage":12,"enemies":"3 Louse","floor":4,"turns":2},{"damage":32,"enemies":"3 Sentries","floor":6,"turns":5},{"damage":5,"enemies":"Looter","floor":11,"turns":2},{"damage":4,"enemies":"The Mushroom Lair","floor":13,"turns":2},{"damage":9,"enemies":"2 Fungi Beasts","floor":14,"turns":3},{"damage":43,"enemies":"The Guardian","floor":16,"turns":9},{"damage":44,"enemies":"Shell Parasite","floor":18,"turns":5},{"damage":0,"enemies":"3 Byrds","floor":19,"turns":2},{"damage":19,"enemies":"3 Cultists","floor":20,"turns":4},{"damage":24,"enemies":"Cultist and Chosen","floor":22,"turns":5},{"damage":28,"enemies":"Gremlin Leader","floor":27,"turns":5},{"damage":6,"enemies":"Chosen and Byrds","floor":29,"turns":4},{"damage":43,"enemies":"Champ","floor":33,"turns":8},{"damage":16,"enemies":"3 Shapes","floor":35,"turns":5},{"damage":24,"enemies":"Orb Walker","floor":38,"turns":3},{"damage":36,"enemies":"Orin","floor":39,"turns":7},{"damage":11,"enemies":"Nemesis","floor":40,"turns":5},{"damage":14,"enemies":"Giant Head","floor":42,"turns":5},{"damage":15,"enemies":"Sphere and 2 Shapes","floor":44,"turns":6},{"damage":17,"enemies":"Nemesis","floor":45,"turns":5},{"damage":20,"enemies":"Writhing Mass","floor":46,"turns":4},{"damage":13,"enemies":"Spire Growth","floor":48,"turns":4},{"damage":67,"enemies":"Donu and Deca","floor":50,"turns":6},{"damage":63,"enemies":"Shield and Spear","floor":54,"turns":6},{"damage":108,"enemies":"The Heart","floor":55,"turns":8}],"seed_played":"2549695457110926042","potions_obtained":[{"floor":1,"key":"LiquidBronze"},{"floor":3,"key":"SpeedPotion"},{"floor":13,"key":"ElixirPotion"},{"floor":14,"key":"Ancient Potion"},{"floor":19,"key":"Fire Potion"},{"floor":20,"key":"Fruit Juice"},{"floor":40,"key":"SkillPotion"},{"floor":45,"key":"FearPotion"},{"floor":46,"key":"Strength Potion"},{"floor":48,"key":"ElixirPotion"},{"floor":54,"key":"Swift Potion"}],"is_trial":false,"path_per_floor":["M","M","M","M","?","E","?","R","T","R","M","R","?","M","R","B",null,"M","M","M","$","M","R","?","R","T","E","R","M","$","?","R","B",null,"M","$","?","M","?","E","R","E","T","M","E","M","?","M","R","B",null,"R","$","E","B",null],"character_chosen":"IRONCLAD","items_purchased":["Lee\u0027s Waffle","Feel No Pain","OrangePellets","Shrug It Off","Dexterity Potion","Master of Strategy","Headbutt"],"campfire_rested":0,"item_purchase_floors":[21,30,36,36,53,53,53],"current_hp_per_floor":[56,57,54,48,48,22,48,48,58,58,59,59,61,58,58,21,73,38,47,37,106,91,91,91,91,91,77,77,82,82,82,82,51,103,122,122,107,96,102,126,126,126,126,126,129,117,117,132,132,100,126,126,126,84,18],"gold":60,"neow_bonus":"REMOVE_TWO","is_daily":false,"chose_seed":false,"campfire_upgraded":10,"win_rate":0.0,"timestamp":1613703487,"path_taken":["M","M","?","M","?","E","?","R","T","R","M","R","?","M","R","BOSS","M","M","M","$","M","R","?","R","T","E","R","M","$","?","R","BOSS","M","$","?","M","?","E","R","E","T","M","E","M","?","?","R","BOSS","R","$","E","BOSS"],"items_purchased_type":["Relic","Card","Relic","Card","Potion","Card","Card"],"build_version":"2020-12-22","purchased_purges":3,"victory":true,"max_hp_per_floor":[80,80,80,80,80,80,80,80,90,90,90,90,90,90,90,90,90,93,96,99,106,109,109,109,109,109,117,117,120,120,120,120,120,120,123,123,123,126,126,126,126,126,126,126,129,129,129,132,132,135,135,135,135,138,138],"card_choices":[{"not_picked":["Pummel","Havoc"],"picked":"Hemokinesis","floor":1},{"not_picked":["Sentinel","True Grit"],"picked":"Sever Soul","floor":2},{"not_picked":["Anger","Sword Boomerang"],"picked":"Intimidate","floor":3},{"not_picked":["Armaments","Carnage"],"picked":"Whirlwind","floor":4},{"not_picked":["Sever Soul","Havoc"],"picked":"Limit Break","floor":6},{"not_picked":["Perfected Strike","Combust","Twin Strike"],"picked":"SKIP","floor":11},{"not_picked":["Perfected Strike","Combust","Twin Strike"],"picked":"SKIP","floor":11},{"not_picked":["Rampage","Anger"],"picked":"Flex","floor":13},{"not_picked":["Thunderclap","Havoc"],"picked":"Power Through","floor":14},{"not_picked":["Limit Break","Immolate"],"picked":"Feed","floor":16},{"not_picked":["True Grit","Twin Strike+1"],"picked":"Pommel Strike+1","floor":18},{"not_picked":["Uppercut+1","Reckless Charge"],"picked":"Fire Breathing","floor":19},{"not_picked":["Havoc","Metallicize"],"picked":"Dark Embrace","floor":20},{"not_picked":["Perfected Strike","Armaments"],"picked":"Heavy Blade+1","floor":22},{"not_picked":["Burning Pact","Reckless Charge"],"picked":"Offering","floor":27},{"not_picked":["Flex","Second Wind"],"picked":"Feel No Pain","floor":29},{"not_picked":["Demon Form","Juggernaut"],"picked":"Reaper","floor":33},{"not_picked":["Dark Embrace+1","Dropkick"],"picked":"Havoc+1","floor":35},{"not_picked":["Whirlwind+1","Shrug It Off"],"picked":"True Grit+1","floor":38},{"not_picked":["Infernal Blade","Entrench+1"],"picked":"Seeing Red+1","floor":39},{"not_picked":["Anger","Heavy Blade+1","Clash"],"picked":"SKIP","floor":40},{"not_picked":["Iron Wave+1","Perfected Strike+1"],"picked":"Dark Embrace+1","floor":42},{"not_picked":["Flex+1","Uppercut","Sword Boomerang+1"],"picked":"SKIP","floor":44},{"not_picked":["Twin Strike","Berserk"],"picked":"Seeing Red","floor":45},{"not_picked":["Anger","Twin Strike+1","True Grit"],"picked":"SKIP","floor":46},{"not_picked":["Cleave+1","Thunderclap"],"picked":"Bloodletting+1","floor":48},{"not_picked":["Entrench+1","Havoc"],"picked":"Battle Trance","floor":54}],"player_experience":495494,"relics_obtained":[{"floor":6,"key":"Dream Catcher"},{"floor":9,"key":"Pear"},{"floor":13,"key":"Odd Mushroom"},{"floor":26,"key":"Ice Cream"},{"floor":27,"key":"Bird Faced Urn"},{"floor":39,"key":"CatCart"},{"floor":40,"key":"Blood Vial"},{"floor":42,"key":"Bronze Scales"},{"floor":45,"key":"Potion Belt"},{"floor":54,"key":"Centennial Puzzle"}],"event_choices":[{"damage_healed":0,"gold_gain":0,"player_choice":"Take Wound","damage_taken":0,"relics_obtained":["Golden Idol"],"max_hp_gain":0,"max_hp_loss":0,"event_name":"Golden Idol","floor":5,"gold_loss":0,"cards_obtained":["Injury"]},{"damage_healed":26,"gold_gain":0,"player_choice":"Banana","damage_taken":0,"max_hp_gain":0,"max_hp_loss":0,"event_name":"Big Fish","floor":7,"gold_loss":0},{"damage_healed":0,"gold_gain":0,"player_choice":"Fought Mushrooms","damage_taken":0,"max_hp_gain":0,"max_hp_loss":0,"event_name":"Mushrooms","floor":13,"gold_loss":0},{"damage_healed":0,"gold_gain":0,"player_choice":"Simplicity","damage_taken":0,"max_hp_gain":0,"max_hp_loss":0,"event_name":"Back to Basics","floor":24,"gold_loss":0,"cards_upgraded":["Strike_R","Strike_R","Strike_R","Defend_R","Defend_R","Defend_R"]},{"damage_healed":0,"gold_gain":0,"player_choice":"Obtain J.A.X.","damage_taken":0,"max_hp_gain":0,"max_hp_loss":0,"event_name":"Drug Dealer","floor":31,"gold_loss":0,"cards_obtained":["J.A.X."]},{"damage_healed":0,"gold_gain":0,"player_choice":"Embrace Madness","damage_taken":15,"max_hp_gain":0,"max_hp_loss":0,"event_name":"Winding Halls","floor":37,"gold_loss":0,"cards_obtained":["Madness","Madness"]},{"damage_healed":0,"gold_gain":0,"player_choice":"Fight","damage_taken":0,"max_hp_gain":0,"max_hp_loss":0,"event_name":"OrinTheCat","floor":39,"gold_loss":0},{"cards_removed":["Madness"],"damage_healed":0,"gold_gain":0,"player_choice":"Gave Card","damage_taken":0,"relics_obtained":["War Paint"],"max_hp_gain":0,"max_hp_loss":0,"event_name":"WeMeetAgain","floor":47,"gold_loss":0}],"is_beta":false,"boss_relics":[{"not_picked":["Velvet Choker","SacredBark"],"picked":"Coffee Dripper"},{"not_picked":["Black Star","Snecko Eye"],"picked":"Runic Pyramid"}],"items_purged_floors":[21,30,53],"is_endless":false,"potions_floor_spawned":[1,3,13,14,19,20,22,40,45,46,48,54],"ascension_level":8}}