{"host":"9vecvdjkx64cw9bo","time":1613733359,"event":{"mods":["Ascension Unlocker","BaseMod","Custom Start","Keyboard Shortcuts","Minty Spire (QoL Compilation)","Quick Restart","StSLib","SuperFastMode"],"gold_per_floor":[119,44,44,44,55,55,68,101,101,1,19,34,34,34,34,113,113,131,6,6,20,20,20,20,20,20],"floor_reached":25,"language":"KOR","playtime":382,"items_purged":["Defend_P","Strike_P","Defend_P"],"score":398,"play_id":"f7ecff5b-06fa-4d27-8770-3c1cde17dc84","local_time":"20210219201559","is_ascension_mode":true,"campfire_choices":[{"data":"Eruption","floor":6.0,"key":"SMITH"},{"data":"MentalFortress","floor":13,"key":"SMITH"},{"data":"FearNoEvil","floor":15,"key":"SMITH"},{"data":"Wallop","floor":23,"key":"SMITH"}],"circlet_count":0,"master_deck":["AscendersBane","Strike_P","Strike_P","Strike_P","Defend_P","Defend_P","Eruption+1","Vigilance","MentalFortress+1","FollowUp","FearNoEvil+1","MentalFortress","DeusExMachina","Wallop+1"],"relics":["PureWater","NeowsBlessing","Shuriken","Bronze Scales","VioletLotus"],"acts_visited":["Exordium","TheCity"],"potions_floor_usage":[16],"damage_taken":[{"damage":0.0,"enemies":"Small Slimes","floor":1.0,"turns":1.0},{"damage":0.0,"enemies":"Jaw Worm","floor":5.0,"turns":1.0},{"damage":0.0,"enemies":"Cultist","floor":7.0,"turns":1.0},{"damage":31.0,"enemies":"Gremlin Nob","floor":8.0,"turns":4.0},{"damage":6.0,"enemies":"Looter","floor":11.0,"turns":4.0},{"damage":9,"enemies":"Large Slime","floor":12,"turns":4},{"damage":18,"enemies":"Slime Boss","floor":16,"turns":9},{"damage":25,"enemies":"2 Thieves","floor":18,"turns":4},{"damage":9,"enemies":"Chosen","floor":21,"turns":5},{"damage":0,"enemies":"Snake Plant","floor":25,"turns":1}],"seed_played":"1073746591876990917","potions_obtained":[{"floor":1.0,"key":"DistilledChaos"},{"floor":8.0,"key":"LiquidBronze"},{"floor":18,"key":"DistilledChaos"}],"is_trial":false,"path_per_floor":["M","$","?","?","M","R","M","E","T","$","M","M","R","$","R","B",null,"M","$","?","M","?","R","$","M"],"character_chosen":"WATCHER","items_purchased":[],"campfire_rested":0,"item_purchase_floors":[],"current_hp_per_floor":[61,61,61,66,66,66,66,35,35,35,29,20,20,20,20,2,55,30,30,30,21,21,21,21,21,21],"gold":20,"neow_bonus":"THREE_ENEMY_KILL","is_daily":false,"chose_seed":false,"campfire_upgraded":4,"win_rate":0.0,"timestamp":1613733359,"path_taken":["M","$","?","?","M","R","M","E","T","$","M","M","R","?","R","BOSS","M","?","?","M","?","R","$","M"],"items_purchased_type":[],"build_version":"2020-12-22","purchased_purges":3,"victory":false,"max_hp_per_floor":[68,68,68,73,73,73,73,73,73,73,73,73,73,73,73,73,73,73,73,73,73,73,73,73,73,73],"card_choices":[{"not_picked":["ClearTheMind","BattleHymn"],"picked":"MentalFortress","floor":1.0},{"not_picked":["CutThroughFate","Prostrate"],"picked":"FollowUp","floor":5.0},{"not_picked":["WreathOfFlame","FearNoEvil","Worship"],"picked":"SKIP","floor":7.0},{"not_picked":["WreathOfFlame","Worship"],"picked":"FearNoEvil","floor":7.0},{"not_picked":["Worship","ReachHeaven","TalkToTheHand"],"picked":"SKIP","floor":8.0},{"not_picked":["FlyingSleeves","JustLucky","CutThroughFate"],"picked":"SKIP","floor":11.0},{"not_picked":["Halt","CrushJoints"],"picked":"MentalFortress","floor":12},{"not_picked":["Establishment","Judgement"],"picked":"DeusExMachina","floor":16},{"not_picked":["PathToVictory","Conclude+1","ThirdEye"],"picked":"SKIP","floor":18},{"not_picked":["SandsOfTime","Meditate","Nirvana"],"picked":"SKIP","floor":21}],"player_experience":791593,"relics_obtained":[{"floor":8.0,"key":"Shuriken"},{"floor":9.0,"key":"Bronze Scales"}],"event_choices":[{"damage_healed":0.0,"max_hp_gain":0.0,"max_hp_loss":0.0,"gold_gain":0.0,"event_name":"The Cleric","player_choice":"Leave","floor":3.0,"gold_loss":0.0,"damage_taken":0.0},{"damage_healed":0.0,"max_hp_gain":5.0,"max_hp_loss":0.0,"gold_gain":0.0,"event_name":"Big Fish","player_choice":"Donut","floor":4.0,"gold_loss":0.0,"damage_taken":0.0},{"damage_healed":0,"gold_gain":0,"player_choice":"Read","damage_taken":0,"max_hp_gain":0,"max_hp_loss":0,"event_name":"The Library","floor":20,"gold_loss":0,"cards_obtained":["Wallop"]}],"is_beta":false,"boss_relics":[{"not_picked":["HolyWater","Runic Pyramid"],"picked":"VioletLotus"}],"items_purged_floors":[2,10,19],"is_endless":false,"potions_floor_spawned":[1,8,12,18],"killed_by":"Snake Plant","ascension_level":20}}