{"host":"otnudku6n3tqcmrv","time":1613764103,"event":{"mods":["BaseMod","Colored Map","DeckTracker","KOR Keyword Fix","Keyboard Shortcuts","Minty Spire (QoL Compilation)","Quick Restart","Replay The Spire","StSLib","SuperFastMode","The Dragon Tamer","Waifu the Spire","everything is the same but u backflip on backflip"],"gold_per_floor":[112,128,203,216,166,166,178,178,178,178,206,206,216,243,243,347,347,357,369,394,90,90,120,120,131,179,179,179,195,195,211,211,309,409,427,442,442,461,461,461,471,487,539,539,549,549,567,582,582,582],"floor_reached":51,"language":"KOR","playtime":1541,"items_purged":[],"score":781,"play_id":"84f48373-d451-428c-847a-96957c2ae6a1","local_time":"20210220044822","is_ascension_mode":false,"metric_token":863,"campfire_choices":[{"data":"DTMod:ComboAttack","floor":6.0,"key":"SMITH"},{"floor":8.0,"key":"REST"},{"data":"DTMod:BlazingStrike","floor":10.0,"key":"SMITH"},{"data":"DTMod:SealedStrike","floor":15.0,"key":"SMITH"},{"data":"DTMod:SealedStrike+1","floor":24.0,"key":"SMITH"},{"data":"DTMod:SealedStrike+2","floor":30,"key":"SMITH"},{"floor":32,"key":"REST"},{"data":"DTMod:SealedStrike+3","floor":40,"key":"SMITH"},{"data":"DTMod:SealedStrike+4","floor":44,"key":"SMITH"},{"floor":46,"key":"REST"},{"floor":49,"key":"REST"}],"dtmod_dragon_data":[7,56,0,1,0,10],"circlet_count":0,"master_deck":["DTMod:DoubleHit+1","DTMod:SwitchingTactic+1","DTMod:ComboAttack+1","DTMod:Hide+1","DTMod:MagicField+1","DTMod:BlazingStrike+1","DTMod:ShadowImage+1","DTMod:SealedStrike+5","DTMod:Inferno+1","DTMod:ResonanceForm+1","DTMod:GearUp+1","DTMod:ShieldDrain+1","DTMod:Overwhelm+1","DTMod:EchoTactic+1","DTMod:Haste+1","DTMod:BurningEnergy+1","DTMod:Weaken+1","Panache+1","DTMod:Dissolve+1","DTMod:ShieldDrain+1","DTMod:Training+1","DTMod:Harmonize+1","DTMod:CleansingStrike+1","Parasite","DTMod:QuickFly+1","DTMod:PurifyingFlame+1","DTMod:HeatWave+1"],"relics":["DTMod:PactStone","NeowsBlessing","Regal Pillow","Pear","Torii","Pandora\u0027s Box","Red Mask","BargainBundle","StrikeDummy","Pen Nib","Replay:Wanted Poster","Bag of Marbles"],"acts_visited":["Exordium","TheCity","TheBeyond"],"potions_floor_usage":[33,33,50,50,50],"damage_taken":[{"damage":0.0,"enemies":"Cultist","floor":1.0,"turns":1.0},{"damage":0.0,"enemies":"2 Louse","floor":2.0,"turns":1.0},{"damage":0.0,"enemies":"Small Slimes","floor":4.0,"turns":1.0},{"damage":9.0,"enemies":"Exordium Thugs","floor":7.0,"turns":6.0},{"damage":0.0,"enemies":"Gremlin Nob","floor":11.0,"turns":3.0},{"damage":0.0,"enemies":"Exordium Wildlife","floor":13.0,"turns":3.0},{"damage":0.0,"enemies":"Lagavulin","floor":14.0,"turns":8.0},{"damage":42.0,"enemies":"Fading Forest","floor":16.0,"turns":11.0},{"damage":0.0,"enemies":"3 Byrds","floor":18.0,"turns":3.0},{"damage":0.0,"enemies":"2 Thieves","floor":19.0,"turns":3.0},{"damage":0.0,"enemies":"Masked Bandits","floor":20.0,"turns":5.0},{"damage":0.0,"enemies":"Replay:Snechameleon","floor":23.0,"turns":6.0},{"damage":4.0,"enemies":"Snake Plant","floor":25.0,"turns":5.0},{"damage":0,"enemies":"Shelled Parasite and Fungi","floor":29,"turns":3},{"damage":7,"enemies":"Chosen and Byrds","floor":31,"turns":7},{"damage":40,"enemies":"Collector","floor":33,"turns":13},{"damage":0,"enemies":"3 Darklings","floor":35,"turns":4},{"damage":0,"enemies":"Orb Walker","floor":36,"turns":3},{"damage":0,"enemies":"Writhing Mass","floor":38,"turns":5},{"damage":0,"enemies":"Maw","floor":41,"turns":7},{"damage":0,"enemies":"Spire Growth","floor":42,"turns":6},{"damage":1,"enemies":"Jaw Worm Horde","floor":45,"turns":4},{"damage":0,"enemies":"3 Darklings","floor":47,"turns":2},{"damage":2,"enemies":"4 Shapes","floor":48,"turns":4},{"damage":68,"enemies":"Donu and Deca","floor":50,"turns":12}],"seed_played":"5417029765563579072","potions_obtained":[{"floor":2.0,"key":"Dexterity Potion"},{"floor":4.0,"key":"SteroidPotion"},{"floor":14.0,"key":"Fire Potion"},{"floor":35,"key":"LiquidMemories"},{"floor":36,"key":"DuplicationPotion"}],"is_trial":false,"path_per_floor":["M","M","?","M","?","R","M","R","T","R","E","?","M","E","R","B",null,"M","M","?","$","?","E","R","M","T","?","?","M","R","M","R","B",null,"M","M","?","M","$","R","M","M","T","R","M","R","M","M","R","B",null],"character_chosen":"THE_DT","items_purchased":["BargainBundle","DTMod:OpeningTactic","DTMod:Weaken+1","ColorlessPotion","Elixir","Panache","DTMod:Dissolve"],"campfire_rested":4,"item_purchase_floors":[21,21,21,21,21,21,21],"current_hp_per_floor":[45,45,34,34,34,34,25,38,38,38,48,48,48,48,48,24,55,55,55,55,55,55,55,55,51,51,42,70,70,70,63,70,30,70,70,70,70,70,70,70,70,70,70,70,69,70,70,68,70,2],"gold":582,"neow_bonus":"THREE_ENEMY_KILL","is_daily":false,"chose_seed":false,"campfire_upgraded":7,"win_rate":0.0,"timestamp":1613764102,"path_taken":["M","M","?","M","?","R","M","R","T","R","E","?","?","E","R","BOSS","M","M","?","$","?","E","R","?","T","?","?","M","R","M","R","BOSS","M","?","?","M","$","R","M","?","T","R","?","R","M","M","R","BOSS"],"items_purchased_type":["Relic","Card","Card","Potion","Potion","Card","Card"],"build_version":"2020-12-22","purchased_purges":0,"victory":true,"max_hp_per_floor":[45,45,45,45,45,45,45,45,45,45,55,55,55,55,55,55,55,55,55,55,55,55,55,55,55,55,60,70,70,70,70,70,70,70,70,70,70,70,70,70,70,70,70,70,70,70,70,70,70,70],"card_choices":[{"not_picked":["DTMod:MasterPlan","DTMod:StarRain"],"picked":"DTMod:ComboAttack","floor":1.0},{"not_picked":["DTMod:CleansingStrike","DTMod:BuildUp"],"picked":"DTMod:Hide","floor":2.0},{"not_picked":["DTMod:GhostSkin","DTMod:Cover"],"picked":"DTMod:MagicField","floor":4.0},{"not_picked":["DTMod:SneakAttack","DTMod:DeepFocus"],"picked":"DTMod:BlazingStrike","floor":7.0},{"not_picked":["DTMod:Feint","DTMod:BuildUp"],"picked":"DTMod:ShadowImage","floor":11.0},{"not_picked":["DTMod:MasterPlan","DTMod:Punisher","DTMod:Threaten"],"picked":"SKIP","floor":13.0},{"not_picked":["DTMod:LastStand","DTMod:ShadowImage"],"picked":"DTMod:SealedStrike","floor":14.0},{"not_picked":["DTMod:Prediction","DTMod:GearUp"],"picked":"DTMod:Inferno","floor":16.0},{"not_picked":["DTMod:Feint","DTMod:LastStand"],"picked":"DTMod:Haste","floor":18.0},{"not_picked":["DTMod:Feint+1","DTMod:BlueScale"],"picked":"DTMod:BurningEnergy","floor":19.0},{"not_picked":["DTMod:Shift","DTMod:Dissolve","DTMod:WarmUp"],"picked":"SKIP","floor":23.0},{"not_picked":["DTMod:BurningEnergy","DTMod:LastStand+1"],"picked":"DTMod:Training","floor":25.0},{"not_picked":["DTMod:BurningEnergy","DTMod:DarkBreath","DTMod:Hide"],"picked":"SKIP","floor":29},{"not_picked":["DTMod:RunningTactic","DTMod:BurningEnergy","DTMod:BizarreTactic"],"picked":"SKIP","floor":31},{"not_picked":["DTMod:Safeguard","DTMod:ResonanceForm"],"picked":"DTMod:Harmonize","floor":33},{"not_picked":["DTMod:BlueScale","DTMod:Adaptation","DTMod:Cover"],"picked":"SKIP","floor":35},{"not_picked":["DTMod:Hide","DTMod:BreakAttack"],"picked":"DTMod:CleansingStrike+1","floor":36},{"not_picked":["DTMod:MagiciansMark","DTMod:BalancedStrike+1"],"picked":"DTMod:QuickFly+1","floor":38},{"not_picked":["DTMod:Training","DTMod:ComboAttack","DTMod:CleansingStrike+1"],"picked":"SKIP","floor":41},{"not_picked":["DTMod:MaximumCharge+1","DTMod:Training+1"],"picked":"DTMod:PurifyingFlame","floor":42},{"not_picked":["DTMod:FierySynthesis","DTMod:Observe","DTMod:Shift+1"],"picked":"SKIP","floor":45},{"not_picked":["DTMod:FlameSlash","DTMod:CleansingStrike"],"picked":"DTMod:HeatWave+1","floor":47},{"not_picked":["DTMod:RecklessFlurry","DTMod:BurningForce","DTMod:Threaten+1"],"picked":"SKIP","floor":48}],"player_experience":1307059,"relics_obtained":[{"floor":9.0,"key":"Regal Pillow"},{"floor":11.0,"key":"Pear"},{"floor":14.0,"key":"Torii"},{"floor":20.0,"key":"Red Mask"},{"floor":23.0,"key":"StrikeDummy"},{"floor":26.0,"key":"Pen Nib"},{"floor":43,"key":"Bag of Marbles"}],"event_choices":[{"damage_healed":0.0,"max_hp_gain":0.0,"max_hp_loss":0.0,"gold_gain":75.0,"event_name":"World of Goop","player_choice":"Gather Gold","floor":3.0,"gold_loss":0.0,"damage_taken":11.0},{"cards_removed":["DTMod:Strike"],"damage_healed":0.0,"max_hp_gain":0.0,"max_hp_loss":0.0,"gold_gain":0.0,"event_name":"The Cleric","player_choice":"Card Removal","floor":5.0,"gold_loss":50.0,"damage_taken":0.0},{"cards_removed":["DTMod:Strike"],"damage_healed":0.0,"max_hp_gain":0.0,"max_hp_loss":0.0,"gold_gain":0.0,"event_name":"Wheel of Change","player_choice":"Card Removal","floor":12.0,"gold_loss":0.0,"damage_taken":0.0},{"damage_healed":0.0,"max_hp_gain":0.0,"max_hp_loss":0.0,"gold_gain":0.0,"event_name":"Masked Bandits","player_choice":"Fought Bandits","floor":20.0,"gold_loss":0.0,"damage_taken":0.0},{"damage_healed":0.0,"max_hp_gain":0.0,"max_hp_loss":0.0,"gold_gain":0.0,"cards_transformed":["DTMod:DeepFocus"],"event_name":"Transmorgrifier","player_choice":"Transformed","floor":22.0,"gold_loss":0.0,"damage_taken":0.0,"cards_obtained":["DTMod:ShieldDrain"]},{"damage_healed":0.0,"max_hp_gain":5.0,"max_hp_loss":0.0,"gold_gain":0.0,"event_name":"Forgotten Altar","player_choice":"Shed Blood","floor":27.0,"gold_loss":0.0,"damage_taken":14.0},{"cards_removed":["DTMod:OpeningTactic"],"damage_healed":18.0,"max_hp_gain":10.0,"max_hp_loss":0.0,"gold_gain":0.0,"event_name":"Bonfire Elementals","player_choice":"Offered Rare","floor":28.0,"gold_loss":0.0,"damage_taken":0.0},{"damage_healed":0,"gold_gain":0,"player_choice":"Ignored","damage_taken":0,"max_hp_gain":0,"max_hp_loss":0,"event_name":"NoteForYourself","floor":37,"gold_loss":0}],"is_beta":false,"boss_relics":[{"not_picked":["Fusion Hammer","Black Star"],"picked":"Pandora\u0027s Box"},{"not_picked":["Empty Cage","Runic Dome"],"picked":"Replay:Wanted Poster"}],"items_purged_floors":[],"is_endless":false,"potions_floor_spawned":[2,4,14,25,29,35,36,38,45],"ascension_level":0}}