{"host":"dyzdf8svqmiivg97","time":1613735870,"event":{"mods":["AchievementEnabler","BaseMod","Colored Map","DeckTracker","Minty Spire (QoL Compilation)","Quick Restart","Rare Cards Sparkle","SuperFastMode"],"gold_per_floor":[116,2,2,2,2,33,33,60,60,72,86,102,102,133,133,231,231,244,244,255,155,165,199,199,199,223,257,55,55,55,73,73,169,169,182,192,192,212,62,91,106,124,147,147,172,172,205,222,222,222],"floor_reached":51,"language":"KOR","playtime":10998,"items_purged":["Strike_P","Strike_P","Defend_P","Defend_P"],"score":1460,"play_id":"ce6e600c-0a16-4f20-bfed-100890d22bbc","local_time":"20210219205750","is_ascension_mode":true,"campfire_choices":[{"data":"Eruption","floor":7,"key":"SMITH"},{"data":"InnerPeace","floor":15,"key":"SMITH"},{"floor":25,"key":"REST"},{"data":"Adaptation","floor":29,"key":"SMITH"},{"data":"Omniscience","floor":32,"key":"SMITH"},{"floor":49,"key":"REST"}],"circlet_count":0,"master_deck":["AscendersBane","Eruption+1","Vigilance","Tantrum","FearNoEvil","Adaptation+1","InnerPeace+1","DeusExMachina","FlurryOfBlows+1","Omniscience+1","DeusExMachina","Adaptation+1","Tantrum","Writhe"],"relics":["PureWater","NeowsBlessing","Blue Candle","Darkstone Periapt","White Beast Statue","Art of War","VioletLotus","Sundial","Red Mask","Fusion Hammer","Anchor","Strawberry","Mummified Hand","Toy Ornithopter"],"acts_visited":["Exordium","TheCity","TheBeyond"],"potions_floor_usage":[14,18,22,23,23,38,50],"damage_taken":[{"damage":0,"enemies":"Jaw Worm","floor":1,"turns":1},{"damage":0,"enemies":"3 Sentries","floor":6,"turns":1},{"damage":0,"enemies":"Gremlin Nob","floor":8,"turns":1},{"damage":0,"enemies":"2 Louse","floor":10,"turns":3},{"damage":0,"enemies":"Cultist","floor":11,"turns":3},{"damage":10,"enemies":"Lots of Slimes","floor":12,"turns":4},{"damage":15,"enemies":"3 Sentries","floor":14,"turns":4},{"damage":22,"enemies":"Hexaghost","floor":16,"turns":6},{"damage":12,"enemies":"2 Thieves","floor":18,"turns":4},{"damage":13,"enemies":"Spheric Guardian","floor":20,"turns":4},{"damage":16,"enemies":"Centurion and Healer","floor":22,"turns":5},{"damage":0,"enemies":"Book of Stabbing","floor":23,"turns":2},{"damage":0,"enemies":"Masked Bandits","floor":27,"turns":2},{"damage":0,"enemies":"Snake Plant","floor":31,"turns":2},{"damage":0,"enemies":"Champ","floor":33,"turns":1},{"damage":17,"enemies":"3 Shapes","floor":35,"turns":4},{"damage":24,"enemies":"Orb Walker","floor":36,"turns":2},{"damage":0,"enemies":"Writhing Mass","floor":38,"turns":1},{"damage":11,"enemies":"Nemesis","floor":40,"turns":3},{"damage":0,"enemies":"Transient","floor":41,"turns":1},{"damage":0,"enemies":"Spire Growth","floor":42,"turns":1},{"damage":0,"enemies":"Giant Head","floor":45,"turns":1},{"damage":0,"enemies":"Reptomancer","floor":47,"turns":2},{"damage":1,"enemies":"Maw","floor":48,"turns":2},{"damage":0,"enemies":"Awakened One","floor":50,"turns":2}],"seed_played":"-6381962627708691448","potions_obtained":[{"floor":1,"key":"AttackPotion"},{"floor":8,"key":"Energy Potion"},{"floor":10,"key":"BlessingOfTheForge"},{"floor":12,"key":"Ambrosia"},{"floor":14,"key":"Block Potion"},{"floor":18,"key":"SteroidPotion"},{"floor":22,"key":"PowerPotion"},{"floor":23,"key":"FearPotion"},{"floor":27,"key":"Strength Potion"},{"floor":33,"key":"StancePotion"},{"floor":38,"key":"DistilledChaos"},{"floor":40,"key":"GamblersBrew"}],"is_trial":false,"path_per_floor":["M","$","?","?","$","E","R","E","T","M","M","M","?","E","R","B",null,"M","?","M","$","M","E","?","R","T","?","$","R","$","M","R","B",null,"M","M","?","M","$","E","M","M","T","$","E","?","E","M","R","B",null],"character_chosen":"WATCHER","items_purchased":["FearNoEvil","Adaptation"],"campfire_rested":2,"item_purchase_floors":[2,28],"current_hp_per_floor":[65,65,58,72,72,72,72,72,72,72,72,62,62,47,47,25,60,48,48,35,35,19,19,19,40,40,40,40,40,40,40,40,40,64,47,23,23,23,23,12,12,12,19,19,19,45,45,44,69,74],"gold":222,"neow_bonus":"THREE_ENEMY_KILL","is_daily":false,"chose_seed":false,"campfire_upgraded":4,"win_rate":0.0,"timestamp":1613735870,"path_taken":["M","$","?","?","$","E","R","E","T","M","M","M","?","E","R","BOSS","M","?","?","$","M","E","?","R","T","?","?","R","$","M","R","BOSS","M","M","?","?","$","E","M","M","T","?","E","?","E","M","R","BOSS"],"items_purchased_type":["Card","Card"],"build_version":"2020-12-22","purchased_purges":4,"victory":true,"max_hp_per_floor":[72,72,72,72,72,72,72,72,72,72,72,72,72,72,72,72,72,72,72,72,72,72,72,72,72,72,72,72,72,72,72,72,72,72,72,72,72,72,72,72,72,72,79,79,79,85,85,85,85,85],"card_choices":[{"not_picked":["SandsOfTime","EmptyFist"],"picked":"Tantrum","floor":1},{"not_picked":["Blasphemy","SashWhip"],"picked":"Adaptation","floor":6},{"not_picked":["Prostrate","WreathOfFlame"],"picked":"InnerPeace","floor":8},{"not_picked":["Weave","BattleHymn","Wallop"],"picked":"SKIP","floor":10},{"not_picked":["Fasting2","CrushJoints","SignatureMove"],"picked":"SKIP","floor":11},{"not_picked":["Prostrate","DeceiveReality","FollowUp"],"picked":"SKIP","floor":12},{"not_picked":["Tantrum","Evaluate","FollowUp"],"picked":"SKIP","floor":14},{"not_picked":["MasterReality","Establishment"],"picked":"DeusExMachina","floor":16},{"not_picked":["BowlingBash+1","FlyingSleeves","Evaluate"],"picked":"SKIP","floor":18},{"not_picked":["Fasting2","Consecrate"],"picked":"FlurryOfBlows+1","floor":20},{"not_picked":["PathToVictory","FlyingSleeves","Collect"],"picked":"SKIP","floor":22},{"not_picked":["Weave","Halt","FlurryOfBlows"],"picked":"SKIP","floor":23},{"not_picked":["EmptyBody","Crescendo","FlurryOfBlows"],"picked":"SKIP","floor":31},{"not_picked":["Worship","ClearTheMind+1","FearNoEvil+1"],"picked":"SKIP","floor":35},{"not_picked":["InnerPeace+1","EmptyFist+1","Evaluate+1"],"picked":"SKIP","floor":36},{"not_picked":["Pray","Fasting2+1","Protect"],"picked":"SKIP","floor":38},{"not_picked":["Fasting2","Sanctity+1","Vengeance+1"],"picked":"SKIP","floor":40},{"not_picked":["SashWhip+1","InnerPeace+1","Worship+1"],"picked":"SKIP","floor":41},{"not_picked":["Prostrate","FollowUp","LikeWater+1"],"picked":"SKIP","floor":42},{"not_picked":["FollowUp+1","Sanctity+1","Consecrate"],"picked":"SKIP","floor":45},{"not_picked":["WindmillStrike+1","DeusExMachina","SashWhip+1"],"picked":"SKIP","floor":47},{"not_picked":["EmptyFist+1","Consecrate","FlurryOfBlows"],"picked":"SKIP","floor":48}],"player_experience":581903,"relics_obtained":[{"floor":6,"key":"Blue Candle"},{"floor":8,"key":"Darkstone Periapt"},{"floor":9,"key":"White Beast Statue"},{"floor":14,"key":"Art of War"},{"floor":23,"key":"Sundial"},{"floor":27,"key":"Red Mask"},{"floor":40,"key":"Anchor"},{"floor":43,"key":"Strawberry"},{"floor":45,"key":"Mummified Hand"},{"floor":47,"key":"Toy Ornithopter"}],"event_choices":[{"cards_removed":["Strike_P"],"damage_healed":0,"gold_gain":0,"player_choice":"Card Removal","damage_taken":7,"max_hp_gain":0,"max_hp_loss":0,"event_name":"Golden Wing","floor":3,"gold_loss":0},{"damage_healed":24,"gold_gain":0,"player_choice":"Banana","damage_taken":0,"max_hp_gain":0,"max_hp_loss":0,"event_name":"Big Fish","floor":4,"gold_loss":0},{"damage_healed":0,"gold_gain":0,"player_choice":"Forge","damage_taken":0,"max_hp_gain":0,"max_hp_loss":0,"event_name":"Accursed Blacksmith","floor":13,"gold_loss":0,"cards_upgraded":["Adaptation"]},{"cards_removed":["Strike_P"],"damage_healed":0,"gold_gain":0,"player_choice":"Purged","damage_taken":0,"max_hp_gain":0,"max_hp_loss":0,"event_name":"Purifier","floor":19,"gold_loss":0},{"damage_healed":0,"gold_gain":0,"cards_transformed":["Defend_P","Defend_P"],"player_choice":"Became Test Subject","damage_taken":0,"max_hp_gain":0,"max_hp_loss":0,"event_name":"Drug Dealer","floor":24,"gold_loss":0,"cards_obtained":["Omniscience","DeusExMachina"]},{"damage_healed":0,"gold_gain":0,"player_choice":"Fought Bandits","damage_taken":0,"max_hp_gain":0,"max_hp_loss":0,"event_name":"Masked Bandits","floor":27,"gold_loss":0},{"damage_healed":0,"gold_gain":0,"player_choice":"Copied","damage_taken":0,"max_hp_gain":0,"max_hp_loss":0,"event_name":"Duplicator","floor":37,"gold_loss":0,"cards_obtained":["Tantrum"]},{"damage_healed":20,"gold_gain":0,"player_choice":"Writhe","damage_taken":0,"max_hp_gain":0,"max_hp_loss":0,"event_name":"Winding Halls","floor":46,"gold_loss":0,"cards_obtained":["Writhe"]}],"is_beta":false,"boss_relics":[{"not_picked":["Pandora\u0027s Box","SacredBark"],"picked":"VioletLotus"},{"not_picked":["Coffee Dripper","Snecko Eye"],"picked":"Fusion Hammer"}],"items_purged_floors":[2,21,28,39],"is_endless":false,"potions_floor_spawned":[1,8,10,11,12,14,16,18,20,22,23,27,31,33,35,36,38,40,41,42,45,47,48],"ascension_level":10}}