{"host":"3z9xbwjeimmg738z","time":1613762186,"event":{"mods":["100% Spire Juice","2.2 Compatiblity","Act Like it!","AlwaysNeverKeys","Bard","BaseMod","Beaked The Cultist","Better Altar","Better Match","Better Note","Better Sensory Stone","Better Skull","Better Synergies","Better Third Choice","Bossed Relics","CapriCore","Colored Powertips","Defuse TimeMaze Blight","Dio Mod","Displayed Cursed Tome","Faster Ascension Climbing","GifTheSpireLib","Marisa????????","Minty Spire (QoL Compilation)","Pale of the Ancients","Permanent Neow","Replay The Spire","Ruina","Shapeshifter Mod","Smile Girya","StSLib","The Fake Hero","The Showman","TheBandit","Uncapped"],"gold_per_floor":[518,518,531,566,579,579,579],"floor_reached":6,"language":"ENG","playtime":210,"items_purged":[],"score":38,"play_id":"88e9a784-5f2f-472f-b599-bffedba02115","local_time":"20210219111626","daily_mods":["ControlledChaos"],"is_ascension_mode":true,"campfire_choices":[],"circlet_count":0,"master_deck":["luka_mod:StrikeLukaOne","luka_mod:StrikeLukaTwo+1","luka_mod:StrikeLukaThree","luka_mod:StrikeLukaFour","luka_mod:StrikeLukaFive","luka_mod:StrikeLukaSix","luka_mod:Salt","luka_mod:Guard","luka_mod:Wait","luka_mod:Edging","luka_mod:FlailWildly","luka_mod:Meditation","luka_mod:Surrender"],"relics":["luka_mod:KeepsakeRing","Frozen Eye","WingedGreaves"],"acts_visited":["Exordium"],"potions_floor_usage":[],"damage_taken":[{"damage":10,"enemies":"Small Slimes","floor":1,"turns":3},{"damage":10,"enemies":"2 Louse","floor":3,"turns":3},{"damage":0,"enemies":"Jaw Worm","floor":5,"turns":2},{"damage":40,"enemies":"3 Sentries","floor":6,"turns":5}],"seed_played":"6554118226374520211","potions_obtained":[{"floor":3,"key":"Fire Potion"}],"is_trial":true,"path_per_floor":["M","?","M","?","M","E"],"character_chosen":"LUKA_CLASS","items_purchased":[],"campfire_rested":0,"item_purchase_floors":[],"current_hp_per_floor":[30,30,33,23,23,0,0],"gold":579,"neow_bonus":"","is_daily":false,"chose_seed":false,"campfire_upgraded":0,"win_rate":0.0,"timestamp":1613762186,"path_taken":["M","?","M","?","?","E"],"items_purchased_type":[],"build_version":"2020-12-22","purchased_purges":0,"victory":false,"max_hp_per_floor":[40,40,40,40,40,40,40],"card_choices":[{"not_picked":["luka_mod:EarthSlash","luka_mod:PeacePreach","luka_mod:Calm"],"picked":"SKIP","floor":1},{"not_picked":["luka_mod:GuardedStrike","luka_mod:Overexert","luka_mod:EarthSlash"],"picked":"SKIP","floor":3},{"not_picked":["luka_mod:UnusedPoison","luka_mod:FlashKill","luka_mod:FireSlash"],"picked":"SKIP","floor":5}],"player_experience":220770,"relics_obtained":[{"floor":4,"key":"WingedGreaves"}],"event_choices":[],"is_beta":false,"boss_relics":[],"items_purged_floors":[],"is_endless":false,"potions_floor_spawned":[3],"killed_by":"3 Sentries","ascension_level":1}}