{"host":"tq11g1xvjhf4r9h6","time":1613729177,"event":{"mods":["2.2 Compatiblity","BaseMod","Colored Powertips","Communication Mod","DeckTracker","Minty Spire (QoL Compilation)","Permanent Neow","Quick Restart","Rare Cards Sparkle","Relic Stats","StSLib","The Poker Player","Unknown Chances","UnlockEverythingMod","everything is the same but u backflip on backflip"],"gold_per_floor":[114,125,125,125,50,50,50,50,50,70,70,91,91,116,116,192,192,203,203,203,128,143,171,183,83,83,33,53,53,65,80,80,154,204,214,227,102,115,129,155,155,155,155,155],"floor_reached":42,"language":"KOR","playtime":1902,"items_purged":["PokerPlayerMod:DamnStraight","PokerPlayerMod:TrumpStrike","PokerPlayerMod:HotShotCut"],"score":992,"play_id":"72bc6989-f479-471f-a818-73341bb49e6f","local_time":"20210219190617","is_ascension_mode":true,"metric_token":990,"campfire_choices":[{"data":"PokerPlayerMod:TheDieIsCast","floor":6.0,"key":"SMITH"},{"data":"PokerPlayerMod:Club1","floor":8.0,"key":"SMITH"},{"data":"PokerPlayerMod:Harden","floor":13.0,"key":"SMITH"},{"data":"PokerPlayerMod:Mulligan","floor":15.0,"key":"SMITH"},{"floor":32.0,"key":"REST"}],"circlet_count":0,"master_deck":["AscendersBane","PokerPlayerMod:Diamond3","PokerPlayerMod:Diamond4","PokerPlayerMod:Diamond5","PokerPlayerMod:Spade2","PokerPlayerMod:Spade4","PokerPlayerMod:Spade4","PokerPlayerMod:Club2","PokerPlayerMod:Club2","PokerPlayerMod:Heart2","PokerPlayerMod:Diamond4","PokerPlayerMod:Club5","PokerPlayerMod:TheDieIsCast+1","PokerPlayerMod:Harden+1","PokerPlayerMod:Mulligan+1","PokerPlayerMod:Club2","PokerPlayerMod:GamblerForm","PokerPlayerMod:Diamond4","PokerPlayerMod:Spade4","PokerPlayerMod:Diamond4","PokerPlayerMod:Club4","PokerPlayerMod:Club4","PokerPlayerMod:Diamond4"],"relics":["PokerPlayerMod:DeckCase","Ornamental Fan","MealTicket","HornCleat","Odd Mushroom","Oddly Smooth Stone","SlaversCollar","PokerPlayerMod:CoolBox","PokerPlayerMod:ClubPass","Tiny House","Eternal Feather"],"acts_visited":["Exordium","TheCity","TheBeyond"],"potions_floor_usage":[42],"damage_taken":[{"damage":6.0,"enemies":"Small Slimes","floor":1.0,"turns":3.0},{"damage":0.0,"enemies":"2 Louse","floor":2.0,"turns":2.0},{"damage":0.0,"enemies":"Jaw Worm","floor":10.0,"turns":2.0},{"damage":0.0,"enemies":"The Mushroom Lair","floor":12.0,"turns":3.0},{"damage":0.0,"enemies":"Gremlin Nob","floor":14.0,"turns":3.0},{"damage":13.0,"enemies":"Hexaghost","floor":16.0,"turns":7.0},{"damage":0.0,"enemies":"Spheric Guardian","floor":18.0,"turns":3.0},{"damage":0.0,"enemies":"3 Byrds","floor":22.0,"turns":2.0},{"damage":39.0,"enemies":"Book of Stabbing","floor":23.0,"turns":5.0},{"damage":0.0,"enemies":"Centurion and Healer","floor":24.0,"turns":1.0},{"damage":24.0,"enemies":"Snake Plant","floor":28.0,"turns":2.0},{"damage":0.0,"enemies":"Chosen and Byrds","floor":30.0,"turns":3.0},{"damage":0.0,"enemies":"Snecko","floor":31.0,"turns":3.0},{"damage":38.0,"enemies":"Collector","floor":33.0,"turns":7.0},{"damage":26.0,"enemies":"Orb Walker","floor":35.0,"turns":5.0},{"damage":0.0,"enemies":"3 Darklings","floor":36.0,"turns":5.0},{"damage":46.0,"enemies":"Spire Growth","floor":38.0,"turns":6.0},{"damage":0.0,"enemies":"Sphere and 2 Shapes","floor":39.0,"turns":3.0},{"damage":30.0,"enemies":"Reptomancer","floor":40.0,"turns":5.0},{"damage":13,"enemies":"Writhing Mass","floor":42,"turns":2}],"seed_played":"2217522781735652635","potions_obtained":[{"floor":1.0,"key":"Weak Potion"},{"floor":16.0,"key":"BlessingOfTheForge"},{"floor":33.0,"key":"Fire Potion"},{"floor":39.0,"key":"SkillPotion"},{"floor":40.0,"key":"ColorlessPotion"}],"is_trial":false,"path_per_floor":["M","M","?","?","?","R","T","R","T","M","$","?","R","E","R","B",null,"M","?","?","$","M","E","M","$","T","?","M","?","M","M","R","B",null,"M","M","$","M","M","E","?","M"],"character_chosen":"THE_POKER_PLAYER","items_purchased":[],"campfire_rested":1,"item_purchase_floors":[],"current_hp_per_floor":[41,41,36,36,36,36,36,36,36,38,48,48,48,48,48,35,45,48,48,48,48,48,18,18,33,33,33,21,21,25,25,39,4,42,27,48,53,19,21,8,8,0,0,0],"gold":155,"neow_bonus":"TRANSFORM_CARD","is_daily":false,"chose_seed":false,"campfire_upgraded":4,"win_rate":0.0,"timestamp":1613729177,"path_taken":["M","M","?","?","?","R","?","R","T","?","?","?","R","E","R","BOSS","M","?","?","$","M","E","M","$","T","?","?","?","M","M","R","BOSS","M","?","$","M","?","E","?","M"],"items_purchased_type":[],"build_version":"2020-12-22","purchased_purges":3,"victory":false,"max_hp_per_floor":[48,48,48,48,48,48,48,48,48,48,48,48,48,48,48,48,48,48,48,48,48,48,48,48,48,48,48,48,48,48,48,48,48,53,53,53,53,53,53,53,53,53,53,53],"relic_stats":{"counters":[20,72],"Ornamental Fan":[0],"MealTicket":30,"Eternal Feather":0,"obtain_stats":[{"SlaversCollar":17,"PokerPlayerMod:DeckCase":0,"HornCleat":9,"Tiny House":34,"Ornamental Fan":3,"Oddly Smooth Stone":14,"MealTicket":7,"Eternal Feather":40,"PokerPlayerMod:ClubPass":26,"Odd Mushroom":12,"PokerPlayerMod:CoolBox":23},{"SlaversCollar":6,"PokerPlayerMod:DeckCase":0,"HornCleat":2,"Tiny House":14,"Ornamental Fan":2,"Oddly Smooth Stone":5,"MealTicket":2,"Eternal Feather":19,"PokerPlayerMod:ClubPass":10,"Odd Mushroom":4,"PokerPlayerMod:CoolBox":9},{"SlaversCollar":20,"PokerPlayerMod:DeckCase":0,"HornCleat":5,"Tiny House":46,"Ornamental Fan":5,"Oddly Smooth Stone":13,"MealTicket":5,"Eternal Feather":70,"PokerPlayerMod:ClubPass":31,"Odd Mushroom":10,"PokerPlayerMod:CoolBox":30}]},"card_choices":[{"not_picked":["PokerPlayerMod:Manipulation","PokerPlayerMod:Spade8"],"picked":"PokerPlayerMod:Diamond4","floor":1.0},{"not_picked":["PokerPlayerMod:Club1","PokerPlayerMod:Spade1"],"picked":"PokerPlayerMod:Club5","floor":2.0},{"not_picked":["PokerPlayerMod:Spade2","PokerPlayerMod:Diamond3"],"picked":"PokerPlayerMod:Harden","floor":10.0},{"not_picked":["PokerPlayerMod:Sharpen","PokerPlayerMod:Configure","PokerPlayerMod:MagicTrick"],"picked":"SKIP","floor":14.0},{"not_picked":["PokerPlayerMod:Heart3","PokerPlayerMod:Spade8","PokerPlayerMod:Spade5"],"picked":"SKIP","floor":18.0},{"not_picked":["PokerPlayerMod:Spade1","PokerPlayerMod:Extraction","PokerPlayerMod:Trickery"],"picked":"SKIP","floor":22.0},{"not_picked":["PokerPlayerMod:Spade4","PokerPlayerMod:Fold"],"picked":"PokerPlayerMod:Club2","floor":23.0},{"not_picked":["PokerPlayerMod:Diamond1","PokerPlayerMod:Extraction","PokerPlayerMod:Diamond5"],"picked":"SKIP","floor":24.0},{"not_picked":["PokerPlayerMod:Diamond5","PokerPlayerMod:Club3","PokerPlayerMod:Trickery"],"picked":"SKIP","floor":28.0},{"not_picked":["PokerPlayerMod:Club2","PokerPlayerMod:CardBurn","PokerPlayerMod:Diamond1"],"picked":"SKIP","floor":30.0},{"not_picked":["PokerPlayerMod:Club6","PokerPlayerMod:RiskyBet","PokerPlayerMod:MagicTrick"],"picked":"SKIP","floor":31.0},{"not_picked":["PokerPlayerMod:RoyalStrike","PokerPlayerMod:ChangeRules"],"picked":"PokerPlayerMod:GamblerForm","floor":33.0},{"not_picked":["PokerPlayerMod:Diamond6","PokerPlayerMod:Diamond2"],"picked":"PokerPlayerMod:Diamond4","floor":34.0},{"not_picked":["PokerPlayerMod:Diamond3","PokerPlayerMod:Spade1"],"picked":"PokerPlayerMod:Spade4","floor":35.0},{"not_picked":["PokerPlayerMod:Diamond1","PokerPlayerMod:CardBurn"],"picked":"PokerPlayerMod:Diamond4","floor":36.0},{"not_picked":["PokerPlayerMod:Heart5","PokerPlayerMod:Spade3"],"picked":"PokerPlayerMod:Club4","floor":38.0},{"not_picked":["PokerPlayerMod:Spade1","PokerPlayerMod:Diamond1"],"picked":"PokerPlayerMod:Club4","floor":39.0},{"not_picked":["PokerPlayerMod:Club3","PokerPlayerMod:FillThePot"],"picked":"PokerPlayerMod:Diamond4","floor":40.0}],"player_experience":356679,"relics_obtained":[{"floor":7.0,"key":"MealTicket"},{"floor":9.0,"key":"HornCleat"},{"floor":12.0,"key":"Odd Mushroom"},{"floor":14.0,"key":"Oddly Smooth Stone"},{"floor":23.0,"key":"PokerPlayerMod:CoolBox"},{"floor":26.0,"key":"PokerPlayerMod:ClubPass"},{"floor":40.0,"key":"Eternal Feather"}],"event_choices":[{"damage_healed":0.0,"max_hp_gain":0.0,"max_hp_loss":0.0,"gold_gain":0.0,"event_name":"Scrap Ooze","player_choice":"Success","floor":3.0,"gold_loss":0.0,"damage_taken":5.0,"relics_obtained":["Ornamental Fan"]},{"damage_healed":0.0,"max_hp_gain":0.0,"max_hp_loss":0.0,"gold_gain":0.0,"cards_transformed":["PokerPlayerMod:ClubsClub"],"event_name":"Living Wall","player_choice":"Change","floor":4.0,"gold_loss":0.0,"damage_taken":0.0,"cards_obtained":["PokerPlayerMod:TheDieIsCast"]},{"cards_removed":["PokerPlayerMod:Diamond1"],"damage_healed":0.0,"max_hp_gain":0.0,"max_hp_loss":0.0,"gold_gain":0.0,"event_name":"The Cleric","player_choice":"Card Removal","floor":5.0,"gold_loss":75.0,"damage_taken":0.0},{"damage_healed":0.0,"max_hp_gain":0.0,"max_hp_loss":0.0,"gold_gain":0.0,"event_name":"Mushrooms","player_choice":"Fought Mushrooms","floor":12.0,"gold_loss":0.0,"damage_taken":0.0},{"damage_healed":0.0,"max_hp_gain":0.0,"max_hp_loss":0.0,"gold_gain":0.0,"event_name":"PokerPlayerMod:BackToBasicsPoker","player_choice":"Copied","floor":19.0,"gold_loss":0.0,"damage_taken":0.0,"cards_obtained":["PokerPlayerMod:Mulligan"]},{"damage_healed":0.0,"max_hp_gain":0.0,"max_hp_loss":0.0,"gold_gain":0.0,"cards_transformed":["PokerPlayerMod:Spade1","PokerPlayerMod:Diamond2"],"event_name":"Drug Dealer","player_choice":"Became Test Subject","floor":20.0,"gold_loss":0.0,"damage_taken":0.0,"cards_obtained":["PokerPlayerMod:DamnStraight","PokerPlayerMod:HotShotCut"]},{"damage_healed":0.0,"max_hp_gain":0.0,"max_hp_loss":0.0,"gold_gain":0.0,"event_name":"The Joust","player_choice":"Bet on Murderer","floor":27.0,"gold_loss":50.0,"damage_taken":0.0},{"damage_healed":0.0,"max_hp_gain":0.0,"max_hp_loss":0.0,"gold_gain":0.0,"event_name":"Match and Keep!","player_choice":"0 cards matched","floor":29.0,"gold_loss":0.0,"damage_taken":0.0,"cards_obtained":[]},{"cards_removed":["PokerPlayerMod:Mulligan"],"damage_healed":0.0,"max_hp_gain":0.0,"max_hp_loss":0.0,"gold_gain":0.0,"event_name":"Falling","player_choice":"Removed Skill","floor":41.0,"gold_loss":0.0,"damage_taken":0.0}],"is_beta":false,"boss_relics":[{"not_picked":["Busted Crown","Coffee Dripper"],"picked":"SlaversCollar"},{"not_picked":["Fusion Hammer","Velvet Choker"],"picked":"Tiny House"}],"items_purged_floors":[21,25,37],"is_endless":false,"potions_floor_spawned":[1,16,23,24,30,33,35,39,40],"killed_by":"Writhing Mass","ascension_level":20}}