{"host":"¿à÷økuyou","time":1613730394,"event":{"mods":["ATMod(°¢èªMod)","Act Like it!","BaseMod","BetterRewards","Minty Spire (QoL Compilation)","Quick Restart","StSLib"],"gold_per_floor":[144,189,234,234,279,279,369,144,169,214,214,304,4,49,49,358,358,403,235,280,195,207,309,375,387,399,501,567,678,690,756,768,1089,1101,1167,1233,1299,540,594,594,693,93,93,147,201,291,345,399,399,399],"floor_reached":51,"language":"ZHS","playtime":1719,"items_purged":["Pain","Regret","Cleave"],"score":1213,"play_id":"cc9c8a7e-91e7-4d37-9962-e24f7699175c","local_time":"20210219182634","daily_mods":["Insanity","Blue Cards","Midas"],"is_ascension_mode":false,"campfire_choices":[{"floor":15.0,"key":"REST"},{"floor":30.0,"key":"REST"},{"floor":32.0,"key":"REST"}],"circlet_count":0,"master_deck":["Tempest","Sever Soul","Aggregate","Clash","Shrug It Off","Hologram","Inflame","Steam","Flex","Hologram","Iron Wave","Havoc","AT_BodySlamDance","Shrug It Off","Cold Snap","AT_RobotInSpace","FTL","Iron Wave","Chill","Anger+1","White Noise","AT_DiedThrough","Pommel Strike","Compile Driver","Hello World","Rebound","Stack","Perfected Strike","Dropkick","Tempest","Blizzard","Ghostly Armor","Beam Cell","Aggregate","Turbo","AT_HeatAcrobatics","Steam","Burning Pact","Hologram","Coolheaded","Clothesline","Sword Boomerang","Coolheaded","Aggregate","AT_ShrugMaster","Heatsinks","AT_IchimonjiDouble","AT_FamilyPortrait","AT_DiedThrough","AT_IchimonjiDouble","AT_ThreeBodyProblem","Coolheaded","Skim","Reboot","Echo Form","Berserk","Reprogram+1","Pommel Strike","White Noise","Flame Barrier+1","Fiend Fire","AT_StudyProgram+1","Shrug It Off","Armaments+1","AT_DrawKnifeCut","White Noise","Core Surge","Pommel Strike","Armaments+1","Power Through+1","Rupture+1","Skim+1"],"relics":["Burning Blood","AT_ATBox","Eternal Feather","WarpedTongs","Blood Vial","PreservedInsect","Whetstone","AT_EbonyIvory","Sling","CeramicFish","Sozu","MawBank","Bottled Lightning","AT_SunfireAegis","Orichalcum","Mercury Hourglass","Coffee Dripper","War Paint","Medical Kit","Bottled Flame","Toxic Egg 2","Dead Branch","Juzu Bracelet","Chemical X","Pen Nib","HornCleat"],"acts_visited":["Exordium","TheCity","TheBeyond"],"potions_floor_usage":[50,50],"damage_taken":[{"damage":0.0,"enemies":"Small Slimes","floor":1.0,"turns":2.0},{"damage":5.0,"enemies":"2 Louse","floor":2.0,"turns":2.0},{"damage":0.0,"enemies":"Cultist","floor":3.0,"turns":5.0},{"damage":0.0,"enemies":"2 Fungi Beasts","floor":5.0,"turns":1.0},{"damage":15.0,"enemies":"Lagavulin","floor":7.0,"turns":4.0},{"damage":5.0,"enemies":"Exordium Thugs","floor":10.0,"turns":4.0},{"damage":16.0,"enemies":"3 Sentries","floor":12.0,"turns":4.0},{"damage":0.0,"enemies":"3 Louse","floor":14.0,"turns":4.0},{"damage":0.0,"enemies":"Slime Boss","floor":16.0,"turns":5.0},{"damage":5.0,"enemies":"Shell Parasite","floor":18.0,"turns":2.0},{"damage":6.0,"enemies":"Chosen","floor":20.0,"turns":3.0},{"damage":28.0,"enemies":"Book of Stabbing","floor":23.0,"turns":4.0},{"damage":0.0,"enemies":"Snake Plant","floor":24.0,"turns":1.0},{"damage":0.0,"enemies":"Slavers","floor":27.0,"turns":2.0},{"damage":6.0,"enemies":"Centurion and Healer","floor":28.0,"turns":4.0},{"damage":0.0,"enemies":"Cultist and Chosen","floor":31.0,"turns":4.0},{"damage":0.0,"enemies":"Automaton","floor":33.0,"turns":4.0},{"damage":0.0,"enemies":"3 Shapes","floor":35.0,"turns":1.0},{"damage":0.0,"enemies":"3 Darklings","floor":36.0,"turns":3.0},{"damage":1.0,"enemies":"Writhing Mass","floor":37.0,"turns":3.0},{"damage":0,"enemies":"Transient","floor":39,"turns":5},{"damage":0,"enemies":"Giant Head","floor":41,"turns":2},{"damage":0,"enemies":"Spire Growth","floor":44,"turns":1},{"damage":2,"enemies":"Jaw Worm Horde","floor":45,"turns":2},{"damage":0,"enemies":"Reptomancer","floor":46,"turns":3},{"damage":0,"enemies":"Sphere and 2 Shapes","floor":47,"turns":2},{"damage":0,"enemies":"Writhing Mass","floor":48,"turns":2},{"damage":0,"enemies":"Awakened One","floor":50,"turns":4}],"seed_played":"778547550210687013","potions_obtained":[{"floor":1.0,"key":"SpeedPotion"},{"floor":5.0,"key":"Ancient Potion"},{"floor":12.0,"key":"SteroidPotion"},{"floor":16.0,"key":"DuplicationPotion"}],"is_trial":false,"path_per_floor":["M","M","M","?","M","?","E","$","T","M","?","E","$","M","R","B",null,"M","$","M","?","$","E","M","?","T","E","M","?","R","M","R","B",null,"M","M","M","$","M","R","E","$","T","M","M","E","M","M","R","B",null],"character_chosen":"IRONCLAD","items_purchased":["PreservedInsect","Sling","CeramicFish","Reprogram","AT_DrawKnifeCut","War Paint","Medical Kit","Bottled Flame","White Noise","Dead Branch","Juzu Bracelet","Chemical X"],"campfire_rested":3,"item_purchase_floors":[8,13,13,19,38,38,38,38,38,42,42,42],"current_hp_per_floor":[80,80,80,80,80,80,71,71,71,74,74,66,66,74,80,80,80,80,80,80,80,80,58,66,66,66,74,76,76,80,80,80,80,80,80,80,80,80,80,80,80,80,80,80,80,80,80,80,80,80],"gold":399,"neow_bonus":"","is_daily":true,"chose_seed":false,"campfire_upgraded":0,"win_rate":0.0,"timestamp":1613730394,"path_taken":["M","M","M","?","M","?","E","$","T","?","?","E","$","M","R","BOSS","M","$","M","?","$","E","M","?","T","E","?","?","R","M","R","BOSS","M","M","M","$","M","R","E","$","T","M","M","E","M","M","R","BOSS"],"items_purchased_type":["Relic","Relic","Relic","Card","Card","Relic","Relic","Relic","Card","Relic","Relic","Relic"],"build_version":"2020-12-18","purchased_purges":3,"victory":true,"max_hp_per_floor":[80,80,80,80,80,80,80,80,80,80,80,80,80,80,80,80,80,80,80,80,80,80,80,80,80,80,80,80,80,80,80,80,80,80,80,80,80,80,80,80,80,80,80,80,80,80,80,80,80,80],"card_choices":[{"not_picked":["Rampage","Battle Trance"],"picked":"AT_DiedThrough","floor":1.0},{"not_picked":["Pummel","Metallicize"],"picked":"AT_IchimonjiDouble","floor":2.0},{"not_picked":["Clash","Reckless Charge"],"picked":"AT_ThreeBodyProblem","floor":3.0},{"not_picked":["AT_DiedThrough","Flex"],"picked":"Coolheaded","floor":5.0},{"not_picked":["Uppercut","AT_HeatAcrobatics","Stack"],"picked":"SKIP","floor":7.0},{"not_picked":["Turbo","Clothesline"],"picked":"Skim","floor":10.0},{"not_picked":["Pommel Strike","Barrage"],"picked":"Echo Form","floor":12.0},{"not_picked":["True Grit","Melter","Genetic Algorithm"],"picked":"SKIP","floor":14.0},{"not_picked":["Amplify","Reaper"],"picked":"Berserk","floor":16.0},{"not_picked":["AT_BodySlamDance","Thunderclap","Cleave+1"],"picked":"SKIP","floor":18.0},{"not_picked":["Sweeping Beam","Perfected Strike+1","Leap+1"],"picked":"SKIP","floor":20.0},{"not_picked":["Perfected Strike+1","AT_IchimonjiDouble","Rebound"],"picked":"SKIP","floor":23.0},{"not_picked":["Burning Pact","Leap"],"picked":"Pommel Strike","floor":24.0},{"not_picked":["Combust","Evolve","Twin Strike"],"picked":"SKIP","floor":27.0},{"not_picked":["Uppercut","Barrage"],"picked":"White Noise","floor":28.0},{"not_picked":["Sever Soul","Warcry"],"picked":"Flame Barrier","floor":31.0},{"not_picked":["Amplify","Seek"],"picked":"Fiend Fire","floor":33.0},{"not_picked":["Barrage+1","Sweeping Beam"],"picked":"AT_StudyProgram+1","floor":35.0},{"not_picked":["Flex","Rage+1"],"picked":"Shrug It Off","floor":36.0},{"not_picked":["Redo+1","Lockon+1"],"picked":"Armaments+1","floor":37.0},{"not_picked":["Ball Lightning+1","Compile Driver+1"],"picked":"Core Surge","floor":39},{"not_picked":["Clash","Thunderclap+1"],"picked":"Pommel Strike","floor":41},{"not_picked":["Stack+1","Conserve Battery+1"],"picked":"Armaments+1","floor":44},{"not_picked":["Headbutt","Beam Cell"],"picked":"Power Through+1","floor":45},{"not_picked":["Searing Blow","Body Slam","AT_HeatAcrobatics+1"],"picked":"SKIP","floor":46},{"not_picked":["AT_WaterDrop","Stack+1"],"picked":"Rupture+1","floor":47},{"not_picked":["AT_IchimonjiDouble+1","Consume+1"],"picked":"Skim+1","floor":48}],"player_experience":218916,"relics_obtained":[{"floor":7.0,"key":"Blood Vial"},{"floor":9.0,"key":"Whetstone"},{"floor":12.0,"key":"AT_EbonyIvory"},{"floor":23.0,"key":"Bottled Lightning"},{"floor":26.0,"key":"Orichalcum"},{"floor":27.0,"key":"Mercury Hourglass"},{"floor":41,"key":"Toxic Egg 2"},{"floor":43,"key":"Pen Nib"},{"floor":46,"key":"HornCleat"}],"event_choices":[{"damage_healed":0.0,"max_hp_gain":0.0,"max_hp_loss":0.0,"gold_gain":0.0,"event_name":"Big Fish","player_choice":"Box","floor":4.0,"gold_loss":0.0,"damage_taken":0.0,"relics_obtained":["Eternal Feather"],"cards_obtained":["Regret"]},{"damage_healed":0.0,"max_hp_gain":0.0,"max_hp_loss":0.0,"gold_gain":0.0,"event_name":"Accursed Blacksmith","player_choice":"Rummage","floor":6.0,"gold_loss":0.0,"damage_taken":0.0,"relics_obtained":["WarpedTongs"],"cards_obtained":["Pain"]},{"damage_healed":0.0,"max_hp_gain":0.0,"max_hp_loss":0.0,"gold_gain":0.0,"cards_transformed":["AT_HeatAcrobatics"],"event_name":"Transmorgrifier","player_choice":"Transformed","floor":11.0,"gold_loss":0.0,"damage_taken":0.0,"cards_obtained":["Reboot"]},{"damage_healed":0.0,"max_hp_gain":0.0,"max_hp_loss":0.0,"gold_gain":0.0,"event_name":"Addict","player_choice":"Obtained Relic","floor":21.0,"gold_loss":85.0,"damage_taken":0.0,"relics_obtained":["MawBank"]},{"cards_removed":["Pommel Strike"],"damage_healed":0.0,"max_hp_gain":0.0,"max_hp_loss":0.0,"gold_gain":0.0,"event_name":"WeMeetAgain","player_choice":"Gave Card","floor":25.0,"gold_loss":0.0,"damage_taken":0.0,"relics_obtained":["AT_SunfireAegis"]},{"damage_healed":0.0,"max_hp_gain":0.0,"max_hp_loss":0.0,"gold_gain":99.0,"event_name":"Nest","player_choice":"Stole From Cult","floor":29.0,"gold_loss":0.0,"damage_taken":0.0}],"is_beta":true,"boss_relics":[{"not_picked":["Tiny House","Empty Cage"],"picked":"Sozu"},{"not_picked":["AT_MortalBlade","Cursed Key"],"picked":"Coffee Dripper"}],"items_purged_floors":[8,19,38],"is_endless":false,"potions_floor_spawned":[1,5,12,16,20,23,28,33,36,39,41,46,48],"ascension_level":0}}