{"host":"uhnh33uh34qot0et","time":1613776213,"event":{"mods":["Act Like it!","BaseMod","Bossed Relics","Colored Map","Downfall","GungeonMod","Hallownest","Hermit","JesterMod","Marisa????????","Minty Spire (QoL Compilation)","Relic Stats","Replay The Spire","Ruina","Shapeshifter Mod","StSLib","The Construct","The Cursed","The Hierophant","The Servant 0.9.4"],"gold_per_floor":[113,113,127,144,144,176,176,176,176,176,176,191,205,215,215,315,315,334,25,25,39,51,51,51,51,105,123,123,123],"floor_reached":28,"language":"ENG","playtime":915,"items_purged":[],"score":220,"play_id":"9cc73671-29c7-40dd-82ed-6c9c07f97f78","local_time":"20210220001013","is_ascension_mode":false,"campfire_choices":[{"data":"DemoMod:WhiteBlade","floor":8,"key":"SMITH"},{"data":"DemoMod:BlackBlade","floor":10,"key":"SMITH"},{"floor":15,"key":"REST"},{"floor":23,"key":"REST"},{"data":"Demon Form","floor":25,"key":"SMITH"}],"circlet_count":0,"master_deck":["Strike_R","Strike_R","Strike_R","Strike_R","Strike_R","Defend_R","Defend_R","Defend_R","Defend_R","Bash","hierophant:Defend_Hierophant","sneckomod:Strike","Sword Boomerang","Anger","DemoMod:WhiteBlade+1","DemoMod:BlackBlade+1","DemoMod:WhiteBlade","Thunderclap","Spot Weakness","Demon Form+1","Flame Barrier","Heavy Blade","Defy Death","Heavy Blade"],"relics":["Burning Blood","Counterbalance","Juzu Bracelet","DemoMod:MemoryAlloy","DemoMod:Bottle","construct:WeddingRing","Lizard Tail","DemoMod:MonsterBlood"],"acts_visited":["Exordium","Exordium"],"potions_floor_usage":[3,16,22,28],"damage_taken":[{"damage":0,"enemies":"Small Slimes","floor":1,"turns":5},{"damage":0,"enemies":"Cultist","floor":3,"turns":4},{"damage":0,"enemies":"Jaw Worm","floor":4,"turns":4},{"damage":14,"enemies":"Gremlin Nob","floor":6,"turns":4},{"damage":12,"enemies":"Blue Slaver","floor":12,"turns":2},{"damage":31,"enemies":"Gremlin Gang","floor":13,"turns":5},{"damage":15,"enemies":"2 Fungi Beasts","floor":14,"turns":4},{"damage":22,"enemies":"Slime Boss","floor":16,"turns":7},{"damage":58,"enemies":"ruina:BadWolf","floor":18,"turns":5},{"damage":9,"enemies":"ruina:2_Scarecrows","floor":21,"turns":5},{"damage":28,"enemies":"ruina:Woodsman","floor":22,"turns":5},{"damage":42,"enemies":"ruina:3_Scarecrows","floor":27,"turns":3},{"damage":42,"enemies":"ruina:KnightOfDespair","floor":28,"turns":5}],"seed_played":"1399623240299679528","potions_obtained":[{"floor":1,"key":"FearPotion"},{"floor":6,"key":"Weak Potion"},{"floor":12,"key":"FearPotion"},{"floor":18,"key":"Block Potion"},{"floor":27,"key":"BlessingOfTheForge"}],"is_trial":false,"path_per_floor":["M","?","M","M","$","E","$","R","T","R","?","M","M","M","R","B",null,"M","$","?","M","M","R","$","R","T","M","M"],"character_chosen":"IRONCLAD","items_purchased":["Lizard Tail"],"campfire_rested":2,"item_purchase_floors":[19],"current_hp_per_floor":[80,80,80,80,80,72,72,72,72,72,72,66,41,38,62,67,80,28,28,28,25,46,70,70,70,77,41,0,0],"gold":123,"neow_bonus":"ONE_RARE_RELIC","is_daily":false,"chose_seed":false,"campfire_upgraded":3,"win_rate":0.0,"timestamp":1613776213,"path_taken":["M","?","M","?","$","E","$","R","T","R","?","M","M","M","R","BOSS","M","$","?","M","M","R","$","R","T","M","M"],"items_purchased_type":["Relic"],"build_version":"2020-12-22","purchased_purges":0,"victory":false,"max_hp_per_floor":[80,80,80,80,80,80,80,80,80,80,80,80,80,80,80,80,80,80,80,80,80,80,80,80,80,87,87,87,87],"relic_stats":{"Lizard Tail":40,"counters":[13,58],"Juzu Bracelet":0,"obtain_stats":[{"Frozen Eye":21,"Lizard Tail":19,"construct:WeddingRing":17,"DemoMod:MemoryAlloy":9,"DemoMod:MonsterBlood":26,"Counterbalance":0,"DemoMod:GlassGuonStoneRelic":1,"Juzu Bracelet":6,"DemoMod:Bottle":11,"Burning Blood":0},{"Frozen Eye":9,"Lizard Tail":9,"construct:WeddingRing":8,"DemoMod:MemoryAlloy":4,"DemoMod:MonsterBlood":11,"Counterbalance":0,"DemoMod:GlassGuonStoneRelic":1,"Juzu Bracelet":4,"DemoMod:Bottle":4,"Burning Blood":0},{"Frozen Eye":40,"Lizard Tail":40,"construct:WeddingRing":35,"DemoMod:MemoryAlloy":17,"DemoMod:MonsterBlood":50,"Counterbalance":0,"DemoMod:GlassGuonStoneRelic":5,"Juzu Bracelet":17,"DemoMod:Bottle":17,"Burning Blood":0}],"Burning Blood":54},"card_choices":[{"not_picked":["Body Slam","Pommel Strike"],"picked":"Sword Boomerang","floor":1},{"not_picked":["Cleave","Heavy Blade"],"picked":"Anger","floor":3},{"not_picked":["Perfected Strike","Disarm"],"picked":"DemoMod:WhiteBlade","floor":4},{"not_picked":["True Grit","ReplayTheSpireMod:LeadingStrike","Pommel Strike"],"picked":"SKIP","floor":6},{"not_picked":["Feel No Pain","Warcry"],"picked":"DemoMod:WhiteBlade","floor":12},{"not_picked":["Hemokinesis","Armaments"],"picked":"Thunderclap","floor":13},{"not_picked":["ReplayTheSpireMod:Muscle Training","Thunderclap"],"picked":"Spot Weakness","floor":14},{"not_picked":["Demonic Infusion","Offering"],"picked":"Demon Form","floor":16},{"not_picked":["Flex","Massacre"],"picked":"Flame Barrier","floor":18},{"not_picked":["Dual Wield","Iron Wave"],"picked":"Heavy Blade","floor":21},{"not_picked":["Replay:Many Hands","Run Through"],"picked":"Defy Death","floor":22},{"not_picked":["Iron Wave","Body Slam"],"picked":"Heavy Blade","floor":27}],"player_experience":52480,"relics_obtained":[{"floor":6,"key":"Juzu Bracelet"},{"floor":9,"key":"DemoMod:MemoryAlloy"},{"floor":26,"key":"DemoMod:MonsterBlood"}],"event_choices":[{"damage_healed":0,"gold_gain":0,"player_choice":"Ignored","damage_taken":0,"max_hp_gain":0,"max_hp_loss":0,"event_name":"Purifier","floor":2,"gold_loss":0},{"damage_healed":0,"gold_gain":0,"player_choice":"Gave Potion","damage_taken":0,"relics_obtained":["DemoMod:Bottle"],"max_hp_gain":0,"max_hp_loss":0,"event_name":"WeMeetAgain","floor":11,"gold_loss":0}],"is_beta":false,"boss_relics":[{"not_picked":["Tiny House","ChewingGum"],"picked":"construct:WeddingRing"}],"items_purged_floors":[],"is_endless":false,"potions_floor_spawned":[1,6,12,18,27],"killed_by":"ruina:KnightOfDespair","ascension_level":0}}