{"host":"f5gffvlv6a66yqkd","time":1613716574,"event":{"mods":["2.2 Compatiblity","BaseMod","Colored Map","Custom Start","DeckTracker","Keyboard Shortcuts","Minty Spire (QoL Compilation)","Permanent Neow","Quick Restart","Relic Stats","StSLib","SuperFastMode"],"gold_per_floor":[118,130,130,142,157,157,176,176,176,7,33,33,63,78,78,149,149,160,160,160,85,104,104,122,172,196,196,214,214,214,243,243,317,317,337,353,366,266,284,312,312,327,353,353,368,393,115,142,142,142,142],"floor_reached":50,"language":"KOR","playtime":1473,"items_purged":["CarveReality","Strike_P+1"],"score":958,"play_id":"f6e5c699-4b35-4174-a18d-026304de38b4","local_time":"20210219153614","is_ascension_mode":true,"campfire_choices":[{"data":"FollowUp","floor":6.0,"key":"SMITH"},{"floor":8.0,"key":"REST"},{"data":"TalkToTheHand","floor":12.0,"key":"SMITH"},{"data":"Defend_P","floor":15.0,"key":"SMITH"},{"data":"Judgement","floor":23.0,"key":"SMITH"},{"floor":27.0,"key":"RECALL"},{"data":"InnerPeace","floor":29.0,"key":"SMITH"},{"data":"FlurryOfBlows","floor":32.0,"key":"SMITH"},{"data":"Adaptation","floor":41,"key":"SMITH"},{"floor":44,"key":"REST"},{"data":"MentalFortress","floor":49,"key":"SMITH"}],"circlet_count":0,"master_deck":["AscendersBane","Strike_P+1","Strike_P+1","Defend_P+1","Defend_P+1","Defend_P+1","Eruption+1","Vigilance","FollowUp+1","Consecrate","FlurryOfBlows+1","TalkToTheHand+1","Judgement+1","InnerPeace+1","EmptyFist+1","Indignation+1","Adaptation+1","MentalFortress+1","Study"],"relics":["PureWater","StrikeDummy","Orrery","Yang","Anchor","Empty Cage","Pear","Ornamental Fan","SlaversCollar","GoldenEye","Nunchaku","Unceasing Top","Meat on the Bone","PreservedInsect"],"acts_visited":["Exordium","TheCity","TheBeyond"],"potions_floor_usage":[40,45,50,50],"damage_taken":[{"damage":0.0,"enemies":"Cultist","floor":1.0,"turns":3.0},{"damage":0.0,"enemies":"2 Louse","floor":2.0,"turns":2.0},{"damage":1.0,"enemies":"Small Slimes","floor":4.0,"turns":2.0},{"damage":28.0,"enemies":"Exordium Wildlife","floor":5.0,"turns":6.0},{"damage":14.0,"enemies":"3 Louse","floor":7.0,"turns":2.0},{"damage":9.0,"enemies":"Lagavulin","floor":11.0,"turns":6.0},{"damage":6.0,"enemies":"3 Sentries","floor":13.0,"turns":5.0},{"damage":0.0,"enemies":"Looter","floor":14.0,"turns":1.0},{"damage":1.0,"enemies":"Hexaghost","floor":16.0,"turns":9.0},{"damage":0.0,"enemies":"Chosen","floor":18.0,"turns":3.0},{"damage":0.0,"enemies":"Spheric Guardian","floor":22.0,"turns":2.0},{"damage":0.0,"enemies":"Centurion and Healer","floor":24.0,"turns":4.0},{"damage":0.0,"enemies":"Cultist and Chosen","floor":28.0,"turns":3.0},{"damage":2.0,"enemies":"Book of Stabbing","floor":31.0,"turns":4.0},{"damage":60.0,"enemies":"Collector","floor":33.0,"turns":8.0},{"damage":2,"enemies":"Orb Walker","floor":35,"turns":2},{"damage":0,"enemies":"3 Shapes","floor":36,"turns":2},{"damage":3,"enemies":"Jaw Worm Horde","floor":37,"turns":4},{"damage":27,"enemies":"Maw","floor":39,"turns":6},{"damage":7,"enemies":"Reptomancer","floor":40,"turns":6},{"damage":13,"enemies":"3 Darklings","floor":42,"turns":5},{"damage":18,"enemies":"Writhing Mass","floor":45,"turns":5},{"damage":0,"enemies":"Mind Bloom Boss Battle","floor":46,"turns":5},{"damage":1,"enemies":"Giant Head","floor":48,"turns":6},{"damage":36,"enemies":"Donu and Deca","floor":50,"turns":4}],"seed_played":"6402663964895506852","potions_obtained":[{"floor":2.0,"key":"SmokeBomb"},{"floor":5.0,"key":"EssenceOfSteel"},{"floor":13.0,"key":"PowerPotion"},{"floor":14.0,"key":"DuplicationPotion"},{"floor":16.0,"key":"SteroidPotion"},{"floor":18.0,"key":"Ambrosia"},{"floor":42,"key":"BottledMiracle"},{"floor":46,"key":"StancePotion"}],"is_trial":false,"path_per_floor":["M","M","?","M","M","R","M","R","T","$","E","R","E","M","R","B",null,"M","?","?","$","M","R","M","?","T","R","M","R","T","E","R","B",null,"M","M","M","$","M","E","R","M","T","R","M","?","$","E","R","B"],"character_chosen":"WATCHER","items_purchased":["Orrery","Meat on the Bone"],"campfire_rested":2,"item_purchase_floors":[10,47],"current_hp_per_floor":[61,61,61,60,32,32,18,38,38,38,29,29,23,23,23,22,57,57,57,57,57,57,57,57,57,57,57,57,57,67,65,65,5,60,58,58,55,55,28,21,21,8,8,31,13,13,13,24,24,0,0],"gold":142,"neow_bonus":"UPGRADE_CARD","is_daily":false,"chose_seed":false,"campfire_upgraded":8,"win_rate":0.0,"timestamp":1613716574,"path_taken":["M","M","?","M","?","R","M","R","T","$","E","R","E","M","R","BOSS","M","?","?","?","M","R","M","?","T","R","M","R","?","E","R","BOSS","M","M","M","$","M","E","R","M","T","R","?","?","$","E","R","BOSS"],"items_purchased_type":["Relic","Relic"],"build_version":"2020-12-22","purchased_purges":2,"victory":false,"max_hp_per_floor":[68,68,68,68,68,68,68,68,68,68,68,68,68,68,68,68,68,68,68,68,68,68,68,68,68,68,68,68,68,78,78,78,78,78,78,78,78,78,78,78,78,78,78,78,78,78,78,78,78,78,78],"relic_stats":{"Nunchaku":[6],"counters":[25,105],"Ornamental Fan":[168],"Yang":[263],"PreservedInsect":0,"GoldenEye":[0],"obtain_stats":[{"Pear":30,"Yang":11,"PreservedInsect":48,"Empty Cage":17,"GoldenEye":40,"SlaversCollar":34,"Anchor":13,"Nunchaku":43,"Ornamental Fan":31,"Orrery":10,"PureWater":0,"StrikeDummy":9,"Unceasing Top":46,"Meat on the Bone":47},{"Pear":13,"Yang":6,"PreservedInsect":24,"Empty Cage":9,"GoldenEye":20,"SlaversCollar":15,"Anchor":7,"Nunchaku":21,"Ornamental Fan":14,"Orrery":5,"PureWater":0,"StrikeDummy":5,"Unceasing Top":23,"Meat on the Bone":23},{"Pear":48,"Yang":21,"PreservedInsect":101,"Empty Cage":36,"GoldenEye":80,"SlaversCollar":60,"Anchor":26,"Nunchaku":85,"Ornamental Fan":52,"Orrery":15,"PureWater":0,"StrikeDummy":15,"Unceasing Top":95,"Meat on the Bone":95}],"Unceasing Top":[1],"Meat on the Bone":12},"card_choices":[{"not_picked":["CrushJoints","SashWhip"],"picked":"FollowUp","floor":1.0},{"not_picked":["JustLucky","Perseverance"],"picked":"CarveReality","floor":2.0},{"not_picked":["CrushJoints","Indignation","Meditate"],"picked":"SKIP","floor":4.0},{"not_picked":["Weave","JustLucky"],"picked":"Consecrate","floor":5.0},{"not_picked":["Halt","Consecrate"],"picked":"FlurryOfBlows","floor":7.0},{"not_picked":["CrushJoints","Omniscience"],"picked":"TalkToTheHand","floor":10.0},{"not_picked":["WheelKick","CrushJoints","EmptyFist"],"picked":"SKIP","floor":11.0},{"not_picked":["SandsOfTime","Evaluate","PathToVictory"],"picked":"SKIP","floor":13.0},{"not_picked":["BowlingBash","Crescendo","Evaluate"],"picked":"SKIP","floor":14.0},{"not_picked":["MasterReality","Alpha"],"picked":"Judgement","floor":16.0},{"not_picked":["Protect","Weave"],"picked":"InnerPeace","floor":18.0},{"not_picked":["Halt","Nirvana"],"picked":"EmptyFist+1","floor":22.0},{"not_picked":["WheelKick","Worship","Protect+1"],"picked":"SKIP","floor":24.0},{"not_picked":["WheelKick","Worship","Protect+1"],"picked":"SKIP","floor":24.0},{"not_picked":["LikeWater","Weave+1","Meditate+1"],"picked":"SKIP","floor":28.0},{"not_picked":["FlyingSleeves","Evaluate+1"],"picked":"Indignation+1","floor":31.0},{"not_picked":["ThirdEye+1","Halt"],"picked":"Adaptation","floor":35},{"not_picked":["CarveReality","Adaptation"],"picked":"MentalFortress","floor":36},{"not_picked":["CrushJoints","Crescendo","Collect+1"],"picked":"SKIP","floor":37},{"not_picked":["FlyingSleeves","TalkToTheHand","FollowUp"],"picked":"SKIP","floor":39},{"not_picked":["FlurryOfBlows+1","WindmillStrike+1","InnerPeace"],"picked":"SKIP","floor":40},{"not_picked":["Consecrate","FollowUp","BowlingBash"],"picked":"SKIP","floor":42},{"not_picked":["FlyingSleeves+1","WheelKick+1"],"picked":"Study","floor":45},{"not_picked":["Judgement","PathToVictory","Pray"],"picked":"SKIP","floor":48}],"player_experience":1502251,"relics_obtained":[{"floor":9.0,"key":"StrikeDummy"},{"floor":11.0,"key":"Yang"},{"floor":13.0,"key":"Anchor"},{"floor":30.0,"key":"Pear"},{"floor":31.0,"key":"Ornamental Fan"},{"floor":40,"key":"GoldenEye"},{"floor":43,"key":"Nunchaku"},{"floor":46,"key":"Unceasing Top"},{"floor":48,"key":"PreservedInsect"}],"event_choices":[{"damage_healed":0.0,"max_hp_gain":0.0,"max_hp_loss":0.0,"gold_gain":0.0,"event_name":"Match and Keep!","player_choice":"0 cards matched","floor":3.0,"gold_loss":0.0,"damage_taken":0.0,"cards_obtained":[]},{"damage_healed":0.0,"max_hp_gain":0.0,"max_hp_loss":0.0,"gold_gain":0.0,"event_name":"Back to Basics","player_choice":"Simplicity","floor":19.0,"gold_loss":0.0,"damage_taken":0.0,"cards_upgraded":["Strike_P","Strike_P","Strike_P","Defend_P","Defend_P"]},{"damage_healed":0.0,"max_hp_gain":0.0,"max_hp_loss":0.0,"gold_gain":0.0,"event_name":"Vampires","player_choice":"Ignored","floor":20.0,"gold_loss":0.0,"damage_taken":0.0},{"damage_healed":0.0,"max_hp_gain":0.0,"max_hp_loss":0.0,"gold_gain":50.0,"event_name":"Nest","player_choice":"Stole From Cult","floor":25.0,"gold_loss":0.0,"damage_taken":0.0},{"damage_healed":0,"gold_gain":0,"player_choice":"Fight","damage_taken":0,"max_hp_gain":0,"max_hp_loss":0,"event_name":"MindBloom","floor":46,"gold_loss":0}],"is_beta":false,"boss_relics":[{"not_picked":["Ectoplasm","Velvet Choker"],"picked":"Empty Cage"},{"not_picked":["Pandora\u0027s Box","Fusion Hammer"],"picked":"SlaversCollar"}],"items_purged_floors":[21,38],"is_endless":false,"potions_floor_spawned":[2,5,13,14,16,18,24,31,33,35,42,46,48],"killed_by":"Donu and Deca","ascension_level":16}}