{"host":"onfdonezo2qmaex3","time":1613751959,"event":{"mods":["2.2 Compatiblity","AchievementEnabler","Act Like it!","Aspiration","BaseMod","Colored Powertips","Downfall","Friendly Minions","Gensokyo","Hallownest","Hermit","Highlight Path","Jorbs\u0027s Wanderer Trilogy","Marisa????????","Marked Mod","Minty Spire (QoL Compilation)","Quick Restart","Reliquary","Shop Mod","StSLib","The Disciple","The Hayseed","The Hierophant","The Marked","The Runesmith"],"gold_per_floor":[19,37,56,68,84,84,84,84],"floor_reached":7,"language":"ENG","playtime":369,"items_purged":[],"score":52,"play_id":"b3de7ca7-8420-4448-9af9-c9562bc3f2af","local_time":"20210219172559","is_ascension_mode":true,"campfire_choices":[{"data":"Glacier","floor":6,"key":"SMITH"}],"circlet_count":0,"master_deck":["Strike_B","Strike_B","Strike_B","Defend_B","Defend_B","Defend_B","Zap","Dualcast","Glacier+1","Seek","aspiration:Polymerization"],"relics":["Cracked Core"],"acts_visited":["Gensokyo:Gensokyo"],"potions_floor_usage":[],"damage_taken":[{"damage":9,"enemies":"Gensokyo:2_Kodama","floor":1,"turns":3},{"damage":14,"enemies":"Gensokyo:Gryphon","floor":2,"turns":4},{"damage":0,"enemies":"Gensokyo:3_Fairies","floor":3,"turns":3},{"damage":16,"enemies":"Gensokyo:3_Kodama","floor":4,"turns":6},{"damage":10,"enemies":"Gensokyo:Python_and_Kodama","floor":5,"turns":6},{"damage":30,"enemies":"Gensokyo:Aya","floor":7,"turns":6}],"seed_played":"-1399503628661763954","potions_obtained":[{"floor":3,"key":"Fire Potion"},{"floor":5,"key":"SteroidPotion"}],"is_trial":false,"path_per_floor":["M","M","M","M","M","R","E"],"character_chosen":"DEFECT","items_purchased":[],"campfire_rested":0,"item_purchase_floors":[],"current_hp_per_floor":[66,52,52,36,26,26,0,0],"gold":84,"neow_bonus":"REMOVE_TWO","is_daily":false,"chose_seed":false,"campfire_upgraded":1,"win_rate":0.0,"timestamp":1613751959,"path_taken":["M","?","M","M","M","R","E"],"items_purchased_type":[],"build_version":"2020-12-22","purchased_purges":0,"victory":false,"max_hp_per_floor":[75,75,75,75,75,75,75,75],"card_choices":[{"not_picked":["Leap","Turbo","Redo"],"picked":"SKIP","floor":1},{"not_picked":["Sweeping Beam","Leap","Steam"],"picked":"SKIP","floor":2},{"not_picked":["Genetic Algorithm","Coolheaded"],"picked":"Glacier","floor":3},{"not_picked":["Ball Lightning","Heatsinks"],"picked":"Seek","floor":4},{"not_picked":["Steam","Conserve Battery"],"picked":"aspiration:Polymerization","floor":5}],"player_experience":209923,"relics_obtained":[],"event_choices":[],"is_beta":false,"boss_relics":[],"items_purged_floors":[],"is_endless":false,"potions_floor_spawned":[3,5],"killed_by":"Gensokyo:Aya","ascension_level":3}}