{"host":"fbdlh90rovbiajun","time":1613719993,"event":{"mods":["AchievementEnabler","BaseMod","Colored Map","Keyboard Shortcuts","Minty Spire (QoL Compilation)","SuperFastMode"],"gold_per_floor":[111,211,136,149,71,96,96,107,133,133,66,66,66,141,141,261,261,275,175,199,199,219,219,238,254,280,294,219,219,94,118,118,241,241,261,284,134,154,217,253,253,586,640,657,657,657],"floor_reached":45,"language":"KOR","playtime":1818,"items_purged":["Defend_P","Strike_P","Strike_P","Defend_P"],"score":490,"play_id":"1fda77e2-ac8c-45b2-b72c-632db6930e3a","local_time":"20210219163313","is_ascension_mode":true,"campfire_choices":[{"data":"Adaptation","floor":7.0,"key":"SMITH"},{"data":"TalkToTheHand","floor":10.0,"key":"SMITH"},{"data":"MentalFortress","floor":13.0,"key":"SMITH"},{"data":"Vigilance","floor":15.0,"key":"SMITH"},{"floor":23.0,"key":"RECALL"},{"data":"Adaptation","floor":32.0,"key":"SMITH"},{"data":"Defend_P","floor":41,"key":"SMITH"}],"circlet_count":0,"master_deck":["Strike_P","Strike_P","Defend_P+1","Eruption+1","Vigilance+1","TalkToTheHand+1","Adaptation+1","MentalFortress+1","Adaptation+1","Eruption+1","Adaptation+1"],"relics":["PureWater","Toy Ornithopter","Boot","Busted Crown","Lantern","SlaversCollar","Incense Burner","Potion Belt"],"acts_visited":["Exordium","TheCity","TheBeyond"],"potions_floor_usage":[],"damage_taken":[{"damage":0.0,"enemies":"Small Slimes","floor":1.0,"turns":3.0},{"damage":0.0,"enemies":"Cultist","floor":4.0,"turns":2.0},{"damage":10.0,"enemies":"Lagavulin","floor":6.0,"turns":7.0},{"damage":0.0,"enemies":"2 Louse","floor":8.0,"turns":1.0},{"damage":46.0,"enemies":"The Guardian","floor":16.0,"turns":11.0},{"damage":2.0,"enemies":"Chosen","floor":18.0,"turns":5.0},{"damage":0.0,"enemies":"Spheric Guardian","floor":20.0,"turns":3.0},{"damage":0.0,"enemies":"Snecko","floor":22.0,"turns":7.0},{"damage":16.0,"enemies":"Chosen and Byrds","floor":24.0,"turns":8.0},{"damage":0.0,"enemies":"Snake Plant","floor":25.0,"turns":4.0},{"damage":7.0,"enemies":"Centurion and Healer","floor":27.0,"turns":7.0},{"damage":0.0,"enemies":"Sentry and Sphere","floor":31.0,"turns":5.0},{"damage":34.0,"enemies":"Collector","floor":33.0,"turns":10.0},{"damage":12.0,"enemies":"Orb Walker","floor":35.0,"turns":3.0},{"damage":16.0,"enemies":"3 Darklings","floor":36.0,"turns":6.0},{"damage":5.0,"enemies":"Spire Growth","floor":38.0,"turns":4.0},{"damage":0.0,"enemies":"Mind Bloom Boss Battle","floor":39.0,"turns":3.0},{"damage":17,"enemies":"Giant Head","floor":40,"turns":8},{"damage":0,"enemies":"Transient","floor":44,"turns":5},{"damage":59,"enemies":"Nemesis","floor":45,"turns":6}],"seed_played":"1375003536284911413","potions_obtained":[{"floor":4.0,"key":"EntropicBrew"},{"floor":20.0,"key":"Dexterity Potion"},{"floor":24.0,"key":"SkillPotion"},{"floor":31.0,"key":"Dexterity Potion"},{"floor":38.0,"key":"Ancient Potion"},{"floor":40,"key":"SpeedPotion"}],"is_trial":false,"path_per_floor":["M","?","$","M","$","E","R","M","T","R","$","?","R","?","R","B",null,"M","$","M","?","M","R","M","M","T","M","?","?","$","M","R","B",null,"M","M","$","M","?","E","R","?","T","M","E"],"character_chosen":"WATCHER","items_purchased":["Adaptation","MentalFortress"],"campfire_rested":0,"item_purchase_floors":[5,11],"current_hp_per_floor":[72,72,72,72,72,62,62,62,62,62,62,44,44,33,33,2,72,70,70,70,70,70,70,54,54,54,52,52,52,52,52,52,18,72,60,44,44,39,39,22,22,22,22,22,0,0],"gold":657,"neow_bonus":"UPGRADE_CARD","is_daily":false,"chose_seed":false,"campfire_upgraded":6,"win_rate":0.0,"timestamp":1613719993,"path_taken":["M","?","$","?","$","E","R","M","T","R","?","?","R","?","R","BOSS","M","$","M","?","M","R","M","M","T","M","?","?","$","M","R","BOSS","M","?","$","M","?","E","R","?","T","M","E"],"items_purchased_type":["Card","Card"],"build_version":"2020-12-22","purchased_purges":4,"victory":false,"max_hp_per_floor":[72,72,72,72,72,72,72,72,72,72,72,72,72,72,72,72,72,72,72,72,72,72,72,72,72,72,72,72,72,72,72,72,72,72,72,72,72,72,72,72,72,72,72,72,72,72],"card_choices":[{"not_picked":["PathToVictory","WindmillStrike"],"picked":"TalkToTheHand","floor":1.0},{"not_picked":["TalkToTheHand","Tantrum","SashWhip"],"picked":"SKIP","floor":4.0},{"not_picked":["Wallop","CutThroughFate","Meditate"],"picked":"SKIP","floor":6.0},{"not_picked":["JustLucky","WaveOfTheHand","FollowUp"],"picked":"SKIP","floor":8.0},{"not_picked":["BowlingBash"],"picked":"SKIP","floor":18.0},{"not_picked":["CutThroughFate"],"picked":"SKIP","floor":20.0},{"not_picked":["Meditate"],"picked":"SKIP","floor":22.0},{"not_picked":["Prostrate"],"picked":"SKIP","floor":24.0},{"not_picked":["EmptyBody"],"picked":"SKIP","floor":25.0},{"not_picked":["EmptyBody"],"picked":"SKIP","floor":25.0},{"not_picked":[],"picked":"Adaptation","floor":27.0},{"not_picked":["SashWhip"],"picked":"SKIP","floor":31.0},{"not_picked":[],"picked":"Adaptation+1","floor":35.0},{"not_picked":["FollowUp"],"picked":"SKIP","floor":36.0},{"not_picked":["ClearTheMind"],"picked":"SKIP","floor":38.0},{"not_picked":["ClearTheMind"],"picked":"SKIP","floor":38.0},{"not_picked":["Conclude+1"],"picked":"SKIP","floor":40},{"not_picked":["FollowUp+1"],"picked":"SKIP","floor":44}],"player_experience":90120,"relics_obtained":[{"floor":6.0,"key":"Toy Ornithopter"},{"floor":9.0,"key":"Boot"},{"floor":26.0,"key":"Lantern"},{"floor":39.0,"key":"Incense Burner"},{"floor":40,"key":"Potion Belt"}],"event_choices":[{"damage_healed":0.0,"max_hp_gain":0.0,"max_hp_loss":0.0,"gold_gain":100.0,"event_name":"Wheel of Change","player_choice":"Gold","floor":2.0,"gold_loss":0.0,"damage_taken":0.0},{"damage_healed":0.0,"max_hp_gain":0.0,"max_hp_loss":0.0,"gold_gain":0.0,"event_name":"Golden Idol","player_choice":"Take Damage","floor":12.0,"gold_loss":0.0,"damage_taken":18.0,"relics_obtained":["Golden Idol"]},{"damage_healed":0.0,"max_hp_gain":0.0,"max_hp_loss":0.0,"gold_gain":75.0,"event_name":"World of Goop","player_choice":"Gather Gold","floor":14.0,"gold_loss":0.0,"damage_taken":11.0},{"damage_healed":0.0,"max_hp_gain":0.0,"max_hp_loss":0.0,"gold_gain":0.0,"event_name":"Ghosts","player_choice":"Ignored","floor":21.0,"gold_loss":0.0,"damage_taken":0.0},{"cards_removed":["Defend_P"],"damage_healed":0.0,"max_hp_gain":0.0,"max_hp_loss":0.0,"gold_gain":0.0,"event_name":"Beggar","player_choice":"Gave Gold","floor":28.0,"gold_loss":75.0,"damage_taken":0.0},{"damage_healed":0.0,"max_hp_gain":0.0,"max_hp_loss":0.0,"gold_gain":0.0,"event_name":"Duplicator","player_choice":"Copied","floor":29.0,"gold_loss":0.0,"damage_taken":0.0,"cards_obtained":["Eruption"]},{"damage_healed":0.0,"max_hp_gain":0.0,"max_hp_loss":0.0,"gold_gain":0.0,"event_name":"MindBloom","player_choice":"Fight","floor":39.0,"gold_loss":0.0,"damage_taken":0.0},{"damage_healed":0,"gold_gain":333,"player_choice":"Gave Idol","damage_taken":0,"max_hp_gain":0,"max_hp_loss":0,"event_name":"The Moai Head","floor":42,"relics_lost":["Golden Idol"],"gold_loss":0}],"is_beta":false,"boss_relics":[{"not_picked":["Velvet Choker","Fusion Hammer"],"picked":"Busted Crown"},{"not_picked":["Tiny House","HolyWater"],"picked":"SlaversCollar"}],"items_purged_floors":[3,19,30,37],"is_endless":false,"potions_floor_spawned":[4,20,24,31,38,40],"killed_by":"Nemesis","ascension_level":1}}