{"host":"3goc4eg48gs58qxk","time":1613734857,"event":{"mods":["BaseMod","Better Note","Downfall","Minty Spire (QoL Compilation)","MostiFishMod","StSLib","Waifu the Spire"],"gold_per_floor":[99,119,138,48,48,63,63,63,76,76,107,107,126,155,171,266,266,166,179,198,198,198,224,273,333,363,238,238,88,101,133,147,249,249,149,159,179,191,211,225,275,622,622,622,648,680,692,731,643,655,667,714,43,43,43,43],"floor_reached":57,"language":"ZHS","playtime":2887,"items_purged":["Guardian:Strike_Guardian","Guardian:Defend_Guardian","Guardian:Strike_Guardian","Guardian:Defend_Guardian","MostiFishMod:TheEndOfMoonlight"],"score":1817,"play_id":"00fdcee8-57d8-4ff2-a43b-d36a83583817","local_time":"20210219194057","is_ascension_mode":true,"campfire_choices":[{"data":"MostiFishMod:NightSea","floor":1.0,"key":"SMITH"},{"data":"MostiFishMod:Neptune","floor":10.0,"key":"SMITH"},{"data":"MostiFishMod:FantasySummer","floor":12.0,"key":"SMITH"},{"data":"Guardian:CompilePackage","floor":18.0,"key":"SMITH"},{"floor":28.0,"key":"RECALL"},{"data":"Guardian:PrismaticBeam","floor":35.0,"key":"SMITH"},{"data":"MostiFishMod:SparklingWater","floor":44.0,"key":"SMITH"},{"data":"Guardian:ExploitGems","floor":47.0,"key":"SMITH"},{"data":"Guardian:Defend_Guardian","floor":49.0,"key":"SMITH"},{"data":"Guardian:CurlUp","floor":54,"key":"SMITH"}],"circlet_count":0,"master_deck":["Guardian:Strike_Guardian","Guardian:Defend_Guardian+1","Guardian:Defend_Guardian","Guardian:CurlUp+1","MostiFishMod:Neptune+1","MostiFishMod:SparklingWater+1","MostiFishMod:FantasySummer+1","MostiFishMod:NightSea+1","Guardian:Emergency","Guardian:PrismaticBarrier+1","Guardian:CompilePackage+1","Guardian:PrismaticBeam+1","Guardian:ExploitGems+1"],"relics":["DaveBox","ShadowXiaoBlade","MoonlightInvasionPlan","downfall:BrokenWingStatue","Guardian:DefensiveModeMoreBlock","White Beast Statue","Guardian:StasisSlotReductionRelic","downfall:HeartBlessingBlue","Bird Faced Urn","Omamori","Civilization","Anchor","Akabeko","Coffee Dripper","downfall:HeartBlessingRed","CeramicFish","Old Coin","MawBank","Bag of Marbles","downfall:HeartBlessingGreen","hexamod:Sixitude","OrangePellets","Pen Nib","Art of War"],"acts_visited":["Exordium","TheCity","TheBeyond","TheEnding"],"potions_floor_usage":[56,56,56],"damage_taken":[{"damage":0.0,"enemies":"2 Louse","floor":2.0,"turns":2.0},{"damage":0.0,"enemies":"Jaw Worm","floor":3.0,"turns":1.0},{"damage":10.0,"enemies":"downfall:FleeingMerchant","floor":4.0,"turns":4.0},{"damage":0.0,"enemies":"Cultist","floor":6.0,"turns":1.0},{"damage":0.0,"enemies":"Large Slime","floor":9.0,"turns":1.0},{"damage":0.0,"enemies":"3 Sentries","floor":11.0,"turns":4.0},{"damage":5.0,"enemies":"downfall:LooterAlt","floor":13.0,"turns":2.0},{"damage":3.0,"enemies":"Gremlin Nob","floor":14.0,"turns":3.0},{"damage":0.0,"enemies":"Blue Slaver","floor":15.0,"turns":1.0},{"damage":18.0,"enemies":"DF_ARCHETYPE_STREAMLINE","floor":16.0,"turns":6.0},{"damage":5.0,"enemies":"downfall:LooterAlt2","floor":19.0,"turns":3.0},{"damage":0.0,"enemies":"Shell Parasite","floor":20.0,"turns":2.0},{"damage":5.0,"enemies":"Slavers","floor":23.0,"turns":3.0},{"damage":5.0,"enemies":"downfall:FleeingMerchant","floor":25.0,"turns":4.0},{"damage":5.0,"enemies":"Gremlin Leader","floor":26.0,"turns":2.0},{"damage":0.0,"enemies":"Centurion and Healer","floor":30.0,"turns":1.0},{"damage":5.0,"enemies":"Book of Stabbing","floor":31.0,"turns":2.0},{"damage":0.0,"enemies":"Sentry and Sphere","floor":32.0,"turns":1.0},{"damage":0.0,"enemies":"WA_ARCHETYPE_CALM","floor":33.0,"turns":4.0},{"damage":0.0,"enemies":"3 Darklings","floor":36.0,"turns":2.0},{"damage":0.0,"enemies":"Orb Walker","floor":37.0,"turns":1.0},{"damage":0.0,"enemies":"4 Shapes","floor":38.0,"turns":5.0},{"damage":0.0,"enemies":"Writhing Mass","floor":39.0,"turns":2.0},{"damage":0.0,"enemies":"Spire Growth","floor":40.0,"turns":1.0},{"damage":0.0,"enemies":"2 Orb Walkers","floor":42.0,"turns":1.0},{"damage":2.0,"enemies":"4 Shapes","floor":46.0,"turns":4.0},{"damage":0.0,"enemies":"Nemesis","floor":48.0,"turns":1.0},{"damage":0.0,"enemies":"IC_BLOCK_ARCHETYPE","floor":50.0,"turns":2.0},{"damage":0,"enemies":"downfall:CharBossMerchant","floor":52,"turns":2},{"damage":5,"enemies":"downfall:NeowBoss","floor":55,"turns":10},{"damage":5,"enemies":"downfall:NeowBossFinal","floor":56,"turns":8}],"seed_played":"-4566608199533177852","potions_obtained":[{"floor":2.0,"key":"SpeedPotion"},{"floor":3.0,"key":"Fire Potion"},{"floor":13.0,"key":"PowerPotion"},{"floor":15.0,"key":"DistilledChaos"},{"floor":25.0,"key":"EntropicBrew"},{"floor":48.0,"key":"Strength Potion"}],"is_trial":false,"path_per_floor":["R","M","M","$","?","M","T","?","M","R","E","R","M","E","M","B",null,"R","M","M","?","?","E","T","$","E","$","R","$","M","E","M","B",null,"R","M","M","M","M","M","T","?","?","R","T","M","R","E","R","B",null,"E","$","R","B","B",null],"character_chosen":"GUARDIAN","items_purchased":["Civilization","OrangePellets","Pen Nib","Art of War","ColorlessPotion"],"campfire_rested":0,"item_purchase_floors":[25,53,53,53,53],"current_hp_per_floor":[80,80,80,70,70,70,70,70,70,70,70,70,65,62,62,44,80,90,85,85,85,85,80,80,75,71,71,71,71,74,73,78,83,108,108,113,118,123,128,133,133,138,138,138,138,141,141,146,146,151,153,158,158,158,162,168],"gold":43,"neow_bonus":"BOSS_RELIC","is_daily":false,"chose_seed":false,"campfire_upgraded":9,"win_rate":0.0,"timestamp":1613734857,"path_taken":["R","M","M","$","?","M","T","?","M","R","E","R","M","E","M","BOSS","R","M","M","?","?","E","T","?","E","$","R","$","M","E","M","BOSS","R","M","M","?","M","M","T","?","?","R","?","M","R","E","R","BOSS","E","$","R","BOSS","BOSS"],"items_purchased_type":["Relic","Relic","Relic","Relic","Potion"],"build_version":"2020-12-22","purchased_purges":5,"victory":true,"max_hp_per_floor":[80,80,80,80,80,80,80,80,80,80,80,80,80,80,80,80,80,90,90,90,90,90,90,90,90,91,91,91,91,94,98,103,108,108,108,113,118,123,128,133,133,138,138,138,138,143,143,148,148,153,153,158,158,158,163,173],"card_choices":[{"not_picked":["Guardian:Gem_Crimson","Guardian:TemporalShield","Guardian:ChargeCore"],"picked":"SKIP","floor":2.0},{"not_picked":["Guardian:WalkerClaw","Guardian:CrystalBeam"],"picked":"Guardian:Emergency","floor":3.0},{"not_picked":["Guardian:Suspension","Guardian:Gem_Cyan"],"picked":"Guardian:PrismaticBarrier","floor":4.0},{"not_picked":["Guardian:Emergency","Guardian:WalkerClaw"],"picked":"Guardian:Gem_Crimson","floor":6.0},{"not_picked":["Guardian:DonusPower","Guardian:Recover","Guardian:RollAttack"],"picked":"SKIP","floor":9.0},{"not_picked":["Guardian:TemporalShield","Guardian:Orbwalk","Guardian:Incinerate"],"picked":"SKIP","floor":11.0},{"not_picked":["Guardian:PiercingHide","Guardian:Incinerate","Guardian:Gem_Crimson"],"picked":"SKIP","floor":13.0},{"not_picked":["Guardian:PrismaticBeam","Guardian:WalkerClaw"],"picked":"Guardian:CompilePackage","floor":14.0},{"not_picked":["Guardian:BronzeOrb","Guardian:PiercingHide","Guardian:TimeCapacitor"],"picked":"SKIP","floor":15.0},{"not_picked":["Guardian:GuardianWhirl+1","Guardian:Emergency","Guardian:Planning"],"picked":"SKIP","floor":19.0},{"not_picked":["Guardian:VentSteam","Guardian:ArmoredProtocol"],"picked":"Guardian:Gem_White","floor":20.0},{"not_picked":["Guardian:BronzeArmor","Guardian:Recover+1","Guardian:TemporalShield"],"picked":"SKIP","floor":23.0},{"not_picked":["Guardian:BronzeArmor","Guardian:Recover+1","Guardian:TemporalShield"],"picked":"SKIP","floor":23.0},{"not_picked":["Guardian:GuardianWhirl","Guardian:Recover"],"picked":"Guardian:PrismaticBeam","floor":25.0},{"not_picked":["Guardian:DecasProtection","Guardian:TimeCapacitor","Guardian:PrismaticBarrier+1"],"picked":"SKIP","floor":26.0},{"not_picked":["Guardian:Recover","Guardian:DecasProtection","Guardian:ShieldCharger"],"picked":"SKIP","floor":30.0},{"not_picked":["Guardian:PrimingBeam+1","Guardian:Gem_Blue"],"picked":"Guardian:Gem_White","floor":31.0},{"not_picked":["Guardian:ShieldCharger","Guardian:PiercingHide","Guardian:ChargeCore+1"],"picked":"SKIP","floor":32.0},{"not_picked":["Guardian:AncientConstruct","Guardian:HyperBeam_Guardian"],"picked":"Guardian:ExploitGems","floor":33.0},{"not_picked":["Guardian:WalkerClaw","Guardian:Gem_Blue"],"picked":"Guardian:Gem_Red","floor":36.0},{"not_picked":["Guardian:Orbwalk+1","Guardian:PiercingHide+1","Guardian:ChargeUp+1"],"picked":"SKIP","floor":37.0},{"not_picked":["Guardian:Planning","Guardian:TemporalStrike","Guardian:TemporalShield"],"picked":"SKIP","floor":38.0},{"not_picked":["Guardian:ChargeUp","Guardian:EvasiveProtocol+1","Guardian:ShieldSpikes+1"],"picked":"SKIP","floor":39.0},{"not_picked":["Guardian:Incinerate+1","Guardian:Suspension+1","Guardian:RollAttack"],"picked":"SKIP","floor":40.0},{"not_picked":["Guardian:RollAttack","Guardian:TemporalShield","Guardian:TimeSifter"],"picked":"SKIP","floor":46.0},{"not_picked":["Guardian:PrimingBeam+1","Guardian:Incinerate","Guardian:ChargeCore"],"picked":"SKIP","floor":48.0},{"not_picked":["Guardian:Gem_Green","Guardian:GuardianWhirl","Guardian:CrystalBeam"],"picked":"SKIP","floor":52}],"player_experience":505777,"relics_obtained":[{"floor":11.0,"key":"Guardian:DefensiveModeMoreBlock"},{"floor":14.0,"key":"White Beast Statue"},{"floor":23.0,"key":"Bird Faced Urn"},{"floor":24.0,"key":"Omamori"},{"floor":26.0,"key":"Anchor"},{"floor":31.0,"key":"Akabeko"},{"floor":41.0,"key":"CeramicFish"},{"floor":42.0,"key":"Old Coin"},{"floor":45.0,"key":"MawBank"},{"floor":48.0,"key":"Bag of Marbles"},{"floor":52,"key":"hexamod:Sixitude"}],"event_choices":[{"cards_removed":["Guardian:Strike_Guardian"],"damage_healed":0.0,"max_hp_gain":0.0,"max_hp_loss":0.0,"gold_gain":0.0,"event_name":"The Cleric","player_choice":"Card Removal","floor":5.0,"gold_loss":0.0,"damage_taken":0.0},{"damage_healed":0.0,"max_hp_gain":0.0,"max_hp_loss":0.0,"gold_gain":0.0,"event_name":"Mysterious Sphere","player_choice":"Fight","floor":42.0,"gold_loss":0.0,"damage_taken":0.0},{"cards_removed":["Guardian:TwinSlam"],"damage_healed":0.0,"max_hp_gain":0.0,"max_hp_loss":0.0,"gold_gain":0.0,"event_name":"Falling","player_choice":"Removed Attack","floor":43.0,"gold_loss":0.0,"damage_taken":0.0}],"is_beta":false,"boss_relics":[{"not_picked":["bronze:MakeshiftBattery","Transparent"],"picked":"Guardian:StasisSlotReductionRelic"},{"not_picked":["Busted Crown","Fusion Hammer"],"picked":"Coffee Dripper"}],"items_purged_floors":[4,25,27,29,53],"is_endless":false,"potions_floor_spawned":[2,3,13,15,16,19,20,23,25,26,30,31,32,33,36,37,38,39,40,42,46,48,52],"ascension_level":1}}