{"host":"6dypmz777xraikqf","time":1613745296,"event":{"mods":["AchievementEnabler","BaseMod","BetterRewards","Colored Map","Colored Powertips","Downfall","Highlight Path","Hubris","Infinite Spire","Minty Spire (QoL Compilation)","Replay The Spire","StSLib"],"gold_per_floor":[113,113,132,132,7,42,60,60,60],"floor_reached":8,"language":"ENG","playtime":296,"items_purged":[],"score":112,"play_id":"c2c61bf8-de66-4b4b-a95b-d6af4dc5be1c","local_time":"20210219143456","is_ascension_mode":true,"campfire_choices":[],"circlet_count":0,"master_deck":["AscendersBane","Strike_R","Strike_R","Strike_R","Strike_R","Strike_R","Defend_R","Defend_R","Defend_R+1","Defend_R","Bash","Wild Strike","Cleave","Apotheosis+1","Twin Strike","Twin Strike","Whirlwind","infinitespire:OneForAll"],"relics":["Burning Blood","Membership Card","War Paint"],"acts_visited":["Exordium"],"potions_floor_usage":[3,6,7],"damage_taken":[{"damage":7,"enemies":"Cultist","floor":1,"turns":4},{"damage":5,"enemies":"2 Louse","floor":3,"turns":3},{"damage":39,"enemies":"Gremlin Nob","floor":6,"turns":4},{"damage":5,"enemies":"Jaw Worm","floor":7,"turns":3},{"damage":28,"enemies":"Lagavulin","floor":8,"turns":4}],"seed_played":"-3081865020277897719","potions_obtained":[{"floor":1,"key":"champ:CounterPotion"},{"floor":2,"key":"Dexterity Potion"},{"floor":3,"key":"Explosive Potion"}],"is_trial":false,"path_per_floor":["M","?","M","?","$","E","M","E"],"character_chosen":"IRONCLAD","items_purchased":["Membership Card","Apotheosis","Twin Strike"],"campfire_rested":0,"item_purchase_floors":[0,5,5],"current_hp_per_floor":[59,59,60,60,60,27,28,0,0],"gold":60,"neow_bonus":"","is_daily":false,"chose_seed":false,"campfire_upgraded":0,"win_rate":0.0,"timestamp":1613745296,"path_taken":["M","?","?","?","$","E","M","E"],"items_purchased_type":["Relic","Card","Card"],"build_version":"2020-12-22","purchased_purges":0,"victory":false,"max_hp_per_floor":[75,75,75,75,75,75,75,75,75],"card_choices":[{"not_picked":["Flex","Sever Soul"],"picked":"Wild Strike","floor":1},{"not_picked":["Heavy Blade","Headbutt"],"picked":"Cleave","floor":3},{"not_picked":["Iron Wave","Twin Strike"],"picked":"Whirlwind","floor":6},{"not_picked":["Warcry","Wild Strike"],"picked":"infinitespire:OneForAll","floor":7}],"player_experience":268045,"relics_obtained":[{"floor":6,"key":"War Paint"}],"event_choices":[{"damage_healed":0,"gold_gain":0,"player_choice":"Got Potions","damage_taken":0,"max_hp_gain":0,"max_hp_loss":0,"event_name":"Lab","floor":2,"gold_loss":0},{"damage_healed":0,"gold_gain":0,"player_choice":"Leave","damage_taken":0,"max_hp_gain":0,"max_hp_loss":0,"event_name":"The Cleric","floor":4,"gold_loss":0}],"is_beta":false,"boss_relics":[],"items_purged_floors":[],"is_endless":false,"potions_floor_spawned":[1,3],"killed_by":"Lagavulin","ascension_level":20}}