{"host":"ydg0vn0pu4pubmdt","time":1613743312,"event":{"mods":["AchievementEnabler","BaseMod","Colored Map","Minty Spire (QoL Compilation)","Quick Restart","SuperFastMode"],"gold_per_floor":[113,113,125,137,150,185,185,219,268,26,45,45,61,6,6,6,6],"floor_reached":16,"language":"KOR","playtime":272,"items_purged":["Defend_G"],"score":224,"play_id":"d0f14e47-94d3-4bf4-94cb-7ed9beee81d9","local_time":"20210219230152","is_ascension_mode":true,"campfire_choices":[{"data":"Bouncing Flask","floor":15,"key":"SMITH"}],"circlet_count":0,"master_deck":["AscendersBane","Strike_G","Strike_G","Strike_G","Defend_G","Defend_G","Defend_G","Defend_G","Survivor","Neutralize","Die Die Die","Escape Plan","Dagger Spray","Bouncing Flask+1","Blur","Backstab","After Image"],"relics":["Ring of the Snake","Orichalcum","InkBottle","PreservedInsect","TwistedFunnel"],"acts_visited":["Exordium"],"potions_floor_usage":[6,6,8,16],"damage_taken":[{"damage":0,"enemies":"Small Slimes","floor":1,"turns":2},{"damage":0,"enemies":"2 Louse","floor":3,"turns":2},{"damage":1,"enemies":"Cultist","floor":4,"turns":3},{"damage":0,"enemies":"2 Fungi Beasts","floor":5,"turns":2},{"damage":28,"enemies":"Lagavulin","floor":6,"turns":5},{"damage":2,"enemies":"Gremlin Nob","floor":8,"turns":3},{"damage":0,"enemies":"Large Slime","floor":11,"turns":4},{"damage":5,"enemies":"Blue Slaver","floor":13,"turns":3},{"damage":18,"enemies":"Hexaghost","floor":16,"turns":7}],"seed_played":"-6576015758893957148","potions_obtained":[{"floor":1,"key":"Block Potion"},{"floor":4,"key":"Strength Potion"},{"floor":6,"key":"AttackPotion"}],"is_trial":false,"path_per_floor":["M","?","M","M","M","E","?","E","T","$","M","?","M","$","R","B"],"character_chosen":"THE_SILENT","items_purchased":["TwistedFunnel","PowerPotion"],"campfire_rested":0,"item_purchase_floors":[10,14],"current_hp_per_floor":[59,52,52,51,51,23,23,21,21,21,21,21,16,16,16,0,0],"gold":6,"neow_bonus":"THREE_RARE_CARDS","is_daily":false,"chose_seed":false,"campfire_upgraded":1,"win_rate":0.0,"timestamp":1613743312,"path_taken":["M","?","M","M","M","E","?","E","T","$","?","?","M","$","R","BOSS"],"items_purchased_type":["Relic","Potion"],"build_version":"2020-12-22","purchased_purges":1,"victory":false,"max_hp_per_floor":[60,60,60,60,60,60,60,60,60,60,60,60,60,60,60,60,60],"card_choices":[{"not_picked":["Bullet Time","Burst"],"picked":"Die Die Die","floor":0},{"not_picked":["PiercingWail","Backflip"],"picked":"Escape Plan","floor":1},{"not_picked":["Quick Slash","Deadly Poison"],"picked":"Dagger Spray","floor":3},{"not_picked":["Blade Dance","Caltrops"],"picked":"Bouncing Flask","floor":4},{"not_picked":["Finisher","Dagger Spray","Outmaneuver"],"picked":"SKIP","floor":5},{"not_picked":["Quick Slash","Poisoned Stab","Bane"],"picked":"SKIP","floor":6},{"not_picked":["Catalyst","Distraction"],"picked":"Blur","floor":8},{"not_picked":["Outmaneuver","Bouncing Flask"],"picked":"Backstab","floor":11},{"not_picked":["Flying Knee","Setup"],"picked":"After Image","floor":13}],"player_experience":613591,"relics_obtained":[{"floor":6,"key":"Orichalcum"},{"floor":8,"key":"InkBottle"},{"floor":9,"key":"PreservedInsect"}],"event_choices":[{"cards_removed":["Strike_G"],"damage_healed":0,"gold_gain":0,"player_choice":"Card Removal","damage_taken":7,"max_hp_gain":0,"max_hp_loss":0,"event_name":"Golden Wing","floor":2,"gold_loss":0},{"cards_removed":["Strike_G"],"damage_healed":0,"gold_gain":0,"player_choice":"Purged","damage_taken":0,"max_hp_gain":0,"max_hp_loss":0,"event_name":"Purifier","floor":7,"gold_loss":0},{"damage_healed":0,"gold_gain":0,"player_choice":"Ignored","damage_taken":0,"max_hp_gain":0,"max_hp_loss":0,"event_name":"Liars Game","floor":12,"gold_loss":0}],"is_beta":false,"boss_relics":[],"items_purged_floors":[10],"is_endless":false,"potions_floor_spawned":[1,4,6],"killed_by":"Hexaghost","ascension_level":20}}