{"host":"v5au5eh5ych42xnd","time":1613735751,"event":{"mods":["AchievementEnabler","AlwaysNeverKeys","BaseMod","Better Altar","Better Third Choice","Better-Laid Plans","BetterRewards","Colored Map","Colored Powertips","Curses Come First","Defuse TimeMaze Blight","Emptier Cage","Googly Eyes","Halation","Infinite Spire","Minty Spire (QoL Compilation)","Permanent Neow","Quick Restart","Relic Stats","Reliquary","Replay The Spire","Shop Mod","StSLib","SuperFastMode","Synergy Search","everything is the same but u backflip on backflip","slay the spire mod where everything is the same but ironclad has a cowboy hat"],"gold_per_floor":[114,129,229,249,266,276,308,321,321,321,352,352,387,387,387,489,489,471,482,482,482,500,500,511,523,547,33,33,66,78,78,3,99,99,123,123,123,146,170,170,206,235,235,275,275,275,308,338,373,426,426,426,426,426,65,103,103],"floor_reached":58,"language":"ENG","playtime":5326,"items_purged":["Spreading Infection","Strike_R","Spreading Infection"],"score":1878,"play_id":"e06c3b20-7204-491d-87c3-259cc54ac82d","local_time":"20210219125551","is_ascension_mode":true,"campfire_choices":[{"floor":10.0,"key":"REST"},{"data":"Demon Form","floor":12.0,"key":"SMITH"},{"data":"Metallicize","floor":15.0,"key":"SMITH"},{"data":"Metallicize","floor":23.0,"key":"SMITH"},{"data":"Uppercut","floor":28.0,"key":"SMITH"},{"data":"infinitespire:Collect","floor":40.0,"key":"SMITH"},{"floor":51.0,"key":"DIG"},{"floor":54.0,"key":"DIG"}],"circlet_count":0,"master_deck":["AscendersBane","Strike_R","Strike_R","Strike_R","Defend_R","Defend_R","Defend_R","Defend_R","Bash","True Grit","Iron Wave","True Grit","Ghostly Armor+1","Demon Form+1","Metallicize+1","Seeing Red","Shockwave","Metallicize+1","Uppercut+1","Reaper+1","Heavy Blade+1","infinitespire:Collect+1","Feel No Pain","Iron Wave","Sentinel","Intimidate","Juggernaut","Shrug It Off+1","Rage","Cleave+1","Heavy Blade+1","Sword Boomerang+1","Thunderclap","Shrug It Off+1","Dual Wield","Burning Pact+1","Abandon+1"],"relics":["Burning Blood","Self Forming Clay","Replay:Bottled Snecko","ReplayTheSpireMod:Lightbulb","Happy Flower","Cursed Key","Ooze Armor","Oddly Smooth Stone","halation:LettersToHer","Gremlin Horn","infinitespire:EvilPickle","Replay:Grab Bag","Replay:Bronze Core","Painkiller Herb","halation:Prosthetics","halation:SwordOfLegend","The Courier","reliquary:TridentHead","Bag of Preparation","MerchantsRug","Medical Kit","reliquary:PrincelyHelmet","Pet Ghost"],"acts_visited":["Exordium","TheCity","TheBeyond","TheEnding"],"potions_floor_usage":[57],"damage_taken":[{"damage":12.0,"enemies":"Small Slimes","floor":1.0,"turns":4.0},{"damage":4.0,"enemies":"Cultist","floor":2.0,"turns":5.0},{"damage":0.0,"enemies":"2 Louse","floor":4.0,"turns":3.0},{"damage":28.0,"enemies":"Exordium Thugs","floor":5.0,"turns":6.0},{"damage":13.0,"enemies":"Red Slaver","floor":6.0,"turns":6.0},{"damage":37.0,"enemies":"3 Sentries","floor":7.0,"turns":10.0},{"damage":6.0,"enemies":"Lots of Slimes","floor":8.0,"turns":3.0},{"damage":16.0,"enemies":"Replay:BlueRogue","floor":11.0,"turns":6.0},{"damage":25.0,"enemies":"Gremlin Nob","floor":13.0,"turns":6.0},{"damage":20.0,"enemies":"Hexaghost","floor":16.0,"turns":12.0},{"damage":32.0,"enemies":"2 Thieves","floor":18.0,"turns":4.0},{"damage":2.0,"enemies":"Shell Parasite","floor":19.0,"turns":5.0},{"damage":7.0,"enemies":"Snake Plant","floor":22.0,"turns":4.0},{"damage":8.0,"enemies":"Cultist and Chosen","floor":24.0,"turns":8.0},{"damage":2.0,"enemies":"Snecko","floor":25.0,"turns":5.0},{"damage":23.0,"enemies":"Gremlin Leader","floor":29.0,"turns":7.0},{"damage":11.0,"enemies":"Snake Plant","floor":30.0,"turns":5.0},{"damage":13.0,"enemies":"Pondfish","floor":33.0,"turns":9.0},{"damage":3.0,"enemies":"3 Shapes","floor":35.0,"turns":4.0},{"damage":0.0,"enemies":"Orb Walker","floor":38.0,"turns":5.0},{"damage":44.0,"enemies":"4 Shapes","floor":39.0,"turns":5.0},{"damage":7.0,"enemies":"Giant Head","floor":41.0,"turns":6.0},{"damage":9.0,"enemies":"Transient","floor":42.0,"turns":5.0},{"damage":0.0,"enemies":"R_Hoarder","floor":44.0,"turns":6.0},{"damage":0.0,"enemies":"Maw","floor":47.0,"turns":7.0},{"damage":0.0,"enemies":"3 Darklings","floor":48.0,"turns":3.0},{"damage":26.0,"enemies":"4 Shapes","floor":49.0,"turns":4.0},{"damage":17.0,"enemies":"Nemesis","floor":50.0,"turns":8.0},{"damage":23.0,"enemies":"Time Eater","floor":52.0,"turns":8.0},{"damage":27.0,"enemies":"Shield and Spear","floor":56.0,"turns":6.0},{"damage":47,"enemies":"The Heart","floor":57,"turns":9}],"seed_played":"137562355690715003","potions_obtained":[{"floor":6.0,"key":"GamblersBrew"},{"floor":7.0,"key":"EntropicBrew"},{"floor":8.0,"key":"Block Potion"},{"floor":13.0,"key":"PowerPotion"},{"floor":16.0,"key":"Energy Potion"},{"floor":25.0,"key":"Fruit Juice"},{"floor":29.0,"key":"ColorlessPotion"},{"floor":33.0,"key":"Weak Potion"},{"floor":38.0,"key":"Elixir"},{"floor":44.0,"key":"Regen Potion"},{"floor":56.0,"key":"Explosive Potion"}],"is_trial":false,"path_per_floor":["M","M","?","M","M","M","E","M","T","R","E","R","E","?","R","B",null,"M","M","AVR","?","M","R","M","M","T","$","R","E","M","?","R_BF","B",null,"?","?","AVR","?","?","T","E","?","T","E","PTL","PTL","?","?","?","E","T","B",null,"T","T","E","B",null],"character_chosen":"IRONCLAD","items_purchased":["Guide Book","Ginger","MerchantsRug","Medical Kit","Burning Pact","reliquary:PrincelyHelmet","DistilledChaos","BlessingOfTheForge"],"campfire_rested":1,"item_purchase_floors":[27,27,55,55,55,55,55,55],"current_hp_per_floor":[66,68,68,74,52,45,14,14,14,38,28,28,9,35,35,21,65,47,51,51,51,57,57,63,80,80,80,80,68,63,63,63,70,50,50,50,50,50,34,40,39,36,36,50,50,50,50,50,30,27,48,47,55,57,57,57,21],"gold":103,"neow_bonus":"THREE_CARDS","is_daily":false,"chose_seed":false,"campfire_upgraded":5,"win_rate":0.0,"timestamp":1613735751,"path_taken":["M","M","?","?","?","M","E","M","T","R","E","R","E","?","R","BOSS","M","M","AVR","?","M","R","M","?","T","?","R","E","?","?","R_BF","BOSS","?","?","AVR","?","?","T","E","?","T","E","PTL","PTL","?","?","?","E","T","BOSS","T","T","E","BOSS"],"items_purchased_type":["Relic","Relic","Relic","Relic","Card","Relic","Potion","Potion"],"build_version":"2020-12-22","purchased_purges":3,"victory":true,"max_hp_per_floor":[80,80,80,80,80,80,80,80,80,80,80,80,80,80,80,80,80,80,80,80,80,80,80,80,80,80,80,80,85,85,85,85,85,50,50,50,50,50,50,50,50,50,50,50,50,50,50,50,50,57,57,57,57,57,57,57,57],"relic_stats":{"Happy Flower":[45],"Gremlin Horn":[26,26],"counters":[31,184],"Self Forming Clay":[186],"Bag of Preparation":[6],"Cursed Key":2,"Medical Kit":[6],"obtain_stats":[{"Golden Egg":54,"Gremlin Horn":29,"reliquary:PrincelyHelmet":55,"Painkiller Herb":34,"Bag of Preparation":51,"Ginger":27,"halation:Prosthetics":34,"Cursed Key":17,"Burning Blood":0,"Pet Ghost":56,"reliquary:TridentHead":44,"Shovel":43,"Replay:Bronze Core":34,"Strawberry":50,"Replay:Bottled Snecko":9,"halation:LettersToHer":26,"MerchantsRug":55,"Happy Flower":13,"Self Forming Clay":7,"Guide Book":27,"Replay:Grab Bag":34,"Oddly Smooth Stone":20,"The Courier":41,"Medical Kit":55,"infinitespire:EvilPickle":33,"halation:SwordOfLegend":37,"Ooze Armor":20,"ReplayTheSpireMod:Lightbulb":11},{"Golden Egg":29,"Gremlin Horn":16,"reliquary:PrincelyHelmet":29,"Painkiller Herb":18,"Bag of Preparation":28,"Ginger":15,"halation:Prosthetics":18,"Cursed Key":10,"Burning Blood":0,"Pet Ghost":30,"reliquary:TridentHead":24,"Shovel":23,"Replay:Bronze Core":18,"Strawberry":28,"Replay:Bottled Snecko":7,"halation:LettersToHer":15,"MerchantsRug":29,"Happy Flower":9,"Self Forming Clay":6,"Guide Book":15,"Replay:Grab Bag":18,"Oddly Smooth Stone":12,"The Courier":22,"Medical Kit":29,"infinitespire:EvilPickle":18,"halation:SwordOfLegend":19,"Ooze Armor":12,"ReplayTheSpireMod:Lightbulb":8},{"Golden Egg":169,"Gremlin Horn":94,"reliquary:PrincelyHelmet":169,"Painkiller Herb":108,"Bag of Preparation":161,"Ginger":87,"halation:Prosthetics":108,"Cursed Key":61,"Burning Blood":0,"Pet Ghost":175,"reliquary:TridentHead":139,"Shovel":133,"Replay:Bronze Core":108,"Strawberry":161,"Replay:Bottled Snecko":37,"halation:LettersToHer":87,"MerchantsRug":169,"Happy Flower":49,"Self Forming Clay":34,"Guide Book":87,"Replay:Grab Bag":108,"Oddly Smooth Stone":70,"The Courier":128,"Medical Kit":169,"infinitespire:EvilPickle":108,"halation:SwordOfLegend":112,"Ooze Armor":70,"ReplayTheSpireMod:Lightbulb":43}],"Burning Blood":153},"card_choices":[{"not_picked":["Massacre","Combust"],"picked":"True Grit","floor":0.0},{"not_picked":["Shrug It Off","Pommel Strike"],"picked":"Iron Wave","floor":1.0},{"not_picked":["Perfected Strike","Heavy Blade"],"picked":"True Grit","floor":2.0},{"not_picked":["Havoc","Sword Boomerang"],"picked":"Ghostly Armor","floor":4.0},{"not_picked":["Sentinel","Inflame"],"picked":"Demon Form","floor":5.0},{"not_picked":["ReplayTheSpireMod:Strike From Hell","Massacre"],"picked":"Metallicize","floor":6.0},{"not_picked":["Armaments","Sentinel"],"picked":"Seeing Red","floor":7.0},{"not_picked":["Anger","Flex"],"picked":"Shockwave","floor":8.0},{"not_picked":["Twin Strike","Life Link"],"picked":"Metallicize","floor":11.0},{"not_picked":["Warcry","Disarm"],"picked":"Uppercut","floor":13.0},{"not_picked":["Hemogenesis","Berserk"],"picked":"Reaper","floor":16.0},{"not_picked":["Iron Wave","Cleave"],"picked":"Heavy Blade+1","floor":18.0},{"not_picked":["Perfected Strike+1","Armaments","Body Slam+1"],"picked":"SKIP","floor":19.0},{"not_picked":["Life Link","Flex","Anger"],"picked":"SKIP","floor":22.0},{"not_picked":["Havoc+1","Body Slam"],"picked":"Feel No Pain","floor":24.0},{"not_picked":["Wild Strike","Perfected Strike+1"],"picked":"Iron Wave","floor":25.0},{"not_picked":["Body Slam","Whirlwind"],"picked":"Sentinel","floor":29.0},{"not_picked":["infinitespire:OneForAll+1","Defy Death"],"picked":"Intimidate","floor":30.0},{"not_picked":["Fiend Fire","Reaper"],"picked":"Juggernaut","floor":33.0},{"not_picked":["Twin Strike+1","ReplayTheSpireMod:Strike From Hell+1"],"picked":"Shrug It Off+1","floor":35.0},{"not_picked":["Perfected Strike","Iron Wave+1"],"picked":"Rage","floor":38.0},{"not_picked":["Sentinel","True Grit+1"],"picked":"Cleave+1","floor":39.0},{"not_picked":["Thunderclap","Replay:Undeath\u0027s Touch"],"picked":"Heavy Blade+1","floor":41.0},{"not_picked":["Sentinel+1","ReplayTheSpireMod:LeadingStrike"],"picked":"Sword Boomerang+1","floor":42.0},{"not_picked":["Sever Soul","Fiend Fire"],"picked":"Thunderclap","floor":44.0},{"not_picked":["Headbutt","Evolve"],"picked":"Shrug It Off+1","floor":47.0},{"not_picked":["ReplayTheSpireMod:Muscle Training","Whirlwind+1"],"picked":"Dual Wield","floor":48.0},{"not_picked":["infinitespire:OneForAll","Anger","Carnage"],"picked":"SKIP","floor":49.0},{"not_picked":["Offering","Sword Boomerang","Wild Strike+1"],"picked":"SKIP","floor":50.0},{"not_picked":["Battle Trance+1","Anger"],"picked":"Abandon+1","floor":56.0}],"player_experience":775441,"relics_obtained":[{"floor":7.0,"key":"Self Forming Clay"},{"floor":9.0,"key":"Replay:Bottled Snecko"},{"floor":11.0,"key":"ReplayTheSpireMod:Lightbulb"},{"floor":13.0,"key":"Happy Flower"},{"floor":26.0,"key":"halation:LettersToHer"},{"floor":29.0,"key":"Gremlin Horn"},{"floor":41.0,"key":"The Courier"},{"floor":43.0,"key":"halation:LettersToHer"},{"floor":43.0,"key":"Shovel"},{"floor":44.0,"key":"reliquary:TridentHead"},{"floor":50.0,"key":"Strawberry"},{"floor":51.0,"key":"Bag of Preparation"},{"floor":54.0,"key":"Golden Egg"},{"floor":56.0,"key":"Pet Ghost"}],"event_choices":[{"damage_healed":0.0,"max_hp_gain":0.0,"max_hp_loss":0.0,"gold_gain":100.0,"event_name":"Golden Shrine","player_choice":"Pray","floor":3.0,"gold_loss":0.0,"damage_taken":0.0},{"damage_healed":26.0,"max_hp_gain":0.0,"max_hp_loss":0.0,"gold_gain":0.0,"event_name":"Big Fish","player_choice":"Banana","floor":14.0,"gold_loss":0.0,"damage_taken":0.0},{"damage_healed":0.0,"max_hp_gain":0.0,"max_hp_loss":0.0,"gold_gain":0.0,"event_name":"N\u0027loth","player_choice":"Ignored","floor":21.0,"gold_loss":0.0,"damage_taken":0.0},{"damage_healed":0.0,"max_hp_gain":0.0,"max_hp_loss":0.0,"gold_gain":0.0,"event_name":"Ghosts","player_choice":"Ignored","floor":31.0,"gold_loss":0.0,"damage_taken":0.0},{"cards_removed":["Strike_R"],"damage_healed":0.0,"max_hp_gain":0.0,"max_hp_loss":0.0,"gold_gain":0.0,"event_name":"Beggar","player_choice":"Gave Gold","floor":32.0,"gold_loss":75.0,"damage_taken":0.0},{"damage_healed":0.0,"max_hp_gain":0.0,"max_hp_loss":0.0,"gold_gain":0.0,"event_name":"Tomb of Lord Red Mask","player_choice":"Ignored","floor":36.0,"gold_loss":0.0,"damage_taken":0.0}],"is_beta":false,"boss_relics":[{"not_picked":["reliquary:WritOfMandamus","Philosopher\u0027s Stone"],"picked":"Cursed Key"},{"not_picked":["Ring of Chaos","Fusion Hammer"],"picked":"Replay:Grab Bag"},{"not_picked":["Sozu","halation:ForbiddenBikini"],"picked":"Replay:Bronze Core"},{"not_picked":["Runic Dome","reliquary:KinkedSpring"],"picked":"Painkiller Herb"},{"not_picked":["halation:PinkAlligatorPlush","Replay:Drink Me"],"picked":"halation:Prosthetics"}],"items_purged_floors":[27,37,55],"is_endless":false,"potions_floor_spawned":[6,7,8,13,16,24,25,29,33,38,44,49,50,56],"ascension_level":11}}