{"host":"m6rwrrl4vtok99e8","time":1613710718,"event":{"mods":["ATMod(??Mod)","Act Like it!","Aspiration","BaseMod","Colored Powertips","Downfall","Energized Spire","GungeonMod","Jedi Mod","Koishi","LagranYue(???·?)","Lobotomy","Marisa????????","Minty Spire (QoL Compilation)","Pale of the Ancients","Quick Restart","Relic Stats","Reliquary","Remilia??????","Replay The Spire","Spicy Shops","StSLib","TestMod","The Servant 0.9.4","Waifu the Spire","WarShipGirlsR/????R mod","??????REMEMod"],"gold_per_floor":[99,119,135,148,58,58,58,72,84,98,114,114,99,109,119,119,119],"floor_reached":16,"language":"ZHS","playtime":844,"items_purged":["Koishi:BasicStrike"],"score":98,"play_id":"a160c233-c287-4d43-8277-c083ab0f204b","local_time":"20210219125838","is_ascension_mode":false,"campfire_choices":[{"data":"Koishi:Provoke","floor":1.0,"key":"SMITH"},{"floor":12.0,"key":"RECALL"}],"circlet_count":0,"master_deck":["Koishi:BasicStrike","Koishi:BasicStrike","Koishi:BasicStrike","Koishi:BasicDefend","Koishi:BasicDefend","Koishi:BasicDefend","Koishi:BasicDefend","Koishi:Provoke+1","Koishi:HauntingSlash","Koishi:FourthEye","Koishi:GrowingPain","Koishi:JumpScare","Koishi:JumpScare"],"relics":["Koishi:ImaginaryFriend","AT_ATBox","testmod-TestBox","REME_ComplimentaryCards","LagranYue:RandomDrawCardRelic","testmod-EqualTreatment","Frozen Eye"],"acts_visited":["Exordium"],"potions_floor_usage":[16,16,16],"damage_taken":[{"damage":7.0,"enemies":"Cultist","floor":2.0,"turns":5.0},{"damage":0.0,"enemies":"Small Slimes","floor":3.0,"turns":4.0},{"damage":0.0,"enemies":"Jaw Worm","floor":4.0,"turns":2.0},{"damage":0.0,"enemies":"downfall:FleeingMerchant","floor":5.0,"turns":4.0},{"damage":0.0,"enemies":"3 Louse","floor":8.0,"turns":2.0},{"damage":14.0,"enemies":"Large Slime","floor":9.0,"turns":8.0},{"damage":25.0,"enemies":"Gremlin Gang","floor":10.0,"turns":4.0},{"damage":13.0,"enemies":"Exordium Wildlife","floor":11.0,"turns":4.0},{"damage":9.0,"enemies":"downfall:FleeingMerchant","floor":13.0,"turns":4.0},{"damage":7.0,"enemies":"Exordium Thugs","floor":14.0,"turns":5.0},{"damage":8.0,"enemies":"2 Fungi Beasts","floor":15.0,"turns":3.0},{"damage":39,"enemies":"DF_ARCHETYPE_STREAMLINE","floor":16,"turns":6}],"seed_played":"2304052963132272825","potions_obtained":[{"floor":3.0,"key":"jedi:StrikingPotion"},{"floor":8.0,"key":"champ:CounterPotion"},{"floor":9.0,"key":"Fire Potion"},{"floor":10.0,"key":"Fire Potion"}],"is_trial":false,"path_per_floor":["R","M","M","M","$","?","T","M","M","M","M","R","$","M","M","B"],"character_chosen":"KOISHI","items_purchased":[],"campfire_rested":0,"item_purchase_floors":[],"current_hp_per_floor":[66,61,63,64,64,64,64,66,57,46,40,40,31,33,33,0,0],"gold":119,"neow_bonus":"TEN_PERCENT_HP_BONUS","is_daily":false,"chose_seed":false,"campfire_upgraded":1,"win_rate":0.0,"timestamp":1613710718,"path_taken":["R","M","M","?","$","?","T","?","?","M","?","R","$","M","M","BOSS"],"items_purchased_type":[],"build_version":"2020-12-22","purchased_purges":1,"victory":false,"max_hp_per_floor":[66,66,66,66,66,66,66,66,66,66,66,66,66,66,66,66,66],"relic_stats":{"counters":[12,51],"obtain_stats":[{"Frozen Eye":5,"AT_ATBox":0,"testmod-TestBox":0,"LagranYue:RandomDrawCardRelic":0,"testmod-EqualTreatment":0,"DemoMod:GlassGuonStoneRelic":3,"Koishi:ImaginaryFriend":0,"REME_ComplimentaryCards":0},{"Frozen Eye":4,"AT_ATBox":0,"testmod-TestBox":0,"LagranYue:RandomDrawCardRelic":0,"testmod-EqualTreatment":0,"DemoMod:GlassGuonStoneRelic":2,"Koishi:ImaginaryFriend":0,"REME_ComplimentaryCards":0},{"Frozen Eye":13,"AT_ATBox":0,"testmod-TestBox":0,"LagranYue:RandomDrawCardRelic":0,"testmod-EqualTreatment":0,"DemoMod:GlassGuonStoneRelic":9,"Koishi:ImaginaryFriend":0,"REME_ComplimentaryCards":0}]},"card_choices":[{"not_picked":["Koishi:StrangeCloudFist","Koishi:ParalyzingFear","Koishi:DreadfulBlow"],"picked":"SKIP","floor":2.0},{"not_picked":["Koishi:PhantomStrike","Koishi:Jaunt"],"picked":"Koishi:FourthEye","floor":3.0},{"not_picked":["Koishi:EmbryosDream","Koishi:LastRemote"],"picked":"Koishi:GrowingPain","floor":4.0},{"not_picked":["Koishi:Jaunt","Koishi:HeartfeltFancy"],"picked":"Koishi:JumpScare","floor":5.0},{"not_picked":["Koishi:RacingHeart","Koishi:HeartfeltFancy","Koishi:FleetingPhantom"],"picked":"SKIP","floor":8.0},{"not_picked":["Koishi:DreadfulBlow","Koishi:SubconsciousSweep","Koishi:RacingHeart"],"picked":"SKIP","floor":9.0},{"not_picked":["Koishi:PhantomStrike","Koishi:UnseenTerror","Koishi:UnansweredLove"],"picked":"SKIP","floor":10.0},{"not_picked":["Koishi:SubconsciousSweep","Koishi:HeartAttack","Koishi:Jaunt"],"picked":"SKIP","floor":11.0},{"not_picked":["Koishi:SubterraneanRose","Koishi:HeartfeltFancy","Koishi:TerrifyingSpectre"],"picked":"SKIP","floor":13.0},{"not_picked":["Koishi:HeartfeltFancy","Koishi:Possession","Koishi:RollingInRichesHeart"],"picked":"SKIP","floor":14.0},{"not_picked":["Koishi:FleetingPhantom","Koishi:SpiritedAway","Koishi:UnansweredLove"],"picked":"SKIP","floor":15.0}],"player_experience":36498,"relics_obtained":[],"event_choices":[],"is_beta":false,"boss_relics":[],"items_purged_floors":[5],"is_endless":false,"potions_floor_spawned":[3,8,9,10],"killed_by":"DF_ARCHETYPE_STREAMLINE","ascension_level":0}}