{"host":"jm9833yuloeli2yd","time":1613698535,"event":{"mods":["BaseMod","Better Altar","Better Match","Better Note","Better Sensory Stone","Better Skull","Better Third Choice","Better Vampires","BetterRewards","Colored Map","Colored Powertips","DeckTracker","Minty Spire (QoL Compilation)","Permanent Neow","Quick Restart","StSLib","SuperFastMode"],"gold_per_floor":[118,136,153,172,191,221,221,253,280,280,307,63,87,46,46,120,120,132,132,132,132],"floor_reached":20,"language":"ENG","playtime":489,"items_purged":["Strike_B"],"score":384,"play_id":"145bbb86-4543-4ecf-b609-1e4a3e33df34","local_time":"20210218203535","is_ascension_mode":true,"campfire_choices":[{"data":"Go for the Eyes","floor":7,"key":"SMITH"},{"data":"Melter","floor":10,"key":"SMITH"},{"floor":15,"key":"REST"}],"circlet_count":0,"master_deck":["AscendersBane","Strike_B","Strike_B","Strike_B","Defend_B","Defend_B","Defend_B","Defend_B","Zap","Dualcast","Melter","Genetic Algorithm","Self Repair","Auto Shields","Go for the Eyes+1","FTL","Compile Driver","Melter+1","Ball Lightning","Auto Shields","Rainbow","Turbo","Capacitor","Biased Cognition","Glacier","Genetic Algorithm","Violence","Chrysalis"],"relics":["Cracked Core","Prayer Wheel","Bronze Scales","Peace Pipe","DataDisk","Ancient Tea Set","Runic Capacitor","Odd Mushroom","Cursed Key","Bloody Idol"],"acts_visited":["Exordium","TheCity"],"potions_floor_usage":[6,6],"damage_taken":[{"damage":1,"enemies":"Cultist","floor":1,"turns":3},{"damage":0,"enemies":"2 Louse","floor":2,"turns":2},{"damage":9,"enemies":"Jaw Worm","floor":3,"turns":4},{"damage":23,"enemies":"Exordium Thugs","floor":4,"turns":5},{"damage":7,"enemies":"Large Slime","floor":5,"turns":5},{"damage":8,"enemies":"Gremlin Nob","floor":6,"turns":3},{"damage":25,"enemies":"Lagavulin","floor":8,"turns":7},{"damage":12,"enemies":"3 Sentries","floor":11,"turns":6},{"damage":15,"enemies":"The Mushroom Lair","floor":13,"turns":3},{"damage":17,"enemies":"Hexaghost","floor":16,"turns":9},{"damage":14,"enemies":"Shell Parasite","floor":18,"turns":4}],"seed_played":"6941571556478769313","potions_obtained":[{"floor":1,"key":"Ancient Potion"},{"floor":3,"key":"SteroidPotion"},{"floor":16,"key":"PowerPotion"},{"floor":18,"key":"Dexterity Potion"}],"is_trial":false,"path_per_floor":["M","M","M","M","M","E","R","E","T","R","E","$","?","$","R","B",null,"M","?","?"],"character_chosen":"DEFECT","items_purchased":["Runic Capacitor","Capacitor"],"campfire_rested":1,"item_purchase_floors":[12,14],"current_hp_per_floor":[63,63,61,45,45,44,44,26,26,26,21,21,6,6,25,15,52,45,45,0,0],"gold":132,"neow_bonus":"ONE_RARE_RELIC","is_daily":false,"chose_seed":false,"campfire_upgraded":2,"win_rate":0.0,"timestamp":1613698535,"path_taken":["M","M","M","M","M","E","R","E","T","R","E","?","?","$","R","BOSS","M","?","?"],"items_purchased_type":["Relic","Card"],"build_version":"2020-12-22","purchased_purges":1,"victory":false,"max_hp_per_floor":[64,64,64,64,64,64,64,64,64,64,64,64,64,64,64,64,64,64,64,64,64],"card_choices":[{"not_picked":["Hello World","Streamline"],"picked":"Melter","floor":1},{"not_picked":["Turbo","Sunder"],"picked":"Genetic Algorithm","floor":1},{"not_picked":["Conserve Battery","Aggregate"],"picked":"Self Repair","floor":2},{"not_picked":["White Noise","Blizzard"],"picked":"Auto Shields","floor":2},{"not_picked":["Beam Cell","Steam Power"],"picked":"Go for the Eyes","floor":3},{"not_picked":["Stack","Darkness","Rebound"],"picked":"SKIP","floor":3},{"not_picked":["Sweeping Beam","Steam"],"picked":"FTL","floor":4},{"not_picked":["Leap","Coolheaded"],"picked":"Compile Driver","floor":4},{"not_picked":["Coolheaded","Barrage"],"picked":"Melter","floor":5},{"not_picked":["Redo","Storm"],"picked":"Ball Lightning","floor":5},{"not_picked":["Undo","Ball Lightning"],"picked":"Auto Shields","floor":6},{"not_picked":["Stack","Streamline","Redo"],"picked":"SKIP","floor":8},{"not_picked":["Storm","Skim"],"picked":"Rainbow","floor":11},{"not_picked":["Loop","Compile Driver"],"picked":"Turbo","floor":13},{"not_picked":["Fission","Buffer"],"picked":"Biased Cognition","floor":16},{"not_picked":["Ball Lightning","Leap"],"picked":"Glacier","floor":18},{"not_picked":["Melter","Lockon"],"picked":"Genetic Algorithm","floor":18},{"not_picked":["PanicButton","Purity"],"picked":"Violence","floor":19},{"not_picked":["Violence","PanicButton"],"picked":"Chrysalis","floor":19}],"player_experience":1373963,"relics_obtained":[{"floor":6,"key":"Bronze Scales"},{"floor":8,"key":"Peace Pipe"},{"floor":9,"key":"DataDisk"},{"floor":11,"key":"Ancient Tea Set"},{"floor":13,"key":"Odd Mushroom"}],"event_choices":[{"damage_healed":0,"gold_gain":0,"player_choice":"Fought Mushrooms","damage_taken":0,"max_hp_gain":0,"max_hp_loss":0,"event_name":"Mushrooms","floor":13,"gold_loss":0},{"damage_healed":0,"gold_gain":2,"player_choice":"1","damage_taken":0,"max_hp_gain":0,"max_hp_loss":0,"event_name":"betterStone:BetterStone","floor":19,"gold_loss":0}],"is_beta":false,"boss_relics":[{"not_picked":["Tiny House","Runic Pyramid"],"picked":"Cursed Key"}],"items_purged_floors":[12],"is_endless":false,"potions_floor_spawned":[1,3,4,16,18],"ascension_level":20}}