{"host":"1avr1135to2copjv","time":1613755459,"event":{"mods":["BaseMod","Colored Map","Colored Powertips","Filter the Spire","Minty Spire (QoL Compilation)","Relic Stats","StSLib","The Servant 0.9.4"],"gold_per_floor":[109,121,140,151,168,168,200,200,224,235,235,268,0,10,10,111,111,124,124,137,137,157,188,188,213,213,312,338,338,372,398,398,495,495,512,526,526,546,73,106,126,126,126,126,151,151,0,0,0,0,0,0,0,26,26],"floor_reached":56,"language":"ENG","playtime":3766,"items_purged":[],"score":1442,"play_id":"f5563b05-14d0-4890-a791-7f0804839552","local_time":"20210219202419","is_ascension_mode":true,"campfire_choices":[{"data":"Carnage","floor":6,"key":"SMITH"},{"data":"Double Tap","floor":8,"key":"SMITH"},{"data":"Pommel Strike","floor":11,"key":"SMITH"},{"data":"Rampage","floor":15,"key":"SMITH"},{"floor":24,"key":"REST"},{"floor":29,"key":"REST"},{"floor":32,"key":"REST"},{"floor":42,"key":"REST"},{"floor":44,"key":"RECALL"},{"floor":46,"key":"REST"},{"floor":49,"key":"REST"},{"data":"Demon Form","floor":52,"key":"SMITH"}],"circlet_count":0,"master_deck":["Bash+1","Bloodletting","Power Through","Double Tap+1","Blood for Blood","Clothesline","Warcry+1","Cleave+1","Iron Wave","Dual Wield","Burning Pact","Carnage+1","Exhume+1","Pommel Strike+1","Ghostly Armor","Evolve","Rampage+1","Battle Trance","Feed","Feel No Pain","Rage","Armaments+1","Intimidate+1","Disarm","Ghostly Armor","Demon Form+1","Panacea","Shrug It Off","Offering","Flame Barrier","Sword Boomerang+1","Juggernaut"],"relics":["Pandora\u0027s Box","WingedGreaves","War Paint","Oddly Smooth Stone","Anchor","SlaversCollar","Happy Flower","Blood Vial","Vajra","Molten Egg 2","Ginger","Whetstone","SacredBark","OrangePellets","Shuriken","Nunchaku","Red Mask","White Beast Statue"],"acts_visited":["Exordium","TheCity","TheBeyond","TheEnding"],"potions_floor_usage":[5,7,12,25,28,31,35,40,40,40,40,50,54,54,55,55,55,55,55,55],"damage_taken":[{"damage":1,"enemies":"Jaw Worm","floor":1,"turns":3},{"damage":0,"enemies":"2 Louse","floor":2,"turns":2},{"damage":5,"enemies":"Small Slimes","floor":3,"turns":2},{"damage":1,"enemies":"3 Louse","floor":4,"turns":3},{"damage":6,"enemies":"Large Slime","floor":5,"turns":5},{"damage":3,"enemies":"3 Sentries","floor":7,"turns":4},{"damage":0,"enemies":"Looter","floor":10,"turns":1},{"damage":0,"enemies":"Lagavulin","floor":12,"turns":3},{"damage":3,"enemies":"Exordium Wildlife","floor":14,"turns":4},{"damage":3,"enemies":"Slime Boss","floor":16,"turns":5},{"damage":5,"enemies":"Shell Parasite","floor":18,"turns":5},{"damage":0,"enemies":"Chosen","floor":20,"turns":4},{"damage":22,"enemies":"Snecko","floor":22,"turns":6},{"damage":21,"enemies":"Book of Stabbing","floor":23,"turns":4},{"damage":18,"enemies":"Gremlin Leader","floor":25,"turns":6},{"damage":7,"enemies":"Slavers","floor":28,"turns":4},{"damage":15,"enemies":"Book of Stabbing","floor":30,"turns":7},{"damage":25,"enemies":"Gremlin Leader","floor":31,"turns":5},{"damage":31,"enemies":"Champ","floor":33,"turns":8},{"damage":23,"enemies":"3 Darklings","floor":35,"turns":6},{"damage":18,"enemies":"Orb Walker","floor":36,"turns":6},{"damage":18,"enemies":"3 Darklings","floor":38,"turns":10},{"damage":24,"enemies":"Reptomancer","floor":40,"turns":6},{"damage":30,"enemies":"Maw","floor":41,"turns":8},{"damage":23,"enemies":"Giant Head","floor":45,"turns":9},{"damage":79,"enemies":"Awakened One","floor":50,"turns":12},{"damage":55,"enemies":"Shield and Spear","floor":54,"turns":6},{"damage":43,"enemies":"The Heart","floor":55,"turns":9}],"seed_played":"594426026455604258","potions_obtained":[{"floor":2,"key":"BlessingOfTheForge"},{"floor":4,"key":"Fire Potion"},{"floor":10,"key":"DistilledChaos"},{"floor":16,"key":"FearPotion"},{"floor":18,"key":"Swift Potion"},{"floor":23,"key":"DistilledChaos"},{"floor":30,"key":"SteroidPotion"},{"floor":33,"key":"GamblersBrew"},{"floor":41,"key":"Fire Potion"},{"floor":45,"key":"Strength Potion"}],"is_trial":false,"path_per_floor":["M","M","M","M","M","R","E","R","T","M","R","E","$","M","R","B",null,"M","?","M","?","M","E","R","E","T","?","E","R","E","E","R","B",null,"M","M","?","M","$","E","M","R","T","R","E","R","?","?","R","B",null,"R","$","E","B",null],"character_chosen":"IRONCLAD","items_purchased":["Anchor","Evolve","Rampage","OrangePellets","Offering","Flame Barrier","EntropicBrew"],"campfire_rested":6,"item_purchase_floors":[13,13,13,39,39,39,39],"current_hp_per_floor":[79,79,74,73,67,67,64,64,64,64,64,64,64,61,61,58,80,75,60,60,60,41,23,50,32,32,32,33,62,53,30,60,31,101,78,66,66,53,53,34,10,44,44,44,26,61,61,61,94,17,112,112,112,60,19],"gold":26,"neow_bonus":"BOSS_RELIC","is_daily":false,"chose_seed":false,"campfire_upgraded":5,"win_rate":0.0,"timestamp":1613755459,"path_taken":["M","M","M","M","M","R","E","R","T","M","R","E","$","M","R","BOSS","M","?","M","?","M","E","R","E","T","?","E","R","E","E","R","BOSS","M","M","?","M","$","E","M","R","T","R","E","R","?","?","R","BOSS","R","$","E","BOSS"],"items_purchased_type":["Relic","Card","Card","Relic","Card","Card","Potion"],"build_version":"2020-12-22","purchased_purges":0,"victory":true,"max_hp_per_floor":[80,80,80,80,80,80,80,80,80,80,80,80,80,80,80,80,80,80,85,85,85,88,91,91,91,91,91,97,97,101,101,101,101,101,101,105,105,108,108,111,115,115,115,115,118,118,118,112,112,112,112,112,112,115,115],"relic_stats":{"Blood Vial":22,"OrangePellets":[5],"Nunchaku":[5],"Happy Flower":[34],"counters":[28,153],"Shuriken":[11],"Pandora\u0027s Box":["Bloodletting","Power Through","Double Tap","Iron Wave","Blood for Blood","Clothesline","Warcry","Cleave","Iron Wave"],"Ginger":[10],"Whetstone":["Bash","Cleave"],"War Paint":["Exhume","Warcry"],"obtain_stats":[{"Happy Flower":23,"SacredBark":34,"Oddly Smooth Stone":12,"Vajra":26,"Ginger":30,"Whetstone":31,"War Paint":9,"Burning Blood":0,"White Beast Statue":54,"Blood Vial":25,"SlaversCollar":17,"OrangePellets":39,"Anchor":13,"Nunchaku":45,"Shuriken":40,"Pandora\u0027s Box":0,"Molten Egg 2":28,"WingedGreaves":7,"Red Mask":47},{"Happy Flower":14,"SacredBark":19,"Oddly Smooth Stone":8,"Vajra":15,"Ginger":17,"Whetstone":18,"War Paint":6,"Burning Blood":0,"White Beast Statue":27,"Blood Vial":15,"SlaversCollar":10,"OrangePellets":22,"Anchor":8,"Nunchaku":25,"Shuriken":23,"Pandora\u0027s Box":0,"Molten Egg 2":16,"WingedGreaves":6,"Red Mask":25},{"Happy Flower":51,"SacredBark":81,"Oddly Smooth Stone":23,"Vajra":57,"Ginger":68,"Whetstone":73,"War Paint":19,"Burning Blood":0,"White Beast Statue":144,"Blood Vial":57,"SlaversCollar":32,"OrangePellets":103,"Anchor":23,"Nunchaku":126,"Shuriken":109,"Pandora\u0027s Box":0,"Molten Egg 2":61,"WingedGreaves":19,"Red Mask":126}]},"card_choices":[{"not_picked":["Clash","Flex"],"picked":"Dual Wield","floor":1},{"not_picked":["True Grit","Heavy Blade"],"picked":"Burning Pact","floor":2},{"not_picked":["Armaments","Searing Blow"],"picked":"Carnage","floor":3},{"not_picked":["Flame Barrier","Cleave"],"picked":"Exhume","floor":4},{"not_picked":["Anger","Iron Wave","Sword Boomerang"],"picked":"SKIP","floor":5},{"not_picked":["Anger","Clothesline","Wild Strike"],"picked":"SKIP","floor":7},{"not_picked":["Twin Strike","True Grit"],"picked":"Pommel Strike","floor":10},{"not_picked":["Sever Soul","Exhume"],"picked":"Ghostly Armor","floor":12},{"not_picked":["Infernal Blade","Pommel Strike"],"picked":"Battle Trance","floor":14},{"not_picked":["Barricade","Fiend Fire"],"picked":"Feed","floor":16},{"not_picked":["Pommel Strike","Warcry+1"],"picked":"Feel No Pain","floor":18},{"not_picked":["Cleave+1","Armaments"],"picked":"Rage","floor":20},{"not_picked":["Searing Blow+1","Rage","Dark Embrace"],"picked":"SKIP","floor":22},{"not_picked":["Entrench","Pummel+1","Twin Strike+1"],"picked":"SKIP","floor":23},{"not_picked":["Havoc+1","Blood for Blood+1"],"picked":"Armaments+1","floor":25},{"not_picked":["Twin Strike+1","Seeing Red"],"picked":"Intimidate+1","floor":28},{"not_picked":["Wild Strike+1","Sword Boomerang+1"],"picked":"Disarm","floor":30},{"not_picked":["Rampage+1","Rupture"],"picked":"Ghostly Armor","floor":31},{"not_picked":["Offering","Corruption"],"picked":"Demon Form","floor":33},{"not_picked":["Entrench","Searing Blow+1","Clothesline+1"],"picked":"SKIP","floor":35},{"not_picked":["Entrench","Cleave+1","Sword Boomerang+1"],"picked":"SKIP","floor":36},{"not_picked":["Secret Weapon","Discovery"],"picked":"Panacea","floor":37},{"not_picked":["Body Slam+1","Cleave+1"],"picked":"Shrug It Off","floor":38},{"not_picked":["Clothesline+1","Perfected Strike+1","Entrench+1"],"picked":"SKIP","floor":40},{"not_picked":["Wild Strike+1","Anger+1"],"picked":"Sword Boomerang+1","floor":41},{"not_picked":["True Grit","Battle Trance+1"],"picked":"Juggernaut","floor":45},{"not_picked":["Thunderclap+1","Cleave+1","Wild Strike+1"],"picked":"SKIP","floor":54}],"player_experience":1063197,"relics_obtained":[{"floor":7,"key":"WingedGreaves"},{"floor":9,"key":"War Paint"},{"floor":12,"key":"Oddly Smooth Stone"},{"floor":23,"key":"Happy Flower"},{"floor":25,"key":"Blood Vial"},{"floor":26,"key":"Vajra"},{"floor":28,"key":"Molten Egg 2"},{"floor":30,"key":"Ginger"},{"floor":31,"key":"Whetstone"},{"floor":40,"key":"Shuriken"},{"floor":45,"key":"Nunchaku"},{"floor":54,"key":"White Beast Statue"}],"event_choices":[{"damage_healed":0,"gold_gain":0,"player_choice":"Shed Blood","damage_taken":20,"max_hp_gain":5,"max_hp_loss":0,"event_name":"Forgotten Altar","floor":19,"gold_loss":0},{"cards_removed":["Iron Wave"],"damage_healed":0,"gold_gain":0,"player_choice":"Elegance","damage_taken":0,"max_hp_gain":0,"max_hp_loss":0,"event_name":"Back to Basics","floor":21,"gold_loss":0},{"damage_healed":0,"gold_gain":99,"player_choice":"Stole From Cult","damage_taken":0,"max_hp_gain":0,"max_hp_loss":0,"event_name":"Nest","floor":27,"gold_loss":0},{"damage_healed":0,"gold_gain":0,"player_choice":"Memory 1","damage_taken":0,"max_hp_gain":0,"max_hp_loss":0,"event_name":"SensoryStone","floor":37,"gold_loss":0},{"damage_healed":0,"gold_gain":0,"player_choice":"Paid","damage_taken":0,"relics_obtained":["Red Mask"],"max_hp_gain":0,"max_hp_loss":0,"event_name":"Tomb of Lord Red Mask","floor":47,"gold_loss":151},{"damage_healed":0,"gold_gain":0,"player_choice":"Max HP","damage_taken":0,"max_hp_gain":0,"max_hp_loss":6,"event_name":"Winding Halls","floor":48,"gold_loss":0}],"is_beta":false,"boss_relics":[{"not_picked":["Philosopher\u0027s Stone","Runic Dome"],"picked":"SlaversCollar"},{"not_picked":["Astrolabe","Runic Cube"],"picked":"SacredBark"}],"items_purged_floors":[],"is_endless":false,"potions_floor_spawned":[2,4,10,16,18,23,30,33,41,45],"ascension_level":1}}