{"host":"y4fuci1jk2rsxnep","time":1613760041,"event":{"mods":["AchievementEnabler","BaseMod","Colored Powertips","Custom Start","Defuse TimeMaze Blight","Dio Mod","Downfall","Hermit","Hero for Fun","Hubris","Hunter ??","Infinite Spire","Minty Spire (QoL Compilation)","Quick Restart","Reliquary","Remove Card Discount Mod","Replay The Spire","StSLib","The Blackbeard","The Bug Knight","The Mystic","The Runesmith"],"gold_per_floor":[110,126,126,126,48,48,88,88,113,137,160,180,205,239,239,369,369,388,388,388,388,402,402,417,417,466,487,510,510,80,94,94,223,223,244,244,264,136,136,136,136,136],"floor_reached":41,"language":"ENG","playtime":2732,"items_purged":["hermit:Strike_Hermit","hermit:Strike_Hermit","hermit:Strike_Hermit","hermit:Strike_Hermit","hermit:Defend_Hermit","hermit:Defend_Hermit"],"score":521,"play_id":"16f815bb-b1aa-4d4c-83f4-82f98c890989","local_time":"20210219194041","is_ascension_mode":true,"campfire_choices":[{"data":"hermit:ShadowCloak","floor":6,"key":"SMITH"},{"data":"hermit:FlashPowder","floor":8,"key":"SMITH"},{"data":"hermit:WideOpen","floor":15,"key":"SMITH"},{"data":"hermit:Dive","floor":25,"key":"SMITH"},{"floor":29,"key":"REST"},{"floor":32,"key":"REST"},{"data":"ReplayUltimateDefense","floor":40,"key":"SMITH"}],"circlet_count":0,"master_deck":["hermit:Snapshot","hermit:Covet","hermit:FlashPowder+1","hermit:Dive+1","Injury","hermit:Dive","hermit:ShadowCloak+1","hermit:Horror","hermit:EyeOfTheStorm","hermit:Misfire","hermit:WideOpen+1","hermit:Dive","hermit:PistolWhip","hermit:Magnum","hermit:Misfire","hermit:Brawl","CurseOfTheBell","hermit:ShadowCloak","hermit:BodyArmor","ReplayTheSpireMod:IOU","hermit:FlashPowder","hermit:Determination","hermit:Quickdraw","ReplayUltimateDefense+1","ReplayTheSpireMod:IOU"],"relics":["hermit:Momento","NeowsBlessing","Golden Idol","hubris:SphereOfDissonance","reliquary:ExpiredCoupon","Chameleon Ring","Painkiller Herb","Calling Bell","reliquary:TatteredRug","Singing Bowl","hubris:GlazedTorus","hubris:TenFootPole","Replay:Wax Seal","reliquary:PurpleTingedLeaf","Black Star","infinitespire:WardingShard","hubris:Icosahedron"],"acts_visited":["Exordium","TheCity","TheBeyond"],"potions_floor_usage":[14,16,16,22,28,31,33,33,41],"damage_taken":[{"damage":0,"enemies":"Jaw Worm","floor":1,"turns":1},{"damage":0,"enemies":"Cultist","floor":2,"turns":1},{"damage":0,"enemies":"3 Sentries","floor":7,"turns":1},{"damage":0,"enemies":"Small Slimes","floor":10,"turns":3},{"damage":4,"enemies":"Blue Slaver","floor":11,"turns":2},{"damage":0,"enemies":"Gremlin Gang","floor":12,"turns":5},{"damage":14,"enemies":"Red Slaver","floor":13,"turns":2},{"damage":12,"enemies":"Lagavulin","floor":14,"turns":2},{"damage":15,"enemies":"The Guardian","floor":16,"turns":13},{"damage":4,"enemies":"Chosen","floor":18,"turns":3},{"damage":0,"enemies":"3 Byrds","floor":22,"turns":4},{"damage":23,"enemies":"Snake Plant","floor":24,"turns":4},{"damage":29,"enemies":"Centurion and Healer","floor":27,"turns":6},{"damage":15,"enemies":"Shelled Parasite and Fungi","floor":28,"turns":4},{"damage":0,"enemies":"Chosen and Byrds","floor":31,"turns":6},{"damage":61,"enemies":"Collector","floor":33,"turns":7},{"damage":5,"enemies":"3 Shapes","floor":35,"turns":7},{"damage":12,"enemies":"Orb Walker","floor":37,"turns":4},{"damage":77,"enemies":"Sphere and 2 Shapes","floor":41,"turns":9}],"seed_played":"3949393686782126810","potions_obtained":[{"floor":1,"key":"SpeedPotion"},{"floor":7,"key":"LiquidBronze"},{"floor":11,"key":"Death Potion"},{"floor":12,"key":"Toxic Potion"},{"floor":18,"key":"Adrenaline Potion"},{"floor":23,"key":"Guardian:BlockOnCardUsePotion"},{"floor":23,"key":"FearPotion"},{"floor":24,"key":"SpeedPotion"},{"floor":33,"key":"SpeedPotion"},{"floor":37,"key":"SpeedPotion"}],"is_trial":false,"path_per_floor":["M","M","?","?","$","R","E","R","T","M","M","M","M","E","R","B",null,"?","?","AVR","?","?","T","?","T","T","?","?","T","T","?","T","B",null,"?","T","?","T","?","T","?"],"character_chosen":"HERMIT","items_purchased":["hermit:ShadowCloak","Replay:Wax Seal","hermit:ShadowCloak","hermit:BodyArmor","reliquary:PurpleTingedLeaf","Block Potion","Swift Potion","ReplayUltimateDefense","Block Potion"],"campfire_rested":2,"item_purchase_floors":[5,30,30,30,30,30,30,38,38],"current_hp_per_floor":[75,75,75,75,75,75,75,75,75,75,71,71,57,45,45,30,75,71,71,71,71,73,73,52,52,52,25,12,36,36,37,61,4,85,81,81,70,70,70,70,0,0],"gold":136,"neow_bonus":"THREE_ENEMY_KILL","is_daily":false,"chose_seed":false,"campfire_upgraded":5,"win_rate":0.0,"timestamp":1613760041,"path_taken":["M","M","?","?","$","R","E","R","T","?","M","M","M","E","R","BOSS","?","?","AVR","?","?","T","?","T","T","?","?","T","T","?","T","BOSS","?","?","?","T","?","T","?"],"items_purchased_type":["Card","Relic","Card","Card","Relic","Potion","Potion","Card","Potion"],"build_version":"2020-12-22","purchased_purges":6,"victory":false,"max_hp_per_floor":[75,75,75,75,75,75,75,75,75,75,75,75,75,75,75,75,75,75,75,75,75,77,77,79,79,79,81,83,83,83,83,83,85,85,85,85,85,85,85,85,85,85],"card_choices":[{"not_picked":["hermit:ItchyTrigger","hermit:HighCaliber"],"picked":"hermit:FlashPowder","floor":1},{"not_picked":["hermit:Manifest","hermit:Scavenge"],"picked":"hermit:Dive","floor":2},{"not_picked":["hermit:DeadMansHand","hermit:TakeAim"],"picked":"hermit:Horror","floor":7},{"not_picked":["hermit:DeadOrAlive","hermit:GoldenBullet"],"picked":"hermit:EyeOfTheStorm","floor":10},{"not_picked":["hermit:Feint","hermit:Dive"],"picked":"hermit:Misfire","floor":11},{"not_picked":["hermit:Misfire","hermit:BodyArmor"],"picked":"hermit:WideOpen","floor":12},{"not_picked":["hermit:Showdown","hermit:Shortfuse"],"picked":"hermit:Dive","floor":13},{"not_picked":["hermit:Cheat","hermit:EyeOfTheStorm"],"picked":"hermit:PistolWhip","floor":14},{"not_picked":["hermit:Reprieve","hermit:OverwhelmingPower"],"picked":"hermit:Magnum","floor":16},{"not_picked":["hermit:Vantage","hermit:Coalescence"],"picked":"hermit:Misfire","floor":18},{"not_picked":["hermit:Ricochet","hermit:BodyArmor","hermit:LowProfile"],"picked":"Singing Bowl","floor":22},{"not_picked":["hermit:SprayPray+1","hermit:Misfire","hermit:Quickdraw"],"picked":"Singing Bowl","floor":24},{"not_picked":["hermit:HighCaliber","hermit:SprayPray","hermit:NoHoldsBarred+1"],"picked":"Singing Bowl","floor":27},{"not_picked":["hermit:Manifest+1","hermit:DeadOrAlive","hermit:Coalescence"],"picked":"Singing Bowl","floor":28},{"not_picked":["hermit:Coalescence+1","hermit:LowProfile"],"picked":"hermit:FlashPowder","floor":31},{"not_picked":["hermit:Magnum","hermit:OverwhelmingPower","hermit:HeroicBravado"],"picked":"Singing Bowl","floor":33},{"not_picked":["hermit:Enervate+1","hermit:Manifest+1"],"picked":"hermit:Determination","floor":35},{"not_picked":["hermit:Maintenance","hermit:Showdown+1"],"picked":"hermit:Quickdraw","floor":37}],"player_experience":661904,"relics_obtained":[{"floor":7,"key":"hubris:SphereOfDissonance"},{"floor":9,"key":"reliquary:ExpiredCoupon"},{"floor":14,"key":"Chameleon Ring"},{"floor":20,"key":"reliquary:TatteredRug"},{"floor":20,"key":"Singing Bowl"},{"floor":20,"key":"hubris:GlazedTorus"},{"floor":26,"key":"hubris:TenFootPole"},{"floor":36,"key":"infinitespire:WardingShard"}],"event_choices":[{"damage_healed":0,"gold_gain":0,"player_choice":"Take Wound","damage_taken":0,"relics_obtained":["Golden Idol"],"max_hp_gain":0,"max_hp_loss":0,"event_name":"Golden Idol","floor":3,"gold_loss":0,"cards_obtained":["Injury"]},{"damage_healed":0,"gold_gain":0,"cards_transformed":["hermit:Defend_Hermit"],"player_choice":"Transformed","damage_taken":0,"max_hp_gain":0,"max_hp_loss":0,"event_name":"Transmorgrifier","floor":4,"gold_loss":0,"cards_obtained":["hermit:Dive"]},{"damage_healed":0,"gold_gain":0,"player_choice":"Read","damage_taken":0,"max_hp_gain":0,"max_hp_loss":0,"event_name":"The Library","floor":19,"gold_loss":0,"cards_obtained":["hermit:Brawl"]},{"cards_removed":["hermit:Defend_Hermit"],"damage_healed":0,"gold_gain":0,"player_choice":"Purged","damage_taken":0,"max_hp_gain":0,"max_hp_loss":0,"event_name":"Purifier","floor":21,"gold_loss":0}],"is_beta":false,"boss_relics":[{"not_picked":["Runic Pyramid","hubris:Stopwatch"],"picked":"Painkiller Herb"},{"not_picked":["reliquary:Craggleroot","hubris:GrandSneckoEye"],"picked":"Black Star"}],"items_purged_floors":[30,30,30,30,30,30],"is_endless":false,"potions_floor_spawned":[1,7,11,12,18,24,33,37],"killed_by":"Sphere and 2 Shapes","ascension_level":3}}