{"host":"x73jdofm2fk9hsud","time":1613720487,"event":{"mods":["BaseMod","Bestiary","Minty Spire (QoL Compilation)","Relic Stats","ojb\u0027s Better Paths Mod","ojb\u0027s Info Mod"],"gold_per_floor":[116,116,116,13,29,29,40,40,40,40,79,67,67,32,32,116,116,136,136,136,158,184,184,184,184,184],"floor_reached":25,"language":"ENG","playtime":1186,"items_purged":["Strike_R"],"score":498,"play_id":"fd67824a-a46d-4106-ae65-29e9761db5fb","local_time":"20210219024127","is_ascension_mode":true,"campfire_choices":[{"data":"Bash","floor":6,"key":"SMITH"},{"data":"Wild Strike","floor":8,"key":"SMITH"},{"data":"Burning Pact","floor":10,"key":"SMITH"},{"data":"Shrug It Off","floor":13,"key":"SMITH"},{"data":"Evolve","floor":15,"key":"SMITH"},{"data":"Dark Embrace","floor":23,"key":"SMITH"}],"circlet_count":0,"master_deck":["AscendersBane","Strike_R","Strike_R","Strike_R","Defend_R","Defend_R","Defend_R","Defend_R","Bash+1","Burning Pact+1","Thunderclap","Power Through","Wild Strike+1","Limit Break","Shrug It Off+1","Evolve+1","Immolate","Dark Embrace+1","Dropkick","Second Wind+1"],"relics":["Coffee Dripper","Juzu Bracelet","CeramicFish","FossilizedHelix","Cursed Key"],"acts_visited":["Exordium","TheCity"],"potions_floor_usage":[11,16,25],"damage_taken":[{"damage":4,"enemies":"Small Slimes","floor":1,"turns":3},{"damage":4,"enemies":"2 Louse","floor":5,"turns":3},{"damage":2,"enemies":"Jaw Worm","floor":7,"turns":3},{"damage":35,"enemies":"3 Sentries","floor":11,"turns":12},{"damage":5,"enemies":"Exordium Thugs","floor":12,"turns":4},{"damage":0,"enemies":"The Guardian","floor":16,"turns":12},{"damage":0,"enemies":"Chosen","floor":18,"turns":3},{"damage":9,"enemies":"Shell Parasite","floor":21,"turns":6},{"damage":1,"enemies":"Snecko","floor":22,"turns":5},{"damage":38,"enemies":"Slavers","floor":25,"turns":4}],"seed_played":"2990037908079351746","potions_obtained":[{"floor":7,"key":"BloodPotion"},{"floor":11,"key":"FearPotion"},{"floor":22,"key":"Block Potion"}],"is_trial":false,"path_per_floor":["M","?","?","$","M","R","M","R","T","R","E","M","R","$","R","B",null,"M","?","$","M","M","R","?","E"],"character_chosen":"IRONCLAD","items_purchased":["Thunderclap","Evolve"],"campfire_rested":0,"item_purchase_floors":[4,14],"current_hp_per_floor":[64,46,39,39,35,35,33,33,33,33,13,8,8,8,8,8,58,58,58,58,49,48,48,27,0,0],"gold":184,"neow_bonus":"BOSS_RELIC","is_daily":false,"chose_seed":false,"campfire_upgraded":6,"win_rate":0.0,"timestamp":1613720487,"path_taken":["M","?","?","$","M","R","M","R","T","R","E","M","R","$","R","BOSS","M","?","$","M","M","R","?","E"],"items_purchased_type":["Card","Card"],"build_version":"2020-12-22","purchased_purges":1,"victory":false,"max_hp_per_floor":[75,75,75,75,75,75,75,75,75,75,75,75,75,75,75,75,75,75,75,75,75,75,75,80,80,80],"relic_stats":{"counters":[10,55],"CeramicFish":63,"Juzu Bracelet":0,"Cursed Key":0,"obtain_stats":[{"CeramicFish":9,"Coffee Dripper":0,"Juzu Bracelet":2,"Cursed Key":17,"Burning Blood":0,"FossilizedHelix":11},{"CeramicFish":3,"Coffee Dripper":0,"Juzu Bracelet":1,"Cursed Key":6,"Burning Blood":0,"FossilizedHelix":4},{"CeramicFish":9,"Coffee Dripper":0,"Juzu Bracelet":3,"Cursed Key":37,"Burning Blood":0,"FossilizedHelix":21}]},"card_choices":[{"not_picked":["Warcry","Havoc"],"picked":"Burning Pact","floor":1},{"not_picked":["Perfected Strike","Armaments"],"picked":"Power Through","floor":5},{"not_picked":["Clash","Power Through"],"picked":"Wild Strike","floor":7},{"not_picked":["Warcry","Headbutt"],"picked":"Limit Break","floor":11},{"not_picked":["Burning Pact","Power Through"],"picked":"Shrug It Off","floor":12},{"not_picked":["Corruption","Exhume"],"picked":"Immolate","floor":16},{"not_picked":["Warcry","Heavy Blade"],"picked":"Dark Embrace","floor":18},{"not_picked":["Havoc","Iron Wave"],"picked":"Dropkick","floor":21},{"not_picked":["Headbutt","True Grit"],"picked":"Second Wind+1","floor":22}],"player_experience":5387611,"relics_obtained":[{"floor":9,"key":"CeramicFish"},{"floor":11,"key":"FossilizedHelix"}],"event_choices":[{"damage_healed":0,"gold_gain":0,"player_choice":"Success","damage_taken":18,"relics_obtained":["Juzu Bracelet"],"max_hp_gain":0,"max_hp_loss":0,"event_name":"Scrap Ooze","floor":2,"gold_loss":0},{"cards_removed":["Strike_R"],"damage_healed":0,"gold_gain":0,"player_choice":"Card Removal","damage_taken":7,"max_hp_gain":0,"max_hp_loss":0,"event_name":"Golden Wing","floor":3,"gold_loss":0},{"damage_healed":0,"gold_gain":0,"player_choice":"Ignored","damage_taken":0,"max_hp_gain":0,"max_hp_loss":0,"event_name":"Ghosts","floor":19,"gold_loss":0},{"damage_healed":0,"gold_gain":0,"player_choice":"Shed Blood","damage_taken":26,"max_hp_gain":5,"max_hp_loss":0,"event_name":"Forgotten Altar","floor":24,"gold_loss":0}],"is_beta":false,"boss_relics":[{"not_picked":["Black Star","Empty Cage"],"picked":"Cursed Key"}],"items_purged_floors":[4],"is_endless":false,"potions_floor_spawned":[7,11,22],"killed_by":"Slavers","ascension_level":20}}