{"host":"ow66nzv2xecjoor3","time":1613755292,"event":{"mods":["BaseMod","Bestiary","Block Reminder","Colored Powertips","Curses Come First","Highlight Path","Keyboard Shortcuts","Minty Spire (QoL Compilation)","Permanent Neow","Relic Stats","StSLib","UnlockEverythingMod"],"gold_per_floor":[109,122,142,154,154,182,182,213,237,250,265,276,276,303,303,381,381,399,412,412,133,133,168,180,207,234,251,263,294,312,330,330,408,408,419,438,449,474,497,528,528,543,596,596,625,639,651,661,661,661,661,661,661,14,39,39],"floor_reached":57,"language":"ENG","playtime":3283,"items_purged":["Strike_R","Clash"],"score":2729,"play_id":"c13b9321-1c1d-4bfd-8b34-f17b00f71738","local_time":"20210219112132","is_ascension_mode":true,"campfire_choices":[{"floor":15.0,"key":"REST"},{"data":"Dual Wield","floor":32.0,"key":"SMITH"},{"floor":41,"key":"RECALL"},{"floor":49,"key":"REST"},{"data":"Feel No Pain","floor":53,"key":"SMITH"}],"circlet_count":0,"master_deck":["AscendersBane","Bash","Blood for Blood","Reaper","Dark Embrace","Flame Barrier","Flame Barrier","Double Tap","Inflame","Pommel Strike","Clothesline","Bludgeon","Blood for Blood","Shockwave","Disarm","Feel No Pain+1","Dual Wield+1","Flame Barrier","Impervious","Fiend Fire","Reaper","Ghostly Armor","Carnage","Flex","Juggernaut","Sword Boomerang","Shockwave","Fiend Fire","Armaments+1","Dark Embrace+1","Disarm","Barricade"],"relics":["Snecko Eye","Unceasing Top","Regal Pillow","Vajra","Lantern","Philosopher\u0027s Stone","Nilry\u0027s Codex","Centennial Puzzle","MealTicket","Smiling Mask","Happy Flower","Strawberry","Pandora\u0027s Box","Torii","Self Forming Clay","Blood Vial","Juzu Bracelet","Mummified Hand","TheAbacus","Gremlin Horn"],"acts_visited":["Exordium","TheCity","TheBeyond","TheEnding"],"potions_floor_usage":[45,50,56,56],"damage_taken":[{"damage":7.0,"enemies":"Jaw Worm","floor":1.0,"turns":3.0},{"damage":5.0,"enemies":"Small Slimes","floor":2.0,"turns":3.0},{"damage":1.0,"enemies":"Cultist","floor":3.0,"turns":3.0},{"damage":7.0,"enemies":"Exordium Wildlife","floor":4.0,"turns":3.0},{"damage":20.0,"enemies":"3 Sentries","floor":6.0,"turns":7.0},{"damage":30.0,"enemies":"Lagavulin","floor":8.0,"turns":4.0},{"damage":11.0,"enemies":"Blue Slaver","floor":10.0,"turns":3.0},{"damage":7.0,"enemies":"Gremlin Gang","floor":11.0,"turns":2.0},{"damage":12.0,"enemies":"2 Fungi Beasts","floor":12.0,"turns":3.0},{"damage":15.0,"enemies":"3 Sentries","floor":14.0,"turns":5.0},{"damage":43.0,"enemies":"Hexaghost","floor":16.0,"turns":9.0},{"damage":0.0,"enemies":"Spheric Guardian","floor":18.0,"turns":1.0},{"damage":9.0,"enemies":"2 Thieves","floor":19.0,"turns":2.0},{"damage":22.0,"enemies":"Gremlin Leader","floor":23.0,"turns":4.0},{"damage":8.0,"enemies":"Centurion and Healer","floor":24.0,"turns":5.0},{"damage":14.0,"enemies":"Slavers","floor":25.0,"turns":5.0},{"damage":9.0,"enemies":"Chosen and Byrds","floor":27.0,"turns":5.0},{"damage":0.0,"enemies":"Shelled Parasite and Fungi","floor":28.0,"turns":3.0},{"damage":10.0,"enemies":"Gremlin Leader","floor":29.0,"turns":5.0},{"damage":0.0,"enemies":"Snecko","floor":30.0,"turns":3.0},{"damage":0.0,"enemies":"Snake Plant","floor":31.0,"turns":2.0},{"damage":68.0,"enemies":"Automaton","floor":33.0,"turns":10.0},{"damage":0.0,"enemies":"3 Darklings","floor":35.0,"turns":3.0},{"damage":0.0,"enemies":"Orb Walker","floor":36.0,"turns":3.0},{"damage":20.0,"enemies":"Spire Growth","floor":37.0,"turns":4.0},{"damage":30.0,"enemies":"Mind Bloom Boss Battle","floor":38.0,"turns":3.0},{"damage":23.0,"enemies":"Nemesis","floor":40.0,"turns":5.0},{"damage":0,"enemies":"Sphere and 2 Shapes","floor":42,"turns":3},{"damage":8,"enemies":"Reptomancer","floor":45,"turns":4},{"damage":0,"enemies":"4 Shapes","floor":46,"turns":6},{"damage":15,"enemies":"Transient","floor":47,"turns":6},{"damage":10,"enemies":"Sphere and 2 Shapes","floor":48,"turns":3},{"damage":47,"enemies":"Time Eater","floor":50,"turns":11},{"damage":56,"enemies":"Donu and Deca","floor":51,"turns":10},{"damage":31,"enemies":"Shield and Spear","floor":55,"turns":5},{"damage":49,"enemies":"The Heart","floor":56,"turns":8}],"seed_played":"1609496654234374623","potions_obtained":[{"floor":3.0,"key":"DistilledChaos"},{"floor":4.0,"key":"SkillPotion"},{"floor":6.0,"key":"ColorlessPotion"},{"floor":10.0,"key":"Strength Potion"},{"floor":14.0,"key":"GamblersBrew"},{"floor":18.0,"key":"BloodPotion"},{"floor":23.0,"key":"PowerPotion"},{"floor":28.0,"key":"CultistPotion"},{"floor":45,"key":"LiquidMemories"}],"is_trial":false,"path_per_floor":["M","M","M","M","?","E","?","E","T","M","M","M","?","E","R","B",null,"M","M","?","$","?","E","M","E","T","M","M","E","M","M","R","B",null,"M","M","M","?","T","E","R","M","T","?","E","M","M","M","R","B","B",null,"R","$","E","B",null],"character_chosen":"IRONCLAD","items_purchased":["Centennial Puzzle","Shockwave","Mummified Hand","LiquidMemories","TheAbacus","Disarm"],"campfire_rested":2,"item_purchase_floors":[21,21,54,54,54,54],"current_hp_per_floor":[61,56,55,48,53,33,33,9,9,3,27,25,25,24,63,27,67,67,63,42,42,42,66,80,73,73,71,80,87,87,87,87,40,75,87,87,87,87,87,84,84,87,87,87,87,87,72,64,87,87,87,87,87,87,68,87],"gold":39,"neow_bonus":"BOSS_RELIC","is_daily":false,"chose_seed":false,"campfire_upgraded":2,"win_rate":0.0,"timestamp":1613755292,"path_taken":["M","M","M","M","?","E","?","E","T","M","M","M","?","E","R","BOSS","M","?","?","$","?","E","M","E","T","M","?","E","M","M","R","BOSS","M","M","M","?","?","E","R","M","T","?","E","M","M","M","R","BOSS","BOSS","R","$","E","BOSS"],"items_purchased_type":["Relic","Card","Relic","Potion","Relic","Card"],"build_version":"2020-12-22","purchased_purges":2,"victory":true,"max_hp_per_floor":[75,75,75,75,80,80,80,80,80,80,80,80,80,80,80,80,80,80,80,80,80,80,80,80,80,80,80,80,87,87,87,87,87,87,87,87,87,87,87,87,87,87,87,87,87,87,87,87,87,87,87,87,87,87,87,87],"relic_stats":{"Regal Pillow":15,"Happy Flower":[34],"Torii":1,"Gremlin Horn":[0,0],"counters":[36,164],"Self Forming Clay":[60],"Juzu Bracelet":0,"Smiling Mask":50,"Blood Vial":4,"Centennial Puzzle":[48],"TheAbacus":[54],"Mummified Hand":[26],"Snecko Eye":[337,388,341,329],"MealTicket":0,"Pandora\u0027s Box":["Fiend Fire","Reaper","Clash","Ghostly Armor","Carnage","Flex","Juggernaut","Sword Boomerang"],"obtain_stats":[{"Regal Pillow":8,"Lantern":14,"Happy Flower":26,"Torii":38,"Gremlin Horn":55,"Nilry\u0027s Codex":20,"Self Forming Clay":40,"Vajra":9,"Juzu Bracelet":45,"Smiling Mask":25,"Burning Blood":0,"Blood Vial":43,"Centennial Puzzle":21,"TheAbacus":54,"Mummified Hand":54,"Strawberry":29,"Snecko Eye":0,"Philosopher\u0027s Stone":17,"MealTicket":23,"Pandora\u0027s Box":34,"Unceasing Top":6},{"Regal Pillow":6,"Lantern":10,"Happy Flower":16,"Torii":26,"Gremlin Horn":35,"Nilry\u0027s Codex":13,"Self Forming Clay":27,"Vajra":6,"Juzu Bracelet":29,"Smiling Mask":16,"Burning Blood":0,"Blood Vial":28,"Centennial Puzzle":13,"TheAbacus":34,"Mummified Hand":34,"Strawberry":19,"Snecko Eye":0,"Philosopher\u0027s Stone":11,"MealTicket":14,"Pandora\u0027s Box":22,"Unceasing Top":5},{"Regal Pillow":23,"Lantern":36,"Happy Flower":62,"Torii":103,"Gremlin Horn":156,"Nilry\u0027s Codex":48,"Self Forming Clay":108,"Vajra":23,"Juzu Bracelet":115,"Smiling Mask":62,"Burning Blood":0,"Blood Vial":111,"Centennial Puzzle":48,"TheAbacus":151,"Mummified Hand":151,"Strawberry":75,"Snecko Eye":0,"Philosopher\u0027s Stone":45,"MealTicket":52,"Pandora\u0027s Box":90,"Unceasing Top":19}],"Unceasing Top":[1]},"card_choices":[{"not_picked":["Armaments","Sever Soul"],"picked":"Blood for Blood","floor":1.0},{"not_picked":["Inflame","Pommel Strike"],"picked":"Headbutt","floor":2.0},{"not_picked":["Power Through","Entrench","Reckless Charge"],"picked":"SKIP","floor":3.0},{"not_picked":["Twin Strike","Rampage","Dropkick"],"picked":"SKIP","floor":4.0},{"not_picked":["Warcry","True Grit"],"picked":"Reaper","floor":6.0},{"not_picked":["Warcry","Pommel Strike"],"picked":"Dark Embrace","floor":8.0},{"not_picked":["Clash","Wild Strike"],"picked":"Flame Barrier","floor":10.0},{"not_picked":["Sentinel","True Grit"],"picked":"Flame Barrier","floor":11.0},{"not_picked":["Seeing Red","Power Through"],"picked":"Double Tap","floor":12.0},{"not_picked":["Armaments","Seeing Red"],"picked":"Clothesline","floor":14.0},{"not_picked":["Juggernaut","Fiend Fire"],"picked":"Bludgeon","floor":16.0},{"not_picked":["Warcry+1","Burning Pact"],"picked":"Blood for Blood","floor":18.0},{"not_picked":["Heavy Blade","Anger","Sword Boomerang"],"picked":"SKIP","floor":19.0},{"not_picked":["Inflame","Spot Weakness"],"picked":"Feel No Pain","floor":23.0},{"not_picked":["Thunderclap","Iron Wave","Armaments"],"picked":"SKIP","floor":24.0},{"not_picked":["Burning Pact","Armaments","Headbutt"],"picked":"SKIP","floor":25.0},{"not_picked":["Brutality","Sentinel","Heavy Blade"],"picked":"SKIP","floor":27.0},{"not_picked":["Rage","Wild Strike"],"picked":"Dual Wield","floor":28.0},{"not_picked":["Clash+1","Iron Wave"],"picked":"Flame Barrier","floor":29.0},{"not_picked":["Thunderclap","Anger","Whirlwind"],"picked":"SKIP","floor":30.0},{"not_picked":["Flex","Perfected Strike","Pommel Strike"],"picked":"SKIP","floor":31.0},{"not_picked":["Limit Break","Feed"],"picked":"Impervious","floor":33.0},{"not_picked":["Havoc+1","Twin Strike","Pommel Strike"],"picked":"SKIP","floor":35.0},{"not_picked":["Fire Breathing","Clothesline","Searing Blow+1"],"picked":"SKIP","floor":36.0},{"not_picked":["Anger","Pummel"],"picked":"Shockwave","floor":37.0},{"not_picked":["Dark Embrace+1","Hemokinesis"],"picked":"Fiend Fire","floor":40.0},{"not_picked":["Armaments+1","Clash","Blood for Blood"],"picked":"SKIP","floor":42},{"not_picked":["Clash","Blood for Blood"],"picked":"Armaments+1","floor":42},{"not_picked":["Searing Blow","Havoc+1"],"picked":"Dark Embrace+1","floor":45},{"not_picked":["Burning Pact","Thunderclap+1","Perfected Strike"],"picked":"SKIP","floor":46},{"not_picked":["Feed","Hemokinesis","Clothesline"],"picked":"SKIP","floor":47},{"not_picked":["Armaments","Whirlwind","Cleave"],"picked":"SKIP","floor":48},{"not_picked":["Cleave","Flame Barrier+1"],"picked":"Barricade","floor":55}],"player_experience":2893114,"relics_obtained":[{"floor":6.0,"key":"Unceasing Top"},{"floor":8.0,"key":"Regal Pillow"},{"floor":9.0,"key":"Vajra"},{"floor":14.0,"key":"Lantern"},{"floor":20.0,"key":"Nilry\u0027s Codex"},{"floor":23.0,"key":"MealTicket"},{"floor":25.0,"key":"Smiling Mask"},{"floor":26.0,"key":"Happy Flower"},{"floor":29.0,"key":"Strawberry"},{"floor":38.0,"key":"Torii"},{"floor":40.0,"key":"Self Forming Clay"},{"floor":43,"key":"Blood Vial"},{"floor":45,"key":"Juzu Bracelet"},{"floor":55,"key":"Gremlin Horn"}],"event_choices":[{"damage_healed":0.0,"max_hp_gain":5.0,"max_hp_loss":0.0,"gold_gain":0.0,"event_name":"Big Fish","player_choice":"Donut","floor":5.0,"gold_loss":0.0,"damage_taken":0.0},{"damage_healed":0.0,"max_hp_gain":0.0,"max_hp_loss":0.0,"gold_gain":0.0,"event_name":"Shining Light","player_choice":"Ignored","floor":7.0,"gold_loss":0.0,"damage_taken":0.0},{"damage_healed":0.0,"max_hp_gain":0.0,"max_hp_loss":0.0,"gold_gain":0.0,"event_name":"Match and Keep!","player_choice":"2 cards matched","floor":13.0,"gold_loss":0.0,"damage_taken":0.0,"cards_obtained":["Inflame","Pommel Strike"]},{"damage_healed":0.0,"max_hp_gain":0.0,"max_hp_loss":0.0,"gold_gain":0.0,"event_name":"Cursed Tome","player_choice":"Obtained Book","floor":20.0,"gold_loss":0.0,"damage_taken":21.0},{"damage_healed":0.0,"max_hp_gain":0.0,"max_hp_loss":0.0,"gold_gain":0.0,"event_name":"Match and Keep!","player_choice":"1 cards matched","floor":22.0,"gold_loss":0.0,"damage_taken":0.0,"cards_obtained":["Disarm"]},{"damage_healed":0.0,"max_hp_gain":0.0,"max_hp_loss":0.0,"gold_gain":0.0,"event_name":"MindBloom","player_choice":"Fight","floor":38.0,"gold_loss":0.0,"damage_taken":0.0},{"cards_removed":["Headbutt"],"damage_healed":0,"gold_gain":0,"player_choice":"Removed Attack","damage_taken":0,"max_hp_gain":0,"max_hp_loss":0,"event_name":"Falling","floor":44,"gold_loss":0}],"is_beta":false,"boss_relics":[{"not_picked":["Busted Crown","Sozu"],"picked":"Philosopher\u0027s Stone"},{"not_picked":["Coffee Dripper","Runic Pyramid"],"picked":"Pandora\u0027s Box"}],"items_purged_floors":[21,54],"is_endless":false,"potions_floor_spawned":[3,4,6,10,14,18,23,28,29,31,36,37,38,45,55],"ascension_level":20}}