{"host":"k7udt7atmcuzf6l0","time":1613749796,"event":{"mods":["Act Like it!","BaseMod","Colored Map","Colored Powertips","Highlight Path","Minty Spire (QoL Compilation)","Quick Restart","Rare Cards Sparkle","Relic Stats","StSLib","UnlockEverythingMod"],"gold_per_floor":[111,111,125,144,144,144,161,18,18,28,48,48,80,1,1,1,1],"floor_reached":16,"language":"ZHS","playtime":360,"items_purged":["Regret"],"score":102,"play_id":"f02bd5f9-9477-4551-b785-b8de2827e7b9","local_time":"20210219234955","is_ascension_mode":false,"campfire_choices":[{"data":"Flex","floor":6,"key":"SMITH"},{"data":"Double Tap","floor":12,"key":"SMITH"},{"data":"Body Slam","floor":15,"key":"SMITH"}],"circlet_count":0,"master_deck":["Strike_R","Strike_R","Strike_R","Strike_R","Strike_R","Defend_R+1","Defend_R","Defend_R","Defend_R+1","Bash","Flex+1","Pommel Strike","Shockwave","Double Tap+1","Pummel","Body Slam+1","Bloodletting+1"],"relics":["Burning Blood","Thread and Needle","Gremlin Horn","Toxic Egg 2","War Paint"],"acts_visited":["Exordium"],"potions_floor_usage":[7],"damage_taken":[{"damage":2.0,"enemies":"Cultist","floor":1.0,"turns":3.0},{"damage":6,"enemies":"Small Slimes","floor":3,"turns":3},{"damage":2,"enemies":"Jaw Worm","floor":4,"turns":3},{"damage":4,"enemies":"Gremlin Gang","floor":7,"turns":3},{"damage":0,"enemies":"Blue Slaver","floor":10,"turns":3},{"damage":24,"enemies":"Exordium Thugs","floor":11,"turns":3},{"damage":26,"enemies":"Gremlin Nob","floor":13,"turns":4},{"damage":35,"enemies":"The Guardian","floor":16,"turns":8}],"seed_played":"-6799816658514490226","potions_obtained":[{"floor":3,"key":"Fire Potion"},{"floor":10,"key":"GamblersBrew"},{"floor":11,"key":"Ancient Potion"}],"is_trial":false,"path_per_floor":["M","?","M","M","?","R","M","$","T","M","M","R","E","$","R","B"],"character_chosen":"IRONCLAD","items_purchased":["Pummel","Bloodletting+1"],"campfire_rested":0,"item_purchase_floors":[8,14],"current_hp_per_floor":[60,60,60,64,64,64,66,66,66,72,54,54,34,34,34,0,0],"gold":1,"neow_bonus":"ONE_RARE_RELIC","is_daily":false,"chose_seed":false,"campfire_upgraded":3,"win_rate":0.0,"timestamp":1613749795,"path_taken":["M","?","M","?","?","R","M","$","T","M","M","R","E","$","R","BOSS"],"items_purchased_type":["Card","Card"],"build_version":"2020-12-22","purchased_purges":1,"victory":false,"max_hp_per_floor":[80,80,80,80,80,80,80,80,80,80,80,80,80,80,80,80,80],"relic_stats":{"Gremlin Horn":[4,4],"counters":[8,30],"War Paint":["Defend_R","Defend_R"],"obtain_stats":[{"Gremlin Horn":5,"Thread and Needle":0,"Toxic Egg 2":9,"War Paint":13,"Burning Blood":0},{"Gremlin Horn":3,"Thread and Needle":0,"Toxic Egg 2":4,"War Paint":7,"Burning Blood":0},{"Gremlin Horn":9,"Thread and Needle":0,"Toxic Egg 2":12,"War Paint":22,"Burning Blood":0}],"Burning Blood":42},"card_choices":[{"not_picked":["Rupture","Wild Strike"],"picked":"Flex","floor":1.0},{"not_picked":["True Grit","Flex","Thunderclap"],"picked":"SKIP","floor":3},{"not_picked":["Cleave","Perfected Strike","Iron Wave"],"picked":"SKIP","floor":4},{"not_picked":["Searing Blow","Fiend Fire","Hemokinesis"],"picked":"SKIP","floor":7},{"not_picked":["Headbutt","Iron Wave"],"picked":"Body Slam","floor":10},{"not_picked":["Heavy Blade","Thunderclap","Perfected Strike"],"picked":"SKIP","floor":11},{"not_picked":["Anger","Cleave","Combust"],"picked":"SKIP","floor":13}],"player_experience":144649,"relics_obtained":[{"floor":9,"key":"Toxic Egg 2"},{"floor":13,"key":"War Paint"}],"event_choices":[{"damage_healed":0,"gold_gain":0,"player_choice":"3 cards matched","damage_taken":0,"max_hp_gain":0,"max_hp_loss":0,"event_name":"Match and Keep!","floor":2,"gold_loss":0,"cards_obtained":["Pommel Strike","Shockwave","Double Tap"]},{"damage_healed":0,"gold_gain":0,"player_choice":"Box","damage_taken":0,"relics_obtained":["Gremlin Horn"],"max_hp_gain":0,"max_hp_loss":0,"event_name":"Big Fish","floor":5,"gold_loss":0,"cards_obtained":["Regret"]}],"is_beta":false,"boss_relics":[],"items_purged_floors":[8],"is_endless":false,"potions_floor_spawned":[3,10,11],"killed_by":"The Guardian","ascension_level":0}}