{"host":"hmb95rboouqzgqy7","time":1613770303,"event":{"mods":["BaseMod","Colored Map","Colored Powertips","Highlight Path","Minty Spire (QoL Compilation)","Permanent Neow","Quick Restart","Relic Stats","StSLib"],"gold_per_floor":[218,233,243,257,182,213,213,241,241,241,241,66,78,107,107,211,211,230,240,253,61,78,78,78,78,78,112,122,122,0,13,13,112,112,127,37,51,51,68,68,103,103,103,136,136,155,155,170,170,170,170,170,20,51,51],"floor_reached":56,"language":"ENG","playtime":4111,"items_purged":["Strike_G","Strike_G","Strike_G","Strike_G"],"score":1376,"play_id":"f56b5381-6a98-4ac8-b776-33b6ccee1854","local_time":"20210219153143","is_ascension_mode":true,"campfire_choices":[{"data":"Catalyst","floor":7,"key":"SMITH"},{"data":"Adrenaline","floor":10,"key":"SMITH"},{"data":"Neutralize","floor":11,"key":"SMITH"},{"data":"Well Laid Plans","floor":15,"key":"SMITH"},{"data":"Burst","floor":23,"key":"SMITH"},{"data":"Crippling Poison","floor":25,"key":"SMITH"},{"data":"Bouncing Flask","floor":29,"key":"SMITH"},{"data":"Adrenaline","floor":32,"key":"SMITH"},{"data":"Deadly Poison","floor":40,"key":"SMITH"},{"data":"Calculated Gamble","floor":42,"key":"SMITH"},{"data":"Survivor","floor":45,"key":"SMITH"},{"floor":47,"key":"RECALL"},{"data":"Defend_G","floor":49,"key":"SMITH"},{"data":"Defend_G","floor":52,"key":"SMITH"}],"circlet_count":0,"master_deck":["Defend_G","Defend_G+1","Defend_G+1","Defend_G","Defend_G+1","Survivor+1","Neutralize+1","Crippling Poison+1","Catalyst+1","Deadly Poison+1","Well Laid Plans+1","Burst+1","Bouncing Flask+1","Calculated Gamble+1","Catalyst+1","Adrenaline+1","Bouncing Flask+1","Adrenaline+1","Adrenaline+1"],"relics":["Ring of the Snake","Snake Skull","Lantern","Ice Cream","WingedGreaves","Darkstone Periapt","Sozu","DollysMirror","Toxic Egg 2","Juzu Bracelet","SlaversCollar","Art of War","Thread and Needle","Blue Candle","Anchor"],"acts_visited":["Exordium","TheCity","TheBeyond","TheEnding"],"potions_floor_usage":[6,8],"damage_taken":[{"damage":0.0,"enemies":"2 Louse","floor":1.0,"turns":3.0},{"damage":0.0,"enemies":"Cultist","floor":2.0,"turns":3.0},{"damage":2.0,"enemies":"Small Slimes","floor":3.0,"turns":3.0},{"damage":4.0,"enemies":"Red Slaver","floor":4.0,"turns":3.0},{"damage":5,"enemies":"Lagavulin","floor":6,"turns":3},{"damage":10,"enemies":"Gremlin Nob","floor":8,"turns":3},{"damage":0,"enemies":"Exordium Thugs","floor":13,"turns":3},{"damage":10,"enemies":"3 Sentries","floor":14,"turns":4},{"damage":9,"enemies":"The Guardian","floor":16,"turns":3},{"damage":0,"enemies":"Chosen","floor":18,"turns":2},{"damage":0,"enemies":"3 Byrds","floor":19,"turns":3},{"damage":10,"enemies":"Snake Plant","floor":20,"turns":3},{"damage":7,"enemies":"Cultist and Chosen","floor":22,"turns":3},{"damage":0,"enemies":"Book of Stabbing","floor":27,"turns":2},{"damage":0,"enemies":"Centurion and Healer","floor":28,"turns":1},{"damage":0,"enemies":"Chosen and Byrds","floor":31,"turns":1},{"damage":0,"enemies":"Champ","floor":33,"turns":2},{"damage":0,"enemies":"3 Darklings","floor":35,"turns":3},{"damage":2,"enemies":"Orb Walker","floor":37,"turns":2},{"damage":1,"enemies":"4 Shapes","floor":39,"turns":2},{"damage":0,"enemies":"Nemesis","floor":41,"turns":1},{"damage":0,"enemies":"Giant Head","floor":44,"turns":2},{"damage":0,"enemies":"Maw","floor":46,"turns":1},{"damage":0,"enemies":"Transient","floor":48,"turns":2},{"damage":10,"enemies":"Time Eater","floor":50,"turns":3},{"damage":6,"enemies":"Shield and Spear","floor":54,"turns":2},{"damage":17,"enemies":"The Heart","floor":55,"turns":3}],"seed_played":"-936339020303439931","potions_obtained":[{"floor":1.0,"key":"Poison Potion"},{"floor":3.0,"key":"ColorlessPotion"},{"floor":14,"key":"SpeedPotion"}],"is_trial":false,"path_per_floor":["M","M","M","M","$","E","R","E","T","R","R","$","M","E","R","B",null,"M","M","M","$","M","R","?","R","T","E","M","R","$","M","R","B",null,"M","?","M","?","M","R","E","R","T","E","R","M","R","M","R","B",null,"R","$","E","B",null],"character_chosen":"THE_SILENT","items_purchased":["Well Laid Plans","Calculated Gamble","DollysMirror"],"campfire_rested":0,"item_purchase_floors":[12,21,21],"current_hp_per_floor":[70,70,68,64,64,59,59,49,49,49,49,49,49,39,39,30,70,70,70,60,60,53,53,53,53,53,53,53,53,53,53,53,53,70,70,70,68,68,67,67,67,67,67,67,67,67,67,67,67,57,70,70,70,64,47],"gold":51,"neow_bonus":"HUNDRED_GOLD","is_daily":false,"chose_seed":false,"campfire_upgraded":13,"win_rate":0.0,"timestamp":1613770303,"path_taken":["M","M","M","M","$","E","R","E","T","R","R","$","M","E","R","BOSS","M","M","M","$","M","R","?","R","T","E","M","R","$","M","R","BOSS","M","?","M","?","M","R","E","R","T","E","R","M","R","M","R","BOSS","R","$","E","BOSS"],"items_purchased_type":["Card","Card","Relic"],"build_version":"2020-12-22","purchased_purges":4,"victory":true,"max_hp_per_floor":[70,70,70,70,70,70,70,70,70,70,70,70,70,70,70,70,70,70,70,70,70,70,70,70,70,70,70,70,70,70,70,70,70,70,70,70,70,70,70,70,70,70,70,70,70,70,70,70,70,70,70,70,70,70,70],"relic_stats":{"Darkstone Periapt":0,"Sozu":1,"counters":[27,66],"Blue Candle":[0],"Snake Skull":[290],"Juzu Bracelet":2,"Art of War":[3],"obtain_stats":[{"Ice Cream":8,"Darkstone Periapt":14,"Lantern":6,"Blue Candle":44,"Thread and Needle":43,"Snake Skull":0,"Juzu Bracelet":27,"Sozu":17,"SlaversCollar":34,"Anchor":54,"DollysMirror":21,"WingedGreaves":0,"Art of War":41,"Toxic Egg 2":26,"Ring of the Snake":0},{"Ice Cream":6,"Darkstone Periapt":8,"Lantern":5,"Blue Candle":22,"Thread and Needle":21,"Snake Skull":0,"Juzu Bracelet":14,"Sozu":9,"SlaversCollar":17,"Anchor":26,"DollysMirror":12,"WingedGreaves":0,"Art of War":21,"Toxic Egg 2":13,"Ring of the Snake":0},{"Ice Cream":18,"Darkstone Periapt":25,"Lantern":15,"Blue Candle":55,"Thread and Needle":53,"Snake Skull":0,"Juzu Bracelet":41,"Sozu":28,"SlaversCollar":45,"Anchor":63,"DollysMirror":36,"WingedGreaves":0,"Art of War":53,"Toxic Egg 2":39,"Ring of the Snake":0}],"Ring of the Snake":[54]},"card_choices":[{"not_picked":["Choke","Expertise","Tactician"],"picked":"SKIP","floor":1.0},{"not_picked":["Backflip","Deadly Poison","Heel Hook"],"picked":"SKIP","floor":2.0},{"not_picked":["Deflect","Outmaneuver","Poisoned Stab"],"picked":"SKIP","floor":3.0},{"not_picked":["Outmaneuver","Footwork","Dodge and Roll"],"picked":"SKIP","floor":4.0},{"not_picked":["Outmaneuver","Prepared","Heel Hook"],"picked":"SKIP","floor":6},{"not_picked":["Sucker Punch","Blur"],"picked":"Deadly Poison","floor":8},{"not_picked":["Crippling Poison","Slice"],"picked":"Burst","floor":13},{"not_picked":["Sucker Punch","Caltrops"],"picked":"Bouncing Flask","floor":14},{"not_picked":["Glass Knife","Doppelganger"],"picked":"Adrenaline","floor":16},{"not_picked":["Sucker Punch","Slice+1","Flying Knee"],"picked":"SKIP","floor":18},{"not_picked":["Underhanded Strike+1","Bane","Dagger Throw+1"],"picked":"SKIP","floor":19},{"not_picked":["Cloak And Dagger","Footwork","Concentrate"],"picked":"SKIP","floor":20},{"not_picked":["Masterful Stab","Deadly Poison+1"],"picked":"Adrenaline","floor":22},{"not_picked":["After Image","Dash","Concentrate+1"],"picked":"SKIP","floor":27},{"not_picked":["Flying Knee+1","Concentrate+1","Bane"],"picked":"SKIP","floor":28},{"not_picked":["Bane+1","Quick Slash","Blade Dance+1"],"picked":"SKIP","floor":31},{"not_picked":["Venomology+1","A Thousand Cuts"],"picked":"Grand Finale","floor":33},{"not_picked":["Dagger Spray","All Out Attack","Crippling Poison+1"],"picked":"SKIP","floor":35},{"not_picked":["Bane+1","Backflip+1","Deflect+1"],"picked":"SKIP","floor":37},{"not_picked":["Infinite Blades+1","Deflect+1","Bane"],"picked":"SKIP","floor":39},{"not_picked":["Storm of Steel+1","All Out Attack","Dagger Spray"],"picked":"SKIP","floor":41},{"not_picked":["Quick Slash","All Out Attack","Deadly Poison+1"],"picked":"SKIP","floor":44},{"not_picked":["PiercingWail+1","Choke+1","Dagger Spray+1"],"picked":"SKIP","floor":46},{"not_picked":["Dagger Spray+1","Reflex+1","Bane"],"picked":"SKIP","floor":48},{"not_picked":["Endless Agony+1","Terror+1","Prepared+1"],"picked":"SKIP","floor":54}],"player_experience":109451,"relics_obtained":[{"floor":8,"key":"Ice Cream"},{"floor":14,"key":"Darkstone Periapt"},{"floor":26,"key":"Toxic Egg 2"},{"floor":27,"key":"Juzu Bracelet"},{"floor":41,"key":"Art of War"},{"floor":43,"key":"Thread and Needle"},{"floor":44,"key":"Blue Candle"},{"floor":54,"key":"Anchor"}],"event_choices":[{"damage_healed":0,"gold_gain":0,"player_choice":"0 cards matched","damage_taken":0,"max_hp_gain":0,"max_hp_loss":0,"event_name":"Match and Keep!","floor":24,"gold_loss":0,"cards_obtained":[]},{"cards_removed":["Strike_G"],"damage_healed":0,"gold_gain":0,"player_choice":"Upgrade and Remove","damage_taken":0,"max_hp_gain":0,"max_hp_loss":0,"event_name":"Designer","floor":36,"gold_loss":90,"cards_upgraded":["Defend_G"]},{"damage_healed":0,"gold_gain":0,"player_choice":"Ignored","damage_taken":0,"max_hp_gain":0,"max_hp_loss":0,"event_name":"Tomb of Lord Red Mask","floor":38,"gold_loss":0}],"is_beta":false,"boss_relics":[{"not_picked":["HoveringKite","Empty Cage"],"picked":"Sozu"},{"not_picked":["Calling Bell","Snecko Eye"],"picked":"SlaversCollar"}],"items_purged_floors":[5,12,30,53],"is_endless":false,"potions_floor_spawned":[1,3,14,18,22,27,28,35,39,44,54],"ascension_level":1}}