{"host":"nwd160me4iqdtr8u","time":1613758028,"event":{"mods":["AchievementEnabler","Act Like it!","BaseMod","Colored Map","DeckTracker","Keyboard Shortcuts","Minty Spire (QoL Compilation)","Quick Restart","Rare Cards Sparkle","Smile Girya","StSLib","SuperFastMode","everything is the same but u backflip on backflip"],"gold_per_floor":[117,129,140,159,159,159,186,186,268,279,306,306,338,338,338,434,434,446,466,486,197,216,216,232,232,232,45,45,74,74,90,90,191,191,204,216,231,251,265,265,265,265,265,265,21,35,85,136,136,136],"floor_reached":51,"language":"KOR","playtime":2924,"items_purged":["Zap","Defend_B","Shame"],"score":955,"play_id":"ce1e17c3-f282-43f3-91d1-9729c89753b4","local_time":"20210220030708","is_ascension_mode":true,"campfire_choices":[{"data":"Hyperbeam","floor":6.0,"key":"SMITH"},{"data":"Go for the Eyes","floor":8.0,"key":"SMITH"},{"floor":12.0,"key":"REST"},{"data":"Reprogram","floor":15.0,"key":"SMITH"},{"data":"Seek","floor":23.0,"key":"SMITH"},{"data":"Skim","floor":25.0,"key":"SMITH"},{"data":"Beam Cell","floor":28.0,"key":"SMITH"},{"floor":32.0,"key":"REST"},{"data":"Reinforced Body","floor":40.0,"key":"SMITH"},{"data":"Rebound","floor":42.0,"key":"SMITH"},{"data":"Dualcast","floor":44.0,"key":"SMITH"},{"data":"Reprogram","floor":49.0,"key":"SMITH"}],"circlet_count":0,"master_deck":["Strike_B","Strike_B","Strike_B","Strike_B","Defend_B","Defend_B","Dualcast+1","Hyperbeam+1","Go for the Eyes+1","Rebound+1","Beam Cell+1","Conserve Battery","Cold Snap+1","Seek+1","Reprogram+1","BootSequence","Core Surge+1","Genetic Algorithm","Stack","FTL+1","Reinforced Body+1","Skim+1","Finesse","Steam Power+1","Sunder+1","Self Repair","Fission","Aggregate+1","Coolheaded+1","Gash+1","Reprogram+1","Streamline+1","Streamline+1","Gash+1"],"relics":["Cracked Core","Molten Egg 2","Mummified Hand","Bottled Lightning","Nunchaku","Pocketwatch","Velvet Choker","HandDrill","Pantograph","Vajra","Cursed Key","White Beast Statue","Emotion Chip","Dead Branch"],"acts_visited":["Exordium","TheCity","TheBeyond"],"potions_floor_usage":[50,50],"damage_taken":[{"damage":1.0,"enemies":"Cultist","floor":1.0,"turns":3.0},{"damage":5.0,"enemies":"Small Slimes","floor":2.0,"turns":2.0},{"damage":0.0,"enemies":"2 Louse","floor":3.0,"turns":1.0},{"damage":3.0,"enemies":"Blue Slaver","floor":4.0,"turns":3.0},{"damage":6.0,"enemies":"3 Sentries","floor":7.0,"turns":3.0},{"damage":20.0,"enemies":"Large Slime","floor":10.0,"turns":4.0},{"damage":11.0,"enemies":"Lagavulin","floor":11.0,"turns":4.0},{"damage":0.0,"enemies":"Gremlin Nob","floor":13.0,"turns":2.0},{"damage":33.0,"enemies":"The Guardian","floor":16.0,"turns":7.0},{"damage":0.0,"enemies":"Spheric Guardian","floor":18.0,"turns":3.0},{"damage":4.0,"enemies":"Shell Parasite","floor":19.0,"turns":4.0},{"damage":0.0,"enemies":"3 Cultists","floor":20.0,"turns":3.0},{"damage":4.0,"enemies":"Cultist and Chosen","floor":22.0,"turns":5.0},{"damage":8.0,"enemies":"Snecko","floor":24.0,"turns":4.0},{"damage":12.0,"enemies":"Book of Stabbing","floor":29.0,"turns":6.0},{"damage":0.0,"enemies":"Snake Plant","floor":31.0,"turns":3.0},{"damage":70.0,"enemies":"Collector","floor":33.0,"turns":11.0},{"damage":0.0,"enemies":"3 Darklings","floor":35.0,"turns":5.0},{"damage":0.0,"enemies":"Orb Walker","floor":36.0,"turns":2.0},{"damage":15.0,"enemies":"Transient","floor":37.0,"turns":5.0},{"damage":0.0,"enemies":"Jaw Worm Horde","floor":38.0,"turns":2.0},{"damage":1.0,"enemies":"Spire Growth","floor":39.0,"turns":4.0},{"damage":10.0,"enemies":"Writhing Mass","floor":46.0,"turns":4.0},{"damage":13.0,"enemies":"Mind Bloom Boss Battle","floor":47.0,"turns":6.0},{"damage":26.0,"enemies":"2 Orb Walkers","floor":48.0,"turns":3.0},{"damage":67,"enemies":"Awakened One","floor":50,"turns":10}],"seed_played":"-4696509423200093943","potions_obtained":[{"floor":10.0,"key":"ColorlessPotion"},{"floor":11.0,"key":"Fire Potion"},{"floor":13.0,"key":"ColorlessPotion"},{"floor":14.0,"key":"DistilledChaos"},{"floor":14.0,"key":"EssenceOfDarkness"},{"floor":16.0,"key":"LiquidMemories"},{"floor":20.0,"key":"Ancient Potion"},{"floor":22.0,"key":"SneckoOil"},{"floor":31.0,"key":"SkillPotion"},{"floor":35.0,"key":"Fire Potion"},{"floor":46.0,"key":"Weak Potion"},{"floor":47.0,"key":"Strength Potion"},{"floor":48.0,"key":"FearPotion"}],"is_trial":false,"path_per_floor":["M","M","M","M","T","R","E","R","T","M","E","R","E","?","R","B",null,"M","M","M","$","M","R","M","R","T","$","R","E","?","M","R","B",null,"M","M","M","M","M","R","?","R","T","R","$","M","?","?","R","B",null],"character_chosen":"DEFECT","items_purchased":["HandDrill","FTL+1","Finesse","Gash+1","Reprogram"],"campfire_rested":2,"item_purchase_floors":[21,21,27,45,45],"current_hp_per_floor":[67,62,62,59,59,59,53,53,53,33,22,44,44,44,44,11,59,59,55,55,55,51,51,43,43,43,43,43,31,31,31,53,5,58,58,58,50,57,63,63,63,63,63,63,63,53,69,50,50,8],"gold":136,"neow_bonus":"ONE_RANDOM_RARE_CARD","is_daily":false,"chose_seed":false,"campfire_upgraded":10,"win_rate":0.0,"timestamp":1613758028,"path_taken":["M","M","?","M","?","R","E","R","T","M","E","R","E","?","R","BOSS","M","M","M","?","M","R","M","R","T","$","R","E","?","M","R","BOSS","M","M","M","M","M","R","?","R","T","R","$","M","?","?","R","BOSS"],"items_purchased_type":["Relic","Card","Card","Card","Card"],"build_version":"2020-12-22","purchased_purges":3,"victory":true,"max_hp_per_floor":[75,75,75,75,75,75,75,75,75,75,75,75,75,75,75,75,75,75,75,75,75,75,75,75,75,75,75,75,75,75,75,75,75,75,75,75,75,75,75,75,75,75,75,75,75,75,75,75,75,75],"card_choices":[{"not_picked":["Cold Snap","Ball Lightning"],"picked":"Go for the Eyes","floor":1.0},{"not_picked":["Compile Driver","Cold Snap"],"picked":"Rebound","floor":2.0},{"not_picked":["Gash","Sweeping Beam"],"picked":"Beam Cell","floor":3.0},{"not_picked":["Gash","Redo"],"picked":"Conserve Battery","floor":4.0},{"not_picked":["Compile Driver+1","Blizzard+1"],"picked":"Cold Snap+1","floor":7.0},{"not_picked":["Leap","Conserve Battery"],"picked":"Seek","floor":10.0},{"not_picked":["Sweeping Beam+1","Beam Cell+1"],"picked":"Reprogram","floor":11.0},{"not_picked":["Heatsinks","Force Field"],"picked":"BootSequence","floor":13.0},{"not_picked":["Seek","Rainbow"],"picked":"Core Surge+1","floor":16.0},{"not_picked":["Redo","Gash+1"],"picked":"Genetic Algorithm","floor":18.0},{"not_picked":["Redo+1","Lockon+1","Steam Power"],"picked":"SKIP","floor":19.0},{"not_picked":["Leap+1","Loop+1"],"picked":"Stack","floor":20.0},{"not_picked":["Compile Driver+1","Leap"],"picked":"Reinforced Body","floor":22.0},{"not_picked":["Steam","Force Field"],"picked":"Skim","floor":24.0},{"not_picked":["Glacier","Barrage+1"],"picked":"Steam Power+1","floor":29.0},{"not_picked":["Coolheaded","Capacitor"],"picked":"Self Repair","floor":31.0},{"not_picked":["Hyperbeam+1","All For One+1"],"picked":"Fission","floor":33.0},{"not_picked":["Sweeping Beam+1","Defragment"],"picked":"Aggregate+1","floor":35.0},{"not_picked":["Melter+1","Go for the Eyes+1"],"picked":"Coolheaded+1","floor":36.0},{"not_picked":["Defragment","Ball Lightning+1","Skim+1"],"picked":"SKIP","floor":37.0},{"not_picked":["Cold Snap+1","Stack+1","Conserve Battery"],"picked":"SKIP","floor":38.0},{"not_picked":["Chaos+1","Glacier","Steam+1"],"picked":"SKIP","floor":39.0},{"not_picked":["Conserve Battery","Aggregate+1"],"picked":"Streamline+1","floor":46.0},{"not_picked":["Cold Snap+1","Conserve Battery"],"picked":"Streamline+1","floor":47.0},{"not_picked":["Ball Lightning+1","Creative AI"],"picked":"Gash+1","floor":48.0}],"player_experience":425806,"relics_obtained":[{"floor":5.0,"key":"Molten Egg 2"},{"floor":7.0,"key":"Mummified Hand"},{"floor":9.0,"key":"Bottled Lightning"},{"floor":11.0,"key":"Nunchaku"},{"floor":13.0,"key":"Pocketwatch"},{"floor":26.0,"key":"Pantograph"},{"floor":29.0,"key":"Vajra"},{"floor":43.0,"key":"White Beast Statue"},{"floor":47.0,"key":"Emotion Chip"},{"floor":48.0,"key":"Dead Branch"}],"event_choices":[{"damage_healed":0.0,"max_hp_gain":0.0,"max_hp_loss":0.0,"gold_gain":0.0,"event_name":"Lab","player_choice":"Got Potions","floor":14.0,"gold_loss":0.0,"damage_taken":0.0},{"damage_healed":0.0,"max_hp_gain":0.0,"max_hp_loss":0.0,"gold_gain":0.0,"event_name":"The Library","player_choice":"Read","floor":30.0,"gold_loss":0.0,"damage_taken":0.0,"cards_obtained":["Sunder"]},{"cards_removed":["Defend_B"],"damage_healed":0.0,"max_hp_gain":0.0,"max_hp_loss":0.0,"gold_gain":0.0,"event_name":"Falling","player_choice":"Removed Skill","floor":41.0,"gold_loss":0.0,"damage_taken":0.0},{"damage_healed":0.0,"max_hp_gain":0.0,"max_hp_loss":0.0,"gold_gain":0.0,"event_name":"MindBloom","player_choice":"Fight","floor":47.0,"gold_loss":0.0,"damage_taken":0.0},{"damage_healed":0.0,"max_hp_gain":0.0,"max_hp_loss":0.0,"gold_gain":0.0,"event_name":"Mysterious Sphere","player_choice":"Fight","floor":48.0,"gold_loss":0.0,"damage_taken":0.0}],"is_beta":false,"boss_relics":[{"not_picked":["Runic Dome","Fusion Hammer"],"picked":"Velvet Choker"},{"not_picked":["SacredBark","Pandora\u0027s Box"],"picked":"Cursed Key"}],"items_purged_floors":[21,27,45],"is_endless":false,"potions_floor_spawned":[10,11,13,16,20,22,31,35,46,47,48],"ascension_level":8}}