{"host":"3uwhcpalb3g7ihhc","time":1613707980,"event":{"mods":["AchievementEnabler","BaseMod","BetterRewards","Card Forge","Grow up Mod","Minty Spire (QoL Compilation)","StSLib"],"gold_per_floor":[114,114,124,124,141,175,175,175,221,99,111,146,163,189,189,291,291,304,316,316,316,326,361,375,375,448,458,475,269,269,287,287,382,432,445,445,445,458,478,510,510,524,575,592,605,605,275,302,302,302,302,302,147,176,176],"floor_reached":56,"language":"ENG","playtime":1986,"items_purged":[],"score":1921,"play_id":"0ab939f5-44cb-458e-9e33-85c0831520f1","local_time":"20210219171300","is_ascension_mode":false,"campfire_choices":[{"floor":7,"key":"RECALL"},{"floor":15,"key":"REST"},{"floor":30,"key":"REST"},{"floor":32,"key":"REST"},{"floor":41,"key":"REST"},{"floor":49,"key":"REST"},{"floor":52,"key":"REST"}],"circlet_count":0,"master_deck":["PathToVictory+1","PathToVictory+1","PathToVictory+1","PathToVictory+1","Escape Plan+1","Escape Plan+1","Escape Plan+1","Escape Plan+1"],"relics":["PureWater","Hammer of Thor","Seething Fire","Anvil of the Gods","Membership Card","Damaru","CaptainsWheel","Boot","Letter Opener","Art of War","Gremlin Horn","Strawberry","Blood Vial","Philosopher\u0027s Stone","Anchor","Pantograph","PreservedInsect","Kunai","Tiny House","Bag of Preparation","MealTicket","Mercury Hourglass","Pear","Lee\u0027s Waffle","Happy Flower","StoneCalendar","Sundial"],"acts_visited":["Exordium","TheCity","TheBeyond","TheEnding"],"potions_floor_usage":[31,42,42,55],"damage_taken":[{"damage":0,"enemies":"Cultist","floor":1,"turns":1},{"damage":0,"enemies":"Jaw Worm","floor":3,"turns":1},{"damage":0,"enemies":"2 Louse","floor":5,"turns":1},{"damage":0,"enemies":"Gremlin Nob","floor":6,"turns":1},{"damage":0,"enemies":"Exordium Wildlife","floor":11,"turns":1},{"damage":0,"enemies":"3 Sentries","floor":12,"turns":2},{"damage":0,"enemies":"Large Slime","floor":13,"turns":1},{"damage":0,"enemies":"Gremlin Nob","floor":14,"turns":1},{"damage":0,"enemies":"Slime Boss","floor":16,"turns":2},{"damage":0,"enemies":"Spheric Guardian","floor":18,"turns":1},{"damage":0,"enemies":"3 Byrds","floor":19,"turns":1},{"damage":0,"enemies":"Snecko","floor":22,"turns":1},{"damage":0,"enemies":"Book of Stabbing","floor":23,"turns":1},{"damage":0,"enemies":"Cultist and Chosen","floor":24,"turns":1},{"damage":0,"enemies":"3 Cultists","floor":27,"turns":1},{"damage":0,"enemies":"Centurion and Healer","floor":28,"turns":1},{"damage":0,"enemies":"Cultist and Chosen","floor":31,"turns":1},{"damage":0,"enemies":"Champ","floor":33,"turns":2},{"damage":0,"enemies":"3 Darklings","floor":35,"turns":1},{"damage":0,"enemies":"Orb Walker","floor":38,"turns":1},{"damage":0,"enemies":"3 Darklings","floor":39,"turns":1},{"damage":0,"enemies":"Nemesis","floor":40,"turns":1},{"damage":0,"enemies":"Transient","floor":42,"turns":2},{"damage":0,"enemies":"4 Shapes","floor":44,"turns":1},{"damage":0,"enemies":"Writhing Mass","floor":45,"turns":1},{"damage":29,"enemies":"Time Eater","floor":50,"turns":3},{"damage":0,"enemies":"Shield and Spear","floor":54,"turns":2},{"damage":97,"enemies":"The Heart","floor":55,"turns":4}],"seed_played":"-6733337677380861025","potions_obtained":[{"floor":5,"key":"DistilledChaos"},{"floor":11,"key":"PowerPotion"},{"floor":14,"key":"ColorlessPotion"},{"floor":19,"key":"LiquidMemories"},{"floor":31,"key":"Fruit Juice"},{"floor":34,"key":"AttackPotion"},{"floor":37,"key":"LiquidMemories"},{"floor":42,"key":"Energy Potion"},{"floor":44,"key":"Dexterity Potion"}],"is_trial":false,"path_per_floor":["M","$","M","?","M","E","R","?","T","$","M","E","M","E","R","B",null,"M","M","?","?","M","E","M","T","T","M","M","$","R","M","R","B",null,"M","?","?","M","M","E","R","M","T","M","M","?","$","T","R","B",null,"R","$","E","B",null],"character_chosen":"WATCHER","items_purchased":["Membership Card","Damaru","Gremlin Horn","PreservedInsect","Kunai","Mercury Hourglass","Pear","Lee\u0027s Waffle","StoneCalendar"],"campfire_rested":6,"item_purchase_floors":[0,0,10,29,29,47,47,47,53],"current_hp_per_floor":[92,102,112,122,132,142,152,137,147,157,167,184,194,204,239,249,259,269,279,289,299,309,319,329,339,349,359,369,379,389,404,414,424,439,449,459,469,479,489,499,509,519,529,539,549,559,586,596,606,587,626,636,646,656,569],"gold":176,"neow_bonus":"","is_daily":false,"chose_seed":false,"campfire_upgraded":0,"win_rate":0.0,"timestamp":1613707980,"path_taken":["M","$","?","?","M","E","R","?","T","?","M","E","M","E","R","BOSS","M","M","?","?","?","E","M","?","T","M","M","$","R","?","R","BOSS","M","?","?","M","?","E","R","M","T","M","M","?","$","?","R","BOSS","R","$","E","BOSS"],"items_purchased_type":["Relic","Relic","Relic","Relic","Relic","Relic","Relic","Relic","Relic"],"build_version":"2020-12-22","purchased_purges":0,"victory":true,"max_hp_per_floor":[92,102,112,122,132,142,152,162,172,182,192,209,219,229,239,249,259,269,279,289,299,309,319,329,339,349,359,369,379,389,404,414,424,439,449,459,469,479,489,499,509,519,529,539,549,559,586,596,606,616,626,636,646,656,666],"card_choices":[{"not_picked":["Crescendo","Wallop","EmptyBody"],"picked":"SKIP","floor":1},{"not_picked":["Adaptation","FollowUp","Crescendo"],"picked":"SKIP","floor":3},{"not_picked":["CutThroughFate","Ragnarok","Perseverance"],"picked":"SKIP","floor":5},{"not_picked":["Protect","ThirdEye","FollowUp"],"picked":"SKIP","floor":6},{"not_picked":["SignatureMove","BowlingBash","Weave"],"picked":"SKIP","floor":11},{"not_picked":["Meditate","Ragnarok","Wallop"],"picked":"SKIP","floor":12},{"not_picked":["FlyingSleeves","Swivel","Protect"],"picked":"SKIP","floor":13},{"not_picked":["EmptyMind","WindmillStrike","DevaForm"],"picked":"SKIP","floor":14},{"not_picked":["Protect","InnerPeace","Consecrate"],"picked":"SKIP","floor":18},{"not_picked":["Worship+1","SandsOfTime+1","FollowUp"],"picked":"SKIP","floor":19},{"not_picked":["EmptyMind","Crescendo","Worship"],"picked":"SKIP","floor":22},{"not_picked":["Conclude","FlurryOfBlows","JustLucky+1"],"picked":"SKIP","floor":23},{"not_picked":["Protect","ClearTheMind","Collect"],"picked":"SKIP","floor":24},{"not_picked":["Vengeance+1","WaveOfTheHand+1","CarveReality"],"picked":"SKIP","floor":27},{"not_picked":["Meditate+1","Prostrate+1","Judgement"],"picked":"SKIP","floor":28},{"not_picked":["WheelKick","FlyingSleeves","BowlingBash+1"],"picked":"SKIP","floor":31},{"not_picked":["Nirvana","Halt+1","EmptyBody+1"],"picked":"SKIP","floor":35},{"not_picked":["EmptyBody+1","CrushJoints","Weave"],"picked":"SKIP","floor":38},{"not_picked":["Prostrate+1","WindmillStrike","CutThroughFate"],"picked":"SKIP","floor":39},{"not_picked":["Collect","WreathOfFlame","Adaptation+1"],"picked":"SKIP","floor":40},{"not_picked":["Indignation","ClearTheMind+1","EmptyFist+1"],"picked":"SKIP","floor":42},{"not_picked":["Worship","EmptyBody","Sanctity"],"picked":"SKIP","floor":44},{"not_picked":["WindmillStrike","SignatureMove+1","WreathOfFlame"],"picked":"SKIP","floor":45},{"not_picked":["EmptyBody+1","Tantrum+1","WaveOfTheHand+1"],"picked":"SKIP","floor":54}],"player_experience":342492,"relics_obtained":[{"floor":6,"key":"Boot"},{"floor":9,"key":"Art of War"},{"floor":12,"key":"Strawberry"},{"floor":14,"key":"Blood Vial"},{"floor":23,"key":"Anchor"},{"floor":26,"key":"Pantograph"},{"floor":40,"key":"Bag of Preparation"},{"floor":43,"key":"MealTicket"},{"floor":48,"key":"Happy Flower"},{"floor":54,"key":"Sundial"}],"event_choices":[{"damage_healed":0,"gold_gain":0,"player_choice":"Leave","damage_taken":0,"max_hp_gain":0,"max_hp_loss":0,"event_name":"The Cleric","floor":4,"gold_loss":0},{"damage_healed":0,"gold_gain":0,"player_choice":"Success","damage_taken":25,"relics_obtained":["Letter Opener"],"max_hp_gain":0,"max_hp_loss":0,"event_name":"Scrap Ooze","floor":8,"gold_loss":0},{"damage_healed":0,"gold_gain":0,"player_choice":"Ignored","damage_taken":0,"max_hp_gain":0,"max_hp_loss":0,"event_name":"Vampires","floor":20,"gold_loss":0},{"damage_healed":0,"gold_gain":0,"player_choice":"Bought 0 Potions","damage_taken":0,"max_hp_gain":0,"max_hp_loss":0,"event_name":"The Woman in Blue","floor":21,"gold_loss":0},{"damage_healed":112,"gold_gain":0,"player_choice":"Writhe","damage_taken":0,"max_hp_gain":0,"max_hp_loss":0,"event_name":"Winding Halls","floor":36,"gold_loss":0,"cards_obtained":["Writhe"]},{"damage_healed":0,"gold_gain":0,"player_choice":"Got Potions","damage_taken":0,"max_hp_gain":0,"max_hp_loss":0,"event_name":"Lab","floor":37,"gold_loss":0},{"damage_healed":0,"gold_gain":0,"player_choice":"Ignored","damage_taken":0,"max_hp_gain":0,"max_hp_loss":0,"event_name":"Upgrade Shrine","floor":46,"gold_loss":0}],"is_beta":false,"boss_relics":[{"not_picked":["Cursed Key","Empty Cage"],"picked":"Philosopher\u0027s Stone"},{"not_picked":["Sozu","Astrolabe"],"picked":"Tiny House"}],"items_purged_floors":[],"is_endless":false,"potions_floor_spawned":[5,11,14,16,19,22,27,28,31,35,42,44],"ascension_level":0}}