{"host":"8is2j71l4wmybkoi","time":1613717608,"event":{"mods":["AchievementEnabler","BaseMod","Colored Map","DeckTracker","Minty Spire (QoL Compilation)","Rare Cards Sparkle","Relic Stats","StSLib","SuperFastMode"],"gold_per_floor":[116,41,41,14,14,14,53,53,53,86,106,149,169,69,69,160,160,173,223,223,243,267,267,302,327,327,99,99,114,131,144,144,223,223,240,258,275,275,294,294,304,304,304],"floor_reached":42,"language":"KOR","playtime":1399,"items_purged":["Strike_B","Strike_B","Strike_B"],"score":854,"play_id":"e4088440-84e8-452d-9dec-36669b2d5e3b","local_time":"20210219155328","is_ascension_mode":true,"campfire_choices":[{"data":"Beam Cell","floor":6,"key":"SMITH"},{"data":"Zap","floor":8,"key":"SMITH"},{"data":"Double Energy","floor":15,"key":"SMITH"},{"data":"Turbo","floor":23,"key":"SMITH"},{"data":"Defragment","floor":32,"key":"SMITH"},{"floor":40,"key":"RECALL"}],"circlet_count":0,"master_deck":["AscendersBane","Defend_B","Defend_B","Zap+1","Dualcast","Streamline","Beam Cell+1","Doom and Gloom","Turbo+1","Undo","Double Energy+1","Conserve Battery","Echo Form","Auto Shields+1","Core Surge+1","Go for the Eyes+1","Genetic Algorithm","Compile Driver","Darkness+1","Defragment+1","Coolheaded","BootSequence+1","Capacitor","Electrodynamics","Recycle","White Noise","Consume","Glacier"],"relics":["Cracked Core","NeowsBlessing","Bloody Idol","Nunchaku","Dead Branch","Meat on the Bone","Bottled Flame","Astrolabe","Juzu Bracelet","HornCleat","Fusion Hammer"],"acts_visited":["Exordium","TheCity","TheBeyond"],"potions_floor_usage":[12,13,18,21,33,39,42],"damage_taken":[{"damage":0,"enemies":"2 Louse","floor":1,"turns":1},{"damage":0,"enemies":"3 Sentries","floor":7,"turns":1},{"damage":0,"enemies":"Lagavulin","floor":10,"turns":1},{"damage":7,"enemies":"Jaw Worm","floor":11,"turns":2},{"damage":15,"enemies":"3 Sentries","floor":12,"turns":6},{"damage":0,"enemies":"Small Slimes","floor":13,"turns":2},{"damage":33,"enemies":"Slime Boss","floor":16,"turns":5},{"damage":7,"enemies":"3 Byrds","floor":18,"turns":4},{"damage":7,"enemies":"Shell Parasite","floor":21,"turns":3},{"damage":11,"enemies":"Snake Plant","floor":22,"turns":3},{"damage":36,"enemies":"Slavers","floor":24,"turns":4},{"damage":3,"enemies":"Centurion and Healer","floor":29,"turns":6},{"damage":3,"enemies":"Shelled Parasite and Fungi","floor":30,"turns":5},{"damage":0,"enemies":"Chosen and Byrds","floor":31,"turns":5},{"damage":34,"enemies":"Champ","floor":33,"turns":9},{"damage":6,"enemies":"Orb Walker","floor":35,"turns":4},{"damage":0,"enemies":"3 Darklings","floor":36,"turns":4},{"damage":8,"enemies":"Transient","floor":37,"turns":5},{"damage":0,"enemies":"Jaw Worm Horde","floor":39,"turns":3},{"damage":27,"enemies":"Spire Growth","floor":41,"turns":5},{"damage":68,"enemies":"Reptomancer","floor":42,"turns":4}],"seed_played":"-1683227313187009831","potions_obtained":[{"floor":11,"key":"Energy Potion"},{"floor":12,"key":"Swift Potion"},{"floor":13,"key":"SneckoOil"},{"floor":16,"key":"AttackPotion"},{"floor":30,"key":"FocusPotion"},{"floor":35,"key":"LiquidMemories"},{"floor":41,"key":"Regen Potion"}],"is_trial":false,"path_per_floor":["M","$","?","$","?","R","E","R","T","E","M","E","M","$","R","B",null,"M","?","?","M","M","R","E","T","T","$","?","M","M","M","R","B",null,"M","M","M","?","M","R","M","E"],"character_chosen":"DEFECT","items_purchased":["Beam Cell","Defragment","Coolheaded"],"campfire_rested":0,"item_purchase_floors":[4,27,27],"current_hp_per_floor":[64,64,69,69,69,69,69,69,69,69,62,47,47,47,47,26,58,51,51,51,44,45,45,21,21,21,21,21,35,49,54,54,37,61,60,65,62,62,67,67,45,0,0],"gold":304,"neow_bonus":"THREE_ENEMY_KILL","is_daily":false,"chose_seed":false,"campfire_upgraded":5,"win_rate":0.0,"timestamp":1613717608,"path_taken":["M","$","?","$","?","R","E","R","T","E","M","E","M","?","R","BOSS","M","?","?","M","M","R","E","?","T","?","?","M","M","M","R","BOSS","M","M","M","?","M","R","M","E"],"items_purchased_type":["Card","Card","Card"],"build_version":"2020-12-22","purchased_purges":3,"victory":false,"max_hp_per_floor":[71,71,76,76,69,69,69,69,69,69,69,69,69,69,69,69,69,69,69,69,69,69,69,69,69,69,69,69,69,69,69,69,69,69,69,69,69,69,69,69,69,69,69],"relic_stats":{"Nunchaku":[13],"counters":[21,82],"Bloody Idol":45,"Dead Branch":[89],"Astrolabe":["Auto Shields","Core Surge","Go for the Eyes"],"Juzu Bracelet":0,"obtain_stats":[{"Nunchaku":7,"Bottled Flame":12,"HornCleat":26,"NeowsBlessing":0,"Golden Idol":5,"Dead Branch":9,"Astrolabe":17,"Bloody Idol":28,"Fusion Hammer":34,"Juzu Bracelet":24,"Cracked Core":0,"Meat on the Bone":10},{"Nunchaku":2,"Bottled Flame":5,"HornCleat":11,"NeowsBlessing":0,"Golden Idol":1,"Dead Branch":2,"Astrolabe":7,"Bloody Idol":11,"Fusion Hammer":15,"Juzu Bracelet":11,"Cracked Core":0,"Meat on the Bone":3},{"Nunchaku":2,"Bottled Flame":11,"HornCleat":32,"NeowsBlessing":0,"Golden Idol":1,"Dead Branch":2,"Astrolabe":18,"Bloody Idol":32,"Fusion Hammer":57,"Juzu Bracelet":32,"Cracked Core":0,"Meat on the Bone":3}],"Meat on the Bone":72},"card_choices":[{"not_picked":["Stack","Coolheaded"],"picked":"Streamline","floor":1},{"not_picked":["Barrage","Gash"],"picked":"Doom and Gloom","floor":7},{"not_picked":["Streamline","Chaos"],"picked":"Turbo","floor":10},{"not_picked":["Streamline","Coolheaded"],"picked":"Undo","floor":11},{"not_picked":["Barrage","Multi-Cast"],"picked":"Double Energy","floor":12},{"not_picked":["FTL","Stack"],"picked":"Conserve Battery","floor":13},{"not_picked":["Reboot","Multi-Cast"],"picked":"Echo Form","floor":16},{"not_picked":["Hello World","Sunder","Auto Shields"],"picked":"SKIP","floor":18},{"not_picked":["Hologram","Go for the Eyes"],"picked":"Genetic Algorithm","floor":21},{"not_picked":["Redo","Skim"],"picked":"Compile Driver","floor":22},{"not_picked":["Ball Lightning","Turbo"],"picked":"Darkness+1","floor":24},{"not_picked":["Turbo+1","Rebound"],"picked":"BootSequence+1","floor":29},{"not_picked":["Storm","Loop"],"picked":"Capacitor","floor":30},{"not_picked":["Steam","Barrage","Stack"],"picked":"SKIP","floor":31},{"not_picked":["Core Surge","Seek"],"picked":"Electrodynamics","floor":33},{"not_picked":["Go for the Eyes+1","Gash"],"picked":"Recycle","floor":35},{"not_picked":["Chaos","Cold Snap"],"picked":"White Noise","floor":36},{"not_picked":["Steam+1","Streamline+1","Ball Lightning"],"picked":"SKIP","floor":37},{"not_picked":["Ball Lightning+1","Streamline"],"picked":"Consume","floor":39},{"not_picked":["Genetic Algorithm+1","Beam Cell"],"picked":"Glacier","floor":41}],"player_experience":1240679,"relics_obtained":[{"floor":7,"key":"Nunchaku"},{"floor":9,"key":"Dead Branch"},{"floor":10,"key":"Meat on the Bone"},{"floor":12,"key":"Bottled Flame"},{"floor":24,"key":"Juzu Bracelet"},{"floor":26,"key":"HornCleat"}],"event_choices":[{"damage_healed":0,"gold_gain":0,"player_choice":"Donut","damage_taken":0,"max_hp_gain":5,"max_hp_loss":0,"event_name":"Big Fish","floor":3,"gold_loss":0},{"damage_healed":0,"gold_gain":0,"player_choice":"Lose Max HP","damage_taken":0,"relics_obtained":["Golden Idol"],"max_hp_gain":0,"max_hp_loss":7,"event_name":"Golden Idol","floor":5,"gold_loss":0},{"damage_healed":0,"gold_gain":50,"player_choice":"Stole From Cult","damage_taken":0,"max_hp_gain":0,"max_hp_loss":0,"event_name":"Nest","floor":19,"gold_loss":0},{"damage_healed":0,"gold_gain":0,"player_choice":"Ignored","damage_taken":0,"max_hp_gain":0,"max_hp_loss":0,"event_name":"The Mausoleum","floor":20,"gold_loss":0},{"damage_healed":0,"gold_gain":0,"player_choice":"Gave Idol","damage_taken":0,"relics_obtained":["Bloody Idol"],"max_hp_gain":0,"max_hp_loss":0,"event_name":"Forgotten Altar","floor":28,"relics_lost":["Golden Idol"],"gold_loss":0},{"damage_healed":0,"gold_gain":0,"player_choice":"Ignored","damage_taken":0,"max_hp_gain":0,"max_hp_loss":0,"event_name":"SecretPortal","floor":38,"gold_loss":0}],"is_beta":false,"boss_relics":[{"not_picked":["Tiny House","FrozenCore"],"picked":"Astrolabe"},{"not_picked":["Coffee Dripper","Calling Bell"],"picked":"Fusion Hammer"}],"items_purged_floors":[2,14,27],"is_endless":false,"potions_floor_spawned":[11,12,13,16,30,35,41],"killed_by":"Reptomancer","ascension_level":15}}