{"host":"uhi6g4fgvyietct9","time":1613735097,"event":{"mods":["AchievementEnabler","BaseMod","Colored Map","Colored Powertips","Minty Spire (QoL Compilation)","StSLib","SuperFastMode"],"gold_per_floor":[114,114,37,54,67,67,102,277,277,308,383,383,383,400,400,499,499,510,526,182,196,0,0,0,0],"floor_reached":24,"language":"KOR","playtime":754,"items_purged":["Strike_R"],"score":326,"play_id":"874cbcf8-ff70-4bb6-8329-718e9cd44afc","local_time":"20210219204457","is_ascension_mode":true,"campfire_choices":[{"data":"Fire Breathing","floor":6,"key":"SMITH"},{"floor":12,"key":"REST"},{"floor":15,"key":"REST"},{"floor":23,"key":"REST"}],"circlet_count":0,"master_deck":["AscendersBane","Strike_R","Strike_R","Strike_R","Strike_R","Defend_R","Defend_R","Defend_R","Defend_R","Bash","Reckless Charge","Fire Breathing+1","Reckless Charge","Shrug It Off","Fire Breathing","Shrug It Off","Evolve","Dark Shackles"],"relics":["Burning Blood","NeowsBlessing","Lizard Tail","Letter Opener","Bag of Marbles","Runic Cube"],"acts_visited":["Exordium","TheCity"],"potions_floor_usage":[7,7,10,19,21],"damage_taken":[{"damage":0,"enemies":"Small Slimes","floor":1,"turns":1},{"damage":0,"enemies":"Cultist","floor":4,"turns":1},{"damage":0,"enemies":"2 Louse","floor":5,"turns":1},{"damage":30,"enemies":"Lagavulin","floor":7,"turns":5},{"damage":30,"enemies":"3 Sentries","floor":10,"turns":5},{"damage":10,"enemies":"Large Slime","floor":14,"turns":5},{"damage":12,"enemies":"Slime Boss","floor":16,"turns":7},{"damage":7,"enemies":"Chosen","floor":18,"turns":5},{"damage":37,"enemies":"Spheric Guardian","floor":19,"turns":5},{"damage":40,"enemies":"Shelled Parasite and Fungi","floor":21,"turns":6},{"damage":22,"enemies":"Snake Plant","floor":24,"turns":4}],"seed_played":"-8524528641688621299","potions_obtained":[{"floor":1,"key":"PowerPotion"},{"floor":4,"key":"FearPotion"},{"floor":7,"key":"PowerPotion"},{"floor":16,"key":"Energy Potion"}],"is_trial":false,"path_per_floor":["M","?","$","M","M","R","E","?","T","E","?","R","?","M","R","B",null,"M","M","$","M","?","R","M"],"character_chosen":"IRONCLAD","items_purchased":["Fire Breathing","Shrug It Off","Evolve","PowerPotion","Dark Shackles"],"campfire_rested":3,"item_purchase_floors":[3,20,20,20,20],"current_hp_per_floor":[78,78,78,80,80,80,56,56,56,32,21,45,45,41,65,59,75,74,43,43,9,9,33,11,11],"gold":0,"neow_bonus":"THREE_ENEMY_KILL","is_daily":false,"chose_seed":false,"campfire_upgraded":1,"win_rate":0.0,"timestamp":1613735097,"path_taken":["M","?","$","?","M","R","E","?","T","E","?","R","?","M","R","BOSS","M","M","$","M","?","R","M"],"items_purchased_type":["Card","Card","Card","Potion","Card"],"build_version":"2020-12-22","purchased_purges":1,"victory":false,"max_hp_per_floor":[80,80,80,80,80,80,80,80,80,80,80,80,80,80,80,80,80,80,80,80,80,80,80,80,80],"card_choices":[{"not_picked":["Sever Soul","Clash"],"picked":"Reckless Charge","floor":1},{"not_picked":["Pommel Strike","Blood for Blood"],"picked":"Reckless Charge","floor":4},{"not_picked":["Heavy Blade","Flex","Blood for Blood"],"picked":"SKIP","floor":5},{"not_picked":["Reaper","Havoc","Clothesline"],"picked":"SKIP","floor":7},{"not_picked":["Wild Strike","Anger"],"picked":"Shrug It Off","floor":10},{"not_picked":["Headbutt","Perfected Strike","Pommel Strike"],"picked":"SKIP","floor":14},{"not_picked":["Second Wind","Twin Strike"],"picked":"Fire Breathing","floor":18},{"not_picked":["Anger","Warcry","Wild Strike"],"picked":"SKIP","floor":19},{"not_picked":["Pommel Strike","Flame Barrier","Armaments"],"picked":"SKIP","floor":21}],"player_experience":590538,"relics_obtained":[{"floor":7,"key":"Lizard Tail"},{"floor":9,"key":"Letter Opener"},{"floor":10,"key":"Bag of Marbles"}],"event_choices":[{"damage_healed":0,"gold_gain":0,"player_choice":"Bought 0 Potions","damage_taken":0,"max_hp_gain":0,"max_hp_loss":0,"event_name":"The Woman in Blue","floor":2,"gold_loss":0},{"damage_healed":0,"gold_gain":175,"player_choice":"AGREE","damage_taken":0,"max_hp_gain":0,"max_hp_loss":0,"event_name":"Liars Game","floor":8,"gold_loss":0,"cards_obtained":["Doubt"]},{"damage_healed":0,"gold_gain":75,"player_choice":"Gather Gold","damage_taken":11,"max_hp_gain":0,"max_hp_loss":0,"event_name":"World of Goop","floor":11,"gold_loss":0},{"cards_removed":["Doubt"],"damage_healed":0,"gold_gain":0,"player_choice":"Forget","damage_taken":0,"max_hp_gain":0,"max_hp_loss":0,"event_name":"Living Wall","floor":13,"gold_loss":0},{"damage_healed":0,"gold_gain":0,"player_choice":"Paid Fearfully","damage_taken":0,"max_hp_gain":0,"max_hp_loss":0,"event_name":"Masked Bandits","floor":22,"gold_loss":196}],"is_beta":false,"boss_relics":[{"not_picked":["Ectoplasm","Snecko Eye"],"picked":"Runic Cube"}],"items_purged_floors":[20],"is_endless":false,"potions_floor_spawned":[1,4,7,16],"killed_by":"Snake Plant","ascension_level":12}}