{"host":"d6oxvn0vsgxeumax","time":1613775429,"event":{"mods":["BaseMod","Better Altar","Better Match","Better Note","Better Sensory Stone","Better Skull","Better Third Choice","BetterRewards","Bossed Relics","Colored Map","Colored Powertips","Defuse TimeMaze Blight","Downfall","Hubris","Infinite Spire","Minty Spire (QoL Compilation)","Relic Sorter","Replay The Spire","Shop Mod","Spicy Shops","Spire Arcade","StSLib","The Bug Knight","Uncapped"],"gold_per_floor":[119,130,130,130,130,156,172,172,172,199,211,211,16,36,36,132,132,151,151,165,36,910,940,985,1002,1026,1026,1045,1072,1086,1111,1111,1208,1208,1222,1241,894,894,909,942,942,967,990,1046,1093,1093,1149,1177,1177,1315,1315,1332,1332,1381,778,794,794,812,847,897,914,977,977,989,1010,1010,1142,1142,1167,1127,1143,1168,1273,1273,1289,1311,1311,1205,1247,1247,1172,1172,1172,1291,1291,1317,1340,1405,1405,1405,1446,1471,1007,1007,1039,978,978,1005,1005,1005,1113,1113,1140,852,875,929,929,966,975,975,975,1004,641,671,690,690,797,797,818,827,827,827,827,868,877,877,919,705,723,732,732,837,837,854,854,854,886,1018,1065,1065,1077,1126,1138,1177,1189,1201,1327,1339,1351,1123,1156,1279],"floor_reached":158,"language":"ENG","playtime":5627,"items_purged":["Parasite","Strike_G","Regret","Strike_G","Strike_G","Guardian:PrimingBeam","Neutralize","Clumsy","Decay","Defend_G+1","Hallucinations"],"score":5389,"play_id":"5dbae04f-d761-4d3c-a0c7-32bfc1c98401","local_time":"20210219165709","is_ascension_mode":true,"campfire_choices":[{"data":"Accuracy","floor":8.0,"key":"SMITH"},{"data":"hubris:EnhanceAbility","floor":12.0,"key":"SMITH"},{"data":"Blade Dance","floor":15.0,"key":"SMITH"},{"data":"ReplayTheSpireMod:Scrap Shanks","floor":27.0,"key":"SMITH"},{"data":"Burst","floor":32.0,"key":"SMITH"},{"data":"ReplayTheSpireMod:From All Sides","floor":41.0,"key":"SMITH"},{"data":"Phantasmal Killer","floor":46.0,"key":"SMITH"},{"data":"Glass Knife","floor":49.0,"key":"SMITH"},{"data":"Accuracy","floor":57.0,"key":"SMITH"},{"data":"Strike_G+1","floor":66.0,"key":"PURGE"},{"data":"Strike_G+1","floor":74,"key":"PURGE"},{"data":"ReplayTheSpireMod:Scrap Shanks+1","floor":80,"key":"PURGE"},{"data":"Defend_G","floor":83,"key":"PURGE"},{"floor":97,"key":"RECALL"},{"floor":100,"key":"REST"},{"data":"Slimebound:RainOfGoop+1","floor":110,"key":"PURGE"},{"floor":117,"key":"REST"},{"data":"hubris:InfiniteBlow+654","floor":134,"key":"SMITH"},{"data":"Defend_G+1","floor":146,"key":"PURGE"},{"data":"hubris:InfiniteBlow+655","floor":148,"key":"SMITH"},{"data":"hubris:InfiniteBlow+656","floor":151,"key":"SMITH"},{"data":"hubris:InfiniteBlow+657","floor":154,"key":"SMITH"}],"circlet_count":0,"master_deck":["Defend_G+1","Blade Dance+1","Cloak And Dagger+1","hubris:EnhanceAbility+1","Backflip+1","Blade Dance+1","Hidden Blade+1","Burst+1","CurseOfTheBell","Cloak And Dagger+1","ReplayTheSpireMod:From All Sides+1","Phantasmal Killer+1","Body Slam+1","Blade Dance+1","infinitespire:Gouge+1","Blur+1","infinitespire:SealOfDarkness+","hubris:InfiniteBlow+658"],"relics":["Sizzling Blood","hubris:Teleporter","hubris:CrystalStatue","hubris:DeckOfHolding","Replay:Wax Seal","Shuriken","Gremlin Horn","MerchantsRug","ClockworkSouvenir","Ninja Scroll","PreservedInsect","HollowMod:LifeEnderRelic","hubris:TenFootPole","infinitespire:Cubic Diamond","Peace Pipe","MealTicket","Membership Card","Pen Nib","Tiny Chest","Garlic","Vampiric Spirits","Snack Pack","ReplayTheSpireMod:CursedCoin","Bird Faced Urn","hexamod:BolsterEngine","Slimebound:StickyStick","Pantograph","Regal Pillow","Lantern","Vajra","Replay:Mystery Machine","hubris:CuriousFeather","infinitespire:ShieldingShard","hubris:Potato","PrismaticShard","champ:Barbells","Replay:Bandana","infinitespire:Broken Mirror","Philosopher\u0027s Stone","ReplayTheSpireMod:Lightbulb","Chemical X","Calipers","infinitespire:Midas Blood","Darkstone Periapt","CeramicFish","Mummified Hand","Art of War","champ:DuelingGlove","infinitespire:Lucky Rock","Eternal Feather","Empty Cage","hubris:FunFungus","infinitespire:Bottled Soul","Ancient Tea Set","Juzu Bracelet","HornCleat","Meat on the Bone","Replay:Accelerometer","Black Star","Nunchaku","hubris:64BitClover","Toy Ornithopter","hubris:EmptyBottle","Smiling Mask","FossilizedHelix","Orichalcum","hexamod:TheBrokenSeal","Bottled Tornado","Replay:Baseball","Bag of Preparation","Gremlin Food","Frozen Eye","hubris:PeanutButter","WristBlade","Pocketwatch","hubris:TinFlute","infinitespire:Magic Flask","Oddly Smooth Stone","Replay:Bottled Flurry","infinitespire:Golems Mask","Golden Egg","Basket Of Snakes","ReplayTheSpireMod:Ring of Exchange","Ring of Fangs","Busted Crown","Akabeko","infinitespire:CursedDice","Lizard Tail","ReplayFunnel","Replay:Kaleidoscope","Replay:Ringing Soul","Kunai","MawBank","Blood Vial","Happy Flower","Singing Bowl","infinitespire:Joker Card","infinitespire:WardingShard","OrangePellets","hubris:HerbalPaste","Guardian:PocketSentry","hubris:Metronome"],"acts_visited":[],"potions_floor_usage":[],"damage_taken":[{"damage":0.0,"enemies":"Small Slimes","floor":1.0,"turns":1.0},{"damage":0.0,"enemies":"Jaw Worm","floor":2.0,"turns":1.0},{"damage":6.0,"enemies":"Lagavulin","floor":6.0,"turns":5.0},{"damage":0.0,"enemies":"2 Louse","floor":7.0,"turns":1.0},{"damage":0.0,"enemies":"3 Sentries","floor":10.0,"turns":3.0},{"damage":0.0,"enemies":"Looter","floor":11.0,"turns":1.0},{"damage":12.0,"enemies":"Blue Slaver","floor":14.0,"turns":2.0},{"damage":20.0,"enemies":"Fading Forest","floor":16.0,"turns":9.0},{"damage":0.0,"enemies":"Spheric Guardian","floor":18.0,"turns":1.0},{"damage":0.0,"enemies":"Chosen","floor":20.0,"turns":3.0},{"damage":0.0,"enemies":"Slavers","floor":23.0,"turns":2.0},{"damage":4.0,"enemies":"Shelled Parasite and Fungi","floor":25.0,"turns":3.0},{"damage":5.0,"enemies":"Centurion and Healer","floor":28.0,"turns":4.0},{"damage":0.0,"enemies":"Book of Stabbing","floor":29.0,"turns":2.0},{"damage":0.0,"enemies":"Sentry and Sphere","floor":30.0,"turns":2.0},{"damage":17.0,"enemies":"hubris:MusketHawk","floor":33.0,"turns":3.0},{"damage":0.0,"enemies":"3 Darklings","floor":35.0,"turns":2.0},{"damage":0.0,"enemies":"Orb Walker","floor":36.0,"turns":2.0},{"damage":0.0,"enemies":"Writhing Mass","floor":39.0,"turns":2.0},{"damage":0.0,"enemies":"R_Hoarder","floor":40.0,"turns":4.0},{"damage":0.0,"enemies":"Spire Growth","floor":42.0,"turns":1.0},{"damage":0.0,"enemies":"Reptomancer","floor":44.0,"turns":1.0},{"damage":7.0,"enemies":"Transient","floor":45.0,"turns":5.0},{"damage":22.0,"enemies":"Nightmare","floor":47.0,"turns":3.0},{"damage":0.0,"enemies":"Sphere and 2 Shapes","floor":48.0,"turns":1.0},{"damage":19.0,"enemies":"Awakened One","floor":50.0,"turns":4.0},{"damage":0.0,"enemies":"Small Slimes","floor":52.0,"turns":1.0},{"damage":0.0,"enemies":"Cultist","floor":56.0,"turns":1.0},{"damage":0.0,"enemies":"2 Louse","floor":58.0,"turns":1.0},{"damage":0.0,"enemies":"Lagavulin","floor":59.0,"turns":2.0},{"damage":0.0,"enemies":"Blue Slaver","floor":61.0,"turns":1.0},{"damage":0.0,"enemies":"3 Sentries","floor":62.0,"turns":1.0},{"damage":0.0,"enemies":"Red Slaver","floor":64.0,"turns":1.0},{"damage":0.0,"enemies":"2 Fungi Beasts","floor":65.0,"turns":1.0},{"damage":36.0,"enemies":"Hexaghost","floor":67.0,"turns":3.0},{"damage":0,"enemies":"Shell Parasite","floor":69,"turns":1},{"damage":0,"enemies":"Spheric Guardian","floor":71,"turns":1},{"damage":0,"enemies":"Snake Plant","floor":75,"turns":1},{"damage":0,"enemies":"Sentry and Sphere","floor":76,"turns":1},{"damage":0,"enemies":"Cultist and Chosen","floor":79,"turns":1},{"damage":0,"enemies":"Collector","floor":84,"turns":2},{"damage":0,"enemies":"3 Darklings","floor":86,"turns":1},{"damage":0,"enemies":"3 Shapes","floor":87,"turns":1},{"damage":0,"enemies":"Mind Bloom Boss Battle","floor":88,"turns":2},{"damage":0,"enemies":"R_Hoarder","floor":91,"turns":1},{"damage":0,"enemies":"Transient","floor":95,"turns":4},{"damage":0,"enemies":"Spire Growth","floor":98,"turns":1},{"damage":85,"enemies":"Time Eater","floor":101,"turns":5},{"damage":0,"enemies":"Jaw Worm","floor":103,"turns":1},{"damage":0,"enemies":"Gremlin Nob","floor":108,"turns":1},{"damage":0,"enemies":"Small Slimes","floor":109,"turns":3},{"damage":0,"enemies":"Lagavulin","floor":112,"turns":1},{"damage":0,"enemies":"Nightmare","floor":114,"turns":1},{"damage":0,"enemies":"Cultist","floor":116,"turns":1},{"damage":0,"enemies":"The Guardian","floor":118,"turns":1},{"damage":0,"enemies":"Shell Parasite","floor":120,"turns":1},{"damage":0,"enemies":"Slavers","floor":126,"turns":1},{"damage":0,"enemies":"Nightmare","floor":129,"turns":1},{"damage":0,"enemies":"Spheric Guardian","floor":132,"turns":1},{"damage":0,"enemies":"Champ","floor":135,"turns":1},{"damage":0,"enemies":"3 Darklings","floor":137,"turns":1},{"damage":0,"enemies":"Nemesis","floor":142,"turns":1},{"damage":0,"enemies":"infinitespire:Three Voidlings","floor":143,"turns":1},{"damage":12,"enemies":"Nightmare_Alpha","floor":143,"turns":3},{"damage":0,"enemies":"R_Hoarder","floor":144,"turns":1},{"damage":0,"enemies":"Nemesis","floor":147,"turns":1},{"damage":0,"enemies":"Nightmare","floor":149,"turns":1},{"damage":0,"enemies":"Replay:Hell Engine","floor":152,"turns":2},{"damage":0,"enemies":"Shield and Spear","floor":156,"turns":1},{"damage":0,"enemies":"The Heart","floor":157,"turns":5}],"seed_played":"-6100882450209059386","potions_obtained":[{"floor":6.0,"key":"Explosive Potion"},{"floor":14.0,"key":"LifebloodPotion"},{"floor":20.0,"key":"Toxic Potion"},{"floor":39.0,"key":"FairyPotion"},{"floor":42.0,"key":"CunningPotion"},{"floor":50.0,"key":"Elixir"},{"floor":52.0,"key":"CunningPotion"},{"floor":55.0,"key":"Doom Potion"},{"floor":59.0,"key":"Explosive Potion"},{"floor":65.0,"key":"CunningPotion"},{"floor":91,"key":"DuplicationPotion"},{"floor":98,"key":"Cursed Concoction"},{"floor":103,"key":"Ancient Potion"},{"floor":129,"key":"Dexterity Potion"},{"floor":135,"key":"PowerPotion"},{"floor":137,"key":"Energy Potion"},{"floor":144,"key":"LifebloodPotion"}],"is_trial":false,"path_per_floor":["M","M","?","?","?","E","M","R","T","E","M","R","$","M","R","B",null,"M","?","M","$","?","E","$","M","T","R","M","E","M","T","R","B",null,"M","M","$","?","M","E","R","M","T","E","M","R","NM","M","R","B",null,"M","?","T","$","M","R","M","E","T","M","E","?","M","M","R","B",null,"M","?","M","T","?","R","M","M","T","$","M","R","?","T","R","B",null,"M","M","?","?","?","E","T","$","T","M","$","R","M","?","R","B",null,"M","$","T","T","?","E","M","R","T","E","$","NM","M","R","B",null,"M","?","?","T","?","E","AVR","T","NM","$","M","?","R","B",null,"M","AVR","T","E","?","E","T","R","E","R","NM","?","R","B",null,"R","$","E","B",null],"character_chosen":"THE_SILENT","items_purchased":["Accuracy","Shuriken","Gremlin Horn","BargainBundle","BlessingOfTheForge","Strength Potion","Block Potion","MerchantsRug","Regen Potion","ClockworkSouvenir","Ninja Scroll","Blade Dance+1","Glass Knife","PreservedInsect","HollowMod:LifeEnderRelic","Cloak And Dagger","hubris:TenFootPole","hubris:EnhanceAbility","Membership Card","Pen Nib","Tiny Chest","Snack Pack","ReplayTheSpireMod:Scrap Shanks","ReplayTheSpireMod:CursedCoin","Bird Faced Urn","hexamod:BolsterEngine","Slimebound:StickyStick","infinitespire:ShieldingShard","hubris:Potato","ReplayTheSpireMod:From All Sides","PrismaticShard","champ:Barbells","Chemical X","Calipers","infinitespire:Midas Blood","Replay:Wax Seal","Darkstone Periapt","Cauldron","champ:DuelingGlove","infinitespire:Lucky Rock","hubris:DeckOfHolding","Juzu Bracelet","War Paint","Whetstone","Potion Belt","CunningPotion","Strength Potion","Explosive Potion","BargainBundle","HornCleat","Meat on the Bone","Replay:Accelerometer","AttackPotion","sneckomod:MuddlingPotion","Poison Potion","ColorlessPotion","hubris:Teleporter","Guide Book","Nunchaku","hubris:64BitClover","Toy Ornithopter","hubris:EmptyBottle","DollysMirror","hubris:CrystalStatue","Bag of Preparation","Gremlin Food","Frozen Eye","infinitespire:Golems Mask","Golden Egg","Basket Of Snakes","infinitespire:Joker Card","infinitespire:WardingShard","OrangePellets","hubris:HerbalPaste"],"campfire_rested":2,"item_purchase_floors":[0,0,0,0,0,0,0,0,0,0,0,0,0,0,0,0,0,0,13,13,13,21,21,24,24,24,24,37,37,37,37,37,55,55,55,55,55,55,78,78,78,93,93,93,93,93,93,93,96,96,96,96,96,96,96,96,104,104,104,104,104,104,113,113,113,113,113,130,130,130,155,155,155,155],"current_hp_per_floor":[67,67,67,67,67,65,67,67,67,67,67,67,67,59,59,53,67,67,64,67,67,5,51,66,77,77,77,77,77,77,77,77,71,77,77,77,77,77,77,77,77,77,77,77,77,77,61,77,77,72,77,77,77,77,77,77,77,77,77,77,77,77,77,77,77,77,51,77,77,77,77,77,62,62,77,77,77,77,77,77,77,77,77,77,77,77,77,77,77,87,87,87,93,93,93,93,93,93,93,93,35,93,93,93,93,93,93,93,103,103,103,103,109,109,109,109,109,109,109,109,109,109,109,109,109,109,109,109,109,115,115,115,115,115,115,115,115,108,115,115,115,115,115,117,111,111,113,113,113,113,115,117],"gold":1279,"neow_bonus":"","is_daily":false,"chose_seed":false,"campfire_upgraded":13,"win_rate":0.0,"timestamp":1613775429,"path_taken":["M","M","?","?","?","E","M","R","T","E","M","R","$","M","R","BOSS","M","?","M","$","?","E","$","?","T","R","M","E","M","?","R","BOSS","M","M","$","?","M","E","R","M","T","E","?","R","NM","M","R","BOSS","M","?","?","$","M","R","M","E","T","?","E","?","M","M","R","BOSS","M","?","M","?","?","R","M","?","T","$","M","R","?","?","R","BOSS","M","M","?","?","?","E","?","?","T","M","$","R","M","?","R","BOSS","M","$","?","?","?","E","M","R","T","E","$","NM","M","R","BOSS","M","?","?","?","?","E","AVR","T","NM","?","M","?","R","BOSS","M","AVR","?","E","?","E","T","R","E","R","NM","?","R","BOSS","R","$","E","BOSS"],"items_purchased_type":["Card","Relic","Relic","Relic","Potion","Potion","Potion","Relic","Potion","Relic","Relic","Card","Card","Relic","Relic","Card","Relic","Card","Relic","Relic","Relic","Relic","Card","Relic","Relic","Relic","Relic","Relic","Relic","Card","Relic","Relic","Relic","Relic","Relic","Relic","Relic","Relic","Relic","Relic","Relic","Relic","Relic","Relic","Relic","Potion","Potion","Potion","Relic","Relic","Relic","Relic","Potion","Potion","Potion","Potion","Relic","Relic","Relic","Relic","Relic","Relic","Relic","Relic","Relic","Relic","Relic","Relic","Relic","Relic","Relic","Relic","Relic","Relic"],"build_version":"2020-12-22","purchased_purges":11,"victory":true,"max_hp_per_floor":[67,67,67,67,67,67,67,67,67,67,67,67,67,67,67,67,67,67,67,67,67,67,77,77,77,77,77,77,77,77,77,77,77,77,77,77,77,77,77,77,77,77,77,77,77,77,77,77,77,77,77,77,77,77,77,77,77,77,77,77,77,77,77,77,77,77,77,77,77,77,77,77,77,77,77,77,77,77,77,77,77,77,77,77,77,77,77,77,77,87,87,87,93,93,93,93,93,93,93,93,93,93,93,93,93,93,93,93,103,103,103,103,109,109,109,109,109,109,109,109,109,109,109,109,109,109,109,109,109,115,115,115,115,115,115,115,115,115,115,115,115,115,115,117,111,111,113,113,113,113,115,117],"card_choices":[{"not_picked":["Prepared","Caltrops","hubris:SlightOfHand"],"picked":"SKIP","floor":1.0},{"not_picked":["Prepared","Blur"],"picked":"Backflip","floor":2.0},{"not_picked":["Flying Knee","All Out Attack"],"picked":"Blade Dance","floor":6.0},{"not_picked":["Sucker Punch","Dodge and Roll"],"picked":"Accuracy","floor":7.0},{"not_picked":["ReplayTheSpireMod:Speed Training","Catalyst"],"picked":"Hidden Blade","floor":10.0},{"not_picked":["Dodge and Roll","All Out Attack"],"picked":"Accuracy","floor":11.0},{"not_picked":["Predator","Quick Slash","Acrobatics"],"picked":"SKIP","floor":14.0},{"not_picked":["Wraith Form v2","Bullet Time"],"picked":"Burst","floor":16.0},{"not_picked":["Underhanded Strike+1","Endless Agony","Flying Knee+1"],"picked":"SKIP","floor":18.0},{"not_picked":["Flying Knee+1","Backflip","Choke"],"picked":"SKIP","floor":20.0},{"not_picked":["Well Laid Plans+1","Doppelganger","Slice"],"picked":"SKIP","floor":23.0},{"not_picked":["Quick Slash","Slice","Deflect"],"picked":"SKIP","floor":25.0},{"not_picked":["hubris:TrickCloak","Dagger Throw+1","Outmaneuver"],"picked":"SKIP","floor":28.0},{"not_picked":["Well Laid Plans","Flechettes+1"],"picked":"Cloak And Dagger+1","floor":29.0},{"not_picked":["Dagger Throw","Predator+1","Poisoned Stab+1"],"picked":"SKIP","floor":30.0},{"not_picked":["Dodge and Roll+1","Dagger Throw+1","Bane+1"],"picked":"SKIP","floor":35.0},{"not_picked":["PiercingWail+1","Underhanded Strike+1","Deadly Poison+1"],"picked":"SKIP","floor":36.0},{"not_picked":["expansioncontent:Hexaburn+1","Replay:BluntJabs+1","hexamod:BurningTouch+1"],"picked":"SKIP","floor":39.0},{"not_picked":["bronze:DigitalCarnage+1","champ:FocusedDefense","Guardian:ArmoredProtocol"],"picked":"SKIP","floor":40.0},{"not_picked":["champ:DefensiveShout","HollowMod:ShadowDash+1","ReplayGash"],"picked":"SKIP","floor":42.0},{"not_picked":["ClearTheMind+1","champ:BladeFlurry"],"picked":"Phantasmal Killer","floor":44.0},{"not_picked":["Go for the Eyes","hexamod:ThermalTransfer"],"picked":"Body Slam+1","floor":45.0},{"not_picked":["Rebound+1","bronze:GetLatest+1","Slimebound:GoopTackle+1"],"picked":"SKIP","floor":47.0},{"not_picked":["Sweeping Beam+1","Panic Button+1","Heavy Blade+1"],"picked":"SKIP","floor":48.0},{"not_picked":["sneckomod:UnknownClassGREEN","sneckomod:DiceBlock","Halt"],"picked":"SKIP","floor":52.0},{"not_picked":["Leap","Acrobatics","champ:Devastate"],"picked":"SKIP","floor":56.0},{"not_picked":["bronze:FineTuning","WheelKick","sneckomod:DiceBoulder"],"picked":"SKIP","floor":58.0},{"not_picked":["Guardian:PiercingHide","HollowMod:SharpenedShadows","sneckomod:UnknownClassTHE_CHAMP_GRAY"],"picked":"SKIP","floor":59.0},{"not_picked":["bronze:WhirlingStrike","hexamod:ShieldOfDarkness","sneckomod:UnknownClassBUGKNIGHT_GRAY_COLOR"],"picked":"SKIP","floor":61.0},{"not_picked":["Eclipse","Steam"],"picked":"Blade Dance","floor":62.0},{"not_picked":["sneckomod:QuickMove","Slimebound:Equalize","sneckomod:UnknownClassSLIMEBOUND"],"picked":"SKIP","floor":64.0},{"not_picked":["Turbo","HollowMod:TaintedHusks","Sweeping Beam"],"picked":"SKIP","floor":65.0},{"not_picked":["bronze:Flail","FlurryOfBlows","Setup"],"picked":"SKIP","floor":69},{"not_picked":["hexamod:ChargedBarrage","champ:HeartStrike","Slimebound:LeechingTouch"],"picked":"SKIP","floor":71},{"not_picked":["HollowMod:MonomonsArchive","Guardian:Gem_Green","Anger"],"picked":"SKIP","floor":75},{"not_picked":["Guardian:RefractedBeam+1","Guardian:SpikerProtocol"],"picked":"Guardian:PrimingBeam","floor":76},{"not_picked":["Panic Button+1","HollowMod:DesolateDive+1"],"picked":"Slimebound:RainOfGoop+1","floor":79},{"not_picked":["Omniscience","Malaise"],"picked":"hexamod:FifthSeal","floor":84},{"not_picked":["hexamod:GhostflameBarrier","HollowMod:BaldurShell","sneckomod:UnknownClassPURPLE"],"picked":"SKIP","floor":86},{"not_picked":["sneckomod:UnknownExhaust","Meditate","champ:Haymaker+1"],"picked":"SKIP","floor":87},{"not_picked":["hexamod:SecondSeal","hexamod:FourthSeal"],"picked":"hexamod:SixthSeal","floor":88},{"not_picked":["Run Through+1","HollowMod:DashSlash+1","Wild Strike+1"],"picked":"SKIP","floor":91},{"not_picked":["infinitespire:DeathsTouch","ReplayTheSpireMod:Echoes of Time"],"picked":"infinitespire:Gouge","floor":93},{"not_picked":["hexamod:FirstSeal","hexamod:SecondSeal"],"picked":"hexamod:ThirdSeal","floor":95},{"not_picked":["EmptyBody","Slimebound:LivingWall","HollowMod:DoubleDash"],"picked":"SKIP","floor":95},{"not_picked":["Bloodletting+1","hexamod:HeatMetal+1","Dagger Spray+1"],"picked":"SKIP","floor":98},{"not_picked":["hexamod:FourthSeal","hexamod:SixthSeal"],"picked":"hexamod:FirstSeal","floor":101},{"not_picked":["hexamod:SixthSeal","hexamod:FirstSeal"],"picked":"hexamod:FourthSeal","floor":103},{"not_picked":["champ:FaceSlap","Dagger Throw","Guardian:VentSteam"],"picked":"SKIP","floor":103},{"not_picked":["hexamod:FirstSeal","hexamod:ThirdSeal"],"picked":"hexamod:SecondSeal","floor":108},{"not_picked":["sneckomod:UnknownExhaust","HollowMod:DescendingDark","Entrench"],"picked":"SKIP","floor":108},{"not_picked":["sneckomod:UnknownX","Slimebound:ItLooksTasty","Flying Knee"],"picked":"SKIP","floor":109},{"not_picked":["Slimebound:SplitAcid","Pommel Strike","HollowMod:DoubleDash"],"picked":"SKIP","floor":109},{"not_picked":["HollowMod:CycloneSlash","HollowMod:NewJinnsSoul","True Grit"],"picked":"SKIP","floor":112},{"not_picked":["sneckomod:Unknown0Cost","HollowMod:NewGlowingWomb","Guardian:StasisStrike"],"picked":"SKIP","floor":114},{"not_picked":["Auto Shields","hubris:SlightOfHand","Coolheaded"],"picked":"SKIP","floor":116},{"not_picked":["sneckomod:DiceBlock","sneckomod:DiceCrush","hexamod:SpectralAdrenaline"],"picked":"SKIP","floor":120},{"not_picked":["BasicCrystalCard","champ:PreciseThrust+1","Barrage+1"],"picked":"SKIP","floor":126},{"not_picked":["infinitespire:Collect","infinitespire:Gouge"],"picked":"hubris:InfiniteBlow+654","floor":129},{"not_picked":["sneckomod:Unknown1Cost","Halt","hexamod:GhostOfSpirePresent"],"picked":"SKIP","floor":129},{"not_picked":["Slimebound:Gluttony+1","bronze:Fortify","bronze:CutThrough"],"picked":"SKIP","floor":132},{"not_picked":["Swift Strike"],"picked":"SKIP","floor":137},{"not_picked":["bronze:Branch"],"picked":"SKIP","floor":142},{"not_picked":["Toxin Wave"],"picked":"SKIP","floor":144},{"not_picked":["Reboot"],"picked":"SKIP","floor":147},{"not_picked":["champ:TornadoPunch"],"picked":"Singing Bowl","floor":149},{"not_picked":["Night Terror"],"picked":"Singing Bowl","floor":152},{"not_picked":["Guardian:ShieldCharger"],"picked":"Singing Bowl","floor":156},{"not_picked":["hexamod:HexaLevel"],"picked":"Singing Bowl","floor":157}],"player_experience":1117325,"relics_obtained":[{"floor":6.0,"key":"Peace Pipe"},{"floor":9.0,"key":"Matryoshka"},{"floor":10.0,"key":"MealTicket"},{"floor":17.0,"key":"Omamori"},{"floor":17.0,"key":"Garlic"},{"floor":17.0,"key":"Vampiric Spirits"},{"floor":23.0,"key":"Pear"},{"floor":26.0,"key":"Pantograph"},{"floor":26.0,"key":"Regal Pillow"},{"floor":29.0,"key":"Lantern"},{"floor":31.0,"key":"Vajra"},{"floor":31.0,"key":"Replay:Mystery Machine"},{"floor":40.0,"key":"Replay:Bandana"},{"floor":47.0,"key":"infinitespire:Broken Mirror"},{"floor":54.0,"key":"ReplayTheSpireMod:Lightbulb"},{"floor":59.0,"key":"hubris:DuctTape"},{"floor":60.0,"key":"CeramicFish"},{"floor":62.0,"key":"Mummified Hand"},{"floor":72,"key":"Centennial Puzzle"},{"floor":73,"key":"Blue Doll"},{"floor":77,"key":"Art of War"},{"floor":82,"key":"Eternal Feather"},{"floor":88,"key":"hubris:FunFungus"},{"floor":91,"key":"infinitespire:Bottled Soul"},{"floor":92,"key":"Ancient Tea Set"},{"floor":94,"key":"White Beast Statue"},{"floor":105,"key":"Smiling Mask"},{"floor":108,"key":"FossilizedHelix"},{"floor":108,"key":"Orichalcum"},{"floor":111,"key":"Bottled Tornado"},{"floor":112,"key":"Whetstone"},{"floor":112,"key":"Replay:Baseball"},{"floor":114,"key":"hubris:PeanutButter"},{"floor":124,"key":"Centennial Puzzle"},{"floor":126,"key":"War Paint"},{"floor":126,"key":"Pocketwatch"},{"floor":128,"key":"infinitespire:Magic Flask"},{"floor":129,"key":"Oddly Smooth Stone"},{"floor":129,"key":"Replay:Bottled Flurry"},{"floor":133,"key":"ReplayTheSpireMod:Ring of Exchange"},{"floor":133,"key":"Ring of Fangs"},{"floor":137,"key":"Akabeko"},{"floor":142,"key":"Lizard Tail"},{"floor":142,"key":"ReplayFunnel"},{"floor":143,"key":"Replay:Kaleidoscope"},{"floor":144,"key":"Replay:Ringing Soul"},{"floor":144,"key":"Kunai"},{"floor":145,"key":"MawBank"},{"floor":147,"key":"Blood Vial"},{"floor":147,"key":"Happy Flower"},{"floor":149,"key":"Singing Bowl"},{"floor":149,"key":"Bottled Flame"},{"floor":156,"key":"Guardian:PocketSentry"},{"floor":156,"key":"hubris:Metronome"}],"event_choices":[{"damage_healed":0.0,"max_hp_gain":0.0,"max_hp_loss":0.0,"gold_gain":0.0,"event_name":"The Cleric","player_choice":"Leave","floor":3.0,"gold_loss":0.0,"damage_taken":0.0},{"damage_healed":0.0,"max_hp_gain":0.0,"max_hp_loss":0.0,"gold_gain":0.0,"event_name":"Big Fish","player_choice":"Box","floor":5.0,"gold_loss":0.0,"damage_taken":0.0,"relics_obtained":["HornCleat"],"cards_obtained":["Regret"]},{"damage_healed":0.0,"max_hp_gain":0.0,"max_hp_loss":0.0,"gold_gain":0.0,"event_name":"Wheel of Change","player_choice":"Damaged","floor":19.0,"gold_loss":0.0,"damage_taken":6.0},{"damage_healed":0.0,"max_hp_gain":0.0,"max_hp_loss":0.0,"gold_gain":874.0,"event_name":"betterSkull:BetterSkull","player_choice":"GO GO GO GO GO GO GO UP UP UP UP GO ","floor":22.0,"gold_loss":0.0,"damage_taken":149.0,"cards_upgraded":["Accuracy","Cloak And Dagger","Defend_G","Strike_G"],"relics_obtained":[]},{"damage_healed":0.0,"max_hp_gain":0.0,"max_hp_loss":0.0,"gold_gain":0.0,"event_name":"betterNote:BetterNote","player_choice":"Ignored","floor":38.0,"gold_loss":0.0,"damage_taken":0.0,"cards_obtained":["ReplayTheSpireMod:Book of Names"]},{"damage_healed":0.0,"max_hp_gain":0.0,"max_hp_loss":0.0,"gold_gain":0.0,"event_name":"The Woman in Blue","player_choice":"Bought 0 Potions","floor":53.0,"gold_loss":0.0,"damage_taken":0.0},{"damage_healed":0.0,"max_hp_gain":0.0,"max_hp_loss":0.0,"gold_gain":0.0,"event_name":"Accursed Blacksmith","player_choice":"Forge","floor":63.0,"gold_loss":0.0,"damage_taken":0.0,"cards_upgraded":["Blade Dance"]},{"damage_healed":0,"gold_gain":0,"player_choice":"Upgraded Two","damage_taken":0,"max_hp_gain":0,"max_hp_loss":0,"event_name":"Designer","floor":70,"gold_loss":40,"cards_upgraded":["Backflip","Defend_G"]},{"cards_removed":["Survivor"],"damage_healed":0,"gold_gain":0,"player_choice":"Gave Gold","damage_taken":0,"max_hp_gain":0,"max_hp_loss":0,"event_name":"Beggar","floor":81,"gold_loss":75},{"damage_healed":0,"gold_gain":0,"player_choice":"Fight","damage_taken":0,"max_hp_gain":0,"max_hp_loss":0,"event_name":"MindBloom","floor":88,"gold_loss":0},{"damage_healed":0,"gold_gain":0,"player_choice":"Ignored","damage_taken":0,"max_hp_gain":0,"max_hp_loss":0,"event_name":"Tomb of Lord Red Mask","floor":89,"gold_loss":0},{"cards_removed":["Glass Knife"],"damage_healed":0,"gold_gain":0,"player_choice":"Offered Rare","damage_taken":0,"max_hp_gain":10,"max_hp_loss":0,"event_name":"Bonfire Elementals","floor":90,"gold_loss":0},{"damage_healed":0,"gold_gain":0,"player_choice":"Ignored","damage_taken":0,"max_hp_gain":0,"max_hp_loss":0,"event_name":"Transmorgrifier","floor":99,"gold_loss":0},{"damage_healed":0,"gold_gain":0,"player_choice":"Ignored","damage_taken":0,"max_hp_gain":0,"max_hp_loss":0,"event_name":"Upgrade Shrine","floor":107,"gold_loss":0},{"damage_healed":0,"gold_gain":0,"player_choice":"Read","damage_taken":0,"max_hp_gain":0,"max_hp_loss":0,"event_name":"The Library","floor":121,"gold_loss":0,"cards_obtained":["Blur"]},{"damage_healed":0,"gold_gain":0,"player_choice":"Forge","damage_taken":0,"max_hp_gain":0,"max_hp_loss":0,"event_name":"Accursed Blacksmith","floor":123,"gold_loss":0,"cards_upgraded":["Blur"]},{"damage_healed":0,"gold_gain":0,"player_choice":"Max HP","damage_taken":0,"max_hp_gain":0,"max_hp_loss":6,"event_name":"Winding Halls","floor":150,"gold_loss":0}],"is_beta":false,"boss_relics":[{"not_picked":["Velvet Choker","Replay:Bronze Core"],"picked":"Calling Bell"},{"not_picked":["ReplayTheSpireMod:SealedPack","Kintsugi"],"picked":"hubris:Backtick"},{"not_picked":["ReplayTheSpireMod:DimensionalGlitch","Tiny House"],"picked":"Philosopher\u0027s Stone"},{"not_picked":["hubris:GrandSneckoEye","Abe\u0027s Treasure"],"picked":"Snecko Eye"},{"not_picked":["Cursed Key","hubris:CrackedHourglass"],"picked":"Empty Cage"},{"not_picked":["Pandora\u0027s Box","Fusion Hammer"],"picked":"Black Star"},{"not_picked":["Painkiller Herb","Fusion Hammer"],"picked":"WristBlade"},{"not_picked":["TwistedFunnel","Sling"],"picked":"Busted Crown"},{"not_picked":["Runic Pyramid","Toolbox"],"picked":"hubris:CrackedHourglass"}],"items_purged_floors":[0,0,24,37,55,78,78,93,113,130,138],"is_endless":true,"potions_floor_spawned":[6,10,14,20,29,33,35,36,39,42,50,52,59,64,65,69,84,86,88,91,95,98,101,103,108,116,126,129,135,137,144,149,156],"ascension_level":1}}