{"host":"v6bx4j78sqvho3ll","time":1613734427,"event":{"mods":["AchievementEnabler","BaseMod","Colored Map","Colored Powertips","Minty Spire (QoL Compilation)","Relic Stats","StSLib"],"gold_per_floor":[114,114,114,137,312,312,327,350,350,350,46,121,34,68,68,187,187,203,49,63,86,105,105,141,141,193,193,228,241,241,241],"floor_reached":30,"language":"ENG","playtime":1691,"items_purged":["Doubt"],"score":320,"play_id":"b44a3faf-f902-4cd1-b24c-dd5e4cbeb5e4","local_time":"20210219123347","is_ascension_mode":true,"campfire_choices":[{"data":"Bash","floor":6,"key":"SMITH"},{"data":"Pommel Strike","floor":10,"key":"SMITH"},{"data":"Double Tap","floor":15,"key":"SMITH"},{"data":"Armaments","floor":23,"key":"SMITH"},{"data":"Rupture","floor":25,"key":"SMITH"},{"floor":27,"key":"REST"}],"circlet_count":0,"master_deck":["Strike_R","Defend_R","Defend_R","Defend_R","Bash+1","Shrug It Off","Twin Strike","Iron Wave","Pommel Strike+1","Inflame","Double Tap+1","Rupture+1","Armaments+1","Metallicize","Brutality","Feed+1","Pummel+1","Shrug It Off+1","Heavy Blade","Blood for Blood","Headbutt","Ghostly Armor"],"relics":["Burning Blood","Golden Idol","Self Forming Clay","Lee\u0027s Waffle","TungstenRod","Red Skull","Astrolabe","Ancient Tea Set","Incense Burner","Akabeko","Pocketwatch"],"acts_visited":["Exordium","TheCity"],"potions_floor_usage":[8,12,16,22,30],"damage_taken":[{"damage":14,"enemies":"Jaw Worm","floor":1,"turns":4},{"damage":7,"enemies":"Small Slimes","floor":4,"turns":3},{"damage":0,"enemies":"2 Louse","floor":7,"turns":3},{"damage":10,"enemies":"Exordium Wildlife","floor":8,"turns":5},{"damage":13,"enemies":"Gremlin Nob","floor":12,"turns":3},{"damage":26,"enemies":"Lagavulin","floor":14,"turns":6},{"damage":27,"enemies":"Hexaghost","floor":16,"turns":8},{"damage":6,"enemies":"3 Byrds","floor":18,"turns":6},{"damage":20,"enemies":"Shell Parasite","floor":20,"turns":5},{"damage":30,"enemies":"Snake Plant","floor":21,"turns":5},{"damage":24,"enemies":"Centurion and Healer","floor":22,"turns":5},{"damage":34,"enemies":"Gremlin Leader","floor":24,"turns":5},{"damage":20,"enemies":"Book of Stabbing","floor":28,"turns":4},{"damage":33,"enemies":"Shelled Parasite and Fungi","floor":29,"turns":5},{"damage":11,"enemies":"Snake Plant","floor":30,"turns":1}],"seed_played":"-6892128022888598026","potions_obtained":[{"floor":4,"key":"SneckoOil"},{"floor":7,"key":"DistilledChaos"},{"floor":8,"key":"Dexterity Potion"},{"floor":18,"key":"HeartOfIron"},{"floor":20,"key":"Energy Potion"}],"is_trial":false,"path_per_floor":["M","?","?","M","?","R","M","M","T","R","$","?","$","E","R","B",null,"M","$","M","M","M","R","E","R","T","R","E","M","M"],"character_chosen":"IRONCLAD","items_purchased":["Lee\u0027s Waffle","Inflame","Rupture","Armaments","Ancient Tea Set"],"campfire_rested":1,"item_purchase_floors":[11,11,13,13,19],"current_hp_per_floor":[72,52,45,44,44,44,50,46,46,46,87,80,80,60,60,39,87,91,91,81,61,43,43,15,15,15,44,34,11,0,0],"gold":241,"neow_bonus":"TRANSFORM_CARD","is_daily":false,"chose_seed":false,"campfire_upgraded":5,"win_rate":0.0,"timestamp":1613734427,"path_taken":["M","?","?","M","?","R","M","?","T","R","$","?","?","E","R","BOSS","M","$","M","M","M","R","E","R","T","R","E","M","?"],"items_purchased_type":["Relic","Card","Card","Card","Relic"],"build_version":"2020-12-13","purchased_purges":1,"victory":false,"max_hp_per_floor":[80,80,80,80,80,80,80,80,80,80,87,87,87,87,87,87,87,91,91,95,99,99,99,99,99,99,99,103,107,107,107],"relic_stats":{"Lee\u0027s Waffle":41,"counters":[15,68],"Golden Idol":99,"Self Forming Clay":[111],"Astrolabe":["Feed","Pummel","Shrug It Off"],"obtain_stats":[{"Lee\u0027s Waffle":11,"Golden Idol":2,"Self Forming Clay":9,"Astrolabe":17,"Incense Burner":24,"Ancient Tea Set":19,"Burning Blood":0,"TungstenRod":12,"Red Skull":14,"Akabeko":26,"Pocketwatch":28},{"Lee\u0027s Waffle":4,"Golden Idol":1,"Self Forming Clay":4,"Astrolabe":7,"Incense Burner":12,"Ancient Tea Set":8,"Burning Blood":0,"TungstenRod":4,"Red Skull":6,"Akabeko":12,"Pocketwatch":13},{"Lee\u0027s Waffle":15,"Golden Idol":4,"Self Forming Clay":15,"Astrolabe":32,"Incense Burner":58,"Ancient Tea Set":38,"Burning Blood":0,"TungstenRod":15,"Red Skull":24,"Akabeko":58,"Pocketwatch":62}],"Burning Blood":84,"TungstenRod":73,"Pocketwatch":[9]},"card_choices":[{"not_picked":["Heavy Blade","Shrug It Off"],"picked":"Twin Strike","floor":1},{"not_picked":["Clothesline","Warcry"],"picked":"Iron Wave","floor":4},{"not_picked":["Power Through","Iron Wave","Shrug It Off"],"picked":"SKIP","floor":7},{"not_picked":["Reckless Charge","Bloodletting"],"picked":"Pommel Strike","floor":8},{"not_picked":["Spot Weakness","Evolve"],"picked":"Double Tap","floor":12},{"not_picked":["Armaments","Perfected Strike"],"picked":"Metallicize","floor":14},{"not_picked":["Juggernaut","Berserk"],"picked":"Brutality","floor":16},{"not_picked":["Dark Embrace+1","Shrug It Off"],"picked":"Heavy Blade","floor":18},{"not_picked":["Pommel Strike","Warcry"],"picked":"Blood for Blood","floor":20},{"not_picked":["Clash","Warcry+1","Body Slam"],"picked":"SKIP","floor":21},{"not_picked":["Iron Wave","Fiend Fire","Dark Embrace+1"],"picked":"SKIP","floor":22},{"not_picked":["Fire Breathing","Dropkick"],"picked":"Headbutt","floor":24},{"not_picked":["Clothesline","Body Slam","Power Through"],"picked":"SKIP","floor":28},{"not_picked":["Wild Strike","Heavy Blade"],"picked":"Ghostly Armor","floor":29}],"player_experience":65266,"relics_obtained":[{"floor":9,"key":"Self Forming Clay"},{"floor":14,"key":"Red Skull"},{"floor":24,"key":"Incense Burner"},{"floor":26,"key":"Akabeko"},{"floor":28,"key":"Pocketwatch"}],"event_choices":[{"damage_healed":0,"gold_gain":0,"player_choice":"Take Damage","damage_taken":20,"relics_obtained":["Golden Idol"],"max_hp_gain":0,"max_hp_loss":0,"event_name":"Golden Idol","floor":2,"gold_loss":0},{"cards_removed":["Strike_R"],"damage_healed":0,"gold_gain":0,"player_choice":"Card Removal","damage_taken":7,"max_hp_gain":0,"max_hp_loss":0,"event_name":"Golden Wing","floor":3,"gold_loss":0},{"damage_healed":0,"gold_gain":175,"player_choice":"AGREE","damage_taken":0,"max_hp_gain":0,"max_hp_loss":0,"event_name":"Liars Game","floor":5,"gold_loss":0,"cards_obtained":["Doubt"]},{"damage_healed":0,"gold_gain":0,"player_choice":"Searched \u00272\u0027 times","damage_taken":0,"relics_obtained":["TungstenRod"],"max_hp_gain":0,"max_hp_loss":0,"event_name":"Dead Adventurer","floor":12,"gold_loss":0}],"is_beta":false,"boss_relics":[{"not_picked":["Calling Bell","Empty Cage"],"picked":"Astrolabe"}],"items_purged_floors":[11],"is_endless":false,"potions_floor_spawned":[4,7,8,18,20],"killed_by":"Snake Plant","ascension_level":2}}