{"host":"fr1l74x1jw61j7hk","time":1613746335,"event":{"mods":["BaseMod","Downfall","Minty Spire (QoL Compilation)","StSLib"],"gold_per_floor":[99,118,118,28,89,121,144,156,179,199,210,229,239,239,254,349,349,349,367,367,367,386,186,212,229,245,245,256,290,290,300,311,311,311,311],"floor_reached":33,"language":"ZHS","playtime":1803,"items_purged":["Regret"],"score":273,"play_id":"b1403699-0cb3-4ef9-a696-f87a3d319f5b","local_time":"20210219225215","is_ascension_mode":false,"campfire_choices":[{"data":"Slimebound:CorrosiveSpit","floor":1.0,"key":"SMITH"},{"data":"Slimebound:Split","floor":18,"key":"SMITH"},{"data":"Slimebound:SlimeBrawl","floor":23,"key":"SMITH"},{"data":"Slimebound:Teamwork","floor":27,"key":"SMITH"},{"data":"Slimebound:RallyTheTroops","floor":30,"key":"SMITH"}],"circlet_count":0,"master_deck":["Slimebound:Strike_Slimebound","Slimebound:Strike_Slimebound","Slimebound:Tackle","Slimebound:Defend_Slimebound+1","Slimebound:Defend_Slimebound+1","Slimebound:Defend_Slimebound","Slimebound:Defend_Slimebound","Slimebound:Split+1","Slimebound:CorrosiveSpit+1","Slimebound:LeechEnergy","Slimebound:SplitMire","Slimebound:Prepare","Slimebound:HauntingLick","Slimebound:SlimeBrawl+1","Slimebound:MegaLick","Slimebound:SlimeBarrage","Slimebound:RallyTheTroops+1","Slimebound:Repurpose+1","Slimebound:ForwardTackle","Slimebound:Overexert+1","Slimebound:Repurpose+1","Slimebound:Teamwork+1","Slimebound:PressTheAttack+1","Slimebound:HauntingLick+1","Slimebound:SplitAcid","Slimebound:ProtectTheBoss"],"relics":["Slimebound:AbsorbEndCombatUpgraded","Blue Candle","Bronze Scales","Omamori","Slimebound:ScrapOozeRelic","downfall:HeartBlessingGreen","downfall:HeartBlessingBlue","Akabeko","Happy Flower"],"acts_visited":["Exordium","TheCity"],"potions_floor_usage":[19,26,29,33],"damage_taken":[{"damage":1.0,"enemies":"2 Louse","floor":2.0,"turns":3.0},{"damage":8.0,"enemies":"downfall:FleeingMerchant","floor":4.0,"turns":4.0},{"damage":26.0,"enemies":"3 Sentries","floor":5.0,"turns":7.0},{"damage":31.0,"enemies":"Lagavulin","floor":6.0,"turns":5.0},{"damage":0.0,"enemies":"Jaw Worm","floor":8.0,"turns":3.0},{"damage":0.0,"enemies":"Cultist","floor":10.0,"turns":3.0},{"damage":2.0,"enemies":"Blue Slaver","floor":11.0,"turns":2.0},{"damage":5.0,"enemies":"downfall:LooterAlt","floor":12.0,"turns":3.0},{"damage":4.0,"enemies":"Large Slime","floor":13.0,"turns":6.0},{"damage":3.0,"enemies":"Gremlin Gang","floor":15.0,"turns":3.0},{"damage":19.0,"enemies":"IC_STATUS_ARCHETYPE","floor":16.0,"turns":5.0},{"damage":3,"enemies":"3 Byrds","floor":19,"turns":3},{"damage":0,"enemies":"Shell Parasite","floor":22,"turns":3},{"damage":9,"enemies":"Snake Plant","floor":25,"turns":2},{"damage":0,"enemies":"Centurion and Healer","floor":26,"turns":3},{"damage":22,"enemies":"Shelled Parasite and Fungi","floor":28,"turns":3},{"damage":1,"enemies":"Book of Stabbing","floor":29,"turns":3},{"damage":21,"enemies":"Snake Plant","floor":31,"turns":2},{"damage":0,"enemies":"Centurion and Healer","floor":32,"turns":4},{"damage":73,"enemies":"SI_MIRROR_ARCHETYPE","floor":33,"turns":8}],"seed_played":"2033008593173130414","potions_obtained":[{"floor":2.0,"key":"BlessingOfTheForge"},{"floor":6.0,"key":"LiquidBronze"},{"floor":10.0,"key":"EssenceOfSteel"},{"floor":12.0,"key":"SkillPotion"},{"floor":15.0,"key":"DistilledChaos"},{"floor":19,"key":"Dexterity Potion"},{"floor":32,"key":"Ancient Potion"}],"is_trial":false,"path_per_floor":["R","M","?","$","?","E","T","M","T","M","M","M","M","?","M","B",null,"R","M","?","?","M","R","T","M","M","R","M","E","R","M","M","B"],"character_chosen":"SLIMEBOUND","items_purchased":[],"campfire_rested":0,"item_purchase_floors":[],"current_hp_per_floor":[65,65,65,61,43,20,20,28,28,36,40,41,43,43,48,37,65,65,65,65,65,65,75,75,69,75,75,56,64,64,52,61,0,0,0],"gold":311,"neow_bonus":"THREE_CARDS","is_daily":false,"chose_seed":false,"campfire_upgraded":5,"win_rate":0.0,"timestamp":1613746335,"path_taken":["R","M","?","?","?","E","T","M","?","?","M","M","M","?","M","BOSS","R","M","?","?","M","R","T","M","M","R","?","E","R","M","M","BOSS"],"items_purchased_type":[],"build_version":"2020-12-22","purchased_purges":1,"victory":false,"max_hp_per_floor":[65,65,65,65,65,65,65,65,65,65,65,65,65,65,65,65,65,65,65,65,65,65,75,75,75,75,75,75,75,75,75,75,75,75,75],"card_choices":[{"not_picked":["Slimebound:RollThrough","Slimebound:PressTheAttack"],"picked":"Slimebound:LeechEnergy","floor":0.0},{"not_picked":["Slimebound:SlimeBrawl","Slimebound:LeechingTouch"],"picked":"Slimebound:SplitMire","floor":2.0},{"not_picked":["Slimebound:SplitMire","Slimebound:LeechEnergy"],"picked":"Slimebound:Prepare","floor":4.0},{"not_picked":["Slimebound:GoopTackle","Slimebound:ItLooksTasty"],"picked":"Slimebound:HauntingLick","floor":5.0},{"not_picked":["Slimebound:HauntingLick","Slimebound:BestDefense"],"picked":"Slimebound:SlimeBrawl","floor":6.0},{"not_picked":["Slimebound:HauntingLick","Slimebound:Prepare"],"picked":"Slimebound:MegaLick","floor":8.0},{"not_picked":["Slimebound:GoopTackle","Slimebound:LeechingTouch"],"picked":"Slimebound:SlimeBarrage","floor":10.0},{"not_picked":["Slimebound:RollThrough","Slimebound:SplitAcid"],"picked":"Slimebound:RallyTheTroops","floor":11.0},{"not_picked":["Slimebound:SlimeBarrage","Slimebound:LeechEnergy","Slimebound:Prepare"],"picked":"SKIP","floor":12.0},{"not_picked":["Slimebound:RollThrough","Slimebound:RainOfGoop"],"picked":"Slimebound:Repurpose","floor":13.0},{"not_picked":["Slimebound:AcidTongue","Slimebound:DisruptingSlam"],"picked":"Slimebound:ForwardTackle","floor":15.0},{"not_picked":["Slimebound:SlimeSlap","Slimebound:DuplicatedForm"],"picked":"Slimebound:Overexert","floor":16.0},{"not_picked":["Slimebound:TongueLash","Slimebound:LeechingTouch","Slimebound:RollThrough+1"],"picked":"SKIP","floor":19},{"not_picked":["Slimebound:FinishingTackle+1","Slimebound:HauntingLick"],"picked":"Slimebound:Repurpose+1","floor":22},{"not_picked":["Slimebound:SlimeBarrage","Slimebound:GoopTackle","Slimebound:HauntingLick"],"picked":"SKIP","floor":25},{"not_picked":["Slimebound:Schlurp+1","Slimebound:LeechingTouch"],"picked":"Slimebound:Teamwork","floor":26},{"not_picked":["Slimebound:SplitMire","Slimebound:SplitLeeching+1"],"picked":"Slimebound:PressTheAttack+1","floor":28},{"not_picked":["Slimebound:Chomp","Slimebound:SlimeTap"],"picked":"Slimebound:HauntingLick+1","floor":29},{"not_picked":["Slimebound:RainOfGoop","Slimebound:ItLooksTasty"],"picked":"Slimebound:SplitAcid","floor":31},{"not_picked":["Slimebound:Prepare","Slimebound:SlimeBrawl+1"],"picked":"Slimebound:ProtectTheBoss","floor":32}],"player_experience":459260,"relics_obtained":[{"floor":5.0,"key":"Bronze Scales"},{"floor":6.0,"key":"War Paint"},{"floor":7.0,"key":"Omamori"},{"floor":24,"key":"Akabeko"},{"floor":29,"key":"Happy Flower"}],"event_choices":[{"damage_healed":0.0,"max_hp_gain":0.0,"max_hp_loss":0.0,"gold_gain":0.0,"event_name":"Big Fish","player_choice":"Box","floor":3.0,"gold_loss":0.0,"damage_taken":0.0,"relics_obtained":["Blue Candle"],"cards_obtained":["Regret"]}],"is_beta":false,"boss_relics":[{"not_picked":["Snecko Eye","Slimebound:TarBlob"],"picked":"Slimebound:AbsorbEndCombatUpgraded"}],"items_purged_floors":[4],"is_endless":false,"potions_floor_spawned":[2,6,10,12,15,16,19,25,32],"killed_by":"SI_MIRROR_ARCHETYPE","ascension_level":0}}