{"host":"bpr07pynnqpe5ded","time":1613765767,"event":{"mods":["2.2 Compatiblity","Aspiration","BaseMod","Better Note","Better Third Choice","BetterRewards","Downfall","Infinite Spire","Jorbs\u0027s Wanderer Trilogy","Minty Spire (QoL Compilation)","Replay The Spire","Shop Mod","StSLib","The Marked","??????REMEMod"],"gold_per_floor":[99,111,130,130,146,172,198,198,198,211,228,228,276,304,321,418,418,318,334,434,434,452,472,472,506,522,522,522,522,522,522],"floor_reached":29,"language":"ENG","playtime":1849,"items_purged":[],"score":282,"play_id":"932a4abd-f6f4-40dd-a587-352e1b4ad3e9","local_time":"20210219201607","is_ascension_mode":false,"campfire_choices":[{"data":"hexamod:Defend","floor":1,"key":"PURGE"},{"data":"hexamod:ParanormalForm","floor":12,"key":"SMITH"},{"floor":18,"key":"RECALL"}],"circlet_count":0,"master_deck":["hexamod:Strike","hexamod:Strike","hexamod:Strike","hexamod:Defend","hexamod:Defend","hexamod:Defend","hexamod:Sear","hexamod:Float","hexamod:ExtraCrispy","hexamod:ParanormalForm+1","hexamod:Strike","hexamod:GhostShield+1","hexamod:SuperheatedStrike","hexamod:PhantomCloak","hexamod:ApocalypseNow","hexamod:GhostShield+1","hexamod:FlamesFromBeyond","hexamod:GhostShield+1"],"relics":["hexamod:SpiritBrand","REME_ComplimentaryCards","Replay:Accelerometer","Meat on the Bone","infinitespire:CheckeredPen","Black Star","downfall:HeartBlessingBlue","downfall:GremlinWheel","Replay:Bottled Eggs","Bottled Lightning","Singing Bowl"],"acts_visited":["Exordium","TheCity"],"potions_floor_usage":[13,16,16,16,22,25],"damage_taken":[{"damage":1,"enemies":"Jaw Worm","floor":2,"turns":3},{"damage":0,"enemies":"Cultist","floor":3,"turns":3},{"damage":0,"enemies":"Small Slimes","floor":5,"turns":4},{"damage":25,"enemies":"Lagavulin","floor":6,"turns":7},{"damage":4,"enemies":"Blue Slaver","floor":10,"turns":3},{"damage":6,"enemies":"Large Slime","floor":11,"turns":6},{"damage":7,"enemies":"Exordium Thugs","floor":13,"turns":5},{"damage":18,"enemies":"3 Sentries","floor":14,"turns":8},{"damage":0,"enemies":"downfall:LooterAlt","floor":15,"turns":3},{"damage":37,"enemies":"DF_ARCHETYPE_STREAMLINE","floor":16,"turns":8},{"damage":0,"enemies":"Shell Parasite","floor":19,"turns":4},{"damage":11,"enemies":"Shell Parasite","floor":20,"turns":4},{"damage":30,"enemies":"Chosen","floor":22,"turns":5},{"damage":22,"enemies":"Sentry and Sphere","floor":23,"turns":8},{"damage":17,"enemies":"Book of Stabbing","floor":25,"turns":6},{"damage":11,"enemies":"Snake Plant","floor":26,"turns":3},{"damage":39,"enemies":"Gremlin Leader","floor":29,"turns":7}],"seed_played":"3355340449514097654","potions_obtained":[{"floor":5,"key":"REME_GoldPotion"},{"floor":6,"key":"Explosive Potion"},{"floor":11,"key":"SpeedPotion"},{"floor":13,"key":"FearPotion"},{"floor":19,"key":"ColorlessPotion"},{"floor":22,"key":"Dexterity Potion"}],"is_trial":false,"path_per_floor":["R","M","M","?","M","E","T","?","T","M","M","R","M","E","M","B",null,"R","M","?","?","M","M","T","E","M","?","?","E"],"character_chosen":"THE_SPIRIT","items_purchased":[],"campfire_rested":0,"item_purchase_floors":[],"current_hp_per_floor":[77,76,76,76,76,51,51,51,51,47,41,41,46,40,40,15,77,87,87,76,76,46,36,36,33,36,36,36,0,0,0],"gold":522,"neow_bonus":"TEN_PERCENT_HP_BONUS","is_daily":false,"chose_seed":false,"campfire_upgraded":1,"win_rate":0.0,"timestamp":1613765767,"path_taken":["R","M","M","?","M","E","T","?","?","M","M","R","M","E","M","BOSS","R","M","?","?","?","M","T","E","M","?","?","E"],"items_purchased_type":[],"build_version":"2020-12-22","purchased_purges":0,"victory":false,"max_hp_per_floor":[77,77,77,77,77,77,77,77,77,77,77,77,77,77,77,77,77,87,87,87,87,87,87,87,89,91,91,91,91,91,91],"card_choices":[{"not_picked":["hexamod:NightmareGuise","hexamod:BurningTouch"],"picked":"hexamod:ExtraCrispy","floor":2},{"not_picked":["hexamod:RecurringNightmare","hexamod:BurningTouch","hexamod:Hexaguard"],"picked":"SKIP","floor":3},{"not_picked":["hexamod:SuperheatedStrike","hexamod:BurningTouch","hexamod:Firestarter"],"picked":"SKIP","floor":5},{"not_picked":["hexamod:HeatMetal","hexamod:SwordOfDarkness"],"picked":"hexamod:ParanormalForm","floor":6},{"not_picked":["hexamod:NecessarySacrifice","hexamod:HeatMetal"],"picked":"hexamod:GhostShield","floor":10},{"not_picked":["hexamod:RainOfEmbers","hexamod:SwordOfDarkness","hexamod:HeatCrush"],"picked":"SKIP","floor":11},{"not_picked":["hexamod:HauntingEcho","hexamod:FastForward"],"picked":"hexamod:SuperheatedStrike","floor":13},{"not_picked":["hexamod:BacktrackSmack","hexamod:RainOfEmbers","hexamod:Rewind"],"picked":"SKIP","floor":14},{"not_picked":["hexamod:ThirdSeal","hexamod:FourthSeal"],"picked":"hexamod:PhantomCloak","floor":15},{"not_picked":["hexamod:SearingWound","hexamod:SixthSeal"],"picked":"hexamod:ApocalypseNow","floor":16},{"not_picked":["hexamod:SecondSeal","hexamod:SuperheatedStrike"],"picked":"hexamod:GhostShield","floor":19},{"not_picked":["hexamod:InspiringFlames","hexamod:HauntingEcho"],"picked":"hexamod:FlamesFromBeyond","floor":22},{"not_picked":["hexamod:BacktrackSmack+1","hexamod:HeatCrush+1"],"picked":"hexamod:GhostShield","floor":23},{"not_picked":["hexamod:FirstSeal","hexamod:FlamesFromBeyond+1","hexamod:AdvancingGuard"],"picked":"Singing Bowl","floor":25},{"not_picked":["hexamod:SuperheatedStrike","hexamod:InspiringFlames","hexamod:Rewind"],"picked":"Singing Bowl","floor":26}],"player_experience":1164980,"relics_obtained":[{"floor":6,"key":"Replay:Accelerometer"},{"floor":9,"key":"Meat on the Bone"},{"floor":14,"key":"infinitespire:CheckeredPen"},{"floor":20,"key":"downfall:GremlinWheel"},{"floor":24,"key":"Replay:Bottled Eggs"},{"floor":25,"key":"Bottled Lightning"},{"floor":25,"key":"Singing Bowl"}],"event_choices":[{"damage_healed":0,"gold_gain":0,"player_choice":"Leave","damage_taken":0,"max_hp_gain":0,"max_hp_loss":0,"event_name":"FaceTrader","floor":21,"gold_loss":0},{"damage_healed":0,"gold_gain":0,"player_choice":"Ignored","damage_taken":0,"max_hp_gain":0,"max_hp_loss":0,"event_name":"betterNote:BetterNote","floor":27,"gold_loss":0,"cards_obtained":["REME_EyeOfCthun"]}],"is_beta":false,"boss_relics":[{"not_picked":["Kintsugi","aspiration:SecretTechniqueScroll"],"picked":"Black Star"}],"items_purged_floors":[],"is_endless":false,"potions_floor_spawned":[5,6,11,13,19,22],"killed_by":"Gremlin Leader","ascension_level":0}}