{"host":"zs3tguvuxkh90jf4","time":1613757686,"event":{"mods":["AchievementEnabler","BaseMod","Better Silent Start","Better-Laid Plans","BetterRewards","Block Reminder","Colored Map","Colored Powertips","Gold Saver","Minty Spire (QoL Compilation)","Shop Mod","StSLib","Transform Curses"],"gold_per_floor":[3018,3018,2967,2983,3034,3067,3067,3099,3099,3099,3099,3099,1817,1832,1832,1909,1909,1919,1869,968,988,1005,1031,1031,1031,1031,946,210,222,256,863,863,935,935,952,977,371,371,382,416,429,50,74,93,110,124,157,175,175,175,175],"floor_reached":50,"language":"ENG","playtime":2338,"items_purged":["Strike_G","Defend_G","Decay","Defend_G","Defend_G"],"score":1266,"play_id":"8fadaebb-81d2-4a63-80d7-9d22f4fe1118","local_time":"20210219100126","is_ascension_mode":true,"campfire_choices":[{"data":"Neutralize","floor":7.0,"key":"SMITH"},{"floor":12.0,"key":"REST"},{"floor":15.0,"key":"REST"},{"data":"Accuracy","floor":32,"key":"SMITH"},{"floor":49,"key":"RECALL"}],"circlet_count":0,"master_deck":["AscendersBane","Strike_G","Defend_G","Survivor","Neutralize+1","Blade Dance+1","Backstab+1","Backflip","Poisoned Stab","Caltrops","Slice","Blade Dance","After Image+1","PiercingWail","Accuracy+1","RitualDagger","Footwork","Outmaneuver+1","Deadly Poison","Noxious Fumes","Panache","A Thousand Cuts","Apotheosis","Cloak And Dagger","Crippling Poison","Blade Dance","Deflect+1","Cloak And Dagger+1"],"relics":["Ring of the Snake","NeowsBlessing","Potion Belt","Whetstone","Orichalcum","Eternal Feather","Gremlin Horn","Unceasing Top","Strange Spoon","MerchantsRug","Runic Pyramid","Pantograph","HandDrill","Bottled Lightning","Torii","Snake Skull","Ornamental Fan","Lee\u0027s Waffle","Nunchaku","Ninja Scroll","Pen Nib","Boot","OrangePellets","SacredBark","The Specimen","Bronze Scales","Tough Bandages","Ice Cream","Tingsha"],"acts_visited":["Exordium","TheCity","TheBeyond"],"potions_floor_usage":[33,35,36,36,40,46,47,50],"damage_taken":[{"damage":0.0,"enemies":"2 Louse","floor":1.0,"turns":1.0},{"damage":0.0,"enemies":"Jaw Worm","floor":4.0,"turns":1.0},{"damage":0.0,"enemies":"Gremlin Nob","floor":6.0,"turns":1.0},{"damage":39.0,"enemies":"3 Sentries","floor":8.0,"turns":14.0},{"damage":0.0,"enemies":"Lagavulin","floor":10.0,"turns":1.0},{"damage":0.0,"enemies":"Cultist","floor":14.0,"turns":3.0},{"damage":19.0,"enemies":"Hexaghost","floor":16.0,"turns":7.0},{"damage":5.0,"enemies":"Shell Parasite","floor":18.0,"turns":4.0},{"damage":18.0,"enemies":"Spheric Guardian","floor":21.0,"turns":4.0},{"damage":11.0,"enemies":"Snecko","floor":22.0,"turns":5.0},{"damage":0.0,"enemies":"Gremlin Leader","floor":23.0,"turns":5.0},{"damage":14.0,"enemies":"Snake Plant","floor":29.0,"turns":4.0},{"damage":8.0,"enemies":"Book of Stabbing","floor":30.0,"turns":4.0},{"damage":1,"enemies":"Champ","floor":33,"turns":7},{"damage":0,"enemies":"3 Darklings","floor":35,"turns":3},{"damage":0,"enemies":"Mind Bloom Boss Battle","floor":36,"turns":5},{"damage":3,"enemies":"3 Shapes","floor":39,"turns":4},{"damage":34,"enemies":"Giant Head","floor":40,"turns":7},{"damage":15,"enemies":"Sphere and 2 Shapes","floor":41,"turns":4},{"damage":0,"enemies":"4 Shapes","floor":44,"turns":2},{"damage":0,"enemies":"3 Darklings","floor":45,"turns":2},{"damage":0,"enemies":"Transient","floor":46,"turns":6},{"damage":6,"enemies":"Nemesis","floor":47,"turns":5},{"damage":2,"enemies":"4 Shapes","floor":48,"turns":4},{"damage":77,"enemies":"Awakened One","floor":50,"turns":4}],"seed_played":"5776058218430513313","potions_obtained":[{"floor":1.0,"key":"BlessingOfTheForge"},{"floor":4.0,"key":"BlessingOfTheForge"},{"floor":6.0,"key":"SmokeBomb"},{"floor":14.0,"key":"PowerPotion"},{"floor":21.0,"key":"Fire Potion"},{"floor":29.0,"key":"SkillPotion"},{"floor":30.0,"key":"LiquidBronze"},{"floor":35,"key":"EssenceOfSteel"},{"floor":36,"key":"Regen Potion"},{"floor":45,"key":"AttackPotion"},{"floor":46,"key":"PowerPotion"}],"is_trial":false,"path_per_floor":["M","?","?","M","T","E","R","E","T","E","?","R","$","M","R","B",null,"M","?","$","M","M","E","?","?","T","?","$","M","E","$","R","B",null,"M","?","$","?","M","E","M","$","T","M","M","M","E","M","R","B"],"character_chosen":"THE_SILENT","items_purchased":["Gremlin Horn","Unceasing Top","Strange Spoon","Caltrops","MerchantsRug","PowerPotion","Energy Potion","Slice","Pantograph","HandDrill","Accuracy","Bottled Lightning","Lee\u0027s Waffle","Nunchaku","Footwork","Fruit Juice","DistilledChaos","PowerPotion","Pen Nib","Boot","OrangePellets","Deadly Poison","Noxious Fumes","Panache","Apotheosis","Bronze Scales","Cloak And Dagger","Ice Cream","Fire Potion"],"campfire_rested":2,"item_purchase_floors":[13,13,13,13,13,13,13,13,20,20,20,20,28,28,28,28,28,28,31,31,31,31,31,31,37,37,37,42,42],"current_hp_per_floor":[59,52,52,52,52,52,52,13,13,13,13,38,38,38,66,47,61,56,56,56,38,27,27,21,21,21,21,78,64,56,56,68,77,78,78,78,78,78,75,56,41,41,41,41,41,41,35,33,48,0,0],"gold":175,"neow_bonus":"THREE_ENEMY_KILL","is_daily":false,"chose_seed":false,"campfire_upgraded":2,"win_rate":0.0,"timestamp":1613757686,"path_taken":["M","?","?","M","?","E","R","E","T","E","?","R","$","M","R","BOSS","M","?","?","?","M","E","?","?","T","?","$","M","E","$","R","BOSS","M","?","$","?","M","E","M","$","T","M","M","M","E","M","R","BOSS"],"items_purchased_type":["Relic","Relic","Relic","Card","Relic","Potion","Potion","Card","Relic","Relic","Card","Relic","Relic","Relic","Card","Potion","Potion","Potion","Relic","Relic","Relic","Card","Card","Card","Card","Relic","Card","Relic","Potion"],"build_version":"2020-12-22","purchased_purges":5,"victory":false,"max_hp_per_floor":[66,66,66,66,66,66,66,66,66,66,66,66,66,66,66,66,66,66,66,66,66,66,66,66,66,66,66,78,78,78,78,78,78,78,78,78,78,78,78,78,78,78,78,78,78,78,78,78,78,78,78],"card_choices":[{"not_picked":["Heel Hook","PiercingWail"],"picked":"Blade Dance","floor":1.0},{"not_picked":["Dagger Throw","Dagger Spray"],"picked":"Backstab","floor":4.0},{"not_picked":["Deflect","Expertise"],"picked":"Backflip","floor":6.0},{"not_picked":["Flechettes","Bane"],"picked":"Poisoned Stab","floor":8.0},{"not_picked":["Masterful Stab","Outmaneuver"],"picked":"Blade Dance","floor":14.0},{"not_picked":["Grand Finale","Glass Knife"],"picked":"After Image","floor":16.0},{"not_picked":["Sucker Punch","Slice"],"picked":"PiercingWail","floor":18.0},{"not_picked":["Dagger Throw","Underhanded Strike","Poisoned Stab"],"picked":"SKIP","floor":21.0},{"not_picked":["Deflect","Endless Agony","PiercingWail"],"picked":"SKIP","floor":22.0},{"not_picked":["Grand Finale","PiercingWail","Riddle With Holes"],"picked":"SKIP","floor":23.0},{"not_picked":["Flying Knee","Escape Plan"],"picked":"Outmaneuver+1","floor":29.0},{"not_picked":["Reflex","Flying Knee","Dagger Spray"],"picked":"SKIP","floor":30.0},{"not_picked":["Die Die Die","Storm of Steel"],"picked":"A Thousand Cuts","floor":33},{"not_picked":["Dodge and Roll","Poisoned Stab","Flechettes"],"picked":"SKIP","floor":35},{"not_picked":["Caltrops+1","Riddle With Holes"],"picked":"Crippling Poison","floor":39},{"not_picked":["Dagger Throw","Outmaneuver","Grand Finale"],"picked":"SKIP","floor":40},{"not_picked":["Expertise","Sucker Punch"],"picked":"Blade Dance","floor":41},{"not_picked":["Escape Plan","Predator"],"picked":"Deflect+1","floor":44},{"not_picked":["Expertise","Prepared","Backflip"],"picked":"SKIP","floor":45},{"not_picked":["Noxious Fumes+1","Choke"],"picked":"Cloak And Dagger+1","floor":46},{"not_picked":["Flying Knee","Outmaneuver","Masterful Stab"],"picked":"SKIP","floor":47},{"not_picked":["Acrobatics","Noxious Fumes+1","Backflip"],"picked":"SKIP","floor":48}],"player_experience":595605,"relics_obtained":[{"floor":5.0,"key":"Potion Belt"},{"floor":6.0,"key":"Whetstone"},{"floor":8.0,"key":"Orichalcum"},{"floor":9.0,"key":"Eternal Feather"},{"floor":23.0,"key":"Torii"},{"floor":26.0,"key":"Snake Skull"},{"floor":30.0,"key":"Ninja Scroll"},{"floor":36,"key":"The Specimen"},{"floor":40,"key":"Tough Bandages"},{"floor":47,"key":"Tingsha"}],"event_choices":[{"cards_removed":["Strike_G"],"damage_healed":0.0,"max_hp_gain":0.0,"max_hp_loss":0.0,"gold_gain":0.0,"event_name":"Golden Wing","player_choice":"Card Removal","floor":2.0,"gold_loss":0.0,"damage_taken":7.0},{"damage_healed":0.0,"max_hp_gain":0.0,"max_hp_loss":0.0,"gold_gain":0.0,"event_name":"World of Goop","player_choice":"Left Gold","floor":3.0,"gold_loss":51.0,"damage_taken":0.0},{"damage_healed":0.0,"max_hp_gain":0.0,"max_hp_loss":0.0,"gold_gain":0.0,"event_name":"Golden Idol","player_choice":"Ignored","floor":11.0,"gold_loss":0.0,"damage_taken":0.0},{"damage_healed":0.0,"max_hp_gain":0.0,"max_hp_loss":0.0,"gold_gain":0.0,"event_name":"Designer","player_choice":"Upgraded Two","floor":19.0,"gold_loss":50.0,"damage_taken":0.0,"cards_upgraded":["After Image","Blade Dance"]},{"damage_healed":0.0,"max_hp_gain":0.0,"max_hp_loss":0.0,"gold_gain":0.0,"event_name":"Nest","player_choice":"Joined the Cult","floor":24.0,"gold_loss":0.0,"damage_taken":6.0,"cards_obtained":["RitualDagger"]},{"damage_healed":0.0,"max_hp_gain":0.0,"max_hp_loss":0.0,"gold_gain":0.0,"event_name":"Forgotten Altar","player_choice":"Smashed Altar","floor":25.0,"gold_loss":0.0,"damage_taken":0.0,"cards_obtained":["Decay"]},{"damage_healed":0.0,"max_hp_gain":0.0,"max_hp_loss":0.0,"gold_gain":0.0,"event_name":"Addict","player_choice":"Obtained Relic","floor":27.0,"gold_loss":85.0,"damage_taken":0.0,"relics_obtained":["Ornamental Fan"]},{"damage_healed":0,"gold_gain":0,"player_choice":"Fight","damage_taken":0,"max_hp_gain":0,"max_hp_loss":0,"event_name":"MindBloom","floor":36,"gold_loss":0},{"cards_removed":["Strike_G"],"damage_healed":0,"gold_gain":0,"player_choice":"Removed Attack","damage_taken":0,"max_hp_gain":0,"max_hp_loss":0,"event_name":"Falling","floor":38,"gold_loss":0}],"is_beta":false,"boss_relics":[{"not_picked":["Sozu","Fusion Hammer"],"picked":"Runic Pyramid"},{"not_picked":["Tiny House","HoveringKite"],"picked":"SacredBark"}],"items_purged_floors":[13,20,28,31,37],"is_endless":false,"potions_floor_spawned":[1,4,6,10,14,21,29,30,35,36,45,46],"killed_by":"Awakened One","ascension_level":20}}