{"host":"o9lehcdjc4u6j9un","time":1613741021,"event":{"mods":["Aspiration","BaseMod","Better-Laid Plans","Bossed Relics","Colored Map","Downfall","Gremlin Mod","Hermit","Koishi","Marisa£®ÏF”Í°°ƒß¿Ì…≥£©","Minty Spire (QoL Compilation)","Reimu£®≤©¿ˆ¡È√Œ£©","Remilia£®¿Ÿ√◊¿Ú—«£©","Robot Space Explorer","StSLib","The Alterego","The Hierophant","The Jungle","The Marked","The Runesmith","The Senshi","The Servant 0.9.4","Yakumo Yukari mod","Youmu£®ªÍ∆«—˝√Œ£©","≤–¡Ù÷ÆŒÔ"],"gold_per_floor":[114,134,152,165,183,249,249,282,329,329,345,365,365,65,65,168,168,186,186,206,206,206],"floor_reached":21,"language":"ZHS","playtime":2274,"items_purged":["Koishi:BasicStrike"],"score":193,"play_id":"7730e79f-9458-46fc-977e-0c60091efbb0","local_time":"20210219212341","is_ascension_mode":false,"campfire_choices":[{"data":"Koishi:FreudianInstinct","floor":7.0,"key":"SMITH"},{"data":"Koishi:SubconsciousSweep","floor":10.0,"key":"SMITH"},{"data":"Koishi:Whimsy","floor":13,"key":"SMITH"},{"data":"Koishi:PhilosophyOfTheDespised","floor":15,"key":"SMITH"}],"circlet_count":0,"master_deck":["Koishi:BasicDefend","Koishi:BasicDefend","Koishi:BasicDefend","Koishi:BasicDefend","Koishi:Provoke","Koishi:HauntingSlash","Koishi:RacingHeart","Koishi:HeartfeltFancy","Koishi:UnconsciousUprising","Koishi:FreudianInstinct+1","Koishi:SubconsciousSweep+1","Koishi:UnconsciousUprising","Koishi:SpiritedAway","Koishi:PhilosophyOfTheDespised+1","Koishi:Whimsy+1","Koishi:Prune","Koishi:UnconsciousUprising","Koishi:Jaunt","Koishi:Vanish"],"relics":["Koishi:ImaginaryFriend","Centennial Puzzle","Dream Catcher","Nunchaku","Anchor","aspiration:FutureDiary","theJungle:SpiritDisease"],"acts_visited":["Exordium","Exordium"],"potions_floor_usage":[],"damage_taken":[{"damage":0.0,"enemies":"2 Louse","floor":1.0,"turns":2.0},{"damage":2.0,"enemies":"Small Slimes","floor":2.0,"turns":4.0},{"damage":1.0,"enemies":"Jaw Worm","floor":3.0,"turns":5.0},{"damage":6.0,"enemies":"Looter","floor":4.0,"turns":4.0},{"damage":0.0,"enemies":"Large Slime","floor":5.0,"turns":7.0},{"damage":4.0,"enemies":"3 Sentries","floor":6.0,"turns":7.0},{"damage":15.0,"enemies":"Lagavulin","floor":8.0,"turns":10.0},{"damage":2.0,"enemies":"Exordium Thugs","floor":11.0,"turns":3.0},{"damage":1.0,"enemies":"3 Louse","floor":12.0,"turns":2.0},{"damage":17,"enemies":"The Guardian","floor":16,"turns":17},{"damage":17,"enemies":"Shell Parasite","floor":18,"turns":7},{"damage":8,"enemies":"theJungle:Flameango_and_Byrd","floor":20,"turns":8},{"damage":19,"enemies":"theJungle:2_Flameangoes","floor":21,"turns":2}],"seed_played":"8348523140310024248","potions_obtained":[{"floor":2.0,"key":"ColorlessPotion"},{"floor":5.0,"key":"Guardian:BlockOnCardUsePotion"},{"floor":6.0,"key":"Swift Potion"},{"floor":11.0,"key":"PlaceholderMod:PlaceholderPotion"},{"floor":16,"key":"ZuzhouPotion:ReiMu"}],"is_trial":false,"path_per_floor":["M","M","M","M","M","E","R","E","T","R","M","M","R","$","R","B",null,"M","?","M","M"],"character_chosen":"KOISHI","items_purchased":["Koishi:UnconsciousUprising","Anchor","Koishi:Jaunt"],"campfire_rested":0,"item_purchase_floors":[14,14,14],"current_hp_per_floor":[60,58,60,55,56,52,52,48,48,48,49,49,49,49,49,39,60,44,44,39,20,20],"gold":206,"neow_bonus":"TRANSFORM_CARD","is_daily":false,"chose_seed":false,"campfire_upgraded":4,"win_rate":0.0,"timestamp":1613741021,"path_taken":["M","M","M","M","M","E","R","E","T","R","M","M","R","$","R","BOSS","M","?","M","M"],"items_purchased_type":["Card","Relic","Card"],"build_version":"2020-12-22","purchased_purges":1,"victory":false,"max_hp_per_floor":[60,60,60,60,60,60,60,60,60,60,60,60,60,60,60,60,60,60,60,60,60,60],"card_choices":[{"not_picked":["Koishi:TraumaticStroke","Koishi:PhantomBarrier"],"picked":"Koishi:HeartfeltFancy","floor":1.0},{"not_picked":["Koishi:SprinkleStarAndHeart","Koishi:BloodcurdlingScream"],"picked":"Koishi:UnconsciousUprising","floor":2.0},{"not_picked":["Koishi:PhilosophyOfTheDespised","Koishi:HeartfeltFancy"],"picked":"Koishi:FreudianInstinct","floor":3.0},{"not_picked":["Koishi:JumpScare","Koishi:GhostParty"],"picked":"Koishi:SubconsciousSweep","floor":4.0},{"not_picked":["Koishi:EmbryosDream","Koishi:SubconsciousSweep"],"picked":"Koishi:UnconsciousUprising","floor":5.0},{"not_picked":["Koishi:SubterraneanRose","Koishi:BloodcurdlingScream"],"picked":"Koishi:SpiritedAway","floor":6.0},{"not_picked":["Koishi:BramblyRoseGarden","Koishi:SprinkleStarAndHeart"],"picked":"Koishi:PhilosophyOfTheDespised","floor":8.0},{"not_picked":["Koishi:FleetingPhantom","Koishi:PerfectMindControl"],"picked":"Koishi:Whimsy","floor":11.0},{"not_picked":["Koishi:DreadfulBlow","Koishi:MindNumbingTerror"],"picked":"Koishi:Prune","floor":12},{"not_picked":["Koishi:ConditionedTeleport","Koishi:RoseHell"],"picked":"Koishi:Ego","floor":16},{"not_picked":["Koishi:MassHysteria","Koishi:TremblingHands","Koishi:CatchAndRose"],"picked":"SKIP","floor":18},{"not_picked":["Koishi:EmbryosDream","Koishi:FreudianInstinct"],"picked":"Koishi:Vanish","floor":20}],"player_experience":362042,"relics_obtained":[{"floor":6.0,"key":"Centennial Puzzle"},{"floor":8.0,"key":"Dream Catcher"},{"floor":9.0,"key":"Nunchaku"}],"event_choices":[],"is_beta":false,"boss_relics":[{"not_picked":["Sozu","aspiration:IroncladSkillbook"],"picked":"aspiration:FutureDiary"}],"items_purged_floors":[14],"is_endless":false,"potions_floor_spawned":[2,5,6,11,16],"killed_by":"theJungle:2_Flameangoes","ascension_level":0}}