{"host":"6dypmz777xraikqf","time":1613742081,"event":{"mods":["AchievementEnabler","BaseMod","BetterRewards","Colored Map","Colored Powertips","Downfall","Highlight Path","Hubris","Infinite Spire","Minty Spire (QoL Compilation)","Replay The Spire","StSLib"],"gold_per_floor":[15,15,32,307,72,72,107,107,107,138,157,172,216,240,240,350,450,426,450,450,475,502,502,511,511,538,538,438,474,474,474],"floor_reached":30,"language":"ENG","playtime":1694,"items_purged":["Regret","Sickly"],"score":322,"play_id":"d7c8cabf-0c6b-4ae8-bbbb-40a690b6e1a4","local_time":"20210219134121","is_ascension_mode":true,"campfire_choices":[{"data":"hubris:Ssssneak","floor":6,"key":"SMITH"},{"data":"hubris:EnhanceAbility","floor":8,"key":"SMITH"},{"floor":15,"key":"REST"},{"data":"Zap","floor":23,"key":"SMITH"},{"data":"Crystallizer","floor":25,"key":"SMITH"}],"circlet_count":0,"master_deck":["Strike_B","Strike_B","Strike_B","Strike_B","Defend_B","Defend_B","Defend_B","Defend_B","Zap+1","Dualcast","hubris:EnhanceAbility+1","ReplayTheSpireMod:Calculation Training","Glacier","hubris:Ssssneak+1","Rebound","Crystallizer+1","Steam","Consume+1","Biased Cognition","Cold Snap+1","Coolheaded","Gash+1","Self Repair","BootSequence"],"relics":["Cracked Core","hubris:DeckOfHolding","hubris:OldNail","HornCleat","ReplayTheSpireMod:TigerMarble","CeramicFish","Replay:Wanted Poster","Replay:Blank Codex","Ring of Shattering","DataDisk","hubris:Reverence"],"acts_visited":["Exordium","TheCity"],"potions_floor_usage":[13,16,16,18,30,30],"damage_taken":[{"damage":1.0,"enemies":"Cultist","floor":1.0,"turns":3.0},{"damage":0.0,"enemies":"2 Louse","floor":3.0,"turns":3.0},{"damage":2,"enemies":"Lagavulin","floor":7,"turns":10},{"damage":24,"enemies":"Gremlin Nob","floor":10,"turns":4},{"damage":7,"enemies":"Jaw Worm","floor":11,"turns":3},{"damage":6,"enemies":"Looter","floor":12,"turns":3},{"damage":10,"enemies":"Lagavulin","floor":13,"turns":7},{"damage":0,"enemies":"Gremlin Gang","floor":14,"turns":6},{"damage":16,"enemies":"Slime Boss","floor":16,"turns":8},{"damage":14,"enemies":"2 Thieves","floor":18,"turns":5},{"damage":2,"enemies":"Shell Parasite","floor":19,"turns":9},{"damage":4,"enemies":"Sentry and Sphere","floor":21,"turns":14},{"damage":7,"enemies":"3 Cultists","floor":22,"turns":7},{"damage":8,"enemies":"Slavers","floor":29,"turns":13},{"damage":39,"enemies":"Centurion and Healer","floor":30,"turns":5}],"seed_played":"-8725019305410158438","potions_obtained":[{"floor":11,"key":"Block Potion"},{"floor":12,"key":"DistilledChaos"},{"floor":13,"key":"Explosive Potion"},{"floor":14,"key":"PowerPotion"},{"floor":18,"key":"SteroidPotion"},{"floor":21,"key":"Cursed Concoction"},{"floor":22,"key":"hexamod:SoulburnPotion"}],"is_trial":false,"path_per_floor":["M","?","M","?","$","R","E","R","T","E","M","M","E","M","R","B",null,"M","M","?","M","M","R","?","R","T","?","$","E","M"],"character_chosen":"DEFECT","items_purchased":["Glacier","hubris:Ssssneak"],"campfire_rested":1,"item_purchase_floors":[5,5],"current_hp_per_floor":[74,74,74,74,74,74,72,72,72,48,41,35,25,25,47,31,75,61,59,43,39,32,32,32,32,32,32,32,31,0,0],"gold":474,"neow_bonus":"RANDOM_COLORLESS_2","is_daily":false,"chose_seed":false,"campfire_upgraded":4,"win_rate":0.0,"timestamp":1613742081,"path_taken":["M","?","?","?","$","R","E","R","T","E","M","M","E","M","R","BOSS","M","M","?","M","M","R","?","R","T","?","$","E","?"],"items_purchased_type":["Card","Card"],"build_version":"2020-12-22","purchased_purges":2,"victory":false,"max_hp_per_floor":[75,75,75,75,75,75,75,75,75,75,75,75,75,75,75,75,75,75,75,75,75,75,75,75,75,75,75,75,75,75,75],"card_choices":[{"not_picked":["Secret Technique","Crow Ritual"],"picked":"hubris:EnhanceAbility","floor":0.0},{"not_picked":["Barrage","Double Energy"],"picked":"ReplayTheSpireMod:Calculation Training","floor":1.0},{"not_picked":["Reprogram","White Noise"],"picked":"ReplayTheSpireMod:Calculation Training","floor":3.0},{"not_picked":["Rebound","Auto Shields","Beam Cell"],"picked":"SKIP","floor":7},{"not_picked":["Panic Button","Stack"],"picked":"Rebound","floor":10},{"not_picked":["Turbo","BasicCrystalCard"],"picked":"Crystallizer","floor":11},{"not_picked":["Stack","Barrage","Rebound"],"picked":"SKIP","floor":12},{"not_picked":["Fusion","Hologram"],"picked":"Steam","floor":13},{"not_picked":["Crystallizer","Skim"],"picked":"Consume","floor":14},{"not_picked":["Reboot","Amplify"],"picked":"Biased Cognition","floor":16},{"not_picked":["Time Bomb+1","Hologram+1"],"picked":"Cold Snap+1","floor":18},{"not_picked":["Conserve Battery","Redo"],"picked":"Coolheaded","floor":19},{"not_picked":["Stack+1","BasicCrystalCard"],"picked":"Gash+1","floor":21},{"not_picked":["Stack","Barrage+1"],"picked":"Self Repair","floor":22},{"not_picked":["Sunder","Steam Power"],"picked":"BootSequence","floor":29}],"player_experience":263718,"relics_obtained":[{"floor":7,"key":"hubris:OldNail"},{"floor":9,"key":"HornCleat"},{"floor":10,"key":"ReplayTheSpireMod:TigerMarble"},{"floor":13,"key":"CeramicFish"},{"floor":20,"key":"Replay:Blank Codex"},{"floor":24,"key":"Ring of Shattering"},{"floor":26,"key":"DataDisk"},{"floor":29,"key":"hubris:Reverence"}],"event_choices":[{"cards_removed":["ReplayTheSpireMod:Calculation Training"],"damage_healed":0.0,"max_hp_gain":0.0,"max_hp_loss":0.0,"gold_gain":0.0,"event_name":"WeMeetAgain","player_choice":"Gave Card","floor":2.0,"gold_loss":0.0,"damage_taken":0.0,"relics_obtained":["hubris:DeckOfHolding"]},{"damage_healed":0.0,"max_hp_gain":0.0,"max_hp_loss":0.0,"gold_gain":275.0,"event_name":"Golden Shrine","player_choice":"Desecrate","floor":4.0,"gold_loss":0.0,"damage_taken":0.0,"cards_obtained":["Regret"]},{"damage_healed":0,"gold_gain":0,"player_choice":"Obtained Book","damage_taken":16,"max_hp_gain":0,"max_hp_loss":0,"event_name":"Cursed Tome","floor":20,"gold_loss":0},{"damage_healed":0,"gold_gain":0,"player_choice":"Forge","damage_taken":0,"max_hp_gain":0,"max_hp_loss":0,"event_name":"Accursed Blacksmith","floor":27,"gold_loss":0,"cards_upgraded":["Consume"]}],"is_beta":false,"boss_relics":[{"not_picked":["ReplayTheSpireMod:DimensionalGlitch","hubris:VirtuousBlindfold"],"picked":"Replay:Wanted Poster"}],"items_purged_floors":[5,28],"is_endless":false,"potions_floor_spawned":[11,12,13,14,18,21,22],"killed_by":"Centurion and Healer","ascension_level":4}}