{"host":"ssceekdvsvld625r","time":1613778375,"event":{"mods":["AchievementEnabler","BaseMod","Better Third Choice","Block Reminder","Colored Map","Colored Powertips","Downfall","Minty Spire (QoL Compilation)","Permanent Neow","Quick Restart","Rare Cards Sparkle","Relic Stats","Reliquary","Replay The Spire","Shop Mod","StSLib"],"gold_per_floor":[99,114,124,143,243,272,272,272,291,321,524,535,535,548,566,663,663,663,683,683,683,702,10,10,20,20,20,38,38,23,49,49,49,49],"floor_reached":32,"language":"ENG","playtime":3332,"items_purged":[],"score":262,"play_id":"028cc79e-9a21-41df-af63-571ef1f7d0fe","local_time":"20210219164615","is_ascension_mode":false,"campfire_choices":[{"floor":1.0,"key":"DIG"},{"floor":13.0,"key":"REST"},{"data":"Slimebound:Split","floor":18.0,"key":"SMITH"},{"floor":27.0,"key":"REST"},{"data":"Apotheosis","floor":29.0,"key":"SMITH"}],"circlet_count":0,"master_deck":["Slimebound:Strike_Slimebound","Slimebound:Strike_Slimebound","Slimebound:Strike_Slimebound","Slimebound:Tackle","Slimebound:Defend_Slimebound","Slimebound:Defend_Slimebound","Slimebound:Defend_Slimebound","Slimebound:Defend_Slimebound","Slimebound:Split+1","Slimebound:CorrosiveSpit+1","Slimebound:SplitLeeching","Slimebound:FinishingTackle","Slimebound:GoopSpray","Slimebound:ItLooksTasty","Slimebound:ItLooksTasty","Slimebound:Equalize","Slimebound:RollThrough","Slimebound:GoopSpray","Slimebound:RallyTheTroops","CurseOfTheBell","Slimebound:GoopTackle+1","Writhe","Slimebound:LeechingTouch+1","Slimebound:SplitLeeching+1","Apotheosis+1","Slimebound:SplitLeeching+1","Slimebound:Schlurp","Slimebound:Schlurp+1","Slimebound:SplitMire+1","Slimebound:Repurpose+1"],"relics":["Slimebound:AbsorbEndCombat","reliquary:PrincelyHelmet","FossilizedHelix","Frozen Egg 2","Snack Pack","Calling Bell","reliquary:SharkskinSheath","Molten Egg 2","Torii","reliquary:Vitrine","Gremlin Food","Cauldron","Juzu Bracelet","downfall:KnowingSkull","StoneCalendar","Meat on the Bone"],"acts_visited":["Exordium","TheCity"],"potions_floor_usage":[],"damage_taken":[{"damage":6.0,"enemies":"Cultist","floor":2.0,"turns":3.0},{"damage":2.0,"enemies":"Small Slimes","floor":3.0,"turns":3.0},{"damage":0.0,"enemies":"2 Louse","floor":4.0,"turns":3.0},{"damage":11.0,"enemies":"3 Sentries","floor":6.0,"turns":6.0},{"damage":0.0,"enemies":"downfall:LooterAlt","floor":9.0,"turns":3.0},{"damage":12.0,"enemies":"Large Slime","floor":12.0,"turns":6.0},{"damage":5.0,"enemies":"2 Fungi Beasts","floor":14.0,"turns":3.0},{"damage":0.0,"enemies":"downfall:LooterAlt","floor":15.0,"turns":3.0},{"damage":34.0,"enemies":"DF_ARCHETYPE_STREAMLINE","floor":16.0,"turns":8.0},{"damage":17.0,"enemies":"Spheric Guardian","floor":19.0,"turns":5.0},{"damage":19.0,"enemies":"Shell Parasite","floor":22.0,"turns":5.0},{"damage":0.0,"enemies":"downfall:FleeingMerchant","floor":23.0,"turns":4.0},{"damage":21.0,"enemies":"Centurion and Healer","floor":25.0,"turns":6.0},{"damage":21.0,"enemies":"Snake Plant","floor":28.0,"turns":4.0},{"damage":0.0,"enemies":"downfall:FleeingMerchant","floor":30.0,"turns":4.0},{"damage":45.0,"enemies":"Gremlin Leader","floor":31.0,"turns":11.0},{"damage":35,"enemies":"3 Cultists","floor":32,"turns":3}],"seed_played":"4382211157722861060","potions_obtained":[{"floor":3.0,"key":"Slimebound:SlimyTonguePotion"},{"floor":12.0,"key":"EssenceOfSteel"},{"floor":14.0,"key":"ColorlessPotion"},{"floor":19.0,"key":"Toxic Potion"},{"floor":23.0,"key":"Slimebound:SlimedPotion"},{"floor":23.0,"key":"Slimebound:SpawnSlimePotion"},{"floor":23.0,"key":"Flashbang"},{"floor":31,"key":"Dexterity Potion"}],"is_trial":false,"path_per_floor":["R_BF","M","M","M","?","E","T","?","M","?","?","M","R","M","M","B",null,"R","M","?","?","M","$","T","M","?","R","M","R","$","E","M"],"character_chosen":"SLIMEBOUND","items_purchased":["Gremlin Food","Apotheosis","Cauldron","Juzu Bracelet","Slimebound:SplitLeeching+1"],"campfire_rested":2,"item_purchase_floors":[23,23,23,23,23],"current_hp_per_floor":[71,67,69,69,69,66,66,63,69,69,41,37,58,63,69,39,71,71,58,58,48,45,53,53,48,42,63,54,54,70,27,0,0,0],"gold":49,"neow_bonus":"TEN_PERCENT_HP_BONUS","is_daily":false,"chose_seed":false,"campfire_upgraded":2,"win_rate":0.0,"timestamp":1613778375,"path_taken":["R_BF","M","M","?","?","E","T","?","M","?","?","M","R","M","M","BOSS","R","M","?","?","M","$","T","M","?","R","M","R","?","E","M"],"items_purchased_type":["Relic","Card","Relic","Relic","Card"],"build_version":"2020-12-22","purchased_purges":0,"victory":false,"max_hp_per_floor":[71,71,71,71,71,71,71,71,71,71,71,71,71,71,71,71,71,71,71,71,71,71,71,71,71,71,71,71,71,71,71,71,71,71],"relic_stats":{"Torii":2,"counters":[17,77],"StoneCalendar":[0],"Juzu Bracelet":1,"obtain_stats":[{"Gremlin Food":23,"Torii":17,"reliquary:PrincelyHelmet":1,"StoneCalendar":31,"Juzu Bracelet":23,"Frozen Egg 2":7,"reliquary:FerryPass":24,"Calling Bell":17,"Cauldron":23,"Molten Egg 2":17,"downfall:KnowingSkull":26,"Slimebound:AbsorbEndCombat":0,"Snack Pack":8,"reliquary:Vitrine":20,"FossilizedHelix":6,"reliquary:SharkskinSheath":17,"Meat on the Bone":31},{"Gremlin Food":12,"Torii":9,"reliquary:PrincelyHelmet":0,"StoneCalendar":16,"Juzu Bracelet":12,"Frozen Egg 2":4,"reliquary:FerryPass":12,"Calling Bell":9,"Cauldron":12,"Molten Egg 2":9,"downfall:KnowingSkull":13,"Slimebound:AbsorbEndCombat":0,"Snack Pack":4,"reliquary:Vitrine":10,"FossilizedHelix":4,"reliquary:SharkskinSheath":9,"Meat on the Bone":16},{"Gremlin Food":50,"Torii":36,"reliquary:PrincelyHelmet":0,"StoneCalendar":74,"Juzu Bracelet":50,"Frozen Egg 2":13,"reliquary:FerryPass":50,"Calling Bell":36,"Cauldron":50,"Molten Egg 2":36,"downfall:KnowingSkull":56,"Slimebound:AbsorbEndCombat":0,"Snack Pack":13,"reliquary:Vitrine":41,"FossilizedHelix":13,"reliquary:SharkskinSheath":36,"Meat on the Bone":74}],"Meat on the Bone":0},"card_choices":[{"not_picked":["Slimebound:Prepare","Slimebound:SplitAcid"],"picked":"Slimebound:SplitLeeching","floor":2.0},{"not_picked":["Slimebound:SamplingLick","Slimebound:SplitBruiser"],"picked":"Slimebound:FinishingTackle","floor":3.0},{"not_picked":["Slimebound:GoopTackle","Slimebound:ItLooksTasty"],"picked":"Slimebound:GoopSpray","floor":4.0},{"not_picked":["Slimebound:AcidTongue","Slimebound:SlimeBarrage"],"picked":"Slimebound:ItLooksTasty","floor":6.0},{"not_picked":["Slimebound:BestDefense+1","Slimebound:FinishingTackle"],"picked":"Slimebound:Dissolve","floor":9.0},{"not_picked":["Slimebound:SplitLeeching","Slimebound:FinishingTackle"],"picked":"Slimebound:ItLooksTasty","floor":11.0},{"not_picked":["Slimebound:PressTheAttack","Slimebound:SlimeBarrage"],"picked":"Slimebound:Equalize","floor":12.0},{"not_picked":["Slimebound:LeechLife","Slimebound:SpikyOuterGoop+1"],"picked":"Slimebound:RollThrough","floor":14.0},{"not_picked":["Slimebound:Replication","Slimebound:ComboTackle"],"picked":"Slimebound:GoopSpray","floor":15.0},{"not_picked":["Slimebound:OozeBath","Slimebound:MinionMaster+1"],"picked":"Slimebound:RallyTheTroops","floor":16.0},{"not_picked":["Slimebound:ComboTackle+1","Slimebound:DisruptingSlam+1"],"picked":"Slimebound:GoopTackle+1","floor":19.0},{"not_picked":["Slimebound:ItLooksTasty+1","Slimebound:PressTheAttack+1"],"picked":"Slimebound:LeechingTouch+1","floor":22.0},{"not_picked":["Slimebound:PrepareCrush","Slimebound:LeechingTouch+1"],"picked":"Slimebound:SplitLeeching+1","floor":23.0},{"not_picked":["Slimebound:MegaLick","Slimebound:PressTheAttack+1"],"picked":"Slimebound:Schlurp","floor":25.0},{"not_picked":["Slimebound:SlimeSpikes","Slimebound:PrepareCrush"],"picked":"Slimebound:Schlurp+1","floor":28.0},{"not_picked":["Slimebound:Equalize+1","Slimebound:RollThrough+1"],"picked":"Slimebound:SplitMire+1","floor":30.0},{"not_picked":["Slimebound:DisruptingSlam+1","Slimebound:OozeBath"],"picked":"Slimebound:Repurpose+1","floor":31}],"player_experience":61310,"relics_obtained":[{"floor":1.0,"key":"reliquary:PrincelyHelmet"},{"floor":6.0,"key":"FossilizedHelix"},{"floor":7.0,"key":"Frozen Egg 2"},{"floor":17.0,"key":"reliquary:SharkskinSheath"},{"floor":17.0,"key":"Molten Egg 2"},{"floor":17.0,"key":"Torii"},{"floor":24.0,"key":"reliquary:FerryPass"},{"floor":31,"key":"StoneCalendar"},{"floor":31,"key":"Meat on the Bone"}],"event_choices":[{"damage_healed":0.0,"max_hp_gain":0.0,"max_hp_loss":0.0,"gold_gain":0.0,"event_name":"Scrap Ooze","player_choice":"Success","floor":8.0,"gold_loss":0.0,"damage_taken":3.0,"relics_obtained":["Snack Pack"]}],"is_beta":false,"boss_relics":[{"not_picked":["reliquary:Craggleroot","Astrolabe"],"picked":"Calling Bell"}],"items_purged_floors":[],"is_endless":false,"potions_floor_spawned":[3,12,14,19,22,31],"killed_by":"3 Cultists","ascension_level":0}}