{"host":"guk5h31bsklpp7e4","time":1613710892,"event":{"mods":["AchievementEnabler","BaseMod","Colored Map","Colored Powertips","Highlight Path","Minty Spire (QoL Compilation)","Quick Restart","Rare Cards Sparkle"],"gold_per_floor":[117,44,64,64,82,82,82,82,150,163,163,220,107,120,120,216,216,229,0,0,0,0],"floor_reached":21,"language":"ENG","playtime":926,"items_purged":["Strike_P"],"score":209,"play_id":"1d323a32-8821-4fca-9c9d-fccd76015a78","local_time":"20210219000132","is_ascension_mode":true,"campfire_choices":[{"data":"Eruption","floor":6,"key":"SMITH"},{"data":"Study","floor":8,"key":"SMITH"},{"data":"WaveOfTheHand","floor":15,"key":"SMITH"}],"circlet_count":0,"master_deck":["Strike_P","Strike_P","Strike_P","Defend_P+1","Defend_P","Defend_P+1","Eruption+1","Vigilance","Study+1","TalkToTheHand","FlyingSleeves","Wallop","WaveOfTheHand+1","EmptyFist","Adaptation","Ragnarok","Devotion","CurseOfTheBell","Worship","Decay"],"relics":["PureWater","Shuriken","Bag of Marbles","War Paint","Calling Bell","Boot","Eternal Feather","Shovel"],"acts_visited":["Exordium","TheCity"],"potions_floor_usage":[10,16,16],"damage_taken":[{"damage":2,"enemies":"Jaw Worm","floor":1,"turns":5},{"damage":0,"enemies":"Small Slimes","floor":3,"turns":2},{"damage":0,"enemies":"2 Louse","floor":5,"turns":2},{"damage":1,"enemies":"Gremlin Gang","floor":10,"turns":2},{"damage":0,"enemies":"Gremlin Nob","floor":12,"turns":2},{"damage":0,"enemies":"Exordium Thugs","floor":14,"turns":3},{"damage":30,"enemies":"Hexaghost","floor":16,"turns":8},{"damage":46,"enemies":"Spheric Guardian","floor":18,"turns":6},{"damage":48,"enemies":"2 Thieves","floor":21,"turns":3}],"seed_played":"2027872967471929821","potions_obtained":[{"floor":1,"key":"Regen Potion"},{"floor":3,"key":"Explosive Potion"},{"floor":10,"key":"Strength Potion"},{"floor":14,"key":"FearPotion"}],"is_trial":false,"path_per_floor":["M","$","M","?","M","R","?","R","T","M","T","?","$","M","R","B",null,"M","?","?","M"],"character_chosen":"WATCHER","items_purchased":["TalkToTheHand","Adaptation"],"campfire_rested":0,"item_purchase_floors":[2,13],"current_hp_per_floor":[77,77,77,82,82,82,75,75,75,74,74,74,74,74,74,59,78,32,32,32,0,0],"gold":0,"neow_bonus":"TEN_PERCENT_HP_BONUS","is_daily":false,"chose_seed":false,"campfire_upgraded":3,"win_rate":0.0,"timestamp":1613710892,"path_taken":["M","$","M","?","M","R","?","R","T","M","?","?","?","?","R","BOSS","M","?","?","M"],"items_purchased_type":["Card","Card"],"build_version":"2020-12-22","purchased_purges":1,"victory":false,"max_hp_per_floor":[79,79,79,84,84,84,84,84,84,84,84,84,84,84,84,84,84,84,84,84,84,84],"card_choices":[{"not_picked":["EmptyMind","Prostrate"],"picked":"Study","floor":1},{"not_picked":["BowlingBash","Evaluate"],"picked":"FlyingSleeves","floor":3},{"not_picked":["LikeWater","CutThroughFate"],"picked":"Wallop","floor":5},{"not_picked":["Prostrate","Consecrate"],"picked":"WaveOfTheHand","floor":10},{"not_picked":["EmptyBody","SashWhip"],"picked":"EmptyFist","floor":12},{"not_picked":["Protect","CutThroughFate"],"picked":"Ragnarok","floor":14},{"not_picked":["LessonLearned","Wish"],"picked":"Devotion","floor":16},{"not_picked":["WreathOfFlame","ClearTheMind"],"picked":"Worship","floor":18}],"player_experience":362183,"relics_obtained":[{"floor":9,"key":"Shuriken"},{"floor":11,"key":"Bag of Marbles"},{"floor":12,"key":"War Paint"},{"floor":17,"key":"Boot"},{"floor":17,"key":"Eternal Feather"},{"floor":17,"key":"Shovel"}],"event_choices":[{"damage_healed":0,"gold_gain":0,"player_choice":"Donut","damage_taken":0,"max_hp_gain":5,"max_hp_loss":0,"event_name":"Big Fish","floor":4,"gold_loss":0},{"cards_removed":["Defend_P"],"damage_healed":0,"gold_gain":0,"player_choice":"Card Removal","damage_taken":7,"max_hp_gain":0,"max_hp_loss":0,"event_name":"Golden Wing","floor":7,"gold_loss":0},{"damage_healed":0,"gold_gain":0,"player_choice":"Searched \u00272\u0027 times","damage_taken":0,"max_hp_gain":0,"max_hp_loss":0,"event_name":"Dead Adventurer","floor":12,"gold_loss":0},{"damage_healed":0,"gold_gain":0,"player_choice":"Paid Fearfully","damage_taken":0,"max_hp_gain":0,"max_hp_loss":0,"event_name":"Masked Bandits","floor":19,"gold_loss":229},{"damage_healed":0,"gold_gain":0,"player_choice":"Smashed Altar","damage_taken":0,"max_hp_gain":0,"max_hp_loss":0,"event_name":"Forgotten Altar","floor":20,"gold_loss":0,"cards_obtained":["Decay"]}],"is_beta":false,"boss_relics":[{"not_picked":["HolyWater","Busted Crown"],"picked":"Calling Bell"}],"items_purged_floors":[13],"is_endless":false,"potions_floor_spawned":[1,3,10,14],"killed_by":"2 Thieves","ascension_level":5}}