{"host":"0mhttqdumuceah7q","time":1613747298,"event":{"mods":["AchievementEnabler","BaseMod","Colored Map","DeckTracker","Minty Spire (QoL Compilation)","Permanent Neow"],"gold_per_floor":[114,114,289,301,58,91,91,109,132,152,182,195,295,307,307,403,403,418,436,456,54,54,89,89,100,100,119,134,161,161,177,177,273,273,292,292,292,303,323,352,352,387,387,400,430,430,464,38,38,38],"floor_reached":51,"language":"KOR","playtime":1701,"items_purged":["Doubt"],"score":1053,"play_id":"a9e9eb95-d787-4129-bf4a-e7588c7f3810","local_time":"20210220000817","is_ascension_mode":true,"campfire_choices":[{"data":"Uppercut","floor":7.0,"key":"SMITH"},{"data":"Offering","floor":15.0,"key":"SMITH"},{"data":"Bash","floor":24.0,"key":"SMITH"},{"data":"Flex","floor":30.0,"key":"SMITH"},{"data":"Clash","floor":32.0,"key":"SMITH"},{"data":"Demon Form","floor":41.0,"key":"SMITH"},{"data":"Thinking Ahead","floor":49,"key":"SMITH"}],"circlet_count":0,"master_deck":["Strike_R","Strike_R","Strike_R","Strike_R","Defend_R+1","Defend_R+1","Defend_R","Defend_R","Bash+1","Clash+1","Uppercut+1","Sword Boomerang+1","Perfected Strike+1","Thunderclap+1","Rage+1","Offering+1","Clash+1","Reaper+1","Armaments+1","Flex+1","Pummel+1","Reaper+1","Perfected Strike+1","Iron Wave+1","Clash+1","Clothesline+1","Pommel Strike+1","Demon Form+1","Anger+1","Flash of Steel+1","Bash+1","Perfected Strike+1","Shrug It Off+1","Pommel Strike+1","Headbutt+1","Sword Boomerang+1","Havoc+1","Thinking Ahead","Dark Shackles","Thinking Ahead+1","Rupture+1","Master of Strategy"],"relics":["Burning Blood","NeowsBlessing","Regal Pillow","Molten Egg 2","Vajra","Anchor","Boot","Philosopher\u0027s Stone","Gremlin Horn","Eternal Feather","Singing Bowl","Oddly Smooth Stone","Coffee Dripper","Meat on the Bone","Juzu Bracelet","Potion Belt","Bag of Marbles","War Paint"],"acts_visited":["Exordium","TheCity","TheBeyond"],"potions_floor_usage":[],"damage_taken":[{"damage":0.0,"enemies":"2 Louse","floor":1.0,"turns":1.0},{"damage":0.0,"enemies":"Cultist","floor":4.0,"turns":1.0},{"damage":0.0,"enemies":"3 Sentries","floor":6.0,"turns":2.0},{"damage":0.0,"enemies":"Small Slimes","floor":8.0,"turns":3.0},{"damage":0.0,"enemies":"Red Slaver","floor":10.0,"turns":2.0},{"damage":15.0,"enemies":"Lagavulin","floor":11.0,"turns":3.0},{"damage":0.0,"enemies":"Looter","floor":12.0,"turns":2.0},{"damage":3.0,"enemies":"Blue Slaver","floor":14.0,"turns":2.0},{"damage":50.0,"enemies":"The Guardian","floor":16.0,"turns":7.0},{"damage":13.0,"enemies":"Spheric Guardian","floor":18.0,"turns":3.0},{"damage":12.0,"enemies":"2 Thieves","floor":19.0,"turns":3.0},{"damage":33.0,"enemies":"3 Cultists","floor":20.0,"turns":4.0},{"damage":15.0,"enemies":"Slavers","floor":23.0,"turns":4.0},{"damage":6.0,"enemies":"Sentry and Sphere","floor":25.0,"turns":3.0},{"damage":4.0,"enemies":"Centurion and Healer","floor":27.0,"turns":4.0},{"damage":8.0,"enemies":"Snecko","floor":28.0,"turns":3.0},{"damage":25.0,"enemies":"Gremlin Leader","floor":29.0,"turns":3.0},{"damage":10.0,"enemies":"Chosen and Byrds","floor":31.0,"turns":4.0},{"damage":66.0,"enemies":"Automaton","floor":33.0,"turns":8.0},{"damage":12.0,"enemies":"3 Shapes","floor":35.0,"turns":3.0},{"damage":6.0,"enemies":"Orb Walker","floor":38.0,"turns":1.0},{"damage":6.0,"enemies":"Sphere and 2 Shapes","floor":39.0,"turns":3.0},{"damage":34.0,"enemies":"Reptomancer","floor":40.0,"turns":4.0},{"damage":48,"enemies":"Nemesis","floor":42,"turns":4},{"damage":36,"enemies":"Jaw Worm Horde","floor":44,"turns":3},{"damage":8,"enemies":"Giant Head","floor":45,"turns":6},{"damage":34,"enemies":"Nemesis","floor":47,"turns":5},{"damage":75,"enemies":"Time Eater","floor":50,"turns":6}],"seed_played":"-3495636782123566248","potions_obtained":[{"floor":4.0,"key":"GamblersBrew"},{"floor":8.0,"key":"Ancient Potion"},{"floor":10.0,"key":"HeartOfIron"},{"floor":19.0,"key":"BloodPotion"},{"floor":39.0,"key":"Fruit Juice"},{"floor":45,"key":"SneckoOil"},{"floor":47,"key":"Energy Potion"}],"is_trial":false,"path_per_floor":["M","?","?","M","$","E","R","M","T","M","E","M","?","M","R","B",null,"M","M","M","$","?","E","R","M","T","M","M","E","R","M","R","B",null,"M","?","?","M","M","E","R","E","T","M","E","?","E","$","R","B",null],"character_chosen":"IRONCLAD","items_purchased":["Molten Egg 2","Reaper+1","Gremlin Horn","War Paint","FairyPotion","Master of Strategy"],"campfire_rested":0,"item_purchase_floors":[5,21,21,48,48,48],"current_hp_per_floor":[80,55,55,61,61,67,67,73,73,79,70,76,76,79,79,35,80,73,74,53,53,53,62,74,74,74,80,80,61,76,82,82,28,82,79,79,79,79,84,81,87,57,57,57,65,55,56,56,80,23],"gold":38,"neow_bonus":"THREE_ENEMY_KILL","is_daily":false,"chose_seed":false,"campfire_upgraded":7,"win_rate":0.0,"timestamp":1613747297,"path_taken":["M","?","?","M","$","E","R","M","T","M","E","M","?","?","R","BOSS","M","?","M","$","?","E","R","M","T","?","M","E","R","M","R","BOSS","M","?","?","?","M","E","R","E","T","M","E","?","E","$","R","BOSS"],"items_purchased_type":["Relic","Card","Relic","Relic","Potion","Card"],"build_version":"2020-12-22","purchased_purges":1,"victory":true,"max_hp_per_floor":[80,80,80,80,80,80,80,80,80,80,80,80,80,80,80,80,80,80,80,80,80,80,80,80,80,80,80,80,80,80,82,82,82,82,82,82,82,82,87,87,87,87,87,87,87,87,87,87,87,87],"card_choices":[{"not_picked":["Cleave","Carnage"],"picked":"Clash","floor":1.0},{"not_picked":["Blood for Blood","Sentinel"],"picked":"Uppercut","floor":4.0},{"not_picked":["Combust","Spot Weakness"],"picked":"Sword Boomerang+1","floor":6.0},{"not_picked":["Body Slam+1","Rage"],"picked":"Perfected Strike+1","floor":8.0},{"not_picked":["Entrench","Havoc"],"picked":"Thunderclap+1","floor":10.0},{"not_picked":["Second Wind","Thunderclap+1"],"picked":"Rage","floor":11.0},{"not_picked":["Whirlwind+1","Reckless Charge+1"],"picked":"Offering","floor":12.0},{"not_picked":["Headbutt+1","Shrug It Off"],"picked":"Clash+1","floor":14.0},{"not_picked":["Demon Form","Barricade"],"picked":"Reaper+1","floor":16.0},{"not_picked":["Sever Soul+1","Havoc"],"picked":"Armaments+1","floor":18.0},{"not_picked":["Dual Wield","Body Slam+1"],"picked":"Flex","floor":19.0},{"not_picked":["Body Slam+1","Searing Blow+1"],"picked":"Pummel+1","floor":20.0},{"not_picked":["Twin Strike+1","Sentinel"],"picked":"Perfected Strike+1","floor":23.0},{"not_picked":["Sever Soul+1","Havoc"],"picked":"Iron Wave+1","floor":25.0},{"not_picked":["Anger+1","Dual Wield"],"picked":"Clash+1","floor":27.0},{"not_picked":["Flex","Shockwave"],"picked":"Clothesline+1","floor":28.0},{"not_picked":["Fire Breathing","Armaments"],"picked":"Pommel Strike+1","floor":29.0},{"not_picked":["Rampage+1","Anger+1","Ghostly Armor"],"picked":"Singing Bowl","floor":31.0},{"not_picked":["Fiend Fire+1","Impervious"],"picked":"Demon Form","floor":33.0},{"not_picked":["Cleave+1","Wild Strike+1"],"picked":"Anger+1","floor":35.0},{"not_picked":["Feel No Pain","Rage"],"picked":"Perfected Strike+1","floor":38.0},{"not_picked":["Iron Wave+1","Ghostly Armor+1"],"picked":"Shrug It Off+1","floor":39.0},{"not_picked":["Clothesline+1","Metallicize"],"picked":"Pommel Strike+1","floor":40.0},{"not_picked":["True Grit","Sword Boomerang+1"],"picked":"Headbutt+1","floor":42},{"not_picked":["Feel No Pain+1","Anger+1"],"picked":"Sword Boomerang+1","floor":44},{"not_picked":["Intimidate","Anger+1"],"picked":"Havoc+1","floor":45},{"not_picked":["Trip","Purity"],"picked":"Thinking Ahead","floor":46},{"not_picked":["Panacea","Swift Strike+1"],"picked":"Dark Shackles","floor":46},{"not_picked":["Dramatic Entrance+1","Deep Breath"],"picked":"Thinking Ahead","floor":46},{"not_picked":["True Grit","Flex"],"picked":"Rupture+1","floor":47}],"player_experience":129824,"relics_obtained":[{"floor":6.0,"key":"Vajra"},{"floor":9.0,"key":"Anchor"},{"floor":11.0,"key":"Boot"},{"floor":23.0,"key":"Eternal Feather"},{"floor":26.0,"key":"Singing Bowl"},{"floor":29.0,"key":"Oddly Smooth Stone"},{"floor":40.0,"key":"Meat on the Bone"},{"floor":42,"key":"Juzu Bracelet"},{"floor":45,"key":"Potion Belt"},{"floor":47,"key":"Bag of Marbles"}],"event_choices":[{"damage_healed":0.0,"max_hp_gain":0.0,"max_hp_loss":0.0,"gold_gain":0.0,"event_name":"Scrap Ooze","player_choice":"Success","floor":2.0,"gold_loss":0.0,"damage_taken":25.0,"relics_obtained":["Regal Pillow"]},{"damage_healed":0.0,"max_hp_gain":0.0,"max_hp_loss":0.0,"gold_gain":175.0,"event_name":"Liars Game","player_choice":"AGREE","floor":3.0,"gold_loss":0.0,"damage_taken":0.0,"cards_obtained":["Doubt"]},{"damage_healed":0.0,"max_hp_gain":0.0,"max_hp_loss":0.0,"gold_gain":100.0,"event_name":"Golden Shrine","player_choice":"Pray","floor":13.0,"gold_loss":0.0,"damage_taken":0.0},{"damage_healed":0.0,"max_hp_gain":0.0,"max_hp_loss":0.0,"gold_gain":0.0,"event_name":"Upgrade Shrine","player_choice":"Upgraded","floor":22.0,"gold_loss":0.0,"damage_taken":0.0,"cards_upgraded":["Rage"]},{"cards_removed":["Strike_R"],"damage_healed":0.0,"max_hp_gain":0.0,"max_hp_loss":0.0,"gold_gain":0.0,"event_name":"Falling","player_choice":"Removed Attack","floor":36.0,"gold_loss":0.0,"damage_taken":0.0},{"damage_healed":0.0,"max_hp_gain":0.0,"max_hp_loss":0.0,"gold_gain":0.0,"event_name":"Match and Keep!","player_choice":"2 cards matched","floor":37.0,"gold_loss":0.0,"damage_taken":0.0,"cards_obtained":["Flash of Steel","Bash"]},{"damage_healed":0,"gold_gain":0,"player_choice":"Memory 3","damage_taken":10,"max_hp_gain":0,"max_hp_loss":0,"event_name":"SensoryStone","floor":46,"gold_loss":0}],"is_beta":false,"boss_relics":[{"not_picked":["Snecko Eye","SacredBark"],"picked":"Philosopher\u0027s Stone"},{"not_picked":["Astrolabe","Busted Crown"],"picked":"Coffee Dripper"}],"items_purged_floors":[21],"is_endless":false,"potions_floor_spawned":[4,8,10,19,20,27,29,31,39,45,47],"ascension_level":4}}