{"host":"ty9fb48q9oru32qm","time":1613772970,"event":{"mods":["2.2 Compatiblity","AchievementEnabler","Act Like it!","Astrologer","BaseMod","Beaked The Cultist","Better Synergies","Block Reminder","Colored Powertips","Conspire","DeckTracker","Downfall","Ekko","Elementarium","Friendly Minions","GifTheSpireLib","Hermit","Hubris","Infinite Spire","Jorbs\u0027s Wanderer Trilogy","Marisa????????","Minty Spire (QoL Compilation)","Permanent Neow","Quick Restart","Random Character Button","Reliquary","Replay The Spire","Ruina","Somnambulant","StSLib","Stuff the Spire","The Cursed","The Marked","The Runesmith","TheVacant"],"gold_per_floor":[99,115,127,127,144,144,144,174,188,214,229,242,142,142,162,262,262,262,279,279,279,41,141,165,165,182,199,232,247,47,82,92,196,196,196,206,206,225,241,266,289,342,352,384,394,394,444,544,562,562,562,592,98,98,98,98],"floor_reached":57,"language":"ENG","playtime":5079,"items_purged":["downfall:Aged","champ:Strike","champ:Strike","champ:Strike"],"score":1366,"play_id":"2d333555-23ab-47be-8638-1a49c865e85d","local_time":"20210219231610","is_ascension_mode":false,"campfire_choices":[{"data":"champ:Improvising","floor":1,"key":"SMITH"},{"data":"champ:FaceSlap","floor":6,"key":"SMITH"},{"data":"champ:StrikeOfGenius","floor":13,"key":"SMITH"},{"floor":18,"key":"RECALL"},{"data":"infinitespire:NeuralNetwork","floor":30,"key":"SMITH"},{"data":"champ:SkillfulDodge","floor":35,"key":"SMITH"},{"data":"infinitespire:UltimateForm","floor":46,"key":"SMITH"},{"floor":54,"key":"REST"}],"circlet_count":0,"master_deck":["champ:Strike","champ:Defend","champ:Defend","champ:Defend","champ:Defend","champ:Execute","champ:Taunt","champ:Improvising+1","champ:PreciseThrust+1","champ:FaceSlap+1","champ:Improvising+1","champ:Haymaker","champ:StrikeOfGenius+1","champ:TornadoPunch","champ:CalledShot+1","infinitespire:NeuralNetwork+1","champ:StanceDance","champ:SkillfulDodge+1","infinitespire:UltimateForm+1","champ:EndlessRage+1"],"relics":["champ:ChampionCrown","ReplayTheSpireMod:Ninjato","hubris:MedicalManual","Omamori","downfall:HeartBlessingGreen","Busted Crown","champ:BerserkersGuideToSlaughter","Nunchaku","downfall:GremlinWheel","reliquary:CitrusReamer","hubris:Backtick","beaked:MendingPlumage","Bag of Preparation","downfall:HeartBlessingRed","downfall:HeartBlessingBlue","Bag of Preparation","conspire:SpecialSausage","Happy Flower","Ginger","SlaversCollar","StuffTheSpire:MayFlowers","infinitespire:Beetle Shell","ReplayTheSpireMod:TigerMarble","infinitespire:Eraser","FossilizedHelix","downfall:GremlinWheel","Runesmith:Locket","Guide Book","StuffTheSpire:RubySignet"],"acts_visited":["Exordium","TheCity","TheBeyond","TheEnding"],"potions_floor_usage":[12,32,44,55,56,56],"damage_taken":[{"damage":21,"enemies":"2 Louse","floor":2,"turns":4},{"damage":2,"enemies":"Cultist","floor":3,"turns":4},{"damage":6,"enemies":"Jaw Worm","floor":5,"turns":3},{"damage":39,"enemies":"Replay:BlueRogue","floor":8,"turns":4},{"damage":1,"enemies":"Exordium Wildlife","floor":9,"turns":3},{"damage":0,"enemies":"Lagavulin","floor":10,"turns":3},{"damage":11,"enemies":"Large Slime","floor":11,"turns":3},{"damage":20,"enemies":"Gremlin Gang","floor":12,"turns":5},{"damage":0,"enemies":"Red Slaver","floor":15,"turns":1},{"damage":24,"enemies":"WA_ARCHETYPE_RETAIN","floor":16,"turns":3},{"damage":14,"enemies":"3 Byrds","floor":19,"turns":4},{"damage":0,"enemies":"downfall:FleeingMerchant","floor":22,"turns":4},{"damage":13,"enemies":"downfall:FleeingMerchant","floor":23,"turns":3},{"damage":6,"enemies":"Shell Parasite","floor":26,"turns":2},{"damage":4,"enemies":"Centurion and Healer","floor":27,"turns":6},{"damage":4,"enemies":"conspire:SneckoGhost","floor":28,"turns":4},{"damage":33,"enemies":"Sentry and Sphere","floor":29,"turns":4},{"damage":10,"enemies":"Replay:Snechameleon","floor":31,"turns":5},{"damage":9,"enemies":"Snake Plant","floor":32,"turns":3},{"damage":48,"enemies":"IC_MUSHROOM_ARCHETYPE","floor":33,"turns":5},{"damage":7,"enemies":"3 Darklings","floor":36,"turns":3},{"damage":5,"enemies":"3 Shapes","floor":38,"turns":3},{"damage":30,"enemies":"Transient","floor":39,"turns":5},{"damage":26,"enemies":"R_Hoarder","floor":40,"turns":5},{"damage":0,"enemies":"4 Shapes","floor":43,"turns":2},{"damage":85,"enemies":"Nightmare","floor":44,"turns":6},{"damage":9,"enemies":"Writhing Mass","floor":45,"turns":3},{"damage":0,"enemies":"Writhing Mass","floor":47,"turns":3},{"damage":0,"enemies":"Writhing Mass","floor":48,"turns":2},{"damage":22,"enemies":"Sphere and 2 Shapes","floor":49,"turns":4},{"damage":17,"enemies":"SI_POISON_ARCHETYPE","floor":50,"turns":4},{"damage":37,"enemies":"downfall:CharBossMerchant","floor":52,"turns":5},{"damage":14,"enemies":"downfall:NeowBoss","floor":55,"turns":7},{"damage":68,"enemies":"downfall:NeowBossFinal","floor":56,"turns":7}],"seed_played":"-7678041063373332813","potions_obtained":[{"floor":5,"key":"LiquidMemories"},{"floor":9,"key":"Fire Potion"},{"floor":15,"key":"champ:OpenerPotion"},{"floor":16,"key":"LiquidBronze"},{"floor":32,"key":"Elixir"},{"floor":33,"key":"PowerPotion"},{"floor":45,"key":"LiquidBronze"}],"is_trial":false,"path_per_floor":["R","M","M","?","M","R","T","E","M","E","M","M","R","?","M","B",null,"R","M","?","?","$","?","T","AVR","M","M","E","M","R","E","M","B",null,"R","M","AVR","M","M","E","T","?","M","NM","M","R","?","?","M","B",null,"E","$","R","B","B",null],"character_chosen":"THE_CHAMP","items_purchased":["Nunchaku","Guide Book","StuffTheSpire:RubySignet"],"campfire_rested":1,"item_purchase_floors":[22,53,53],"current_hp_per_floor":[90,79,77,77,71,71,71,42,41,41,30,30,30,52,52,33,90,90,81,81,81,90,77,77,77,88,90,90,65,75,100,98,94,100,100,100,100,95,100,96,96,96,100,38,48,48,70,80,87,97,101,87,87,101,101,77],"gold":98,"neow_bonus":"ONE_RANDOM_RARE_CARD","is_daily":false,"chose_seed":false,"campfire_upgraded":6,"win_rate":0.0,"timestamp":1613772970,"path_taken":["R","M","M","?","?","R","T","E","M","E","M","M","R","?","M","BOSS","R","M","?","?","$","?","T","AVR","M","M","E","?","R","E","M","BOSS","R","M","AVR","M","M","E","T","?","M","NM","M","R","?","?","M","BOSS","E","$","R","BOSS","BOSS"],"items_purchased_type":["Relic","Relic","Relic"],"build_version":"2020-12-22","purchased_purges":4,"victory":true,"max_hp_per_floor":[90,90,90,90,90,90,90,90,90,90,90,90,90,90,90,90,90,90,90,90,90,90,90,90,90,90,90,90,90,100,100,100,100,100,100,100,100,100,100,100,100,100,100,100,100,100,100,100,100,101,101,101,101,101,101,101],"card_choices":[{"not_picked":["champ:HeartStrike","champ:CalledShot"],"picked":"champ:PreciseThrust","floor":2},{"not_picked":["champ:AdrenalArmor","champ:HeartStrike"],"picked":"champ:FaceSlap","floor":3},{"not_picked":["champ:PerfectedStrike","champ:EnGarde"],"picked":"champ:Haymaker","floor":5},{"not_picked":["champ:RisingSlash","champ:PreemptiveStrike","champ:Parry"],"picked":"SKIP","floor":8},{"not_picked":["champ:Circumvent","champ:Parry"],"picked":"champ:StrikeOfGenius","floor":9},{"not_picked":["champ:PerfectedStrike","champ:GladiatorStyle","champ:Endure"],"picked":"SKIP","floor":10},{"not_picked":["champ:Haymaker","champ:DefensiveShout","champ:Shatter"],"picked":"SKIP","floor":11},{"not_picked":["champ:CrownThrow","champ:BladeFlurry"],"picked":"champ:TornadoPunch","floor":12},{"not_picked":["champ:Haymaker","champ:Circumvent","champ:DeathBlow"],"picked":"SKIP","floor":15},{"not_picked":[],"picked":"champ:CalledShot","floor":19},{"not_picked":["hubris:InfiniteBlow","infinitespire:Punishment"],"picked":"infinitespire:NeuralNetwork","floor":20},{"not_picked":[],"picked":"champ:StanceDance","floor":22},{"not_picked":["champ:PerfectedStrike+1"],"picked":"SKIP","floor":26},{"not_picked":["champ:BringItOn"],"picked":"SKIP","floor":27},{"not_picked":["champ:PreemptiveStrike"],"picked":"SKIP","floor":28},{"not_picked":["champ:PreemptiveStrike+1"],"picked":"SKIP","floor":29},{"not_picked":[],"picked":"champ:SkillfulDodge","floor":31},{"not_picked":["champ:Backstep"],"picked":"SKIP","floor":32},{"not_picked":["champ:EnGarde+1"],"picked":"SKIP","floor":36},{"not_picked":["champ:GutPunch"],"picked":"SKIP","floor":38},{"not_picked":["champ:FlashCut"],"picked":"SKIP","floor":39},{"not_picked":["champ:Lariat+1"],"picked":"SKIP","floor":40},{"not_picked":["champ:GutPunch"],"picked":"SKIP","floor":43},{"not_picked":["champ:CrownThrow"],"picked":"SKIP","floor":44},{"not_picked":["champ:ArenaPreparation"],"picked":"SKIP","floor":45},{"not_picked":["champ:Parry+1"],"picked":"SKIP","floor":49},{"not_picked":[],"picked":"champ:EndlessRage+1","floor":52}],"player_experience":323961,"relics_obtained":[{"floor":7,"key":"ReplayTheSpireMod:Ninjato"},{"floor":8,"key":"hubris:MedicalManual"},{"floor":10,"key":"Omamori"},{"floor":23,"key":"downfall:GremlinWheel"},{"floor":28,"key":"Bag of Preparation"},{"floor":31,"key":"reliquary:SculptingSteel"},{"floor":35,"key":"Happy Flower"},{"floor":40,"key":"StuffTheSpire:MayFlowers"},{"floor":41,"key":"infinitespire:Beetle Shell"},{"floor":42,"key":"ReplayTheSpireMod:TigerMarble"},{"floor":44,"key":"infinitespire:Eraser"},{"floor":47,"key":"FossilizedHelix"},{"floor":48,"key":"downfall:GremlinWheel"},{"floor":52,"key":"Runesmith:Locket"}],"event_choices":[{"damage_healed":22,"gold_gain":0,"player_choice":"Healed and dodged fight","damage_taken":0,"max_hp_gain":0,"max_hp_loss":0,"event_name":"Mushrooms","floor":14,"gold_loss":0,"cards_obtained":["Parasite"]},{"damage_healed":0,"gold_gain":0,"player_choice":"Relic","damage_taken":0,"max_hp_gain":0,"max_hp_loss":0,"event_name":"Wheel of Change","floor":35,"gold_loss":0}],"is_beta":false,"boss_relics":[{"not_picked":["ReplayTheSpireMod:SealedPack","conspire:RunicOctahedron"],"picked":"Busted Crown"},{"not_picked":["Snecko Eye","Empty Cage"],"picked":"conspire:SpecialSausage"}],"items_purged_floors":[22,25,37,53],"is_endless":false,"potions_floor_spawned":[5,9,15,16,19,27,29,32,33,36,39,40,43,45],"ascension_level":0}}