{"host":"cfqfeqi6u2qx5u0e","time":1613727632,"event":{"mods":["AchievementEnabler","BaseMod","Colored Powertips","Minty Spire (QoL Compilation)","Quick Restart","StSLib"],"gold_per_floor":[109,109,132,307,322,357,357,357,410,441,441,381,417,432,432,563,626,650,669,542,457,482,517,517,552,604,604,604,618,618,618,630,766,778,810,837,849,879,320,320,354,377,377,377,128,168,168,188,188,188,188,188,4426,4469,4469,4469],"floor_reached":55,"language":"ENG","playtime":2926,"items_purged":[],"score":984,"play_id":"901d5cd1-52a4-41d4-8045-4bc0cc044585","local_time":"20210219014032","is_ascension_mode":true,"campfire_choices":[{"floor":11,"key":"REST"},{"floor":15,"key":"REST"},{"floor":24,"key":"REST"},{"data":"1","floor":27,"key":"LIFT"},{"data":"2","floor":32,"key":"LIFT"},{"data":"3","floor":40,"key":"LIFT"},{"floor":47,"key":"RECALL"},{"floor":49,"key":"REST"},{"data":"Demon Form","floor":52,"key":"SMITH"}],"circlet_count":0,"master_deck":["Strike_R","Strike_R","Strike_R","Strike_R","Strike_R","Defend_R","Defend_R","Defend_R","Defend_R","Bash","Searing Blow","Bloodletting","Doubt","Inflame","Demon Form+1","Metallicize","Immolate","Shrug It Off+1","Reaper+1","Thunderclap","Infernal Blade","Twin Strike+1","Metallicize","Infernal Blade+1","Heavy Blade","Uppercut","J.A.X.","Feed","Headbutt+1","Sword Boomerang","Inflame","Feel No Pain+1","Reaper","Clothesline+1","Twin Strike+1","Inflame"],"relics":["Philosopher\u0027s Stone","Golden Idol","Regal Pillow","Juzu Bracelet","Strawberry","Question Card","Charon\u0027s Ashes","Tiny House","Girya","StrikeDummy","Oddly Smooth Stone","MawBank","Busted Crown","Lee\u0027s Waffle","Letter Opener","Lantern","Happy Flower","Eternal Feather","DollysMirror","MealTicket","Shuriken","Whetstone","Frozen Eye","StoneCalendar"],"acts_visited":["Exordium","TheCity","TheBeyond","TheEnding"],"potions_floor_usage":[6,10,18,18,22,22,28,38,41,46,50,50,50,50,50,54,54,55],"damage_taken":[{"damage":0,"enemies":"2 Louse","floor":1,"turns":2},{"damage":3,"enemies":"Jaw Worm","floor":3,"turns":3},{"damage":12,"enemies":"Small Slimes","floor":5,"turns":4},{"damage":38,"enemies":"Lagavulin","floor":6,"turns":7},{"damage":48,"enemies":"3 Sentries","floor":10,"turns":8},{"damage":30,"enemies":"Lagavulin","floor":13,"turns":5},{"damage":8,"enemies":"3 Louse","floor":14,"turns":2},{"damage":28,"enemies":"Slime Boss","floor":16,"turns":6},{"damage":21,"enemies":"2 Thieves","floor":18,"turns":3},{"damage":41,"enemies":"Shell Parasite","floor":19,"turns":7},{"damage":40,"enemies":"Snake Plant","floor":22,"turns":4},{"damage":0,"enemies":"Gremlin Leader","floor":23,"turns":1},{"damage":55,"enemies":"Book of Stabbing","floor":25,"turns":6},{"damage":0,"enemies":"Snecko","floor":28,"turns":2},{"damage":45,"enemies":"Cultist and Chosen","floor":29,"turns":6},{"damage":43,"enemies":"Champ","floor":33,"turns":9},{"damage":3,"enemies":"Orb Walker","floor":35,"turns":2},{"damage":45,"enemies":"3 Shapes","floor":36,"turns":3},{"damage":14,"enemies":"Sphere and 2 Shapes","floor":38,"turns":4},{"damage":31,"enemies":"Giant Head","floor":41,"turns":6},{"damage":72,"enemies":"Nemesis","floor":46,"turns":5},{"damage":31,"enemies":"3 Darklings","floor":48,"turns":4},{"damage":95,"enemies":"Time Eater","floor":50,"turns":6},{"damage":24,"enemies":"Shield and Spear","floor":54,"turns":3},{"damage":83,"enemies":"The Heart","floor":55,"turns":3}],"seed_played":"-8276810706486989153","potions_obtained":[{"floor":3,"key":"Block Potion"},{"floor":6,"key":"BloodPotion"},{"floor":16,"key":"PowerPotion"},{"floor":17,"key":"AttackPotion"},{"floor":19,"key":"ColorlessPotion"},{"floor":22,"key":"SmokeBomb"},{"floor":36,"key":"HeartOfIron"},{"floor":38,"key":"DistilledChaos"}],"is_trial":false,"path_per_floor":["M","?","M","?","M","E","?","?","T","E","R","?","E","M","R","B",null,"M","M","$","?","M","E","R","E","T","R","M","M","?","T","R","B",null,"M","M","?","M","$","R","E","T","T","?","$","E","R","M","R","B",null,"R","$","E","B"],"character_chosen":"IRONCLAD","items_purchased":["Metallicize","BloodPotion","Lee\u0027s Waffle","Letter Opener","Inflame","BlessingOfTheForge","BlessingOfTheForge","DollysMirror","EntropicBrew","Shuriken","Whetstone","SkillPotion","SkillPotion","Dexterity Potion","Frozen Eye","Inflame"],"campfire_rested":4,"item_purchase_floors":[20,20,39,39,39,39,39,45,45,53,53,53,53,53,53,53],"current_hp_per_floor":[80,60,57,57,45,7,7,33,33,8,49,49,19,11,52,24,92,71,32,32,32,19,31,73,18,18,18,18,33,33,33,33,2,92,92,47,47,33,102,102,71,71,71,71,71,19,37,31,98,48,105,105,105,81,0,0],"gold":4469,"neow_bonus":"BOSS_RELIC","is_daily":false,"chose_seed":false,"campfire_upgraded":1,"win_rate":0.0,"timestamp":1613727632,"path_taken":["M","?","M","?","M","E","?","?","T","E","R","?","E","M","R","BOSS","M","M","$","?","M","E","R","E","T","R","M","M","?","?","R","BOSS","M","M","?","M","$","R","E","?","T","?","?","E","R","M","R","BOSS","R","$","E","BOSS"],"items_purchased_type":["Card","Potion","Relic","Relic","Card","Potion","Potion","Relic","Potion","Relic","Relic","Potion","Potion","Potion","Relic","Card"],"build_version":"2020-12-22","purchased_purges":0,"victory":false,"max_hp_per_floor":[80,80,80,80,80,80,80,80,80,87,87,87,87,87,87,87,92,92,92,92,92,92,92,92,92,92,92,92,92,92,92,92,92,92,95,95,95,95,102,102,102,102,102,102,102,102,102,105,105,105,105,105,105,105,105,105],"card_choices":[{"not_picked":["Clothesline","Wild Strike"],"picked":"Searing Blow","floor":1},{"not_picked":["Twin Strike","Dark Embrace"],"picked":"Bloodletting","floor":3},{"not_picked":["Sword Boomerang","Wild Strike"],"picked":"Inflame","floor":5},{"not_picked":["Power Through","Anger"],"picked":"Demon Form","floor":6},{"not_picked":["Anger","Perfected Strike"],"picked":"Metallicize","floor":10},{"not_picked":["Warcry","Pommel Strike","Body Slam"],"picked":"Immolate","floor":13},{"not_picked":["Warcry","True Grit","Combust"],"picked":"Shrug It Off","floor":14},{"not_picked":["Brutality","Bludgeon","Corruption"],"picked":"Reaper","floor":16},{"not_picked":["Iron Wave","Clash","Pommel Strike"],"picked":"Thunderclap","floor":17},{"not_picked":["Perfected Strike","Clothesline","Thunderclap+1"],"picked":"Infernal Blade","floor":18},{"not_picked":["Cleave","Evolve","Whirlwind"],"picked":"Twin Strike","floor":19},{"not_picked":["Sword Boomerang","Shrug It Off","Body Slam+1"],"picked":"Intimidate","floor":22},{"not_picked":["Clothesline","Evolve","Second Wind"],"picked":"Infernal Blade+1","floor":23},{"not_picked":["Armaments","Flex+1","Clothesline+1"],"picked":"Heavy Blade","floor":25},{"not_picked":["Second Wind","Cleave","Body Slam"],"picked":"Uppercut","floor":29},{"not_picked":["Double Tap","Bludgeon","Corruption"],"picked":"Feed","floor":33},{"not_picked":["Burning Pact+1"],"picked":"Headbutt+1","floor":35},{"not_picked":["Warcry","Clash+1"],"picked":"SKIP","floor":36},{"not_picked":["Shrug It Off"],"picked":"Sword Boomerang","floor":38},{"not_picked":["Dropkick"],"picked":"Feel No Pain+1","floor":41},{"not_picked":["Power Through"],"picked":"Clothesline+1","floor":46},{"not_picked":["Anger+1"],"picked":"Twin Strike+1","floor":48},{"not_picked":["True Grit","Power Through"],"picked":"SKIP","floor":54}],"player_experience":99163,"relics_obtained":[{"floor":6,"key":"Regal Pillow"},{"floor":9,"key":"Juzu Bracelet"},{"floor":10,"key":"Strawberry"},{"floor":13,"key":"Charon\u0027s Ashes"},{"floor":23,"key":"StrikeDummy"},{"floor":25,"key":"Oddly Smooth Stone"},{"floor":31,"key":"MawBank"},{"floor":41,"key":"Lantern"},{"floor":42,"key":"Happy Flower"},{"floor":43,"key":"Eternal Feather"},{"floor":46,"key":"MealTicket"},{"floor":54,"key":"StoneCalendar"}],"event_choices":[{"damage_healed":0,"gold_gain":0,"player_choice":"Take Damage","damage_taken":20,"relics_obtained":["Golden Idol"],"max_hp_gain":0,"max_hp_loss":0,"event_name":"Golden Idol","floor":2,"gold_loss":0},{"damage_healed":0,"gold_gain":175,"player_choice":"AGREE","damage_taken":0,"max_hp_gain":0,"max_hp_loss":0,"event_name":"Liars Game","floor":4,"gold_loss":0,"cards_obtained":["Doubt"]},{"damage_healed":0,"gold_gain":0,"player_choice":"Ignored","damage_taken":0,"max_hp_gain":0,"max_hp_loss":0,"event_name":"Shining Light","floor":7,"gold_loss":0},{"damage_healed":26,"gold_gain":0,"player_choice":"Banana","damage_taken":0,"max_hp_gain":0,"max_hp_loss":0,"event_name":"Big Fish","floor":8,"gold_loss":0},{"damage_healed":0,"gold_gain":0,"player_choice":"Paid Gold","damage_taken":0,"relics_obtained":["Question Card"],"max_hp_gain":0,"max_hp_loss":0,"event_name":"WeMeetAgain","floor":12,"gold_loss":60},{"damage_healed":0,"gold_gain":0,"player_choice":"Obtained Relic","damage_taken":0,"relics_obtained":["Girya"],"max_hp_gain":0,"max_hp_loss":0,"event_name":"Addict","floor":21,"gold_loss":85},{"damage_healed":0,"gold_gain":0,"player_choice":"Obtain J.A.X.","damage_taken":0,"max_hp_gain":0,"max_hp_loss":0,"event_name":"Drug Dealer","floor":30,"gold_loss":0,"cards_obtained":["J.A.X."]},{"damage_healed":0,"gold_gain":0,"player_choice":"Ignored","damage_taken":0,"max_hp_gain":0,"max_hp_loss":0,"event_name":"Tomb of Lord Red Mask","floor":37,"gold_loss":0},{"cards_removed":["Intimidate"],"damage_healed":0,"gold_gain":0,"player_choice":"Removed Skill","damage_taken":0,"max_hp_gain":0,"max_hp_loss":0,"event_name":"Falling","floor":44,"gold_loss":0}],"is_beta":false,"boss_relics":[{"not_picked":["Ectoplasm","Empty Cage"],"picked":"Tiny House"},{"not_picked":["Pandora\u0027s Box","Black Star"],"picked":"Busted Crown"}],"items_purged_floors":[],"is_endless":false,"potions_floor_spawned":[3,6,16,19,22,28,36,38],"killed_by":"The Heart","ascension_level":2}}