{"host":"urzvr6030gsf1sd7","time":1613753677,"event":{"mods":["AchievementEnabler","BaseMod","Block Reminder","Colored Powertips","Minty Spire (QoL Compilation)","Permanent Neow","StSLib"],"gold_per_floor":[115,1,19,19,29,29,39,51,51,67,79,79,41,76,76,204,204,229,253,268,293,293,293,326,64,64,82,126,126,161,161,161,289,352,377,395,80,99,432,432,465,35,35,67,67,67,67,91,91,91],"floor_reached":51,"language":"ENG","playtime":5396,"items_purged":["Clumsy","Strike_R","Strike_R"],"score":858,"play_id":"95897241-47ed-40a9-aa5c-c6a9b08fcddd","local_time":"20210219115437","is_ascension_mode":true,"campfire_choices":[{"data":"Uppercut","floor":6,"key":"SMITH"},{"data":"Carnage","floor":15,"key":"SMITH"},{"data":"Armaments","floor":23,"key":"SMITH"},{"data":"Fiend Fire","floor":29,"key":"SMITH"},{"floor":32,"key":"REST"},{"data":"Heavy Blade","floor":40,"key":"SMITH"},{"data":"Whirlwind","floor":46,"key":"SMITH"},{"floor":49,"key":"REST"}],"circlet_count":0,"master_deck":["Strike_R","Strike_R","Strike_R","Defend_R","Defend_R","Defend_R","Defend_R","Bash","Pommel Strike","Carnage+1","Shrug It Off","Uppercut+1","Hemokinesis","Disarm","Rampage","Fiend Fire+1","Shrug It Off+1","Armaments+1","Carnage","Spot Weakness","J.A.X.+1","Double Tap","Whirlwind+1","True Grit+1","Flame Barrier+1","Heavy Blade+1","Heavy Blade+1","Parasite"],"relics":["Burning Blood","Pocketwatch","Potion Belt","Odd Mushroom","Cursed Key","Ornamental Fan","Gremlin Horn","Kunai","Pen Nib","Tiny House","Sling","Unceasing Top","OrangePellets","Bag of Preparation","CeramicFish"],"acts_visited":["Exordium","TheCity","TheBeyond"],"potions_floor_usage":[14,28,28,30,34,35,36,36,48,50,50,50],"damage_taken":[{"damage":12,"enemies":"Jaw Worm","floor":1,"turns":2},{"damage":3,"enemies":"Small Slimes","floor":3,"turns":2},{"damage":0,"enemies":"2 Louse","floor":5,"turns":2},{"damage":7,"enemies":"Blue Slaver","floor":7,"turns":4},{"damage":10,"enemies":"Red Slaver","floor":8,"turns":3},{"damage":11,"enemies":"3 Louse","floor":10,"turns":3},{"damage":4,"enemies":"2 Fungi Beasts","floor":11,"turns":3},{"damage":17,"enemies":"The Mushroom Lair","floor":14,"turns":3},{"damage":27,"enemies":"The Guardian","floor":16,"turns":7},{"damage":18,"enemies":"2 Thieves","floor":18,"turns":3},{"damage":0,"enemies":"Spheric Guardian","floor":19,"turns":2},{"damage":14,"enemies":"3 Cultists","floor":20,"turns":4},{"damage":11,"enemies":"Snake Plant","floor":21,"turns":3},{"damage":25,"enemies":"Gremlin Leader","floor":24,"turns":4},{"damage":10,"enemies":"Centurion and Healer","floor":27,"turns":5},{"damage":32,"enemies":"Slavers","floor":28,"turns":5},{"damage":2,"enemies":"Gremlin Leader","floor":30,"turns":4},{"damage":27,"enemies":"Champ","floor":33,"turns":9},{"damage":0,"enemies":"3 Darklings","floor":35,"turns":2},{"damage":15,"enemies":"3 Shapes","floor":36,"turns":3},{"damage":8,"enemies":"Maw","floor":38,"turns":6},{"damage":17,"enemies":"Nemesis","floor":41,"turns":7},{"damage":63,"enemies":"Giant Head","floor":44,"turns":8},{"damage":12,"enemies":"Writhing Mass","floor":48,"turns":8},{"damage":37,"enemies":"Awakened One","floor":50,"turns":10}],"seed_played":"-7758749627693127283","potions_obtained":[{"floor":3,"key":"Ancient Potion"},{"floor":7,"key":"ColorlessPotion"},{"floor":8,"key":"GamblersBrew"},{"floor":16,"key":"SkillPotion"},{"floor":19,"key":"Explosive Potion"},{"floor":28,"key":"Swift Potion"},{"floor":30,"key":"Energy Potion"},{"floor":33,"key":"PowerPotion"},{"floor":34,"key":"Fruit Juice"},{"floor":41,"key":"DistilledChaos"},{"floor":48,"key":"LiquidMemories"}],"is_trial":false,"path_per_floor":["M","$","M","?","M","R","M","M","T","M","M","?","$","?","R","B",null,"M","M","M","M","?","R","E","$","T","M","E","R","E","?","R","B",null,"M","M","$","M","?","R","E","$","T","E","$","R","?","M","R","B",null],"character_chosen":"IRONCLAD","items_purchased":["Carnage","Rampage","Gremlin Horn","Sling","Regen Potion","OrangePellets","Bag of Preparation"],"campfire_rested":2,"item_purchase_floors":[2,13,25,37,37,42,42],"current_hp_per_floor":[74,74,77,74,80,80,79,75,75,70,72,52,52,41,41,20,80,68,74,66,61,61,61,42,42,42,38,12,12,16,16,40,19,90,90,81,81,79,79,79,68,68,68,11,11,11,11,20,47,16],"gold":91,"neow_bonus":"ONE_RARE_RELIC","is_daily":false,"chose_seed":false,"campfire_upgraded":6,"win_rate":0.0,"timestamp":1613753677,"path_taken":["M","$","M","?","M","R","M","M","T","M","M","?","$","?","R","BOSS","M","M","M","M","?","R","E","$","T","?","E","R","E","?","R","BOSS","M","M","$","M","?","R","E","$","T","E","$","R","?","M","R","BOSS"],"items_purchased_type":["Card","Card","Relic","Relic","Potion","Relic","Relic"],"build_version":"2020-12-22","purchased_purges":3,"victory":true,"max_hp_per_floor":[80,80,80,80,80,80,80,80,80,80,80,80,80,80,80,80,80,80,80,80,80,80,80,80,80,80,80,80,80,80,80,80,80,90,90,90,90,90,90,90,90,90,90,90,90,90,90,90,90,90],"card_choices":[{"not_picked":["Intimidate","Havoc"],"picked":"Pommel Strike","floor":1},{"not_picked":["Pommel Strike","Wild Strike"],"picked":"Shrug It Off","floor":3},{"not_picked":["Whirlwind","Bludgeon"],"picked":"Uppercut","floor":5},{"not_picked":["Anger","Intimidate","Thunderclap"],"picked":"SKIP","floor":7},{"not_picked":["Twin Strike","Pummel"],"picked":"Hemokinesis","floor":8},{"not_picked":["Iron Wave","Wild Strike","Rage"],"picked":"SKIP","floor":10},{"not_picked":["Warcry","Corruption"],"picked":"Disarm","floor":11},{"not_picked":["Brutality","Offering"],"picked":"Fiend Fire","floor":16},{"not_picked":["Hemokinesis","Clothesline","Rage"],"picked":"SKIP","floor":18},{"not_picked":["Spot Weakness","Sentinel"],"picked":"Shrug It Off+1","floor":19},{"not_picked":["Headbutt","Warcry+1","Body Slam"],"picked":"SKIP","floor":20},{"not_picked":["Pommel Strike","Anger"],"picked":"Armaments","floor":21},{"not_picked":["Sword Boomerang","Iron Wave+1","Perfected Strike"],"picked":"SKIP","floor":24},{"not_picked":["Sever Soul","Intimidate","Twin Strike+1"],"picked":"SKIP","floor":27},{"not_picked":["Fiend Fire","Havoc"],"picked":"Carnage","floor":28},{"not_picked":["Wild Strike","Clash"],"picked":"Spot Weakness","floor":30},{"not_picked":["Berserk","Juggernaut"],"picked":"Double Tap","floor":33},{"not_picked":["Inflame","True Grit+1"],"picked":"Whirlwind","floor":34},{"not_picked":["Shrug It Off","Pommel Strike"],"picked":"True Grit+1","floor":35},{"not_picked":["Clash","Havoc"],"picked":"Flame Barrier+1","floor":36},{"not_picked":["Havoc+1","Iron Wave"],"picked":"Heavy Blade","floor":38},{"not_picked":["Sentinel+1","Armaments+1"],"picked":"Heavy Blade+1","floor":41},{"not_picked":["Clothesline+1","Body Slam","Iron Wave+1"],"picked":"SKIP","floor":44},{"not_picked":["Inflame","Warcry","Clash"],"picked":"SKIP","floor":48}],"player_experience":323139,"relics_obtained":[{"floor":14,"key":"Odd Mushroom"},{"floor":24,"key":"Ornamental Fan"},{"floor":28,"key":"Kunai"},{"floor":30,"key":"Pen Nib"},{"floor":41,"key":"Unceasing Top"},{"floor":44,"key":"CeramicFish"}],"event_choices":[{"damage_healed":0,"gold_gain":0,"player_choice":"Success","damage_taken":3,"relics_obtained":["Potion Belt"],"max_hp_gain":0,"max_hp_loss":0,"event_name":"Scrap Ooze","floor":4,"gold_loss":0},{"damage_healed":0,"gold_gain":0,"player_choice":"Take Damage","damage_taken":20,"relics_obtained":["Golden Idol"],"max_hp_gain":0,"max_hp_loss":0,"event_name":"Golden Idol","floor":12,"gold_loss":0},{"damage_healed":0,"gold_gain":0,"player_choice":"Fought Mushrooms","damage_taken":0,"max_hp_gain":0,"max_hp_loss":0,"event_name":"Mushrooms","floor":14,"gold_loss":0},{"damage_healed":0,"gold_gain":0,"player_choice":"Ignored","damage_taken":0,"max_hp_gain":0,"max_hp_loss":0,"event_name":"N\u0027loth","floor":22,"gold_loss":0},{"damage_healed":0,"gold_gain":0,"player_choice":"Obtain J.A.X.","damage_taken":0,"max_hp_gain":0,"max_hp_loss":0,"event_name":"Drug Dealer","floor":31,"gold_loss":0,"cards_obtained":["J.A.X."]},{"damage_healed":0,"gold_gain":333,"player_choice":"Gave Idol","damage_taken":0,"max_hp_gain":0,"max_hp_loss":0,"event_name":"The Moai Head","floor":39,"relics_lost":["Golden Idol"],"gold_loss":0},{"damage_healed":0,"gold_gain":0,"player_choice":"Memory 1","damage_taken":0,"max_hp_gain":0,"max_hp_loss":0,"event_name":"SensoryStone","floor":47,"gold_loss":0}],"is_beta":false,"boss_relics":[{"not_picked":["Empty Cage","Velvet Choker"],"picked":"Cursed Key"},{"not_picked":["Coffee Dripper","Runic Dome"],"picked":"Tiny House"}],"items_purged_floors":[2,37,42],"is_endless":false,"potions_floor_spawned":[3,7,8,16,19,28,30,33,41,48],"ascension_level":2}}