{"host":"4rvakrj1idbgia3f","time":1613705417,"event":{"mods":["BaseMod","Colored Map","Colored Powertips","DeckTracker","Highlight Path","Minty Spire (QoL Compilation)","Random Character Button","StSLib"],"gold_per_floor":[117,134,59,39,54,54,87,87,87,87,139,139,219,219,219,291,291,307,319,73,90,109,109,109,109,133,152,168,183,183,183,183,254,254,266,266,277,277,277,277,297,297,297,328,356,356,394,417,417,417,417,417],"floor_reached":51,"language":"JPN","playtime":2339,"items_purged":["Strike_G"],"score":1410,"play_id":"38398108-6f81-4ba8-be6d-6bd0e098bf97","local_time":"20210219123017","is_ascension_mode":true,"campfire_choices":[{"data":"Dagger Spray","floor":6,"key":"SMITH"},{"data":"Poisoned Stab","floor":8,"key":"SMITH"},{"data":"Noxious Fumes","floor":10,"key":"SMITH"},{"data":"Neutralize","floor":12,"key":"SMITH"},{"data":"Dash","floor":15,"key":"SMITH"},{"data":"Doppelganger","floor":23,"key":"SMITH"},{"data":"Blur","floor":30,"key":"SMITH"},{"data":"Survivor","floor":32,"key":"SMITH"},{"data":"Deadly Poison","floor":40,"key":"SMITH"},{"data":"PiercingWail","floor":42,"key":"SMITH"},{"floor":46,"key":"DIG"},{"floor":49,"key":"RECALL"}],"circlet_count":0,"master_deck":["AscendersBane","Strike_G","Strike_G","Strike_G","Strike_G","Defend_G","Defend_G","Defend_G","Defend_G","Survivor+1","Neutralize+1","Noxious Fumes+1","Dagger Spray+1","Dash+1","Poisoned Stab+1","Doppelganger+1","Backflip+1","PiercingWail+1","Dodge and Roll+1","Pain","Deadly Poison+1","Calculated Gamble+1","Blur+1","Concentrate+1","Crippling Poison+1","Escape Plan+1","Poisoned Stab+1","Bullet Time","Footwork"],"relics":["Ring of the Snake","Lizard Tail","White Beast Statue","StrikeDummy","Tiny Chest","Letter Opener","MealTicket","Coffee Dripper","Snake Skull","WarpedTongs","Bottled Tornado","Oddly Smooth Stone","Runic Pyramid","Matryoshka","Vajra","CeramicFish","The Courier","Shovel","Art of War","Question Card"],"acts_visited":["Exordium","TheCity","TheBeyond"],"potions_floor_usage":[7,18,22,33,33,44,47,51],"damage_taken":[{"damage":3,"enemies":"2 Louse","floor":1,"turns":4},{"damage":4,"enemies":"Small Slimes","floor":2,"turns":6},{"damage":1,"enemies":"Cultist","floor":5,"turns":4},{"damage":23,"enemies":"Lagavulin","floor":7,"turns":7},{"damage":11,"enemies":"The Guardian","floor":16,"turns":10},{"damage":0,"enemies":"Spheric Guardian","floor":18,"turns":3},{"damage":12,"enemies":"2 Thieves","floor":19,"turns":4},{"damage":14,"enemies":"Shelled Parasite and Fungi","floor":21,"turns":5},{"damage":0,"enemies":"Snake Plant","floor":22,"turns":4},{"damage":6,"enemies":"Centurion and Healer","floor":27,"turns":5},{"damage":13,"enemies":"Shelled Parasite and Fungi","floor":28,"turns":6},{"damage":5,"enemies":"Snake Plant","floor":29,"turns":4},{"damage":37,"enemies":"Collector","floor":33,"turns":7},{"damage":1,"enemies":"3 Darklings","floor":35,"turns":4},{"damage":6,"enemies":"3 Shapes","floor":37,"turns":4},{"damage":1,"enemies":"Sphere and 2 Shapes","floor":41,"turns":5},{"damage":2,"enemies":"Reptomancer","floor":44,"turns":6},{"damage":3,"enemies":"Maw","floor":45,"turns":7},{"damage":7,"enemies":"Nemesis","floor":47,"turns":9},{"damage":1,"enemies":"4 Shapes","floor":48,"turns":5},{"damage":33,"enemies":"Donu and Deca","floor":50,"turns":12},{"damage":32,"enemies":"Time Eater","floor":51,"turns":6}],"seed_played":"-7341664842542083342","potions_obtained":[{"floor":1,"key":"SteroidPotion"},{"floor":2,"key":"LiquidMemories"},{"floor":16,"key":"Fire Potion"},{"floor":18,"key":"SteroidPotion"},{"floor":19,"key":"LiquidMemories"},{"floor":22,"key":"DistilledChaos"},{"floor":33,"key":"FearPotion"},{"floor":35,"key":"CunningPotion"},{"floor":44,"key":"Strength Potion"},{"floor":45,"key":"Regen Potion"},{"floor":47,"key":"BlessingOfTheForge"},{"floor":48,"key":"Fire Potion"}],"is_trial":false,"path_per_floor":["M","M","?","?","M","R","E","R","T","R","T","R","T","T","R","B",null,"M","M","$","M","M","R","?","T","T","M","M","M","R","?","R","B",null,"M","?","M","T","?","R","M","R","T","E","M","R","E","M","R","B","B"],"character_chosen":"THE_SILENT","items_purchased":["Snake Skull"],"campfire_rested":0,"item_purchase_floors":[20],"current_hp_per_floor":[41,37,37,37,36,36,13,13,13,13,13,13,13,13,13,2,50,50,38,53,39,39,39,39,39,39,33,20,15,15,15,15,32,58,57,57,51,51,51,51,50,50,50,48,45,45,53,52,52,19,0,0],"gold":417,"neow_bonus":"ONE_RARE_RELIC","is_daily":false,"chose_seed":false,"campfire_upgraded":10,"win_rate":0.0,"timestamp":1613705417,"path_taken":["M","M","?","?","?","R","E","R","T","R","?","R","?","?","R","BOSS","M","M","$","M","M","R","?","?","T","M","M","M","R","?","R","BOSS","M","?","?","?","?","R","M","R","T","E","M","R","E","M","R","BOSS","BOSS"],"items_purchased_type":["Relic"],"build_version":"2020-12-22","purchased_purges":1,"victory":false,"max_hp_per_floor":[66,66,66,66,66,66,66,66,66,66,66,66,66,66,66,66,66,66,66,66,66,66,66,66,66,66,66,66,66,66,66,66,66,66,66,66,66,66,66,66,66,66,66,66,66,66,66,66,66,66,66,66],"card_choices":[{"not_picked":["Setup","PiercingWail"],"picked":"Noxious Fumes","floor":1},{"not_picked":["Sucker Punch","Quick Slash"],"picked":"Dagger Spray","floor":2},{"not_picked":["Prepared","Sucker Punch"],"picked":"Dash","floor":5},{"not_picked":["Dodge and Roll","Bouncing Flask"],"picked":"Poisoned Stab","floor":7},{"not_picked":["Burst","Envenom"],"picked":"Doppelganger","floor":16},{"not_picked":["Dagger Throw","Sucker Punch"],"picked":"Backflip+1","floor":18},{"not_picked":["Deadly Poison","Quick Slash"],"picked":"PiercingWail","floor":19},{"not_picked":["Flying Knee+1","Dagger Throw","Slice"],"picked":"SKIP","floor":21},{"not_picked":["Reflex+1","Blade Dance"],"picked":"Dodge and Roll","floor":22},{"not_picked":["Deflect","Dash"],"picked":"Deadly Poison","floor":27},{"not_picked":["Deflect","Outmaneuver"],"picked":"Calculated Gamble+1","floor":28},{"not_picked":["Riddle With Holes","Setup"],"picked":"Blur","floor":29},{"not_picked":["Bane+1","Slice"],"picked":"Concentrate+1","floor":35},{"not_picked":["Eviscerate","Cloak And Dagger"],"picked":"Crippling Poison+1","floor":37},{"not_picked":["Riddle With Holes","Outmaneuver+1"],"picked":"Escape Plan+1","floor":41},{"not_picked":["Masterful Stab+1","Poisoned Stab","Terror"],"picked":"SKIP","floor":44},{"not_picked":["Acrobatics","Dodge and Roll"],"picked":"Poisoned Stab+1","floor":45},{"not_picked":["PiercingWail","Backflip"],"picked":"Bullet Time","floor":47},{"not_picked":["Sucker Punch+1","Masterful Stab","Prepared"],"picked":"Footwork","floor":48}],"player_experience":2412159,"relics_obtained":[{"floor":7,"key":"White Beast Statue"},{"floor":9,"key":"StrikeDummy"},{"floor":11,"key":"Tiny Chest"},{"floor":13,"key":"Letter Opener"},{"floor":14,"key":"MealTicket"},{"floor":25,"key":"Bottled Tornado"},{"floor":26,"key":"Oddly Smooth Stone"},{"floor":36,"key":"Matryoshka"},{"floor":38,"key":"Vajra"},{"floor":43,"key":"CeramicFish"},{"floor":43,"key":"The Courier"},{"floor":44,"key":"Shovel"},{"floor":46,"key":"Art of War"},{"floor":47,"key":"Question Card"}],"event_choices":[{"cards_removed":["Defend_G"],"damage_healed":0,"gold_gain":0,"player_choice":"Card Removal","damage_taken":0,"max_hp_gain":0,"max_hp_loss":0,"event_name":"The Cleric","floor":3,"gold_loss":75},{"damage_healed":0,"gold_gain":0,"player_choice":"Bought 1 Potion","damage_taken":0,"max_hp_gain":0,"max_hp_loss":0,"event_name":"The Woman in Blue","floor":4,"gold_loss":0},{"damage_healed":0,"gold_gain":0,"player_choice":"Rummage","damage_taken":0,"relics_obtained":["WarpedTongs"],"max_hp_gain":0,"max_hp_loss":0,"event_name":"Accursed Blacksmith","floor":24,"gold_loss":0,"cards_obtained":["Pain"]},{"damage_healed":0,"gold_gain":0,"player_choice":"Upgraded","damage_taken":0,"max_hp_gain":0,"max_hp_loss":0,"event_name":"Upgrade Shrine","floor":31,"gold_loss":0,"cards_upgraded":["Dodge and Roll"]},{"damage_healed":0,"gold_gain":0,"player_choice":"Relic","damage_taken":0,"max_hp_gain":0,"max_hp_loss":0,"event_name":"Wheel of Change","floor":36,"gold_loss":0},{"damage_healed":0,"gold_gain":0,"player_choice":"Ignored","damage_taken":0,"max_hp_gain":0,"max_hp_loss":0,"event_name":"Tomb of Lord Red Mask","floor":39,"gold_loss":0}],"is_beta":false,"boss_relics":[{"not_picked":["Pandora\u0027s Box","SacredBark"],"picked":"Coffee Dripper"},{"not_picked":["Velvet Choker","SlaversCollar"],"picked":"Runic Pyramid"}],"items_purged_floors":[20],"is_endless":false,"potions_floor_spawned":[1,2,16,18,19,21,22,27,28,29,33,35,37,41,44,45,47,48],"killed_by":"Time Eater","ascension_level":20}}