{"host":"0o4jkshs65tojivq","time":1613712419,"event":{"mods":["AchievementEnabler","BaseMod","Downfall","Minty Spire (QoL Compilation)","Quick Restart","Relic Stats","Slay the Relics Exporter","StSLib"],"gold_per_floor":[99,99,99,99,99,99,99,99,129,129,63,81,98,198,214,311,311,311,331,345,365,380,412,437,455,484,484,509,527,527,551,561,561,561,561],"floor_reached":33,"language":"ENG","playtime":3391,"items_purged":[],"score":352,"play_id":"e712e30d-5e61-46c2-95c8-546c216567a3","local_time":"20210218212659","is_ascension_mode":true,"campfire_choices":[{"data":"hexamod:Sear","floor":1,"key":"SMITH"},{"floor":10,"key":"REST"},{"floor":18,"key":"RECALL"}],"circlet_count":0,"master_deck":["hexamod:Strike+1","hexamod:Defend+1","hexamod:Defend","hexamod:Defend+1","hexamod:Defend","hexamod:Sear+1","hexamod:Float","hexamod:SoulSteal+1","hexamod:SpectralSpark","hexamod:Hexaguard","hexamod:Rewind+1","hexamod:Hexaguard+1","hexamod:FlamesFromBeyond+1","hexamod:Toasty","hexamod:PhantomCloak","hexamod:VolcanoVisage","hexamod:GhostflameBarrier+1","hexamod:SearingWound+1","hexamod:Rewind+1","hexamod:AdvancingGuard+1","hexamod:ShieldOfDarkness+1","hexamod:Sear+1","hexamod:ShieldOfDarkness+1","hexamod:HauntingEcho","Flash of Steel","hexamod:Haunt+1"],"relics":["hexamod:SpiritBrand","downfall:HeartsMalice","downfall:ShatteredFragment","Letter Opener","Orichalcum","Toxic Egg 2","hexamod:IceCube","hexamod:MatchstickCase","CeramicFish","Regal Pillow"],"acts_visited":["Exordium","TheCity"],"potions_floor_usage":[12,23,26],"damage_taken":[{"damage":0,"enemies":"Jaw Worm","floor":3,"turns":1},{"damage":0,"enemies":"2 Louse","floor":5,"turns":1},{"damage":0,"enemies":"Small Slimes","floor":6,"turns":1},{"damage":10,"enemies":"3 Sentries","floor":9,"turns":3},{"damage":0,"enemies":"downfall:FleeingMerchant","floor":11,"turns":4},{"damage":0,"enemies":"Gremlin Gang","floor":12,"turns":2},{"damage":0,"enemies":"downfall:LooterAlt","floor":13,"turns":3},{"damage":0,"enemies":"downfall:Heads","floor":14,"turns":3},{"damage":0,"enemies":"2 Fungi Beasts","floor":15,"turns":3},{"damage":4,"enemies":"WA_ARCHETYPE_RETAIN","floor":16,"turns":6},{"damage":8,"enemies":"downfall:LooterAlt2","floor":19,"turns":3},{"damage":0,"enemies":"Chosen","floor":20,"turns":4},{"damage":5,"enemies":"Sentry and Sphere","floor":21,"turns":5},{"damage":0,"enemies":"Snake Plant","floor":22,"turns":4},{"damage":14,"enemies":"Slavers","floor":23,"turns":4},{"damage":11,"enemies":"Cultist and Chosen","floor":26,"turns":5},{"damage":0,"enemies":"Gremlin Leader","floor":28,"turns":4},{"damage":0,"enemies":"3 Cultists","floor":31,"turns":3},{"damage":14,"enemies":"Snake Plant","floor":32,"turns":4},{"damage":19,"enemies":"DF_ARCHETYPE_CLAW","floor":33,"turns":3}],"seed_played":"1706437641051508202","potions_obtained":[{"floor":9,"key":"AttackPotion"},{"floor":13,"key":"SpeedPotion"},{"floor":15,"key":"sneckomod:MuddlingPotion"},{"floor":16,"key":"Dexterity Potion"},{"floor":19,"key":"Energy Potion"},{"floor":23,"key":"Swift Potion"},{"floor":26,"key":"LiquidBronze"}],"is_trial":false,"path_per_floor":["R","?","M","?","M","M","T","?","E","R","$","M","M","?","M","B",null,"R","M","M","M","M","E","T","?","M","?","E","?","?","M","M","B"],"character_chosen":"THE_SPIRIT","items_purchased":["hexamod:FlamesFromBeyond+1"],"campfire_rested":1,"item_purchase_floors":[11],"current_hp_per_floor":[70,70,70,49,49,49,49,37,27,48,48,48,48,48,48,44,70,70,62,62,57,57,43,43,43,32,32,32,32,32,32,18,0,0,0],"gold":561,"neow_bonus":"THREE_ENEMY_KILL","is_daily":false,"chose_seed":false,"campfire_upgraded":1,"win_rate":0.0,"timestamp":1613712419,"path_taken":["R","?","M","?","M","M","T","?","E","R","?","M","M","?","M","BOSS","R","M","M","M","M","E","T","?","?","?","E","?","?","M","M","BOSS"],"items_purchased_type":["Card"],"build_version":"2020-12-22","purchased_purges":0,"victory":false,"max_hp_per_floor":[70,70,70,70,70,70,70,70,70,70,70,70,70,70,70,70,70,70,70,70,70,70,70,70,70,70,70,70,70,70,70,70,70,70,70],"relic_stats":{"Regal Pillow":0,"counters":[20,63],"CeramicFish":54,"Letter Opener":[373],"Orichalcum":[30],"obtain_stats":[{"Regal Pillow":28,"downfall:ShatteredFragment":4,"CeramicFish":24,"downfall:HeartsMalice":0,"Letter Opener":7,"Orichalcum":8,"Toxic Egg 2":9,"hexamod:SpiritBrand":0,"hexamod:IceCube":17,"hexamod:MatchstickCase":23},{"Regal Pillow":17,"downfall:ShatteredFragment":1,"CeramicFish":15,"downfall:HeartsMalice":0,"Letter Opener":3,"Orichalcum":3,"Toxic Egg 2":4,"hexamod:SpiritBrand":0,"hexamod:IceCube":10,"hexamod:MatchstickCase":15},{"Regal Pillow":53,"downfall:ShatteredFragment":0,"CeramicFish":44,"downfall:HeartsMalice":0,"Letter Opener":0,"Orichalcum":0,"Toxic Egg 2":3,"hexamod:SpiritBrand":0,"hexamod:IceCube":24,"hexamod:MatchstickCase":44}]},"card_choices":[{"not_picked":["hexamod:FlamesFromBeyond","hexamod:SpectersWail"],"picked":"hexamod:SoulSteal","floor":3},{"not_picked":["hexamod:GhostLash","hexamod:SwordOfDarkness"],"picked":"hexamod:SpectralSpark","floor":5},{"not_picked":["hexamod:GhostOfSpireFuture","hexamod:SuperheatedStrike"],"picked":"hexamod:Hexaguard","floor":6},{"not_picked":["hexamod:FirstSeal","hexamod:SwordOfDarkness"],"picked":"hexamod:Rewind+1","floor":9},{"not_picked":["hexamod:NightmareStrike","hexamod:FourthSeal"],"picked":"hexamod:Hexaguard+1","floor":11},{"not_picked":["hexamod:NightmareStrike","hexamod:SpectralAdrenaline+1"],"picked":"hexamod:Toasty","floor":12},{"not_picked":["hexamod:Firestarter","hexamod:CatchUp+1"],"picked":"hexamod:PhantomCloak","floor":13},{"not_picked":["hexamod:TurnItUp+1","hexamod:InspiringFlames+1"],"picked":"hexamod:GhostflameBarrier+1","floor":14},{"not_picked":["hexamod:Incineration","hexamod:NightmareStrike","hexamod:FourthSeal"],"picked":"SKIP","floor":15},{"not_picked":["hexamod:Toasty","hexamod:SixthSeal"],"picked":"hexamod:SearingWound+1","floor":16},{"not_picked":["hexamod:ChargedBarrage+1","hexamod:Again+1","hexamod:ThirdSeal"],"picked":"SKIP","floor":19},{"not_picked":["hexamod:InspiringFlames+1","hexamod:Incineration"],"picked":"hexamod:Rewind+1","floor":20},{"not_picked":["hexamod:InspiringFlames+1","hexamod:SpectersWail","hexamod:ThermalTransfer"],"picked":"SKIP","floor":21},{"not_picked":["hexamod:GiftsFromTheDead","hexamod:HauntingEcho+1"],"picked":"hexamod:AdvancingGuard+1","floor":22},{"not_picked":["hexamod:SwordOfDarkness","hexamod:Firestarter"],"picked":"hexamod:ShieldOfDarkness+1","floor":23},{"not_picked":["hexamod:GhostShield+1","hexamod:ThermalTransfer"],"picked":"hexamod:ShieldOfDarkness+1","floor":26},{"not_picked":["hexamod:BacktrackSmack","hexamod:FourthSeal","hexamod:PhantomFireball+1"],"picked":"SKIP","floor":28},{"not_picked":["hexamod:RetreatToShadows+1","hexamod:AdvancingGuard+1"],"picked":"hexamod:Haunt+1","floor":31},{"not_picked":["hexamod:NecessarySacrifice+1","hexamod:ThermalTransfer+1","hexamod:Firestarter"],"picked":"SKIP","floor":32}],"player_experience":1232231,"relics_obtained":[{"floor":7,"key":"Letter Opener"},{"floor":9,"key":"Toxic Egg 2"},{"floor":23,"key":"hexamod:MatchstickCase"},{"floor":24,"key":"CeramicFish"},{"floor":28,"key":"Regal Pillow"}],"event_choices":[{"damage_healed":0,"gold_gain":0,"player_choice":"Success","damage_taken":12,"relics_obtained":["Orichalcum"],"max_hp_gain":0,"max_hp_loss":0,"event_name":"Scrap Ooze","floor":8,"gold_loss":0},{"damage_healed":0,"gold_gain":0,"cards_transformed":["hexamod:Strike","Jack Of All Trades"],"player_choice":"Became Test Subject","damage_taken":0,"max_hp_gain":0,"max_hp_loss":0,"event_name":"Drug Dealer","floor":29,"gold_loss":0,"cards_obtained":["hexamod:HauntingEcho","Flash of Steel"]}],"is_beta":false,"boss_relics":[{"not_picked":["Velvet Choker","Black Star"],"picked":"hexamod:IceCube"}],"items_purged_floors":[],"is_endless":false,"potions_floor_spawned":[9,13,15,16,19,23,26,28,31,32],"killed_by":"DF_ARCHETYPE_CLAW","ascension_level":1}}