{"host":"x8s7139x96bc3le0","time":1613752872,"event":{"mods":["AchievementEnabler","BaseMod","Bestiary","Minty Spire (QoL Compilation)","Relic Stats","ojb\u0027s Better Paths Mod","ojb\u0027s Info Mod"],"gold_per_floor":[214,234,234,62,97,162,162,220,220,220,260,295,295,366,366,506,506,540,540,129,193,193,229,60,85,140,220,232,278,343,400,412,548,560,588,624,722,734,746,792,804,849,861,917,1262,742,742,133,133,133],"floor_reached":51,"language":"ENG","playtime":3447,"items_purged":["Strike_G","Writhe","Strike_G","Strike_G"],"score":1221,"play_id":"510e210c-4db6-4aec-8875-cf0edd499f58","local_time":"20210219174112","is_ascension_mode":true,"campfire_choices":[{"data":"Dash","floor":10.0,"key":"SMITH"},{"floor":13.0,"key":"REST"},{"data":"Neutralize","floor":15.0,"key":"SMITH"},{"data":"Phantasmal Killer","floor":28.0,"key":"SMITH"},{"data":"Blade Dance","floor":32.0,"key":"SMITH"},{"data":"Panacea","floor":41,"key":"SMITH"},{"data":"Venomology","floor":47,"key":"SMITH"},{"data":"Blur","floor":49,"key":"SMITH"}],"circlet_count":0,"master_deck":["AscendersBane","Strike_G+1","Defend_G","Defend_G","Defend_G","Defend_G+1","Defend_G","Survivor","Neutralize+1","Dagger Throw","Backstab","HandOfGreed","Dagger Throw","Dash+1","Tools of the Trade","Noxious Fumes","Phantasmal Killer+1","Blade Dance+1","Leg Sweep","Terror","Footwork+1","Acrobatics+1","Backstab","Escape Plan+1","Eviscerate+1","Venomology+1","Panacea+1","Acrobatics+1","Backstab+1","Calculated Gamble+1","Blur+1","Purity"],"relics":["Ring of the Snake","Ornamental Fan","White Beast Statue","Shuriken","Matryoshka","Toy Ornithopter","Philosopher\u0027s Stone","Potion Belt","Happy Flower","Strawberry","Bottled Lightning","Letter Opener","MawBank","Centennial Puzzle","Pear","Omamori","WristBlade","Dead Branch","Mummified Hand","PreservedInsect","Darkstone Periapt","Regal Pillow","InkBottle","Nunchaku","Bronze Scales","ClockworkSouvenir"],"acts_visited":["Exordium","TheCity","TheBeyond"],"potions_floor_usage":[37,40,40,44,44,50,50,50],"damage_taken":[{"damage":8.0,"enemies":"Small Slimes","floor":1.0,"turns":5.0},{"damage":2.0,"enemies":"Jaw Worm","floor":2.0,"turns":6.0},{"damage":0.0,"enemies":"Cultist","floor":5.0,"turns":2.0},{"damage":26.0,"enemies":"3 Sentries","floor":6.0,"turns":10.0},{"damage":16.0,"enemies":"Lagavulin","floor":8.0,"turns":5.0},{"damage":11.0,"enemies":"Gremlin Nob","floor":11.0,"turns":4.0},{"damage":0.0,"enemies":"2 Fungi Beasts","floor":12.0,"turns":3.0},{"damage":6.0,"enemies":"3 Sentries","floor":14.0,"turns":5.0},{"damage":19.0,"enemies":"Slime Boss","floor":16.0,"turns":9.0},{"damage":0.0,"enemies":"Chosen","floor":18.0,"turns":4.0},{"damage":1.0,"enemies":"3 Byrds","floor":21.0,"turns":6.0},{"damage":10.0,"enemies":"Book of Stabbing","floor":23.0,"turns":6.0},{"damage":8.0,"enemies":"Snake Plant","floor":25.0,"turns":4.0},{"damage":0.0,"enemies":"Snecko","floor":29.0,"turns":3.0},{"damage":9.0,"enemies":"Slavers","floor":30.0,"turns":3.0},{"damage":0.0,"enemies":"Centurion and Healer","floor":31.0,"turns":5.0},{"damage":22.0,"enemies":"Champ","floor":33.0,"turns":9.0},{"damage":0.0,"enemies":"Orb Walker","floor":35.0,"turns":2.0},{"damage":10.0,"enemies":"3 Darklings","floor":36.0,"turns":5.0},{"damage":5,"enemies":"2 Orb Walkers","floor":37,"turns":2},{"damage":23,"enemies":"Reptomancer","floor":40,"turns":5},{"damage":2,"enemies":"Giant Head","floor":42,"turns":4},{"damage":4,"enemies":"Reptomancer","floor":44,"turns":6},{"damage":31,"enemies":"Time Eater","floor":50,"turns":9}],"seed_played":"8117445313119314172","potions_obtained":[{"floor":2.0,"key":"FearPotion"},{"floor":5.0,"key":"FairyPotion"},{"floor":6.0,"key":"Weak Potion"},{"floor":11.0,"key":"Explosive Potion"},{"floor":12.0,"key":"Fire Potion"},{"floor":14.0,"key":"Strength Potion"},{"floor":16.0,"key":"Poison Potion"},{"floor":18.0,"key":"Explosive Potion"},{"floor":21.0,"key":"Swift Potion"},{"floor":23.0,"key":"Regen Potion"},{"floor":25.0,"key":"Weak Potion"},{"floor":29.0,"key":"BlessingOfTheForge"},{"floor":30.0,"key":"ColorlessPotion"},{"floor":31.0,"key":"Block Potion"},{"floor":33.0,"key":"SkillPotion"},{"floor":35.0,"key":"LiquidMemories"},{"floor":36.0,"key":"LiquidBronze"},{"floor":37,"key":"Poison Potion"},{"floor":40,"key":"Block Potion"},{"floor":42,"key":"Swift Potion"},{"floor":44,"key":"ColorlessPotion"}],"is_trial":false,"path_per_floor":["M","M","?","$","M","E","?","E","T","R","E","M","R","E","R","B",null,"M","?","$","M","?","E","$","M","T","T","R","M","E","M","R","B",null,"M","M","?","?","?","E","R","E","T","E","?","$","R","$","R","B",null],"character_chosen":"THE_SILENT","items_purchased":["HandOfGreed","Terror","Potion Belt","Happy Flower","Backstab","InkBottle","Nunchaku","Bronze Scales","ClockworkSouvenir","Blur","Purity"],"campfire_rested":1,"item_purchase_floors":[4,20,20,20,24,46,46,48,48,48,48],"current_hp_per_floor":[55,53,39,39,39,13,13,19,19,19,8,8,27,21,21,7,51,56,56,56,55,62,62,62,71,71,81,81,81,73,73,73,65,78,78,72,72,72,72,59,59,57,57,76,76,76,76,76,76,52],"gold":133,"neow_bonus":"HUNDRED_GOLD","is_daily":false,"chose_seed":false,"campfire_upgraded":7,"win_rate":0.0,"timestamp":1613752872,"path_taken":["M","M","?","$","M","E","?","E","T","R","E","M","R","E","R","BOSS","M","?","?","M","?","E","$","M","T","?","R","?","E","M","R","BOSS","M","M","?","?","?","E","R","E","T","E","?","$","R","$","R","BOSS"],"items_purchased_type":["Card","Card","Relic","Relic","Card","Relic","Relic","Relic","Relic","Card","Card"],"build_version":"2020-12-22","purchased_purges":4,"victory":true,"max_hp_per_floor":[70,70,70,70,70,70,65,65,65,65,65,65,65,65,65,65,65,65,65,65,65,72,72,72,72,72,82,82,82,82,82,82,82,82,82,82,82,78,78,78,78,78,78,78,78,78,78,78,78,78],"relic_stats":{"Darkstone Periapt":0,"Regal Pillow":0,"Happy Flower":[23],"counters":[24,122],"Dead Branch":[55],"PreservedInsect":60,"Letter Opener":[143],"MawBank":240,"Centennial Puzzle":[24],"Nunchaku":[2],"Ornamental Fan":[208],"Shuriken":[50],"Mummified Hand":[15],"Bronze Scales":[42],"obtain_stats":[{"Darkstone Periapt":43,"Regal Pillow":44,"ClockworkSouvenir":48,"Centennial Puzzle":27,"Nunchaku":46,"Matryoshka":11,"WristBlade":34,"Mummified Hand":40,"Strawberry":22,"Philosopher\u0027s Stone":17,"InkBottle":46,"Ring of the Snake":0,"Potion Belt":20,"Pear":27,"Happy Flower":20,"Golden Idol":7,"Dead Branch":37,"PreservedInsect":42,"Omamori":30,"Letter Opener":26,"MawBank":26,"White Beast Statue":8,"Ornamental Fan":6,"Shuriken":9,"Bronze Scales":48,"Bottled Lightning":23,"Toy Ornithopter":14},{"Darkstone Periapt":22,"Regal Pillow":23,"ClockworkSouvenir":23,"Centennial Puzzle":13,"Nunchaku":23,"Matryoshka":6,"WristBlade":17,"Mummified Hand":21,"Strawberry":11,"Philosopher\u0027s Stone":9,"InkBottle":23,"Ring of the Snake":0,"Potion Belt":10,"Pear":13,"Happy Flower":10,"Golden Idol":4,"Dead Branch":20,"PreservedInsect":22,"Omamori":15,"Letter Opener":13,"MawBank":13,"White Beast Statue":5,"Ornamental Fan":4,"Shuriken":5,"Bronze Scales":23,"Bottled Lightning":12,"Toy Ornithopter":8},{"Darkstone Periapt":107,"Regal Pillow":113,"ClockworkSouvenir":113,"Centennial Puzzle":69,"Nunchaku":113,"Matryoshka":32,"WristBlade":89,"Mummified Hand":103,"Strawberry":59,"Philosopher\u0027s Stone":49,"InkBottle":113,"Ring of the Snake":0,"Potion Belt":53,"Pear":69,"Happy Flower":53,"Golden Idol":23,"Dead Branch":98,"PreservedInsect":107,"Omamori":75,"Letter Opener":69,"MawBank":69,"White Beast Statue":28,"Ornamental Fan":23,"Shuriken":28,"Bronze Scales":113,"Bottled Lightning":65,"Toy Ornithopter":40}],"Toy Ornithopter":76,"InkBottle":[5],"Ring of the Snake":[48]},"card_choices":[{"not_picked":["Skewer","Flying Knee"],"picked":"Dagger Throw","floor":1.0},{"not_picked":["Dagger Spray","Underhanded Strike"],"picked":"Backstab","floor":2.0},{"not_picked":["Heel Hook","Concentrate"],"picked":"Dagger Throw","floor":5.0},{"not_picked":["Cloak And Dagger","Crippling Poison"],"picked":"Dash","floor":6.0},{"not_picked":["Flechettes","Acrobatics"],"picked":"Tools of the Trade","floor":8.0},{"not_picked":["Predator","Prepared","PiercingWail"],"picked":"SKIP","floor":11.0},{"not_picked":["Dash","Expertise","Predator"],"picked":"SKIP","floor":12.0},{"not_picked":["Footwork","Poisoned Stab"],"picked":"Noxious Fumes","floor":14.0},{"not_picked":["Night Terror","Bullet Time"],"picked":"Phantasmal Killer","floor":16.0},{"not_picked":["Catalyst","Prepared"],"picked":"Blade Dance","floor":18.0},{"not_picked":["Blur","Bane"],"picked":"Footwork+1","floor":21.0},{"not_picked":["Catalyst+1","All Out Attack+1"],"picked":"Acrobatics+1","floor":23.0},{"not_picked":["Blur","Bouncing Flask"],"picked":"Escape Plan+1","floor":25.0},{"not_picked":["Blade Dance","Underhanded Strike"],"picked":"Eviscerate+1","floor":29.0},{"not_picked":["Bane","Prepared","Outmaneuver"],"picked":"SKIP","floor":30.0},{"not_picked":["Bane","Slice","Storm of Steel"],"picked":"SKIP","floor":31.0},{"not_picked":["Wraith Form v2","Doppelganger"],"picked":"Venomology","floor":33.0},{"not_picked":["Slice","Outmaneuver","Sucker Punch"],"picked":"SKIP","floor":35.0},{"not_picked":["Outmaneuver","Dagger Spray","Well Laid Plans"],"picked":"SKIP","floor":36.0},{"not_picked":["Finesse","Dark Shackles"],"picked":"Panacea","floor":39},{"not_picked":["Caltrops+1","Prepared"],"picked":"Acrobatics+1","floor":40},{"not_picked":["Blade Dance+1","Caltrops"],"picked":"Backstab+1","floor":42},{"not_picked":["Quick Slash","Escape Plan"],"picked":"Calculated Gamble+1","floor":44}],"player_experience":860938,"relics_obtained":[{"floor":6.0,"key":"Ornamental Fan"},{"floor":8.0,"key":"White Beast Statue"},{"floor":9.0,"key":"Shuriken"},{"floor":11.0,"key":"Matryoshka"},{"floor":14.0,"key":"Toy Ornithopter"},{"floor":23.0,"key":"Bottled Lightning"},{"floor":26.0,"key":"Letter Opener"},{"floor":26.0,"key":"MawBank"},{"floor":27.0,"key":"Centennial Puzzle"},{"floor":27.0,"key":"Pear"},{"floor":30.0,"key":"Omamori"},{"floor":37,"key":"Dead Branch"},{"floor":40,"key":"Mummified Hand"},{"floor":42,"key":"PreservedInsect"},{"floor":43,"key":"Darkstone Periapt"},{"floor":44,"key":"Regal Pillow"}],"event_choices":[{"damage_healed":0.0,"max_hp_gain":0.0,"max_hp_loss":0.0,"gold_gain":0.0,"event_name":"Shining Light","player_choice":"Entered Light","floor":3.0,"gold_loss":0.0,"damage_taken":14.0,"cards_upgraded":["Strike_G","Defend_G"]},{"damage_healed":0.0,"max_hp_gain":0.0,"max_hp_loss":5.0,"gold_gain":0.0,"event_name":"Golden Idol","player_choice":"Lose Max HP","floor":7.0,"gold_loss":0.0,"damage_taken":0.0,"relics_obtained":["Golden Idol"]},{"damage_healed":0.0,"max_hp_gain":0.0,"max_hp_loss":0.0,"gold_gain":0.0,"cards_transformed":["Strike_G"],"event_name":"Transmorgrifier","player_choice":"Transformed","floor":19.0,"gold_loss":0.0,"damage_taken":0.0,"cards_obtained":["Leg Sweep"]},{"damage_healed":0.0,"max_hp_gain":0.0,"max_hp_loss":0.0,"gold_gain":0.0,"event_name":"The Mausoleum","player_choice":"Opened","floor":22.0,"gold_loss":0.0,"damage_taken":0.0,"relics_obtained":["Strawberry"],"cards_obtained":["Writhe"]},{"damage_healed":0,"gold_gain":0,"player_choice":"Fight","damage_taken":0,"max_hp_gain":0,"max_hp_loss":0,"event_name":"Mysterious Sphere","floor":37,"gold_loss":0},{"damage_healed":0,"gold_gain":0,"player_choice":"Max HP","damage_taken":0,"max_hp_gain":0,"max_hp_loss":4,"event_name":"Winding Halls","floor":38,"gold_loss":0},{"damage_healed":0,"gold_gain":0,"player_choice":"Memory 1","damage_taken":0,"max_hp_gain":0,"max_hp_loss":0,"event_name":"SensoryStone","floor":39,"gold_loss":0},{"damage_healed":0,"gold_gain":333,"player_choice":"Gave Idol","damage_taken":0,"max_hp_gain":0,"max_hp_loss":0,"event_name":"The Moai Head","floor":45,"relics_lost":["Golden Idol"],"gold_loss":0}],"is_beta":false,"boss_relics":[{"not_picked":["Runic Dome","Astrolabe"],"picked":"Philosopher\u0027s Stone"},{"not_picked":["Velvet Choker","Fusion Hammer"],"picked":"WristBlade"}],"items_purged_floors":[20,24,46,48],"is_endless":false,"potions_floor_spawned":[2,5,6,11,12,14,16,18,21,23,25,29,30,31,33,35,36,37,40,42,44],"ascension_level":10}}