{"host":"fkig9nrckec4xsh0","time":1613695922,"event":{"mods":["Act Like it!","BaseMod","Colored Map","Gensokyo","Hermit","Marisa????????","Minty Spire (QoL Compilation)","Quick Restart","Replay The Spire","StSLib","The Cursed","The Necromancer","The Servant 0.9.4"],"gold_per_floor":[359,359,373,78,78,113,127,160,160,192,211,244,244,255,255,353,353,369,384,309,309,325,353,353,353,427,454,59,91,105,155,155,267,267,300,340,340,340,373,428,428,485,485,485,528,528,561,46,46,76],"floor_reached":51,"language":"ENG","playtime":2588,"items_purged":["Strike_W","Delirium"],"score":1031,"play_id":"a86125ac-ab2f-4ed6-8802-67f9c74b4bf1","local_time":"20210218195202","is_ascension_mode":true,"campfire_choices":[{"data":"Blood_Curse","floor":13,"key":"SMITH"},{"data":"Life_Drain","floor":15,"key":"SMITH"},{"data":"Corrupt","floor":24,"key":"SMITH"},{"data":"Negative_Energy_Mist","floor":32,"key":"SMITH"},{"data":"Violent_Necrosis","floor":41,"key":"SMITH"},{"data":"Blood_Is_Power","floor":44,"key":"SMITH"},{"data":"Negative_Energy_Bomb","floor":46,"key":"SMITH"},{"data":"Mayhem","floor":49,"key":"SMITH"}],"circlet_count":0,"master_deck":["Strike_W","Strike_W+1","Strike_W","Defend_W","Defend_W","Defend_W+1","Negative_Energy_Arrows","Bone_Wall","Negative_Energy_Mist+1","Life_Drain+1","Violent_Necrosis+1","Siphon_Strength","Acid_Javelin","Blood_Curse+1","Chill_Blood","Negative_Energy_Javelin","Corrupt+1","Toxic_Smoke_Screen","Toxic_Smoke_Screen","Negative_Energy_Burst","Summon_Death_Knight+1","Negative_Energy_Sphere","Spectral_Walk+1","Chill_Blood","Grasp_Heart","Negative_Energy_Sphere","Reap_The_Weak+1","Scare","Blood_Is_Power+1","Toxic_Smoke_Screen","Replay:Sluggish","Negative_Energy_Bomb+1","AbeCurse","Blood_Curse+1","Violent_Necrosis+1","Negative_Energy_Mist+1","Replay:Sluggish","Negative_Energy_Sphere+1","Siphon_Strength+1","Chill_Blood+1","Negative_Energy_Burst+1","Hellfire+1","Scare","Scare","Mayhem+1","Mind Blast+1"],"relics":["Vampire_Amulet","Darkstone Periapt","Ice Cream","Divine Protection","Replay:Towering Pillar of Hats","Question Card","Lantern","Philosopher\u0027s Stone","Meat on the Bone","Nunchaku","ReplayTheSpireMod:Lightbulb","Guide Book","Bronze Scales","Ring of Misfortune","Ring of Greed","Smiling Mask","Replay:Bandana","Abe\u0027s Treasure","Bird Faced Urn","Molten Egg 2","White Beast Statue"],"acts_visited":["Exordium","TheCity","TheBeyond"],"potions_floor_usage":[12,16,18,23,30,33,50,50,50],"damage_taken":[{"damage":6.0,"enemies":"Jaw Worm","floor":1.0,"turns":3.0},{"damage":2.0,"enemies":"2 Louse","floor":3.0,"turns":3.0},{"damage":11.0,"enemies":"Gremlin Nob","floor":6.0,"turns":4.0},{"damage":0.0,"enemies":"Cultist","floor":7.0,"turns":2.0},{"damage":40.0,"enemies":"3 Sentries","floor":8.0,"turns":11.0},{"damage":0,"enemies":"Lagavulin","floor":10,"turns":7},{"damage":3,"enemies":"Large Slime","floor":11,"turns":5},{"damage":4,"enemies":"Gremlin Nob","floor":12,"turns":3},{"damage":0,"enemies":"Exordium Thugs","floor":14,"turns":5},{"damage":19,"enemies":"Slime Boss","floor":16,"turns":9},{"damage":17,"enemies":"2 Thieves","floor":18,"turns":5},{"damage":0,"enemies":"Chosen","floor":19,"turns":3},{"damage":8,"enemies":"Centurion and Healer","floor":22,"turns":8},{"damage":0,"enemies":"Book of Stabbing","floor":23,"turns":6},{"damage":2,"enemies":"Gremlin Leader","floor":27,"turns":5},{"damage":0,"enemies":"Book of Stabbing","floor":29,"turns":5},{"damage":0,"enemies":"Snecko","floor":30,"turns":5},{"damage":5,"enemies":"Champ","floor":33,"turns":7},{"damage":9,"enemies":"3 Darklings","floor":35,"turns":4},{"damage":4,"enemies":"Orb Walker","floor":36,"turns":3},{"damage":7,"enemies":"Jaw Worm Horde","floor":39,"turns":4},{"damage":31,"enemies":"R_Hoarder","floor":40,"turns":7},{"damage":17,"enemies":"4 Shapes","floor":45,"turns":3},{"damage":15,"enemies":"Spire Growth","floor":47,"turns":3},{"damage":28,"enemies":"Donu and Deca","floor":50,"turns":6}],"seed_played":"-2851881688463539152","potions_obtained":[{"floor":6.0,"key":"SpeedPotion"},{"floor":8.0,"key":"SmokeBomb"},{"floor":10,"key":"LiquidMemories"},{"floor":14,"key":"Explosive Potion"},{"floor":16,"key":"EssenceOfSteel"},{"floor":18,"key":"Weak Potion"},{"floor":27,"key":"Languid Potion"},{"floor":30,"key":"Weak Potion"},{"floor":35,"key":"Energy Potion"},{"floor":45,"key":"Weak Potion"},{"floor":47,"key":"Explosive Potion"}],"is_trial":false,"path_per_floor":["M","?","M","$","?","E","M","E","T","E","M","E","R","M","R","B",null,"M","M","?","T","M","E","R","?","T","E","$","E","M","?","R_BF","B",null,"M","M","?","?","M","E","R","?","T","R","M","R","M","$","R","B",null],"character_chosen":"NECROMANCER","items_purchased":["Violent_Necrosis","Siphon_Strength","Acid_Javelin","Reap_The_Weak","Guide Book","Scare","Blood_Is_Power","Hellfire+1","Scare","Mayhem","Mind Blast+1"],"campfire_rested":0,"item_purchase_floors":[4,4,4,28,28,28,28,48,48,48,48],"current_hp_per_floor":[50,35,37,37,19,20,28,6,6,18,25,23,23,37,37,38,75,62,70,70,70,75,75,75,61,61,65,65,73,75,75,75,84,92,85,89,89,84,89,72,72,48,48,48,53,53,64,64,64,60],"gold":76,"neow_bonus":"TWO_FIFTY_GOLD","is_daily":false,"chose_seed":false,"campfire_upgraded":8,"win_rate":0.0,"timestamp":1613695922,"path_taken":["M","?","M","$","?","E","M","E","T","E","?","E","R","M","R","BOSS","M","M","?","?","?","E","R","?","T","E","?","E","M","?","R_BF","BOSS","M","M","?","?","M","E","R","?","T","R","?","R","M","$","R","BOSS"],"items_purchased_type":["Card","Card","Card","Card","Relic","Card","Card","Card","Card","Card","Card"],"build_version":"2020-12-22","purchased_purges":2,"victory":true,"max_hp_per_floor":[75,75,75,75,75,75,75,75,75,75,75,75,75,75,75,75,75,75,75,75,75,75,75,75,80,80,80,80,80,80,80,80,86,92,92,92,92,92,92,98,98,98,98,98,98,98,104,104,104,104],"card_choices":[{"not_picked":["Death_Coil","Bones_to_Steel"],"picked":"Negative_Energy_Mist","floor":1.0},{"not_picked":["Life_Tap","Vampiric_Strike"],"picked":"Life_Drain","floor":3.0},{"not_picked":["Blood_Is_Power","Chill_Blood"],"picked":"Blood_Curse","floor":6.0},{"not_picked":["Negative_Energy_Shield","Death_March_Dance"],"picked":"Chill_Blood","floor":7.0},{"not_picked":["Shackles_Of_Pain","Finger_Of_Death"],"picked":"Negative_Energy_Javelin","floor":8.0},{"not_picked":["Thousand_Bone_Knives","Requiem"],"picked":"Corrupt","floor":10},{"not_picked":["Spectral_Armor","Death_March_Dance","Bone_Shift"],"picked":"Toxic_Smoke_Screen","floor":11},{"not_picked":["Blood_for_Blood","Blood_Whip","Blood_Shield"],"picked":"Toxic_Smoke_Screen","floor":12},{"not_picked":["Bone_Shift","Spectral_Armor","Summon_Vampire_Lady"],"picked":"Negative_Energy_Burst","floor":14},{"not_picked":["Skeleton_Dragon","Detonate_Bones","Summon_Vampire_Lady"],"picked":"Summon_Death_Knight","floor":16},{"not_picked":["Bone_Spikes","Spectral_Armor","Toxic_Smoke_Screen"],"picked":"Negative_Energy_Sphere","floor":18},{"not_picked":["Summon_Lich","Scare+1","Negative_Energy_Javelin"],"picked":"Spectral_Walk+1","floor":19},{"not_picked":["Shade_Step","Life_Drain","Consume_Illness"],"picked":"Chill_Blood","floor":22},{"not_picked":["Shackles_Of_Pain","Violent_Necrosis","Blood_Whip"],"picked":"Grasp_Heart","floor":23},{"not_picked":["Shackles_Of_Pain","Uncharnel","Consume_Illness+1"],"picked":"Negative_Energy_Sphere","floor":27},{"not_picked":["Spectral_Armor","Blood_Is_Power","Death_Coil"],"picked":"Toxic_Smoke_Screen","floor":29},{"not_picked":["Slay_Living","Spectral_Armor","Shackles_Of_Pain","Blood_Whip"],"picked":"SKIP","floor":30},{"not_picked":["Reap_The_Weak","Blood_Wake","Summon_Vampire_Lady"],"picked":"Negative_Energy_Bomb","floor":33},{"not_picked":["Acid_Javelin+1","Death_Coil+1","Scare+1"],"picked":"Blood_Curse+1","floor":35},{"not_picked":["Necrotic_Claws","Life_Tap+1","Slay_Living+1"],"picked":"Violent_Necrosis+1","floor":36},{"not_picked":["Death_March_Dance+1","Death_Coil","Chill_Blood"],"picked":"Negative_Energy_Mist+1","floor":39},{"not_picked":["Negative_Energy_Mist","Thousand_Bone_Knives+1","Bone_Shift+1"],"picked":"Negative_Energy_Sphere+1","floor":40},{"not_picked":["Necrotic_Claws+1","Epidemic+1","Cloudkill"],"picked":"Siphon_Strength+1","floor":42},{"not_picked":["Bone_Armory","Toxic_Smoke_Screen","Blood_Curse+1"],"picked":"Chill_Blood+1","floor":45},{"not_picked":["Negative_Energy_Shield+1","Bone_Armor","Bones_to_Steel+1"],"picked":"Negative_Energy_Burst+1","floor":47}],"player_experience":461020,"relics_obtained":[{"floor":6.0,"key":"Ice Cream"},{"floor":8.0,"key":"Divine Protection"},{"floor":9.0,"key":"Replay:Towering Pillar of Hats"},{"floor":10,"key":"Question Card"},{"floor":12,"key":"Lantern"},{"floor":21,"key":"Meat on the Bone"},{"floor":23,"key":"Nunchaku"},{"floor":27,"key":"ReplayTheSpireMod:Lightbulb"},{"floor":29,"key":"Bronze Scales"},{"floor":31,"key":"Ring of Misfortune"},{"floor":31,"key":"Ring of Greed"},{"floor":31,"key":"Smiling Mask"},{"floor":31,"key":"Replay:Bandana"},{"floor":40,"key":"Bird Faced Urn"},{"floor":42,"key":"Molten Egg 2"},{"floor":43,"key":"White Beast Statue"}],"event_choices":[{"damage_healed":0.0,"max_hp_gain":0.0,"max_hp_loss":0.0,"gold_gain":0.0,"event_name":"Shining Light","player_choice":"Entered Light","floor":2.0,"gold_loss":0.0,"damage_taken":15.0,"cards_upgraded":["Strike_W","Defend_W"]},{"damage_healed":0.0,"max_hp_gain":0.0,"max_hp_loss":0.0,"gold_gain":0.0,"event_name":"Scrap Ooze","player_choice":"Success","floor":5.0,"gold_loss":0.0,"damage_taken":18.0,"relics_obtained":["Darkstone Periapt"]},{"cards_removed":["Defend_W"],"damage_healed":0,"gold_gain":0,"player_choice":"Gave Gold","damage_taken":0,"max_hp_gain":0,"max_hp_loss":0,"event_name":"Beggar","floor":20,"gold_loss":75},{"damage_healed":0,"gold_gain":0,"player_choice":"Shed Blood","damage_taken":19,"max_hp_gain":5,"max_hp_loss":0,"event_name":"Forgotten Altar","floor":25,"gold_loss":0},{"damage_healed":0,"gold_gain":0,"player_choice":"Ignored","damage_taken":0,"max_hp_gain":0,"max_hp_loss":0,"event_name":"Tomb of Lord Red Mask","floor":37,"gold_loss":0},{"damage_healed":0,"gold_gain":0,"player_choice":"Memory 2","damage_taken":5,"max_hp_gain":0,"max_hp_loss":0,"event_name":"SensoryStone","floor":38,"gold_loss":0}],"is_beta":false,"boss_relics":[{"not_picked":["Sozu","Painkiller Herb"],"picked":"Philosopher\u0027s Stone"},{"not_picked":["Ring of Chaos","Snecko Eye"],"picked":"Abe\u0027s Treasure"}],"items_purged_floors":[4,48],"is_endless":false,"potions_floor_spawned":[6,8,10,14,16,18,27,30,35,45,47],"ascension_level":3}}