{"host":"1dhlu4qzehvrzpot","time":1613727676,"event":{"mods":["2.2 Compatiblity","AchievementEnabler","BaseMod","Block Reminder","Minty Spire (QoL Compilation)","Permanent Neow","Quick Restart","Rare Cards Sparkle","Relic Stats","Say the Spire","Slay-I","StSLib","SuperFastMode"],"gold_per_floor":[114,127,127,137,148,177,177,242,242,242,273,273,303,329,329,425,425,441,366,346,363,6,6,6,33,56,90,140,166,166,181,181,278,278,293,293,339,339,339,366,366,400,400,416,416,166,166,182,182,182],"floor_reached":51,"language":"ENG","playtime":1778,"items_purged":["Strike_B","Madness"],"score":1331,"play_id":"7ec307d4-1f55-4ef6-adaf-91a2f94c2004","local_time":"20210219104116","is_ascension_mode":true,"campfire_choices":[{"data":"Sunder","floor":7.0,"key":"SMITH"},{"data":"Beam Cell","floor":10.0,"key":"SMITH"},{"data":"Genetic Algorithm","floor":12.0,"key":"SMITH"},{"data":"Zap","floor":15.0,"key":"SMITH"},{"data":"Apotheosis","floor":23.0,"key":"SMITH"},{"data":"Heatsinks","floor":30.0,"key":"SMITH"},{"data":"Loop","floor":32.0,"key":"SMITH"},{"floor":41,"key":"REST"},{"floor":47,"key":"REST"},{"data":"Defragment","floor":49,"key":"SMITH"}],"circlet_count":0,"master_deck":["AscendersBane","Defend_B","Defend_B","Defend_B","Zap+1","Dualcast","Self Repair","Sunder+1","FTL","Beam Cell+1","Genetic Algorithm+1","Go for the Eyes","Creative AI","Glacier","Capacitor+1","Coolheaded+1","Apotheosis+1","Loop+1","Glacier","Heatsinks+1","Compile Driver","Heatsinks+1","Core Surge","Blizzard","Madness","Genetic Algorithm+1","White Noise+1","Electrodynamics","Storm+1","Coolheaded+1","Defragment+1"],"relics":["Cracked Core","Anchor","Prayer Wheel","Gambling Chip","WingedGreaves","MealTicket","Turnip","Velvet Choker","Lantern","Dream Catcher","DataDisk","Question Card","Sozu","FossilizedHelix","Mummified Hand","Orichalcum","Runic Capacitor"],"acts_visited":["Exordium","TheCity","TheBeyond"],"potions_floor_usage":[],"damage_taken":[{"damage":1.0,"enemies":"Cultist","floor":1.0,"turns":4.0},{"damage":1.0,"enemies":"Jaw Worm","floor":2.0,"turns":4.0},{"damage":2.0,"enemies":"Small Slimes","floor":4.0,"turns":4.0},{"damage":6.0,"enemies":"Looter","floor":5.0,"turns":3.0},{"damage":8.0,"enemies":"Gremlin Nob","floor":6.0,"turns":3.0},{"damage":15.0,"enemies":"3 Sentries","floor":11.0,"turns":7.0},{"damage":0.0,"enemies":"Gremlin Nob","floor":13.0,"turns":2.0},{"damage":23.0,"enemies":"Lagavulin","floor":14.0,"turns":5.0},{"damage":34.0,"enemies":"Slime Boss","floor":16.0,"turns":10.0},{"damage":6.0,"enemies":"Spheric Guardian","floor":18.0,"turns":3.0},{"damage":6.0,"enemies":"2 Thieves","floor":21.0,"turns":4.0},{"damage":8.0,"enemies":"Book of Stabbing","floor":25.0,"turns":8.0},{"damage":12.0,"enemies":"Slavers","floor":27.0,"turns":10.0},{"damage":1.0,"enemies":"Book of Stabbing","floor":29.0,"turns":7.0},{"damage":11.0,"enemies":"Snecko","floor":31.0,"turns":4.0},{"damage":11.0,"enemies":"Collector","floor":33.0,"turns":7.0},{"damage":29,"enemies":"3 Darklings","floor":35,"turns":6},{"damage":29,"enemies":"2 Orb Walkers","floor":37,"turns":6},{"damage":0,"enemies":"Reptomancer","floor":40,"turns":7},{"damage":0,"enemies":"Nemesis","floor":42,"turns":5},{"damage":0,"enemies":"3 Shapes","floor":44,"turns":5},{"damage":1,"enemies":"Sphere and 2 Shapes","floor":48,"turns":3},{"damage":7,"enemies":"Time Eater","floor":50,"turns":8}],"seed_played":"-7308440146427582830","potions_obtained":[{"floor":2.0,"key":"ColorlessPotion"},{"floor":6.0,"key":"PotionOfCapacity"},{"floor":11.0,"key":"LiquidMemories"},{"floor":16.0,"key":"ColorlessPotion"},{"floor":21.0,"key":"ColorlessPotion"},{"floor":25.0,"key":"BlessingOfTheForge"},{"floor":31.0,"key":"Fruit Juice"}],"is_trial":false,"path_per_floor":["M","M","?","M","M","E","R","?","T","R","E","R","E","E","R","B",null,"M","?","?","M","$","R","?","E","T","E","?","E","R","M","R","B",null,"M","?","?","?","?","E","R","E","T","M","?","$","R","M","R","B",null],"character_chosen":"DEFECT","items_purchased":["Apotheosis","Loop","Glacier","Runic Capacitor"],"campfire_rested":2,"item_purchase_floors":[22,22,22,46],"current_hp_per_floor":[67,73,73,75,75,74,74,74,74,74,66,66,66,50,50,23,62,63,63,63,64,75,75,75,75,75,70,70,75,75,79,79,68,77,58,48,29,29,29,36,60,70,70,70,70,80,80,80,80,80],"gold":182,"neow_bonus":"RANDOM_COMMON_RELIC","is_daily":false,"chose_seed":false,"campfire_upgraded":8,"win_rate":0.0,"timestamp":1613727676,"path_taken":["M","?","?","?","M","E","R","?","T","R","E","R","E","E","R","BOSS","M","?","?","?","$","R","?","E","T","E","?","E","R","M","R","BOSS","M","?","?","?","?","E","R","E","T","?","?","$","R","M","R","BOSS"],"items_purchased_type":["Card","Card","Card","Relic"],"build_version":"2020-12-22","purchased_purges":2,"victory":true,"max_hp_per_floor":[75,75,75,75,75,75,75,75,75,75,75,75,75,75,75,75,75,75,75,75,75,75,75,75,75,75,75,75,75,75,80,80,80,80,80,80,80,80,80,80,80,80,80,80,80,80,80,80,80,80],"relic_stats":{"Sozu":3,"Dream Catcher":2,"counters":[23,124],"Mummified Hand":[46],"Gambling Chip":[46],"Prayer Wheel":6,"MealTicket":21,"Turnip":[13],"Orichalcum":[12],"Question Card":14,"obtain_stats":[{"Lantern":25,"Velvet Choker":17,"Runic Capacitor":46,"Orichalcum":42,"Question Card":29,"Sozu":34,"Anchor":0,"Dream Catcher":26,"DataDisk":27,"Mummified Hand":40,"Gambling Chip":9,"Prayer Wheel":6,"MealTicket":13,"WingedGreaves":11,"Turnip":14,"Cracked Core":0,"FossilizedHelix":37},{"Lantern":12,"Velvet Choker":9,"Runic Capacitor":21,"Orichalcum":20,"Question Card":14,"Sozu":16,"Anchor":0,"Dream Catcher":12,"DataDisk":13,"Mummified Hand":19,"Gambling Chip":5,"Prayer Wheel":5,"MealTicket":7,"WingedGreaves":6,"Turnip":8,"Cracked Core":0,"FossilizedHelix":18},{"Lantern":57,"Velvet Choker":42,"Runic Capacitor":113,"Orichalcum":109,"Question Card":74,"Sozu":85,"Anchor":0,"Dream Catcher":57,"DataDisk":67,"Mummified Hand":104,"Gambling Chip":18,"Prayer Wheel":18,"MealTicket":27,"WingedGreaves":25,"Turnip":32,"Cracked Core":0,"FossilizedHelix":97}]},"card_choices":[{"not_picked":["Hologram","Fusion"],"picked":"Self Repair","floor":1.0},{"not_picked":["Barrage","Streamline"],"picked":"Sunder","floor":2.0},{"not_picked":["Rip and Tear","Leap"],"picked":"FTL","floor":4.0},{"not_picked":["Doom and Gloom","Stack"],"picked":"Beam Cell","floor":5.0},{"not_picked":["Hyperbeam","Lockon","Sunder"],"picked":"SKIP","floor":6.0},{"not_picked":["Chaos","Stack"],"picked":"Genetic Algorithm","floor":11.0},{"not_picked":["Tempest","Sunder"],"picked":"Go for the Eyes","floor":13.0},{"not_picked":["Beam Cell","Tempest","Recycle"],"picked":"SKIP","floor":14.0},{"not_picked":["Core Surge","Multi-Cast"],"picked":"Creative AI","floor":16.0},{"not_picked":["Turbo","FTL"],"picked":"Glacier","floor":18.0},{"not_picked":["Redo","Cold Snap+1","Barrage+1"],"picked":"SKIP","floor":18.0},{"not_picked":["Stack","Rebound+1"],"picked":"Capacitor+1","floor":21.0},{"not_picked":["Steam","Stack"],"picked":"Coolheaded+1","floor":21.0},{"not_picked":["Turbo","Multi-Cast","Beam Cell"],"picked":"SKIP","floor":25.0},{"not_picked":["Tempest","Stack+1"],"picked":"Heatsinks","floor":27.0},{"not_picked":["Meteor Strike","Sweeping Beam","Go for the Eyes"],"picked":"SKIP","floor":29.0},{"not_picked":["Lockon","Sweeping Beam","Beam Cell"],"picked":"Compile Driver","floor":31.0},{"not_picked":["Undo","Streamline+1","Steam"],"picked":"Heatsinks+1","floor":31.0},{"not_picked":["Thunder Strike","Echo Form","Multi-Cast"],"picked":"Core Surge","floor":33.0},{"not_picked":["Rebound","Go for the Eyes+1","Cold Snap"],"picked":"Blizzard","floor":35},{"not_picked":["Stack","Scrape","Sweeping Beam","Coolheaded"],"picked":"SKIP","floor":35},{"not_picked":["Redo","Hologram","Steam+1"],"picked":"White Noise+1","floor":40},{"not_picked":["Static Discharge","Streamline","Blizzard"],"picked":"Electrodynamics","floor":41},{"not_picked":["Cold Snap+1","Gash","Beam Cell+1","Hologram"],"picked":"SKIP","floor":42},{"not_picked":["Streamline","Sweeping Beam+1","Gash+1","Leap+1"],"picked":"SKIP","floor":44},{"not_picked":["Buffer","Rip and Tear+1","Stack+1","Turbo+1"],"picked":"SKIP","floor":44},{"not_picked":["Redo","Streamline+1","Sweeping Beam"],"picked":"Storm+1","floor":47},{"not_picked":["Multi-Cast","Leap","Streamline+1"],"picked":"Coolheaded+1","floor":48},{"not_picked":["Hello World","BootSequence+1","Blizzard"],"picked":"Defragment","floor":48}],"player_experience":546968,"relics_obtained":[{"floor":6.0,"key":"Prayer Wheel"},{"floor":9.0,"key":"Gambling Chip"},{"floor":11.0,"key":"WingedGreaves"},{"floor":13.0,"key":"MealTicket"},{"floor":14.0,"key":"Turnip"},{"floor":25.0,"key":"Lantern"},{"floor":26.0,"key":"Dream Catcher"},{"floor":27.0,"key":"DataDisk"},{"floor":29.0,"key":"Question Card"},{"floor":37,"key":"FossilizedHelix"},{"floor":40,"key":"Mummified Hand"},{"floor":42,"key":"Orichalcum"}],"event_choices":[{"cards_removed":["Strike_B"],"damage_healed":0.0,"max_hp_gain":0.0,"max_hp_loss":0.0,"gold_gain":0.0,"event_name":"Bonfire Elementals","player_choice":"Offered Basic","floor":3.0,"gold_loss":0.0,"damage_taken":0.0},{"damage_healed":0.0,"max_hp_gain":0.0,"max_hp_loss":0.0,"gold_gain":65.0,"event_name":"Golden Wing","player_choice":"Gained Gold","floor":8.0,"gold_loss":0.0,"damage_taken":0.0},{"cards_removed":["Strike_B"],"damage_healed":0.0,"max_hp_gain":0.0,"max_hp_loss":0.0,"gold_gain":0.0,"event_name":"Beggar","player_choice":"Gave Gold","floor":19.0,"gold_loss":75.0,"damage_taken":0.0},{"damage_healed":0.0,"max_hp_gain":0.0,"max_hp_loss":0.0,"gold_gain":0.0,"event_name":"The Woman in Blue","player_choice":"Bought 1 Potion","floor":20.0,"gold_loss":0.0,"damage_taken":0.0},{"cards_removed":["Strike_B"],"damage_healed":0.0,"max_hp_gain":0.0,"max_hp_loss":0.0,"gold_gain":0.0,"event_name":"Back to Basics","player_choice":"Elegance","floor":24.0,"gold_loss":0.0,"damage_taken":0.0},{"damage_healed":0.0,"max_hp_gain":0.0,"max_hp_loss":0.0,"gold_gain":100.0,"event_name":"The Joust","player_choice":"Bet on Murderer","floor":28.0,"gold_loss":50.0,"damage_taken":0.0},{"damage_healed":0,"gold_gain":0,"player_choice":"Embrace Madness","damage_taken":10,"max_hp_gain":0,"max_hp_loss":0,"event_name":"Winding Halls","floor":36,"gold_loss":0,"cards_obtained":["Madness","Madness"]},{"damage_healed":0,"gold_gain":0,"player_choice":"Fight","damage_taken":0,"max_hp_gain":0,"max_hp_loss":0,"event_name":"Mysterious Sphere","floor":37,"gold_loss":0},{"cards_removed":["Defend_B"],"damage_healed":0,"gold_gain":0,"player_choice":"Removed Skill","damage_taken":0,"max_hp_gain":0,"max_hp_loss":0,"event_name":"Falling","floor":38,"gold_loss":0},{"damage_healed":0,"gold_gain":0,"player_choice":"Copied","damage_taken":0,"max_hp_gain":0,"max_hp_loss":0,"event_name":"Duplicator","floor":39,"gold_loss":0,"cards_obtained":["Genetic Algorithm"]},{"damage_healed":0,"gold_gain":0,"player_choice":"Ignored","damage_taken":0,"max_hp_gain":0,"max_hp_loss":0,"event_name":"SecretPortal","floor":45,"gold_loss":0}],"is_beta":false,"boss_relics":[{"not_picked":["Ectoplasm","Runic Dome"],"picked":"Velvet Choker"},{"not_picked":["SlaversCollar","Philosopher\u0027s Stone"],"picked":"Sozu"}],"items_purged_floors":[22,46],"is_endless":false,"potions_floor_spawned":[2,6,11,16,21,25,31,35,37,42],"ascension_level":11}}