{"host":"c5j8t0wyh2hvx9ju","time":1613737413,"event":{"mods":["Act Like it!","Astrologer","BaseMod","BetterRewards","Gensokyo","Minty Spire (QoL Compilation)","Prisma Mod","StSLib"],"gold_per_floor":[110,124,134,134,144,144,69,79,79,89,89,123,123,123,123,252,252,270,270,270,270,114,150,150,181,181,199,240,81,105,128,128,128,128],"floor_reached":33,"language":"JPN","playtime":1183,"items_purged":["Strike_R"],"score":673,"play_id":"420cfe8a-89d6-4c1b-bcb0-05268a2982ec","local_time":"20210219212333","is_ascension_mode":true,"campfire_choices":[{"data":"True Grit","floor":6,"key":"SMITH"},{"data":"Clothesline","floor":13,"key":"SMITH"},{"data":"Bash","floor":15,"key":"SMITH"},{"data":"Disarm","floor":24,"key":"SMITH"},{"data":"Dark Embrace","floor":32,"key":"SMITH"}],"circlet_count":0,"master_deck":["Strike_R+1","Defend_R","Defend_R","Defend_R","Defend_R","Bash+1","Sword Boomerang","Sword Boomerang+1","True Grit+1","Clothesline+1","Iron Wave","Reaper","Sentinel+1","RitualDagger","Disarm+1","Spot Weakness","Ghostly","Ghostly","Ghostly","Ghostly","Ghostly","Pommel Strike","Bludgeon","Dark Embrace+1","Power Through","Shrug It Off","Pommel Strike+1"],"relics":["Burning Blood","Brimstone","Orichalcum","Golden Idol","Centennial Puzzle","Mark of Pain","Art of War","InkBottle","Shuriken","Gremlin Horn","Bottled Lightning"],"acts_visited":["Exordium","TheCity"],"potions_floor_usage":[33,33],"damage_taken":[{"damage":3,"enemies":"Jaw Worm","floor":1,"turns":2},{"damage":0,"enemies":"Cultist","floor":2,"turns":2},{"damage":0,"enemies":"Small Slimes","floor":3,"turns":2},{"damage":14,"enemies":"3 Louse","floor":5,"turns":3},{"damage":0,"enemies":"Blue Slaver","floor":8,"turns":2},{"damage":2,"enemies":"2 Fungi Beasts","floor":10,"turns":3},{"damage":7,"enemies":"Gremlin Nob","floor":12,"turns":3},{"damage":0,"enemies":"Slime Boss","floor":16,"turns":3},{"damage":19,"enemies":"Spheric Guardian","floor":18,"turns":4},{"damage":11,"enemies":"Gremlin Leader","floor":23,"turns":7},{"damage":0,"enemies":"Slavers","floor":25,"turns":6},{"damage":0,"enemies":"Shell Parasite","floor":27,"turns":3},{"damage":8,"enemies":"Book of Stabbing","floor":28,"turns":7},{"damage":0,"enemies":"Snake Plant","floor":30,"turns":2},{"damage":0,"enemies":"Cultist and Chosen","floor":31,"turns":5},{"damage":52,"enemies":"Automaton","floor":33,"turns":8}],"seed_played":"3399717275086575769","potions_obtained":[{"floor":1,"key":"LiquidBronze"},{"floor":3,"key":"DistilledChaos"},{"floor":12,"key":"ColorlessPotion"}],"is_trial":false,"path_per_floor":["M","M","M","?","M","R","$","M","T","M","?","E","R","?","R","B",null,"M","?","?","?","$","E","R","E","T","M","E","$","M","M","R","B"],"character_chosen":"IRONCLAD","items_purchased":["Brimstone","Sword Boomerang","Art of War","Dark Embrace","Power Through","Shrug It Off"],"campfire_rested":0,"item_purchase_floors":[0,0,22,29,29,29],"current_hp_per_floor":[75,80,80,80,72,72,72,78,78,80,60,59,59,43,43,49,72,71,65,65,40,40,40,40,40,40,40,38,38,40,40,40,0,0],"gold":128,"neow_bonus":"","is_daily":false,"chose_seed":false,"campfire_upgraded":5,"win_rate":0.0,"timestamp":1613737413,"path_taken":["M","M","M","?","?","R","?","M","T","?","?","E","R","?","R","BOSS","M","?","?","?","?","E","R","E","T","M","E","$","M","M","R","BOSS"],"items_purchased_type":["Relic","Card","Relic","Card","Card","Card"],"build_version":"2020-12-22","purchased_purges":1,"victory":false,"max_hp_per_floor":[80,80,80,80,80,80,80,80,80,80,80,80,80,80,80,80,80,80,80,80,40,40,40,40,40,40,40,40,40,40,40,40,40,40],"card_choices":[{"not_picked":["Armaments","Rupture"],"picked":"Sword Boomerang","floor":1},{"not_picked":["Flex","Double Tap"],"picked":"True Grit","floor":2},{"not_picked":["Heavy Blade","Sentinel"],"picked":"Clothesline","floor":3},{"not_picked":["Flex","Carnage"],"picked":"Iron Wave","floor":5},{"not_picked":["Iron Wave","Armaments","Dual Wield"],"picked":"SKIP","floor":8},{"not_picked":["Flex","Iron Wave","Body Slam"],"picked":"SKIP","floor":10},{"not_picked":["Warcry","Armaments","Sword Boomerang"],"picked":"SKIP","floor":12},{"not_picked":["Berserk","Corruption"],"picked":"Reaper","floor":16},{"not_picked":["Heavy Blade","Iron Wave"],"picked":"Sentinel+1","floor":18},{"not_picked":["Fire Breathing","Warcry"],"picked":"Pommel Strike","floor":23},{"not_picked":["Spot Weakness","Sentinel+1"],"picked":"Bludgeon","floor":25},{"not_picked":["Blood for Blood","Warcry","Evolve"],"picked":"SKIP","floor":27},{"not_picked":["Uppercut","Pommel Strike","Twin Strike+1"],"picked":"SKIP","floor":28},{"not_picked":["Blood for Blood","Dropkick","Armaments"],"picked":"SKIP","floor":30},{"not_picked":["Inflame","Spot Weakness"],"picked":"Pommel Strike+1","floor":31}],"player_experience":900234,"relics_obtained":[{"floor":9,"key":"Orichalcum"},{"floor":12,"key":"Centennial Puzzle"},{"floor":23,"key":"InkBottle"},{"floor":25,"key":"Shuriken"},{"floor":26,"key":"Gremlin Horn"},{"floor":28,"key":"Bottled Lightning"}],"event_choices":[{"cards_removed":["Strike_R"],"damage_healed":0,"gold_gain":0,"player_choice":"Offered Basic","damage_taken":0,"max_hp_gain":0,"max_hp_loss":0,"event_name":"Bonfire Elementals","floor":4,"gold_loss":0},{"damage_healed":0,"gold_gain":0,"player_choice":"Take Damage","damage_taken":20,"relics_obtained":["Golden Idol"],"max_hp_gain":0,"max_hp_loss":0,"event_name":"Golden Idol","floor":11,"gold_loss":0},{"damage_healed":0,"gold_gain":0,"player_choice":"Entered Light","damage_taken":16,"max_hp_gain":0,"max_hp_loss":0,"event_name":"Shining Light","floor":14,"gold_loss":0,"cards_upgraded":["Sword Boomerang","Strike_R"]},{"damage_healed":0,"gold_gain":0,"player_choice":"Joined the Cult","damage_taken":6,"max_hp_gain":0,"max_hp_loss":0,"event_name":"Nest","floor":19,"gold_loss":0,"cards_obtained":["RitualDagger"]},{"damage_healed":0,"gold_gain":0,"cards_transformed":["Strike_R","Strike_R"],"player_choice":"Became Test Subject","damage_taken":0,"max_hp_gain":0,"max_hp_loss":0,"event_name":"Drug Dealer","floor":20,"gold_loss":0,"cards_obtained":["Disarm","Spot Weakness"]},{"damage_healed":0,"gold_gain":0,"player_choice":"Became a Ghost","damage_taken":0,"max_hp_gain":0,"max_hp_loss":40,"event_name":"Ghosts","floor":21,"gold_loss":0,"cards_obtained":["Ghostly","Ghostly","Ghostly","Ghostly","Ghostly"]}],"is_beta":false,"boss_relics":[{"not_picked":["Fusion Hammer","Ectoplasm"],"picked":"Mark of Pain"}],"items_purged_floors":[7],"is_endless":false,"potions_floor_spawned":[1,3,12,27,28,30,31],"killed_by":"Automaton","ascension_level":7}}