{"host":"373g0ui1bgeshz9m","time":1613764033,"event":{"mods":["Act Like it!","Aspiration","BaseMod","Beaked The Cultist","Better Third Choice","Colored Map","Conspire","Downfall","Halation","Hermit","Hubris","Infinite Spire","Minty Spire (QoL Compilation)","Pale of the Ancients","Permanent Neow","Quick Restart","Replay The Spire","Shade Mod","Shop Mod","Spikes Relics","StSLib","The Animator","The Bladedancer","The Florist","The Jungle","The Necromancer","The Sage","Trackpad"],"gold_per_floor":[110,110,110,126,139,139,24,24,72,18,50,50,50,65,65,170,170,185,197,215,231,231,231],"floor_reached":22,"language":"ENG","playtime":1065,"items_purged":["Injury"],"score":248,"play_id":"781cccfc-c32b-4f2a-8647-e0a429441108","local_time":"20210219144713","is_ascension_mode":true,"campfire_choices":[{"data":"Choke","floor":6,"key":"SMITH"},{"data":"Neutralize","floor":8,"key":"SMITH"},{"data":"ReplayTheSpireMod:Scrap Shanks","floor":12,"key":"SMITH"},{"floor":15,"key":"REST"}],"circlet_count":0,"master_deck":["Strike_G","Strike_G","Strike_G","Strike_G","Defend_G","Defend_G","Defend_G","Defend_G","Defend_G","Survivor","Neutralize+1","Choke+1","ReplayTheSpireMod:Speed Training+1","PiercingWail+1","Poisoned Stab+1","Dagger Spray+1","Blade Dance+1","ReplayTheSpireMod:Scrap Shanks+1","Escape Plan+1","infinitespire:Neurotoxin+1","Deadly Poison+1","Distraction+1","Blade Dance+1"],"relics":["Ring of the Snake","Toxic Egg 2","Blue Doll","infinitespire:CursedDice"],"acts_visited":["Exordium","TheCity"],"potions_floor_usage":[16],"damage_taken":[{"damage":0,"enemies":"Small Slimes","floor":1,"turns":4},{"damage":0,"enemies":"Cultist","floor":4,"turns":4},{"damage":8,"enemies":"Jaw Worm","floor":5,"turns":6},{"damage":4,"enemies":"3 Sentries","floor":11,"turns":6},{"damage":0,"enemies":"3 Louse","floor":14,"turns":3},{"damage":0,"enemies":"Slime Boss","floor":16,"turns":4},{"damage":16,"enemies":"Chosen","floor":18,"turns":6},{"damage":10,"enemies":"Spheric Guardian","floor":19,"turns":5},{"damage":36,"enemies":"Chosen and Byrds","floor":20,"turns":6},{"damage":0,"enemies":"Snecko","floor":21,"turns":4},{"damage":0,"enemies":"Snake Plant","floor":22,"turns":1}],"seed_played":"-6531421239292122904","potions_obtained":[{"floor":4,"key":"infinitespire:BlackPotion"},{"floor":16,"key":"champ:CounterPotion"},{"floor":18,"key":"Poison Potion"},{"floor":21,"key":"Dexterity Potion"}],"is_trial":false,"path_per_floor":["M","?","?","M","M","R","$","R","T","$","E","R","?","M","R","B",null,"M","M","M","M","M"],"character_chosen":"THE_SILENT","items_purchased":["Dagger Spray+1","Blade Dance+1"],"campfire_rested":1,"item_purchase_floors":[7,10],"current_hp_per_floor":[75,75,75,75,67,67,67,67,67,67,63,63,63,63,75,75,75,59,49,13,13,13,13],"gold":231,"neow_bonus":"RANDOM_EVENT","is_daily":false,"chose_seed":false,"campfire_upgraded":3,"win_rate":0.0,"timestamp":1613764033,"path_taken":["M","?","?","?","?","R","$","R","T","?","E","R","?","M","R","BOSS","M","M","?","?","?"],"items_purchased_type":["Card","Card"],"build_version":"2020-12-22","purchased_purges":1,"victory":false,"max_hp_per_floor":[75,75,75,75,75,75,75,75,75,75,75,75,75,75,75,75,75,75,75,75,75,75,75],"card_choices":[{"not_picked":["Outmaneuver","Prepared"],"picked":"Choke","floor":1},{"not_picked":["Dagger Throw","Footwork"],"picked":"PiercingWail+1","floor":4},{"not_picked":["Accuracy","ReplayTheSpireMod:Shiv Toss+1"],"picked":"Poisoned Stab","floor":5},{"not_picked":["ReplayTheSpireMod:Tripwire+1","conspire:DoublingDagger+1"],"picked":"ReplayTheSpireMod:Scrap Shanks","floor":11},{"not_picked":["Skewer","Quick Slash"],"picked":"Escape Plan+1","floor":14},{"not_picked":["Doppelganger+1","Storm of Steel+1"],"picked":"infinitespire:Neurotoxin+1","floor":16},{"not_picked":["Choke","Expertise+1"],"picked":"Deadly Poison+1","floor":18},{"not_picked":["Quick Slash+1","ReplayTheSpireMod:Tripwire+1"],"picked":"Distraction+1","floor":19},{"not_picked":["PiercingWail+1","hubris:SlightOfHand+1","Eviscerate"],"picked":"SKIP","floor":20},{"not_picked":["Acrobatics+1","Pace+1"],"picked":"Blade Dance+1","floor":21}],"player_experience":408340,"relics_obtained":[{"floor":9,"key":"Blue Doll"},{"floor":11,"key":"infinitespire:CursedDice"}],"event_choices":[{"damage_healed":0,"gold_gain":0,"player_choice":"Donut","damage_taken":0,"max_hp_gain":5,"max_hp_loss":0,"event_name":"Big Fish","floor":0,"gold_loss":0},{"damage_healed":0,"gold_gain":0,"cards_transformed":["Strike_G"],"player_choice":"Transformed","damage_taken":0,"max_hp_gain":0,"max_hp_loss":0,"event_name":"Transmorgrifier","floor":3,"gold_loss":0,"cards_obtained":["ReplayTheSpireMod:Speed Training"]},{"damage_healed":0,"gold_gain":0,"player_choice":"Forge","damage_taken":0,"max_hp_gain":0,"max_hp_loss":0,"event_name":"Accursed Blacksmith","floor":13,"gold_loss":0,"cards_upgraded":["Poisoned Stab"]}],"is_beta":false,"boss_relics":[{"not_picked":["halation:MonkeysPaw","Painkiller Herb","halation:Risk"]}],"items_purged_floors":[7],"is_endless":false,"potions_floor_spawned":[4,16,18,20,21],"killed_by":"Snake Plant","ascension_level":1}}