{"host":"nwd160me4iqdtr8u","time":1613750054,"event":{"mods":["AchievementEnabler","Act Like it!","BaseMod","Colored Map","DeckTracker","Keyboard Shortcuts","Minty Spire (QoL Compilation)","Quick Restart","Rare Cards Sparkle","Smile Girya","StSLib","SuperFastMode","everything is the same but u backflip on backflip"],"gold_per_floor":[112,130,140,159,16,45,45,72,72,72,89,107,124,124,124,222,222,233,267,267,17,28,28,39,39,39,93,93,113,113,130,130,229,229,243,243,256,478,495,495,30,30,30,48,48,48,58,103,103,103],"floor_reached":51,"language":"KOR","playtime":3593,"items_purged":["Defend_R","Strike_R","Regret"],"score":786,"play_id":"1a27d34f-72d5-41e5-be55-ee9466205f68","local_time":"20210220005414","is_ascension_mode":true,"campfire_choices":[{"data":"Blood for Blood","floor":7.0,"key":"SMITH"},{"data":"Reaper","floor":10.0,"key":"SMITH"},{"floor":15.0,"key":"REST"},{"data":"True Grit","floor":23.0,"key":"SMITH"},{"data":"Body Slam","floor":32.0,"key":"SMITH"},{"data":"Evolve","floor":40.0,"key":"SMITH"},{"data":"Brutality","floor":42.0,"key":"SMITH"},{"data":"Spot Weakness","floor":45,"key":"SMITH"},{"data":"Disarm","floor":49,"key":"SMITH"}],"circlet_count":0,"master_deck":["Strike_R","Strike_R","Defend_R","Defend_R","Defend_R","Bash","Shockwave","Disarm+1","Shrug It Off","Body Slam+1","Blood for Blood+1","True Grit+1","Reaper+1","Feel No Pain","Shrug It Off","Brutality+1","Battle Trance+1","Evolve+1","Reckless Charge","Spot Weakness+1","Iron Wave+1","Injury","Sentinel+1","Injury","Exhume+1","Madness+1","Burning Pact+1","Blood for Blood+1","Secret Technique+1","Dark Embrace+1"],"relics":["Burning Blood","Centennial Puzzle","Oddly Smooth Stone","Strawberry","Self Forming Clay","Cursed Key","Red Mask","Orrery","Toxic Egg 2","Boot","Frozen Egg 2","Runic Cube","Bronze Scales","Ice Cream"],"acts_visited":["TheCity","TheBeyond"],"potions_floor_usage":[47,50,50],"damage_taken":[{"damage":6.0,"enemies":"Cultist","floor":1.0,"turns":4.0},{"damage":4.0,"enemies":"Small Slimes","floor":2.0,"turns":4.0},{"damage":7.0,"enemies":"Jaw Worm","floor":3.0,"turns":5.0},{"damage":11.0,"enemies":"3 Louse","floor":4.0,"turns":5.0},{"damage":28.0,"enemies":"Gremlin Nob","floor":6.0,"turns":5.0},{"damage":39.0,"enemies":"Lagavulin","floor":8.0,"turns":8.0},{"damage":10.0,"enemies":"Large Slime","floor":11.0,"turns":7.0},{"damage":5.0,"enemies":"Looter","floor":12.0,"turns":2.0},{"damage":13.0,"enemies":"Exordium Wildlife","floor":13.0,"turns":4.0},{"damage":29.0,"enemies":"Hexaghost","floor":16.0,"turns":13.0},{"damage":5.0,"enemies":"Shell Parasite","floor":18.0,"turns":6.0},{"damage":44.0,"enemies":"Masked Bandits","floor":19.0,"turns":6.0},{"damage":10.0,"enemies":"Chosen","floor":22.0,"turns":4.0},{"damage":14.0,"enemies":"3 Cultists","floor":24.0,"turns":5.0},{"damage":6.0,"enemies":"Centurion and Healer","floor":29.0,"turns":7.0},{"damage":13.0,"enemies":"Chosen and Byrds","floor":31.0,"turns":7.0},{"damage":82.0,"enemies":"Collector","floor":33.0,"turns":14.0},{"damage":13.0,"enemies":"3 Shapes","floor":35.0,"turns":6.0},{"damage":41.0,"enemies":"3 Darklings","floor":37.0,"turns":7.0},{"damage":9.0,"enemies":"Writhing Mass","floor":39.0,"turns":5.0},{"damage":10,"enemies":"Sphere and 2 Shapes","floor":44,"turns":4},{"damage":8,"enemies":"Spire Growth","floor":47,"turns":4},{"damage":10,"enemies":"2 Orb Walkers","floor":48,"turns":4},{"damage":18,"enemies":"Time Eater","floor":50,"turns":10}],"seed_played":"1966659895709225126","potions_obtained":[{"floor":1.0,"key":"ColorlessPotion"},{"floor":2.0,"key":"BlessingOfTheForge"},{"floor":3.0,"key":"Energy Potion"},{"floor":13.0,"key":"Block Potion"},{"floor":16.0,"key":"FearPotion"},{"floor":29.0,"key":"BloodPotion"},{"floor":33.0,"key":"EssenceOfSteel"},{"floor":35.0,"key":"Weak Potion"},{"floor":37.0,"key":"Swift Potion"},{"floor":44,"key":"PowerPotion"}],"is_trial":false,"path_per_floor":["M","M","M","M","$","E","R","E","T","R","M","M","M","T","R","B",null,"M","?","?","$","M","R","M","$","T","T","?","M","T","M","R","B",null,"M","?","M","?","M","R","$","R","T","M","R","?","M","?","R","B",null],"character_chosen":"IRONCLAD","items_purchased":["Blood for Blood","Orrery","Bronze Scales","Secret Technique+1"],"campfire_rested":1,"item_purchase_floors":[5,21,41,41],"current_hp_per_floor":[80,80,79,74,74,52,52,19,26,26,27,33,33,33,59,43,76,77,57,57,57,61,61,74,74,74,74,74,84,84,81,81,36,74,67,62,60,60,57,57,57,57,57,67,67,67,72,87,87,87],"gold":103,"neow_bonus":"REMOVE_CARD","is_daily":false,"chose_seed":false,"campfire_upgraded":8,"win_rate":0.0,"timestamp":1613750054,"path_taken":["M","?","M","M","?","E","R","E","T","R","M","M","?","?","R","BOSS","M","?","?","$","M","R","M","$","T","?","?","M","?","?","R","BOSS","M","?","M","?","M","R","$","R","T","M","R","?","M","?","R","BOSS"],"items_purchased_type":["Card","Relic","Relic","Card"],"build_version":"2020-12-22","purchased_purges":3,"victory":true,"max_hp_per_floor":[80,80,80,80,80,80,80,80,87,87,87,87,87,87,87,87,87,87,87,87,87,87,87,87,87,87,87,87,87,87,87,87,87,87,87,87,87,87,87,87,87,87,87,87,87,87,87,87,87,87],"card_choices":[{"not_picked":["Armaments","Thunderclap"],"picked":"Shockwave","floor":1.0},{"not_picked":["Headbutt","Clash"],"picked":"Disarm","floor":2.0},{"not_picked":["Headbutt","Anger"],"picked":"Shrug It Off","floor":3.0},{"not_picked":["Shockwave","Clash"],"picked":"Body Slam","floor":4.0},{"not_picked":["Pommel Strike","Infernal Blade"],"picked":"True Grit","floor":6.0},{"not_picked":["Twin Strike","Combust"],"picked":"Reaper","floor":8.0},{"not_picked":["Iron Wave","Cleave"],"picked":"Feel No Pain","floor":11.0},{"not_picked":["Thunderclap","True Grit","Entrench"],"picked":"SKIP","floor":12.0},{"not_picked":["Hemokinesis","Flex"],"picked":"Shrug It Off","floor":13.0},{"not_picked":["Double Tap","Barricade"],"picked":"Brutality","floor":16.0},{"not_picked":["Wild Strike","Thunderclap","Sword Boomerang"],"picked":"SKIP","floor":18.0},{"not_picked":["Blood for Blood","True Grit"],"picked":"Battle Trance+1","floor":19.0},{"not_picked":["Battle Trance+1","Perfected Strike"],"picked":"Evolve","floor":21.0},{"not_picked":["Infernal Blade+1","Clothesline"],"picked":"Reckless Charge","floor":21.0},{"not_picked":["Searing Blow","Cleave"],"picked":"Spot Weakness","floor":21.0},{"not_picked":["Twin Strike","Pommel Strike"],"picked":"Iron Wave+1","floor":22.0},{"not_picked":["Perfected Strike","Thunderclap","Cleave"],"picked":"SKIP","floor":24.0},{"not_picked":["Perfected Strike+1","Sword Boomerang","Thunderclap"],"picked":"SKIP","floor":29.0},{"not_picked":["Clash","Shockwave+1","Perfected Strike"],"picked":"SKIP","floor":31.0},{"not_picked":["Feed","Brutality+1"],"picked":"Exhume+1","floor":33.0},{"not_picked":["Iron Wave+1","Carnage"],"picked":"Havoc+1","floor":35.0},{"not_picked":["Finesse+1","Trip+1"],"picked":"Madness+1","floor":36.0},{"not_picked":["Cleave+1","Twin Strike"],"picked":"Burning Pact+1","floor":37.0},{"not_picked":["Shrug It Off+1","Disarm+1"],"picked":"Blood for Blood+1","floor":39.0},{"not_picked":["Shockwave+1","True Grit+1","Burning Pact+1"],"picked":"SKIP","floor":44},{"not_picked":["Sword Boomerang","Battle Trance+1","Thunderclap+1"],"picked":"SKIP","floor":47},{"not_picked":["Havoc+1","Burning Pact+1"],"picked":"Dark Embrace+1","floor":48}],"player_experience":418671,"relics_obtained":[{"floor":6.0,"key":"Centennial Puzzle"},{"floor":8.0,"key":"Oddly Smooth Stone"},{"floor":9.0,"key":"Strawberry"},{"floor":14.0,"key":"Self Forming Clay"},{"floor":19.0,"key":"Red Mask"},{"floor":26.0,"key":"Toxic Egg 2"},{"floor":27.0,"key":"Boot"},{"floor":30.0,"key":"Frozen Egg 2"},{"floor":48,"key":"Ice Cream"}],"event_choices":[{"damage_healed":0.0,"max_hp_gain":0.0,"max_hp_loss":0.0,"gold_gain":0.0,"event_name":"Masked Bandits","player_choice":"Fought Bandits","floor":19.0,"gold_loss":0.0,"damage_taken":0.0},{"cards_removed":["Strike_R"],"damage_healed":0.0,"max_hp_gain":0.0,"max_hp_loss":0.0,"gold_gain":0.0,"event_name":"Back to Basics","player_choice":"Elegance","floor":20.0,"gold_loss":0.0,"damage_taken":0.0},{"damage_healed":0.0,"max_hp_gain":0.0,"max_hp_loss":0.0,"gold_gain":0.0,"event_name":"The Library","player_choice":"Read","floor":28.0,"gold_loss":0.0,"damage_taken":0.0,"cards_obtained":["Sentinel"]},{"damage_healed":0.0,"max_hp_gain":0.0,"max_hp_loss":0.0,"gold_gain":0.0,"event_name":"SensoryStone","player_choice":"Memory 2","floor":36.0,"gold_loss":0.0,"damage_taken":5.0},{"damage_healed":0.0,"max_hp_gain":0.0,"max_hp_loss":0.0,"gold_gain":222.0,"event_name":"Tomb of Lord Red Mask","player_choice":"Wore Mask","floor":38.0,"gold_loss":0.0,"damage_taken":0.0},{"cards_removed":["Havoc"],"damage_healed":0,"gold_gain":0,"player_choice":"Removed Skill","damage_taken":0,"max_hp_gain":0,"max_hp_loss":0,"event_name":"Falling","floor":46,"gold_loss":0},{"damage_healed":0,"gold_gain":0,"player_choice":"Fight","damage_taken":0,"max_hp_gain":0,"max_hp_loss":0,"event_name":"Mysterious Sphere","floor":48,"gold_loss":0}],"is_beta":false,"boss_relics":[{"not_picked":["Velvet Choker","Snecko Eye"],"picked":"Cursed Key"},{"not_picked":["Astrolabe","Mark of Pain"],"picked":"Runic Cube"}],"items_purged_floors":[5,21,41],"is_endless":false,"potions_floor_spawned":[1,2,3,13,16,29,33,35,37,44],"ascension_level":5}}