{"host":"ydg0vn0pu4pubmdt","time":1613748237,"event":{"mods":["AchievementEnabler","BaseMod","Colored Map","Minty Spire (QoL Compilation)","Quick Restart","SuperFastMode"],"gold_per_floor":[20,20,34,34,53,78,78,78,78],"floor_reached":8,"language":"KOR","playtime":166,"items_purged":[],"score":112,"play_id":"dddd1938-ca3c-415a-8c82-358edcb8f7a7","local_time":"20210220002357","is_ascension_mode":true,"campfire_choices":[{"data":"Sadistic Nature","floor":7,"key":"SMITH"}],"circlet_count":0,"master_deck":["AscendersBane","Strike_G","Strike_G","Strike_G","Strike_G","Strike_G","Defend_G","Defend_G","Defend_G","Defend_G","Defend_G","Survivor","Neutralize","Sadistic Nature+1","Flying Knee","Pain","Blur"],"relics":["Ring of the Snake","WarpedTongs","The Specimen"],"acts_visited":["Exordium"],"potions_floor_usage":[6,6],"damage_taken":[{"damage":0,"enemies":"2 Louse","floor":1,"turns":4},{"damage":1,"enemies":"Cultist","floor":3,"turns":4},{"damage":7,"enemies":"Small Slimes","floor":5,"turns":4},{"damage":28,"enemies":"Lagavulin","floor":6,"turns":10},{"damage":0,"enemies":"3 Sentries","floor":8,"turns":1}],"seed_played":"7036823494270726173","potions_obtained":[{"floor":2,"key":"LiquidMemories"},{"floor":2,"key":"Ancient Potion"}],"is_trial":false,"path_per_floor":["M","?","M","?","M","E","R","E"],"character_chosen":"THE_SILENT","items_purchased":[],"campfire_rested":0,"item_purchase_floors":[],"current_hp_per_floor":[59,59,58,58,51,23,23,23,23],"gold":78,"neow_bonus":"RANDOM_COLORLESS_2","is_daily":false,"chose_seed":false,"campfire_upgraded":1,"win_rate":0.0,"timestamp":1613748237,"path_taken":["M","?","?","?","?","E","R","E"],"items_purchased_type":[],"build_version":"2020-12-22","purchased_purges":0,"victory":false,"max_hp_per_floor":[66,66,66,66,66,66,66,66,66],"card_choices":[{"not_picked":["Secret Technique","The Bomb"],"picked":"Sadistic Nature","floor":0},{"not_picked":["Acrobatics","Bane"],"picked":"Flying Knee","floor":1},{"not_picked":["Finisher","Deflect","Phantasmal Killer"],"picked":"SKIP","floor":3},{"not_picked":["Accuracy","Poisoned Stab"],"picked":"Blur","floor":5},{"not_picked":["Cloak And Dagger","Dash","Riddle With Holes"],"picked":"SKIP","floor":6}],"player_experience":614905,"relics_obtained":[{"floor":6,"key":"The Specimen"}],"event_choices":[{"damage_healed":0,"gold_gain":0,"player_choice":"Got Potions","damage_taken":0,"max_hp_gain":0,"max_hp_loss":0,"event_name":"Lab","floor":2,"gold_loss":0},{"damage_healed":0,"gold_gain":0,"player_choice":"Rummage","damage_taken":0,"relics_obtained":["WarpedTongs"],"max_hp_gain":0,"max_hp_loss":0,"event_name":"Accursed Blacksmith","floor":4,"gold_loss":0,"cards_obtained":["Pain"]}],"is_beta":false,"boss_relics":[],"items_purged_floors":[],"is_endless":false,"potions_floor_spawned":[3],"killed_by":"3 Sentries","ascension_level":20}}