{"host":"n2sr453jcjz6vvl4","time":1613695343,"event":{"mods":["BaseMod","Colored Map","Minty Spire (QoL Compilation)","Permanent Neow","Relic Stats","StSLib"],"gold_per_floor":[110,121,135,85,85,120,132,175,187,216,228,240,252,284,296,404,416,444,474,43,55,55,70,84,104,154,154,183,203,203,235,235,335,335,347,347,359,359,376,407,407,407,457,507,507,31,64,23,23,23],"floor_reached":51,"language":"ENG","playtime":17264,"items_purged":["Defend_G","Strike_G"],"score":1016,"play_id":"90c28c64-a6a1-40b6-ade2-4ac5de6e2228","local_time":"20210218204223","is_ascension_mode":true,"campfire_choices":[{"floor":7,"key":"REST"},{"floor":11,"key":"REST"},{"data":"Predator","floor":13,"key":"SMITH"},{"data":"Setup","floor":15,"key":"SMITH"},{"data":"Sucker Punch","floor":27,"key":"SMITH"},{"data":"Footwork","floor":32,"key":"SMITH"},{"floor":41,"key":"REST"},{"floor":42,"key":"REST"},{"data":"Footwork","floor":45,"key":"SMITH"},{"data":"Footwork","floor":49,"key":"SMITH"}],"circlet_count":0,"master_deck":["Strike_G","Strike_G","Strike_G","Defend_G","Defend_G","Defend_G","Defend_G+1","Survivor","Predator+1","Sucker Punch+1","Backflip+1","Setup+1","Footwork+1","PiercingWail","Burst+1","Footwork+1","Blade Dance+1","Dagger Spray","Glass Knife","CurseOfTheBell","Madness","Madness","Blur+1","The Bomb","Footwork+1","Blur"],"relics":["Black Star","MawBank","FossilizedHelix","Sundial","Incense Burner","Shuriken","Busted Crown","Calipers","Boot","Matryoshka","Du-Vu Doll","Blood Vial","War Paint","Mango","Calling Bell","Omamori","Paper Crane","WingedGreaves","Anchor","Bottled Tornado","Snake Skull","Juzu Bracelet","Tough Bandages","Membership Card","CaptainsWheel","Lizard Tail","Eternal Feather"],"acts_visited":["Exordium","TheCity","TheBeyond"],"potions_floor_usage":[19,21,23,24,28,31,33,37,50],"damage_taken":[{"damage":5,"enemies":"Cultist","floor":1,"turns":4},{"damage":2,"enemies":"Jaw Worm","floor":2,"turns":4},{"damage":2,"enemies":"Small Slimes","floor":3,"turns":4},{"damage":35,"enemies":"Lagavulin","floor":6,"turns":8},{"damage":15,"enemies":"Gremlin Nob","floor":8,"turns":5},{"damage":11,"enemies":"2 Fungi Beasts","floor":10,"turns":5},{"damage":1,"enemies":"Exordium Thugs","floor":14,"turns":5},{"damage":16,"enemies":"The Guardian","floor":16,"turns":18},{"damage":7,"enemies":"Shell Parasite","floor":18,"turns":10},{"damage":7,"enemies":"3 Byrds","floor":19,"turns":6},{"damage":0,"enemies":"Shelled Parasite and Fungi","floor":21,"turns":7},{"damage":0,"enemies":"Snake Plant","floor":23,"turns":8},{"damage":0,"enemies":"Sentry and Sphere","floor":24,"turns":5},{"damage":0,"enemies":"Chosen and Byrds","floor":25,"turns":6},{"damage":0,"enemies":"Gremlin Leader","floor":28,"turns":7},{"damage":13,"enemies":"Cultist and Chosen","floor":29,"turns":8},{"damage":10,"enemies":"Book of Stabbing","floor":31,"turns":5},{"damage":3,"enemies":"Champ","floor":33,"turns":12},{"damage":0,"enemies":"3 Darklings","floor":35,"turns":5},{"damage":0,"enemies":"Orb Walker","floor":37,"turns":4},{"damage":37,"enemies":"Transient","floor":39,"turns":5},{"damage":37,"enemies":"Reptomancer","floor":40,"turns":9},{"damage":0,"enemies":"Mind Bloom Boss Battle","floor":44,"turns":8},{"damage":0,"enemies":"Nemesis","floor":47,"turns":9},{"damage":0,"enemies":"Time Eater","floor":50,"turns":17}],"seed_played":"-1769466173886360179","potions_obtained":[{"floor":2,"key":"Explosive Potion"},{"floor":14,"key":"DuplicationPotion"},{"floor":16,"key":"LiquidBronze"},{"floor":19,"key":"LiquidMemories"},{"floor":24,"key":"AttackPotion"},{"floor":28,"key":"ColorlessPotion"},{"floor":29,"key":"Energy Potion"},{"floor":35,"key":"SkillPotion"},{"floor":40,"key":"DuplicationPotion"},{"floor":44,"key":"AttackPotion"}],"is_trial":false,"path_per_floor":["M","M","M","?","?","E","R","E","T","M","R","?","R","M","R","B",null,"M","M","$","M","?","M","M","M","T","R","E","M","?","E","R","B",null,"M","?","M","?","M","E","R","R","T","?","R","$","E","$","R","B",null],"character_chosen":"THE_SILENT","items_purchased":["Footwork","Calipers","Membership Card","CaptainsWheel","The Bomb","Footwork","Blur"],"campfire_rested":4,"item_purchase_floors":[20,20,46,46,46,46,48],"current_hp_per_floor":[65,63,61,61,61,26,47,32,32,21,42,65,65,64,64,48,70,63,56,56,56,56,56,56,56,56,56,56,43,43,49,49,48,84,84,84,84,73,38,3,28,53,53,55,55,55,57,57,72,74],"gold":23,"neow_bonus":"BOSS_RELIC","is_daily":false,"chose_seed":false,"campfire_upgraded":6,"win_rate":0.0,"timestamp":1613695343,"path_taken":["M","M","M","?","?","E","R","E","T","M","R","?","R","M","R","BOSS","M","M","$","M","?","M","?","M","T","R","E","M","?","E","R","BOSS","M","?","M","?","M","E","R","R","T","?","R","$","E","?","R","BOSS"],"items_purchased_type":["Card","Relic","Relic","Relic","Card","Card","Card"],"build_version":"2020-12-22","purchased_purges":2,"victory":true,"max_hp_per_floor":[70,70,70,70,70,70,70,70,70,70,70,70,70,70,70,70,70,70,70,70,70,70,70,70,70,70,70,70,70,70,84,84,84,84,84,84,84,84,84,84,84,84,84,84,84,84,84,84,84,84],"relic_stats":{"counters":[25,184],"Eternal Feather":15,"Snake Skull":[0],"Juzu Bracelet":0,"War Paint":["Defend_G","Backflip"],"MawBank":168,"Boot":[73],"Blood Vial":14,"Tough Bandages":[6],"Lizard Tail":0,"Busted Crown":34,"Sundial":[30],"Shuriken":[80],"Black Star":6,"obtain_stats":[{"Calipers":20,"Mango":31,"Snake Skull":43,"Incense Burner":8,"Juzu Bracelet":43,"Bottled Tornado":40,"Boot":26,"Blood Vial":30,"Tough Bandages":44,"Lizard Tail":47,"Matryoshka":28,"Sundial":8,"WingedGreaves":34,"Ring of the Snake":0,"Eternal Feather":47,"Omamori":34,"War Paint":31,"Paper Crane":34,"MawBank":6,"Du-Vu Doll":28,"Calling Bell":34,"Anchor":40,"CaptainsWheel":46,"Busted Crown":17,"Shuriken":9,"Black Star":0,"Membership Card":46,"FossilizedHelix":6},{"Calipers":10,"Mango":17,"Snake Skull":22,"Incense Burner":5,"Juzu Bracelet":22,"Bottled Tornado":22,"Boot":14,"Blood Vial":16,"Tough Bandages":23,"Lizard Tail":24,"Matryoshka":15,"Sundial":5,"WingedGreaves":18,"Ring of the Snake":0,"Eternal Feather":24,"Omamori":18,"War Paint":17,"Paper Crane":18,"MawBank":4,"Du-Vu Doll":15,"Calling Bell":18,"Anchor":22,"CaptainsWheel":23,"Busted Crown":8,"Shuriken":5,"Black Star":0,"Membership Card":23,"FossilizedHelix":4},{"Calipers":69,"Mango":115,"Snake Skull":150,"Incense Burner":25,"Juzu Bracelet":150,"Bottled Tornado":150,"Boot":95,"Blood Vial":110,"Tough Bandages":158,"Lizard Tail":167,"Matryoshka":102,"Sundial":25,"WingedGreaves":127,"Ring of the Snake":0,"Eternal Feather":167,"Omamori":127,"War Paint":115,"Paper Crane":127,"MawBank":20,"Du-Vu Doll":102,"Calling Bell":127,"Anchor":150,"CaptainsWheel":158,"Busted Crown":53,"Shuriken":25,"Black Star":0,"Membership Card":158,"FossilizedHelix":20}]},"card_choices":[{"not_picked":["Cloak And Dagger","Concentrate"],"picked":"Predator","floor":1},{"not_picked":["Choke","Outmaneuver"],"picked":"Sucker Punch","floor":2},{"not_picked":["Slice","Catalyst"],"picked":"Backflip","floor":3},{"not_picked":["Infinite Blades","Acrobatics"],"picked":"Setup","floor":6},{"not_picked":["Dagger Throw","Cloak And Dagger"],"picked":"Footwork","floor":8},{"not_picked":["Sucker Punch","Prepared"],"picked":"PiercingWail","floor":10},{"not_picked":["Quick Slash","Bane","Outmaneuver"],"picked":"SKIP","floor":14},{"not_picked":["Envenom","Glass Knife"],"picked":"Burst","floor":16},{"not_picked":["Accuracy+1"],"picked":"SKIP","floor":18},{"not_picked":["PiercingWail"],"picked":"SKIP","floor":19},{"not_picked":["Slice"],"picked":"SKIP","floor":21},{"not_picked":[],"picked":"Blade Dance+1","floor":23},{"not_picked":["Sucker Punch"],"picked":"SKIP","floor":24},{"not_picked":[],"picked":"Dagger Spray","floor":25},{"not_picked":["Underhanded Strike+1"],"picked":"SKIP","floor":28},{"not_picked":["Deflect"],"picked":"SKIP","floor":29},{"not_picked":["Deflect+1"],"picked":"SKIP","floor":31},{"not_picked":[],"picked":"Glass Knife","floor":33},{"not_picked":["Prepared+1"],"picked":"SKIP","floor":35},{"not_picked":["Bane+1"],"picked":"SKIP","floor":37},{"not_picked":["Deflect"],"picked":"SKIP","floor":39},{"not_picked":["Concentrate+1"],"picked":"SKIP","floor":40},{"not_picked":[],"picked":"Blur+1","floor":44},{"not_picked":["Bane"],"picked":"SKIP","floor":47}],"player_experience":166582,"relics_obtained":[{"floor":6,"key":"MawBank"},{"floor":6,"key":"FossilizedHelix"},{"floor":8,"key":"Sundial"},{"floor":8,"key":"Incense Burner"},{"floor":9,"key":"Shuriken"},{"floor":26,"key":"Boot"},{"floor":28,"key":"Matryoshka"},{"floor":28,"key":"Du-Vu Doll"},{"floor":31,"key":"War Paint"},{"floor":31,"key":"Mango"},{"floor":34,"key":"Omamori"},{"floor":34,"key":"Paper Crane"},{"floor":34,"key":"WingedGreaves"},{"floor":40,"key":"Anchor"},{"floor":40,"key":"Bottled Tornado"},{"floor":43,"key":"Snake Skull"},{"floor":43,"key":"Juzu Bracelet"},{"floor":44,"key":"Tough Bandages"},{"floor":47,"key":"Lizard Tail"},{"floor":47,"key":"Eternal Feather"}],"event_choices":[{"cards_removed":["Strike_G"],"damage_healed":0,"gold_gain":0,"player_choice":"Card Removal","damage_taken":0,"max_hp_gain":0,"max_hp_loss":0,"event_name":"The Cleric","floor":4,"gold_loss":50},{"damage_healed":0,"gold_gain":0,"player_choice":"Ignored","damage_taken":0,"max_hp_gain":0,"max_hp_loss":0,"event_name":"Shining Light","floor":5,"gold_loss":0},{"damage_healed":23,"gold_gain":0,"player_choice":"Banana","damage_taken":0,"max_hp_gain":0,"max_hp_loss":0,"event_name":"Big Fish","floor":12,"gold_loss":0},{"damage_healed":0,"gold_gain":0,"player_choice":"Upgraded","damage_taken":0,"max_hp_gain":0,"max_hp_loss":0,"event_name":"Upgrade Shrine","floor":22,"gold_loss":0,"cards_upgraded":["Burst"]},{"damage_healed":0,"gold_gain":0,"player_choice":"Opened","damage_taken":0,"relics_obtained":["Blood Vial"],"max_hp_gain":0,"max_hp_loss":0,"event_name":"The Mausoleum","floor":30,"gold_loss":0},{"cards_removed":["Neutralize"],"damage_healed":0,"gold_gain":0,"player_choice":"Removed Attack","damage_taken":0,"max_hp_gain":0,"max_hp_loss":0,"event_name":"Falling","floor":36,"gold_loss":0},{"damage_healed":0,"gold_gain":0,"player_choice":"Embrace Madness","damage_taken":11,"max_hp_gain":0,"max_hp_loss":0,"event_name":"Winding Halls","floor":38,"gold_loss":0,"cards_obtained":["Madness","Madness"]},{"damage_healed":0,"gold_gain":0,"player_choice":"Fight","damage_taken":0,"max_hp_gain":0,"max_hp_loss":0,"event_name":"MindBloom","floor":44,"gold_loss":0}],"is_beta":false,"boss_relics":[{"not_picked":["SacredBark","Tiny House"],"picked":"Busted Crown"},{"not_picked":["Sozu","Pandora\u0027s Box"],"picked":"Calling Bell"}],"items_purged_floors":[20,46],"is_endless":false,"potions_floor_spawned":[2,14,16,19,24,28,29,35,40,44],"ascension_level":4}}