{"host":"ihsge0lre3slh6sc","time":1613718414,"event":{"mods":["ATMod(阿瑾Mod)","Act Like it!","Arknights","BaseMod","Gensokyo","Highlight Path","Lobotomy","LobotomyExtend","Marisa（F雨　魔理沙）","Minty Spire (QoL Compilation)","MostiFishMod","Quick Restart","Shop Mod","StSLib","TestMod","Waifu the Spire","WarShipGirlsR/战舰少女R mod","Youmu（魂魄妖梦）","[IsaacMod]以撒尖塔","篝火指南"],"gold_per_floor":[114,164,0,0,0,34,52,65,65,65,65,65,77,94,94,172,172,184,197,208,226,239,239,266,266,266,316,196,0,10,10,10,87,87,105,155,205,220,240,265,290,323,361,399,411,348,367,392,292,292,292,292,120,120,154,154],"floor_reached":57,"language":"ZHS","playtime":1414,"items_purged":["Strike_P","Strike_P","Strike_P+1","Strike_P+1"],"score":3550,"play_id":"76d4b11a-70ae-4096-8503-37dead2f4ac6","local_time":"20210219150654","is_ascension_mode":true,"campfire_choices":[{"data":"Eruption","floor":12,"key":"SMITH"},{"data":"MostiFishMod:PathToVictory","floor":15,"key":"SMITH"},{"data":"MostiFishMod:Adaptation","floor":23,"key":"SMITH"},{"data":"Vault","floor":25,"key":"SMITH"},{"data":"AT_KingSlayer","floor":32,"key":"SMITH"},{"floor":45,"key":"RECALL"}],"circlet_count":0,"master_deck":["AscendersBane","Defend_P+1","Defend_P+1","Defend_P+1","Defend_P+1","Eruption+1","Vigilance+1","AT_KingSlayer+1","MostiFishMod:PathToVictory+1","MostiFishMod:OutWit+1","AT_IrregularMenstruation+1","LessonLearned+1","MostiFishMod:Adaptation+1","Vault+1","Conclude+1","MostiFishMod:Adaptation+1","DevaForm+1","Tantrum+1","LessonLearned+1"],"relics":["HushsDoor","testmod-TestBox","DaveBox","AT_ATBox","Civilization","BookofShadows","ChiXiaoBlade","SynthV:TestCard","LetterFromLob","testmod-ArcanaOfDestiny","Damaru","SynthV:MejaisSoulstealer","AnarchistCookbook","Pear","testmod-Fanaticism","GuppysHairball","BookOfRevelations","AT_ArchangelStaff","SharpPlug","testmod-IndustrialRevolution","Gensokyo:SpiderMask","AT_TrinityForce","BelialBook","GuppysHead","Ginger","GuppysPaw","MawBank","AT_BellDemon","White Beast Statue","Frozen Egg 2","Omamori","Gremlin Horn","AT_BladeRuinedKing","Strawberry","testmod-EqualTreatment"],"acts_visited":["Exordium","Gensokyo:Gensokyo","TheBeyond","TheEnding"],"potions_floor_usage":[2,56,56],"damage_taken":[{"damage":4,"enemies":"Gensokyo:2_Kodama","floor":1,"turns":3},{"damage":25,"enemies":"Hiden Room Battle","floor":2,"turns":5},{"damage":0,"enemies":"Gensokyo:Mamizou","floor":6,"turns":6},{"damage":0,"enemies":"Gensokyo:Gryphon","floor":7,"turns":2},{"damage":0,"enemies":"Gensokyo:Python","floor":8,"turns":2},{"damage":0,"enemies":"Gensokyo:VengefulSpirit","floor":13,"turns":3},{"damage":2,"enemies":"Gensokyo:3_Kodama","floor":14,"turns":2},{"damage":0,"enemies":"Gensokyo:Reimu","floor":16,"turns":4},{"damage":0,"enemies":"Gensokyo:2_Gloops","floor":18,"turns":2},{"damage":0,"enemies":"Gensokyo:3_Dogs","floor":19,"turns":3},{"damage":18,"enemies":"Gensokyo:Wraith","floor":20,"turns":3},{"damage":9,"enemies":"Gensokyo:Slime_Group","floor":21,"turns":3},{"damage":0,"enemies":"Gensokyo:Swordslinger","floor":22,"turns":3},{"damage":0,"enemies":"Gensokyo:Reisen","floor":24,"turns":3},{"damage":0,"enemies":"Hiden Room Battle","floor":27,"turns":3},{"damage":0,"enemies":"Gensokyo:Monolith_and_Dog","floor":30,"turns":2},{"damage":0,"enemies":"Gensokyo:Eternal_Rivals","floor":33,"turns":3},{"damage":0,"enemies":"Orb Walker","floor":35,"turns":2},{"damage":0,"enemies":"3 Darklings","floor":38,"turns":1},{"damage":0,"enemies":"Spire Growth","floor":39,"turns":1},{"damage":10,"enemies":"Nemesis","floor":40,"turns":4},{"damage":0,"enemies":"Mind Bloom Boss Battle","floor":41,"turns":1},{"damage":0,"enemies":"Reptomancer","floor":42,"turns":1},{"damage":0,"enemies":"Giant Head","floor":44,"turns":2},{"damage":0,"enemies":"Sphere and 2 Shapes","floor":47,"turns":1},{"damage":0,"enemies":"Nemesis","floor":48,"turns":1},{"damage":0,"enemies":"Donu and Deca","floor":50,"turns":2},{"damage":0,"enemies":"Awakened One","floor":51,"turns":3},{"damage":0,"enemies":"Shield and Spear","floor":55,"turns":2},{"damage":0,"enemies":"The Heart","floor":56,"turns":3}],"seed_played":"-7510517880129711221","potions_obtained":[{"floor":1,"key":"Swift Potion"},{"floor":6,"key":"CultistPotion"},{"floor":8,"key":"FearPotion"}],"is_trial":false,"path_per_floor":["M","?","COS","?","$","E","M","M","T","E","?","R","M","M","R","B",null,"M","M","M","M","M","R","E","R","T","?","?","?","M","COS","R","B",null,"M","?","?","M","M","E","?","E","T","E","R","$","M","E","R","B","B",null,"R","$","E","B",null],"character_chosen":"WATCHER","items_purchased":["LessonLearned","MostiFishMod:Adaptation","GuppysHairball","Vault","BelialBook","GuppysHead","DevaForm","AT_BladeRuinedKing"],"campfire_rested":0,"item_purchase_floors":[17,17,17,17,34,34,34,53],"current_hp_per_floor":[59,23,23,14,14,19,24,29,29,29,19,19,24,27,27,32,73,78,83,89,96,101,101,106,106,106,96,96,96,101,101,101,106,102,107,112,112,117,122,127,132,137,137,142,142,142,147,152,152,157,162,162,162,162,174,149],"gold":154,"neow_bonus":"BOSS_RELIC","is_daily":false,"chose_seed":false,"campfire_upgraded":5,"win_rate":0.0,"timestamp":1613718414,"path_taken":["M","?","COS","?","?","E","M","?","T","E","?","R","M","M","R","BOSS","M","M","M","M","M","R","E","R","T","?","?","?","M","COS","R","BOSS","M","?","?","M","M","E","?","E","T","E","R","?","?","E","R","BOSS","BOSS","R","$","E","BOSS"],"items_purchased_type":["Card","Card","Relic","Card","Relic","Relic","Card","Relic"],"build_version":"2020-12-22","purchased_purges":4,"victory":true,"max_hp_per_floor":[70,74,74,74,74,79,84,89,89,89,99,99,104,109,109,114,87,92,97,102,107,112,112,117,117,117,122,122,122,127,127,127,132,102,107,112,112,117,122,127,132,137,137,142,142,142,147,152,152,157,162,162,162,162,174,149],"card_choices":[{"not_picked":["Worship","CutThroughFate","Pray"],"picked":"SKIP","floor":1},{"not_picked":["Vengeance","Consecrate","FlurryOfBlows","EmptyBody"],"picked":"MostiFishMod:PathToVictory","floor":6},{"not_picked":["WindmillStrike","Halt","Evaluate","FlurryOfBlows"],"picked":"MostiFishMod:OutWit","floor":7},{"not_picked":["Evaluate","CrushJoints","MostiFishMod:FlowState","MostiFishMod:ScryFuture","Prostrate"],"picked":"SKIP","floor":8},{"not_picked":["AT_ChampionStep","WindmillStrike","EmptyBody","ThirdEye","Worship"],"picked":"SKIP","floor":13},{"not_picked":["Crescendo","Meditate","EmptyBody","Halt","Evaluate"],"picked":"SKIP","floor":14},{"not_picked":["Blasphemy","AT_RealColorLess","Establishment","ConjureBlade"],"picked":"AT_IrregularMenstruation","floor":16},{"not_picked":["EmptyFist","AT_DivineConfetti","MostiFishMod:Nomercy","FollowUp","AT_ChampionStep"],"picked":"SKIP","floor":18},{"not_picked":["Evaluate","EmptyBody","Wireheading+1","Collect","Conclude"],"picked":"SKIP","floor":19},{"not_picked":["Evaluate","EmptyBody","Wireheading+1","Collect"],"picked":"Conclude","floor":19},{"not_picked":["FollowUp+1","PathToVictory","LikeWater","SashWhip","Worship"],"picked":"SKIP","floor":20},{"not_picked":["FollowUp","AT_SoftenMuscles","Prostrate","MostiFishMod:PathToVictory","MostiFishMod:Clarity"],"picked":"SKIP","floor":21},{"not_picked":["CarveReality+1","MasterReality","JustLucky","EmptyFist","WindmillStrike"],"picked":"SKIP","floor":22},{"not_picked":["JustLucky","Consecrate","EmptyBody","MostiFishMod:ScryFuture","Prostrate"],"picked":"SKIP","floor":24},{"not_picked":["MostiFishMod:Pointsdynamics","Study","BattleHymn","Consecrate","FearNoEvil"],"picked":"SKIP","floor":30},{"not_picked":["MostiFishMod:StarWish","ConjureBlade","MostiFishMod:DustFall","MostiFishMod:StarLaLaLa"],"picked":"MostiFishMod:Adaptation","floor":33},{"not_picked":["ThirdEye+1","WheelKick+1","Halt","Prostrate","PathToVictory"],"picked":"SKIP","floor":35},{"not_picked":["BowlingBash+1","Study+1","CutThroughFate","Prostrate"],"picked":"Tantrum","floor":36},{"not_picked":["Protect+1","Crescendo","Consecrate","FlyingSleeves","CutThroughFate"],"picked":"SKIP","floor":38},{"not_picked":["Scrawl","AT_RealFormLess+1","Evaluate+1","Weave","FlurryOfBlows"],"picked":"SKIP","floor":39},{"not_picked":["BattleHymn","CrushJoints","WheelKick","Evaluate+1"],"picked":"LessonLearned","floor":40},{"not_picked":["Meditate","Protect","MostiFishMod:Minus","MasterReality","BowlingBash+1"],"picked":"SKIP","floor":42},{"not_picked":["MostiFishMod:Nomercy","ForeignInfluence","Crescendo","BowlingBash","AT_ChampionStep"],"picked":"SKIP","floor":44},{"not_picked":["FlyingSleeves","AT_DivineConfetti","CutThroughFate+1","FlurryOfBlows","ClearTheMind"],"picked":"SKIP","floor":47},{"not_picked":["JustLucky","AT_IrregularMenstruation","AT_RealFormLess+1","Protect","Prostrate+1"],"picked":"SKIP","floor":48},{"not_picked":["Devotion+1","ReachHeaven","MostiFishMod:StarOceanP","SashWhip","AT_ChampionStep+1"],"picked":"SKIP","floor":55}],"player_experience":821730,"relics_obtained":[{"floor":1,"key":"SynthV:TestCard"},{"floor":1,"key":"LetterFromLob"},{"floor":2,"key":"testmod-ArcanaOfDestiny"},{"floor":2,"key":"Damaru"},{"floor":6,"key":"AnarchistCookbook"},{"floor":24,"key":"BookOfRevelations"},{"floor":26,"key":"AT_ArchangelStaff"},{"floor":27,"key":"SharpPlug"},{"floor":27,"key":"testmod-IndustrialRevolution"},{"floor":40,"key":"Ginger"},{"floor":41,"key":"GuppysPaw"},{"floor":42,"key":"MawBank"},{"floor":43,"key":"AT_BellDemon"},{"floor":44,"key":"White Beast Statue"},{"floor":47,"key":"Frozen Egg 2"},{"floor":48,"key":"Omamori"},{"floor":48,"key":"Gremlin Horn"},{"floor":55,"key":"Strawberry"},{"floor":55,"key":"testmod-EqualTreatment"}],"event_choices":[{"damage_healed":0,"gold_gain":0,"player_choice":"Fight","damage_taken":0,"max_hp_gain":0,"max_hp_loss":0,"event_name":"HidenRoomEvent","floor":2,"gold_loss":0},{"damage_healed":0,"gold_gain":0,"player_choice":"Fight","damage_taken":0,"max_hp_gain":0,"max_hp_loss":0,"event_name":"HidenRoomEvent","floor":27,"gold_loss":0},{"damage_healed":0,"gold_gain":0,"player_choice":"Swap Relic","damage_taken":0,"relics_obtained":["Tiny House"],"max_hp_gain":0,"max_hp_loss":0,"event_name":"给自己的盒子","floor":36,"relics_lost":["Tiny House"],"gold_loss":0},{"damage_healed":0,"gold_gain":50,"player_choice":"Pray","damage_taken":0,"max_hp_gain":0,"max_hp_loss":0,"event_name":"Golden Shrine","floor":37,"gold_loss":0},{"damage_healed":0,"gold_gain":0,"player_choice":"Fight","damage_taken":0,"max_hp_gain":0,"max_hp_loss":0,"event_name":"MindBloom","floor":41,"gold_loss":0}],"is_beta":false,"boss_relics":[{"not_picked":["Transparent","JellyFishMachine"],"picked":"testmod-Fanaticism"},{"not_picked":[]},{"not_picked":["Pandora\u0027s Box","FeatherPendant"],"picked":"AT_TrinityForce"},{"not_picked":[]}],"items_purged_floors":[17,34,46,49],"is_endless":false,"potions_floor_spawned":[1,6,8,14,16,18,19,24,27,39,41,42,44,47,48,55],"ascension_level":20}}