{"host":"bc298c4gavna5tx2","time":1613743593,"event":{"mods":["ATMod(阿瑾Mod)","Act Like it!","BaseMod","Challenge The Spire","Energized Spire","Lobotomy","LobotomyExtend","Minty Spire (QoL Compilation)","MostiFishMod","Quarter Circle Forward PUNCH!","Quick Restart","Replay The Spire","Spicy Shops","StSLib","The Marked","【功能Mod】混沌之环修复补丁","【功能Mod】聪明的最终Boss","【遗物卡牌】REMEMod"],"gold_per_floor":[112,112,132,142,153,153,185,185,185,185,213,233,248,265,215,290,290,305,340,353,369,369,394,394,394,569,597,597,674,674,688,704,768,788,808,1138,1138,1153,1205,1216,1216,1216],"floor_reached":28,"language":"ZHS","playtime":1126,"items_purged":[],"score":812,"play_id":"38f8f36a-9350-4b5b-8804-2e7e8335f040","local_time":"20210219220633","is_ascension_mode":true,"campfire_choices":[{"data":"MostiFishMod:RacingGame","floor":6.0,"key":"SMITH"},{"data":"AT_KingSlayer","floor":8.0,"key":"SMITH"},{"data":"Bash","floor":11.0,"key":"SMITH"},{"data":"Barricade","floor":15.0,"key":"SMITH"}],"circlet_count":0,"master_deck":["AscendersBane","Strike_R","Strike_R","Strike_R","Defend_R+1","Defend_R+1","Defend_R","Bash+1","AT_LightSaberMaster+1","AT_KingSlayer+1","MostiFishMod:RacingGame+1","Exhume","Barricade+1","ReplayReversal","Doubt","MostiFishMod:RacingGame","AT_EmpoweredMortalDraw","Writhe","Flex"],"relics":["Burning Blood","AT_ATBox","DaveBox","REME_ComplimentaryCards","HaiYi:Twilight","Simple Rune","SynthV:TestCard","NlothsMask","Onion Ring","AT_SunfireAegis","SynthV:TestCard","LetterFromLob","AT_DeathDance","qcfpunch:Chain_With_Nametags","ReplayFunnel","AT_Kusabimaru","AT_MortalBlade","Old Coin","Replay:Baseball"],"acts_visited":["Exordium","TheBeyond"],"potions_floor_usage":[],"damage_taken":[{"damage":20.0,"enemies":"Jaw Worm","floor":1.0,"turns":6.0},{"damage":11.0,"enemies":"Cultist","floor":3.0,"turns":4.0},{"damage":10.0,"enemies":"Small Slimes","floor":4.0,"turns":4.0},{"damage":10.0,"enemies":"Red Slaver","floor":5.0,"turns":4.0},{"damage":0.0,"enemies":"Lagavulin","floor":7.0,"turns":2.0},{"damage":10.0,"enemies":"Gremlin Nob","floor":11.0,"turns":3.0},{"damage":0.0,"enemies":"Large Slime","floor":12.0,"turns":2.0},{"damage":14.0,"enemies":"3 Louse","floor":13.0,"turns":3.0},{"damage":5.0,"enemies":"Small Slimes","floor":1.0,"turns":2.0},{"damage":0.0,"enemies":"2 Louse","floor":5.0,"turns":1.0},{"damage":0.0,"enemies":"Gremlin Nob","floor":6.0,"turns":1.0},{"damage":0.0,"enemies":"Cultist","floor":7.0,"turns":1.0},{"damage":0.0,"enemies":"Red Slaver","floor":8.0,"turns":1.0},{"damage":0.0,"enemies":"Lagavulin","floor":10.0,"turns":1.0},{"damage":0.0,"enemies":"Gremlin Nob","floor":14.0,"turns":1.0},{"damage":0.0,"enemies":"The Guardian","floor":16.0,"turns":1.0},{"damage":22.0,"enemies":"3 Darklings","floor":18.0,"turns":5.0},{"damage":0.0,"enemies":"Orb Walker","floor":19.0,"turns":1.0},{"damage":17.0,"enemies":"Spire Growth","floor":21.0,"turns":3.0},{"damage":15.0,"enemies":"4 Shapes","floor":22.0,"turns":2.0},{"damage":13.0,"enemies":"Nemesis","floor":23.0,"turns":3.0},{"damage":0.0,"enemies":"Jaw Worm Horde","floor":25.0,"turns":2.0},{"damage":2.0,"enemies":"3 Darklings","floor":27.0,"turns":3.0},{"damage":48,"enemies":"Transient","floor":28,"turns":3}],"seed_played":"-7533510786025733517","potions_obtained":[{"floor":3.0,"key":"FearPotion"},{"floor":7.0,"key":"Dexterity Potion"},{"floor":1.0,"key":"Swift Potion"},{"floor":10.0,"key":"AttackPotion"},{"floor":14.0,"key":"Swift Potion"},{"floor":16.0,"key":"Block Potion"},{"floor":19.0,"key":"SteroidPotion"},{"floor":20.0,"key":"qcfpunch:Challenger_Coin"},{"floor":23.0,"key":"Weak Potion"},{"floor":27.0,"key":"Block Potion"}],"is_trial":false,"path_per_floor":["M","?","M","M","M","R","E","R","T","?","E","M","M","M","M","?","?","?","M","E","M","M","T","E","R","M","?","E","R","B",null,"M","M","?","M","M","E","?","M","T","M","M"],"character_chosen":"IRONCLAD","items_purchased":[],"campfire_rested":0,"item_purchase_floors":[],"current_hp_per_floor":[58,58,53,49,45,45,51,51,51,51,47,53,45,72,72,61,61,67,73,79,80,80,80,80,4,4,10,10,16,64,48,54,41,30,21,14,34,40,40,44,0,0],"gold":1216,"neow_bonus":"RANDOM_COMMON_RELIC","is_daily":false,"chose_seed":false,"campfire_upgraded":4,"win_rate":0.0,"timestamp":1613743593,"path_taken":["M","?","M","?","M","R","E","R","T","?","E","M","?","M","M","?","?","?","?","E","M","?","T","E","R","M","?","E","R","BOSS","M","M","?","M","M","E","?","M","T","M","M"],"items_purchased_type":[],"build_version":"2020-12-22","purchased_purges":0,"victory":false,"max_hp_per_floor":[80,80,80,80,80,80,80,80,80,80,80,80,80,80,80,80,80,80,80,80,80,80,80,80,80,80,80,80,80,80,80,80,80,80,80,80,80,80,80,80,80,80],"card_choices":[{"not_picked":["Sever Soul","Run Through","Pommel Strike"],"picked":"SKIP","floor":1.0},{"not_picked":["Metallicize","ReplayTheSpireMod:LeadingStrike","Clothesline","Havoc","Dark Embrace"],"picked":"SKIP","floor":3.0},{"not_picked":["Body Slam","Uppercut","ReplayTheSpireMod:Strike From Hell","AT_IchimonjiDouble","Replay:Undeath\u0027s Touch"],"picked":"SKIP","floor":4.0},{"not_picked":["Twin Strike","Armaments","Searing Blow","Shrug It Off"],"picked":"MostiFishMod:RacingGame","floor":5.0},{"not_picked":["Twin Strike","AT_IchimonjiDouble","AT_BodySlamDance","Sword Boomerang","ReplayTheSpireMod:Strike From Hell"],"picked":"SKIP","floor":7.0},{"not_picked":["AT_ManFootWork","Metallicize","Thunderclap","Combust"],"picked":"Exhume","floor":11.0},{"not_picked":["AT_IchimonjiDouble","Infernal Blade","Clothesline","Iron Wave","AT_BodySlamDance"],"picked":"SKIP","floor":12.0},{"not_picked":["Hemokinesis","Sentinel","Perfected Strike","Searing Blow","Cleave"],"picked":"SKIP","floor":13.0},{"not_picked":["AT_BodySlamDance","Armaments","ReplayTheSpireMod:Corrosion Curse","Replay:Undeath\u0027s Touch","Massacre"],"picked":"SKIP","floor":1.0},{"not_picked":["Eclipse","Intimidate","Dropkick","Clash","Dark Embrace","Thunderclap","AT_BodySlamDance"],"picked":"SKIP","floor":5.0},{"not_picked":["AT_IchimonjiDouble","Entrench","Cleave","Dark Embrace","Flex","Headbutt"],"picked":"Barricade","floor":6.0},{"not_picked":["Thunderclap","Uppercut","Inflame","Ghostly Armor","AT_IchimonjiDouble","ReplayTheSpireMod:Strike From Hell","Blood for Blood"],"picked":"SKIP","floor":7.0},{"not_picked":["Cleave","Flex","Thunderclap","AT_IchimonjiDouble","Wild Strike","Clothesline"],"picked":"ReplayReversal","floor":8.0},{"not_picked":["REME_TheLastStrike","Wild Strike","Searing Blow","Reckless Charge","ReplayReversal","Body Slam","Disarm"],"picked":"SKIP","floor":10.0},{"not_picked":["Second Wind","REME_SingleHolding","AT_CaressingTears","Cleave","REME_Cut","Dropkick","Sword Boomerang"],"picked":"SKIP","floor":14.0},{"not_picked":["REME_Fury","Juggernaut","MostiFishMod:UltimateDefense","MostiFishMod:NewArrival","REME_ACTH","Hemogenesis"],"picked":"MostiFishMod:RacingGame","floor":16.0},{"not_picked":["True Grit","Havoc","Twin Strike+1","Dropkick","Bloodletting","Replay:Undeath\u0027s Touch","AT_ManFootWork"],"picked":"SKIP","floor":18.0},{"not_picked":["Blood for Blood","Sword Boomerang","MostiFishMod:#F4004","REME_TheLastStrike","Defy Death","Heavy Blade","Pommel Strike"],"picked":"SKIP","floor":19.0},{"not_picked":["Havoc","Defy Death","True Grit","Headbutt","ReplayTheSpireMod:Muscle Training","MostiFishMod:HellRitual","Intimidate"],"picked":"SKIP","floor":21.0},{"not_picked":["Armaments","ReplayTheSpireMod:Strike From Hell","Run Through","Sword Boomerang","Thunderclap","AT_DrawKnifeCut","Heavy Blade"],"picked":"SKIP","floor":22.0},{"not_picked":["Pommel Strike","Perfected Strike","Dual Wield+1","Heavy Blade","Anger","Twin Strike+1","Thunderclap+1"],"picked":"SKIP","floor":23.0},{"not_picked":["Clothesline","Metallicize","Bloodletting","Blood for Blood","Seeing Red","Pommel Strike","REME_Cut+1"],"picked":"SKIP","floor":25.0},{"not_picked":["Whirlwind","REME_Fury","Sword Boomerang","Spot Weakness","AT_DrawKnifeCut+1","Perfected Strike"],"picked":"Flex","floor":27.0}],"player_experience":148825,"relics_obtained":[{"floor":1.0,"key":"SynthV:TestCard"},{"floor":1.0,"key":"LetterFromLob"},{"floor":7.0,"key":"Onion Ring"},{"floor":11.0,"key":"AT_SunfireAegis"},{"floor":1.0,"key":"SynthV:TestCard"},{"floor":1.0,"key":"LetterFromLob"},{"floor":6.0,"key":"AT_DeathDance"},{"floor":9.0,"key":"qcfpunch:Chain_With_Nametags"},{"floor":10.0,"key":"ReplayFunnel"},{"floor":14.0,"key":"AT_Kusabimaru"},{"floor":23.0,"key":"Old Coin"},{"floor":26.0,"key":"Replay:Baseball"}],"event_choices":[{"damage_healed":0.0,"max_hp_gain":0.0,"max_hp_loss":0.0,"gold_gain":0.0,"event_name":"FaceTrader","player_choice":"Trade","floor":2.0,"gold_loss":0.0,"damage_taken":0.0,"relics_obtained":["NlothsMask"]},{"cards_removed":["Strike_R"],"damage_healed":0.0,"max_hp_gain":0.0,"max_hp_loss":0.0,"gold_gain":0.0,"event_name":"Bonfire Elementals","player_choice":"Offered Basic","floor":10.0,"gold_loss":0.0,"damage_taken":0.0},{"cards_removed":["Defend_R"],"damage_healed":0.0,"max_hp_gain":0.0,"max_hp_loss":0.0,"gold_gain":0.0,"event_name":"The Cleric","player_choice":"Card Removal","floor":2.0,"gold_loss":50.0,"damage_taken":0.0},{"damage_healed":0.0,"max_hp_gain":0.0,"max_hp_loss":0.0,"gold_gain":75.0,"event_name":"World of Goop","player_choice":"Gather Gold","floor":3.0,"gold_loss":0.0,"damage_taken":11.0},{"damage_healed":0.0,"max_hp_gain":0.0,"max_hp_loss":0.0,"gold_gain":0.0,"event_name":"Upgrade Shrine","player_choice":"Upgraded","floor":4.0,"gold_loss":0.0,"damage_taken":0.0,"cards_upgraded":["AT_LightSaberMaster"]},{"damage_healed":0.0,"max_hp_gain":0.0,"max_hp_loss":0.0,"gold_gain":175.0,"event_name":"Liars Game","player_choice":"AGREE","floor":13.0,"gold_loss":0.0,"damage_taken":0.0,"cards_obtained":["Doubt"]},{"damage_healed":20.0,"max_hp_gain":0.0,"max_hp_loss":0.0,"gold_gain":0.0,"event_name":"Winding Halls","player_choice":"Writhe","floor":24.0,"gold_loss":0.0,"damage_taken":0.0,"cards_obtained":["Writhe"]}],"is_beta":false,"boss_relics":[{"not_picked":["RhineCircuit","Mark of Pain"],"picked":"AT_MortalBlade"}],"items_purged_floors":[],"is_endless":false,"potions_floor_spawned":[3,7,12,1,10,14,16,19,22,23,27],"killed_by":"Transient","ascension_level":13}}