{"host":"3c8x8j1h2jyrixpf","time":1613751490,"event":{"mods":["BaseMod","Colored Powertips","Highlight Path","Minty Spire (QoL Compilation)","StSLib"],"gold_per_floor":[116,116,116,135,135,135,161,161,161,161,179,279,289,315,315,389,389,409,421,234,248,279,279,279,279,279,306,322,340,340,369,369,447,447,467,477,699,699,271,271,300,319,319,319,329,343,357,384,384,384,384],"floor_reached":50,"language":"ENG","playtime":2362,"items_purged":["Strike_R","Strike_R"],"score":999,"play_id":"5c773982-30d9-4259-91d8-017d80880887","local_time":"20210219101810","is_ascension_mode":true,"campfire_choices":[{"data":"Bash","floor":6,"key":"SMITH"},{"data":"Anger","floor":8,"key":"SMITH"},{"data":"Cleave","floor":10,"key":"SMITH"},{"data":"Uppercut","floor":15,"key":"SMITH"},{"data":"Inflame","floor":23,"key":"SMITH"},{"data":"Heavy Blade","floor":25,"key":"SMITH"},{"data":"Twin Strike","floor":30,"key":"SMITH"},{"floor":32,"key":"REST"},{"floor":40,"key":"RECALL"},{"data":"Double Tap","floor":44,"key":"SMITH"},{"data":"Flame Barrier","floor":49,"key":"SMITH"}],"circlet_count":0,"master_deck":["AscendersBane","Strike_R","Strike_R","Strike_R","Defend_R","Defend_R","Defend_R","Defend_R","Bash+1","Cleave+1","Shrug It Off","Anger+1","Uppercut+1","Inflame+1","Double Tap+1","Entrench+1","Heavy Blade+1","Rage","Ghostly Armor","Shrug It Off","Shockwave+1","Regret","Immolate","Shrug It Off","Twin Strike+1","Wild Strike","Flame Barrier+1","Corruption+1","Feel No Pain+1","Headbutt+1","Apotheosis","Dual Wield","True Grit","Battle Trance","Feel No Pain+1","Regret","Burning Pact"],"relics":["Burning Blood","Anchor","Kunai","Dream Catcher","Bottled Lightning","StrikeDummy","Blue Candle","Cursed Key","Red Mask","PreservedInsect","Frozen Egg 2","Snecko Eye","Orrery","Red Skull","White Beast Statue","Omamori"],"acts_visited":["Exordium","TheCity","TheBeyond"],"potions_floor_usage":[16,22,22,33,47,48,50],"damage_taken":[{"damage":1,"enemies":"Cultist","floor":1,"turns":4},{"damage":0,"enemies":"2 Louse","floor":4,"turns":2},{"damage":32,"enemies":"Gremlin Nob","floor":7,"turns":4},{"damage":0,"enemies":"Jaw Worm","floor":11,"turns":2},{"damage":6,"enemies":"Looter","floor":13,"turns":3},{"damage":4,"enemies":"3 Sentries","floor":14,"turns":5},{"damage":44,"enemies":"Hexaghost","floor":16,"turns":10},{"damage":13,"enemies":"3 Byrds","floor":18,"turns":5},{"damage":0,"enemies":"Chosen","floor":19,"turns":3},{"damage":16,"enemies":"Snake Plant","floor":21,"turns":5},{"damage":4,"enemies":"Masked Bandits","floor":22,"turns":6},{"damage":46,"enemies":"Slavers","floor":27,"turns":11},{"damage":11,"enemies":"Centurion and Healer","floor":28,"turns":3},{"damage":6,"enemies":"Chosen and Byrds","floor":29,"turns":7},{"damage":21,"enemies":"Book of Stabbing","floor":31,"turns":4},{"damage":62,"enemies":"Champ","floor":33,"turns":11},{"damage":1,"enemies":"3 Shapes","floor":35,"turns":4},{"damage":1,"enemies":"Orb Walker","floor":36,"turns":3},{"damage":0,"enemies":"Reptomancer","floor":41,"turns":4},{"damage":1,"enemies":"Sphere and 2 Shapes","floor":42,"turns":4},{"damage":1,"enemies":"4 Shapes","floor":45,"turns":2},{"damage":8,"enemies":"3 Darklings","floor":46,"turns":4},{"damage":1,"enemies":"Sphere and 2 Shapes","floor":47,"turns":3},{"damage":12,"enemies":"Nemesis","floor":48,"turns":7},{"damage":123,"enemies":"Time Eater","floor":50,"turns":14}],"seed_played":"-6180330935529202838","potions_obtained":[{"floor":4,"key":"SteroidPotion"},{"floor":13,"key":"ElixirPotion"},{"floor":14,"key":"ColorlessPotion"},{"floor":21,"key":"Fire Potion"},{"floor":27,"key":"Explosive Potion"},{"floor":31,"key":"ElixirPotion"},{"floor":33,"key":"AttackPotion"},{"floor":35,"key":"Regen Potion"},{"floor":47,"key":"Fruit Juice"},{"floor":48,"key":"Weak Potion"}],"is_trial":false,"path_per_floor":["M","?","?","M","T","R","E","R","T","R","M","?","M","E","R","B",null,"M","M","$","M","?","R","?","R","T","E","M","M","R","E","R","B",null,"M","M","?","?","$","R","E","M","T","R","M","M","M","E","R","B"],"character_chosen":"IRONCLAD","items_purchased":["Rage","Ghostly Armor","Apotheosis","Orrery"],"campfire_rested":1,"item_purchase_floors":[20,20,39,39],"current_hp_per_floor":[77,82,79,85,85,85,59,59,59,59,65,65,65,67,67,29,71,64,70,70,60,62,62,95,95,95,55,50,50,50,35,63,7,73,78,83,83,95,95,95,95,95,95,95,95,93,95,94,94,0,0],"gold":384,"neow_bonus":"RANDOM_COMMON_RELIC","is_daily":false,"chose_seed":false,"campfire_upgraded":9,"win_rate":0.0,"timestamp":1613751490,"path_taken":["M","?","?","M","?","R","E","R","T","R","M","?","M","E","R","BOSS","M","M","$","M","?","R","?","R","T","E","M","?","R","E","R","BOSS","M","M","?","?","$","R","E","?","T","R","M","?","M","E","R","BOSS"],"items_purchased_type":["Card","Card","Card","Relic"],"build_version":"2020-12-22","purchased_purges":2,"victory":false,"max_hp_per_floor":[80,85,85,85,85,85,85,85,85,85,85,85,85,85,85,85,85,85,85,85,85,85,85,95,95,95,95,95,95,95,95,95,95,95,95,95,95,95,95,95,95,95,95,95,95,95,95,100,100,100,100],"card_choices":[{"not_picked":["Wild Strike","Rage"],"picked":"Cleave","floor":1},{"not_picked":["Carnage","Headbutt"],"picked":"Shrug It Off","floor":4},{"not_picked":["Perfected Strike","Clothesline"],"picked":"Anger","floor":7},{"not_picked":["Body Slam","Rage"],"picked":"Uppercut","floor":11},{"not_picked":["Anger","Shrug It Off"],"picked":"Inflame","floor":13},{"not_picked":["Havoc","Shrug It Off"],"picked":"Double Tap","floor":14},{"not_picked":["Bludgeon","Brutality"],"picked":"Limit Break","floor":16},{"not_picked":["Anger","Intimidate"],"picked":"Entrench+1","floor":18},{"not_picked":["Rampage","Fire Breathing"],"picked":"Heavy Blade","floor":19},{"not_picked":["Perfected Strike","Anger"],"picked":"Shrug It Off","floor":21},{"not_picked":["Combust","Pommel Strike"],"picked":"Shockwave+1","floor":22},{"not_picked":["Sword Boomerang","Feel No Pain"],"picked":"Immolate","floor":27},{"not_picked":["Wild Strike","Armaments"],"picked":"Shrug It Off","floor":28},{"not_picked":["Warcry","Feel No Pain"],"picked":"Twin Strike","floor":29},{"not_picked":["Clash","Clothesline"],"picked":"Wild Strike","floor":31},{"not_picked":["Iron Wave","Headbutt"],"picked":"Flame Barrier","floor":32},{"not_picked":["Juggernaut+1","Bludgeon"],"picked":"Corruption+1","floor":33},{"not_picked":["Warcry+1","Clothesline+1"],"picked":"Feel No Pain+1","floor":35},{"not_picked":["Wild Strike","Cleave"],"picked":"Headbutt+1","floor":36},{"not_picked":["Heavy Blade","Seeing Red"],"picked":"Dual Wield","floor":39},{"not_picked":["Cleave+1","Flex"],"picked":"True Grit","floor":39},{"not_picked":["Ghostly Armor","Intimidate"],"picked":"Battle Trance","floor":39},{"not_picked":["Wild Strike","Sword Boomerang"],"picked":"Feel No Pain+1","floor":41},{"not_picked":["Sentinel","Anger","Rampage"],"picked":"SKIP","floor":42},{"not_picked":["Anger","Limit Break","Armaments"],"picked":"SKIP","floor":45},{"not_picked":["Wild Strike","Clash"],"picked":"Burning Pact","floor":46},{"not_picked":["Rage+1","Cleave","Headbutt"],"picked":"SKIP","floor":47},{"not_picked":["Headbutt","Rampage+1","Pummel"],"picked":"SKIP","floor":48}],"player_experience":270427,"relics_obtained":[{"floor":5,"key":"Dream Catcher"},{"floor":7,"key":"Bottled Lightning"},{"floor":9,"key":"StrikeDummy"},{"floor":14,"key":"Blue Candle"},{"floor":22,"key":"Red Mask"},{"floor":27,"key":"PreservedInsect"},{"floor":31,"key":"Frozen Egg 2"},{"floor":41,"key":"Red Skull"},{"floor":43,"key":"White Beast Statue"},{"floor":48,"key":"Omamori"}],"event_choices":[{"damage_healed":0,"gold_gain":0,"player_choice":"Donut","damage_taken":0,"max_hp_gain":5,"max_hp_loss":0,"event_name":"Big Fish","floor":2,"gold_loss":0},{"damage_healed":0,"gold_gain":0,"player_choice":"Success","damage_taken":3,"relics_obtained":["Kunai"],"max_hp_gain":0,"max_hp_loss":0,"event_name":"Scrap Ooze","floor":3,"gold_loss":0},{"damage_healed":0,"gold_gain":100,"player_choice":"Pray","damage_taken":0,"max_hp_gain":0,"max_hp_loss":0,"event_name":"Golden Shrine","floor":12,"gold_loss":0},{"damage_healed":0,"gold_gain":0,"player_choice":"Fought Bandits","damage_taken":0,"max_hp_gain":0,"max_hp_loss":0,"event_name":"Masked Bandits","floor":22,"gold_loss":0},{"cards_removed":["Limit Break"],"damage_healed":23,"gold_gain":0,"player_choice":"Offered Rare","damage_taken":0,"max_hp_gain":10,"max_hp_loss":0,"event_name":"Bonfire Elementals","floor":24,"gold_loss":0},{"damage_healed":0,"gold_gain":222,"player_choice":"Wore Mask","damage_taken":0,"max_hp_gain":0,"max_hp_loss":0,"event_name":"Tomb of Lord Red Mask","floor":37,"gold_loss":0},{"damage_healed":12,"gold_gain":0,"player_choice":"Full Heal","damage_taken":0,"max_hp_gain":0,"max_hp_loss":0,"event_name":"Wheel of Change","floor":38,"gold_loss":0}],"is_beta":false,"boss_relics":[{"not_picked":["Coffee Dripper","Calling Bell"],"picked":"Cursed Key"},{"not_picked":["Empty Cage","Black Star"],"picked":"Snecko Eye"}],"items_purged_floors":[20,39],"is_endless":false,"potions_floor_spawned":[4,13,14,21,27,31,33,35,36,45,46,47,48],"killed_by":"Time Eater","ascension_level":13}}