{"host":"a1eatafr7pisesky","time":1613705813,"event":{"mods":["AchievementEnabler","BaseMod","Colored Map","Keyboard Shortcuts","Minty Spire (QoL Compilation)","Say the Spire","StSLib","SuperFastMode","everything is the same but u backflip on backflip"],"gold_per_floor":[113,38,51,51,51,85,85,2239,2265,2280,1139,1150,1182,1182,1182,1255,1255,1271,541,541,553,216,251,251,277,328,328,341,341,371,390,390,390,390],"floor_reached":33,"language":"KOR","playtime":735,"items_purged":["Strike_R","Strike_R","Strike_R","Strike_R+1","Defend_R+1"],"score":797,"play_id":"a624b83b-abf3-4dee-8ae5-55499000b93e","local_time":"20210219123653","is_ascension_mode":true,"campfire_choices":[{"data":"Blood for Blood","floor":7,"key":"SMITH"},{"floor":15,"key":"REST"},{"data":"Feel No Pain","floor":24,"key":"SMITH"},{"data":"Feel No Pain","floor":27,"key":"SMITH"},{"data":"Power Through","floor":29,"key":"SMITH"},{"data":"Purity","floor":32,"key":"SMITH"}],"circlet_count":0,"master_deck":["AscendersBane","Bash","Feel No Pain+1","Cleave","Blood for Blood+1","Purity+1","Feel No Pain+1","Shockwave+1","Dark Shackles","Power Through+1","Immolate","Warcry+1","Shockwave+1","Iron Wave+1","Evolve","Necronomicurse","Evolve","Second Wind","Burning Pact+1","Hemokinesis"],"relics":["Burning Blood","NeowsBlessing","Gambling Chip","Chemical X","Ancient Tea Set","TungstenRod","War Paint","TheAbacus","Ornamental Fan","Potion Belt","Sundial","Astrolabe","Akabeko","Gremlin Horn","Necronomicon","Lee\u0027s Waffle","Mummified Hand","Bag of Marbles","Bronze Scales","Meat on the Bone"],"acts_visited":["Exordium","TheCity"],"potions_floor_usage":[16,16,33,33,33,33],"damage_taken":[{"damage":0,"enemies":"Cultist","floor":1,"turns":1},{"damage":0,"enemies":"Small Slimes","floor":3,"turns":1},{"damage":0,"enemies":"Lagavulin","floor":6,"turns":1},{"damage":1,"enemies":"2 Louse","floor":10,"turns":4},{"damage":7,"enemies":"2 Fungi Beasts","floor":12,"turns":4},{"damage":22,"enemies":"Gremlin Nob","floor":13,"turns":5},{"damage":3,"enemies":"The Guardian","floor":16,"turns":11},{"damage":15,"enemies":"Chosen","floor":18,"turns":6},{"damage":0,"enemies":"3 Byrds","floor":21,"turns":3},{"damage":28,"enemies":"Book of Stabbing","floor":23,"turns":6},{"damage":0,"enemies":"Slavers","floor":25,"turns":3},{"damage":10,"enemies":"Sentry and Sphere","floor":28,"turns":2},{"damage":20,"enemies":"Book of Stabbing","floor":30,"turns":4},{"damage":0,"enemies":"Cultist and Chosen","floor":31,"turns":5},{"damage":73,"enemies":"Champ","floor":33,"turns":10}],"seed_played":"-5197792071941094035","potions_obtained":[{"floor":1,"key":"Swift Potion"},{"floor":6,"key":"Fire Potion"},{"floor":18,"key":"AttackPotion"},{"floor":31,"key":"Energy Potion"}],"is_trial":false,"path_per_floor":["M","$","M","$","?","E","R","$","T","M","$","M","E","?","R","B",null,"M","$","?","M","$","E","R","E","T","R","M","R","E","M","R","B"],"character_chosen":"IRONCLAD","items_purchased":["Chemical X","Ancient Tea Set","TungstenRod","Purity","TheAbacus","Ornamental Fan","Potion Belt","Feel No Pain","Shockwave","Dark Shackles","EssenceOfSteel","SteroidPotion","Evolve","Akabeko","Gremlin Horn","BloodPotion","Lee\u0027s Waffle"],"campfire_rested":1,"item_purchase_floors":[8,8,8,8,11,11,11,11,11,11,11,11,19,19,19,19,22],"current_hp_per_floor":[74,74,75,75,68,74,74,74,74,75,75,74,58,36,58,61,72,63,63,46,52,82,60,60,66,66,66,62,62,48,54,54,0,0],"gold":390,"neow_bonus":"THREE_ENEMY_KILL","is_daily":false,"chose_seed":false,"campfire_upgraded":5,"win_rate":0.0,"timestamp":1613705813,"path_taken":["M","?","M","$","?","E","R","$","T","M","$","M","E","?","R","BOSS","M","$","?","M","$","E","R","E","T","R","M","R","E","M","R","BOSS"],"items_purchased_type":["Relic","Relic","Relic","Card","Relic","Relic","Relic","Card","Card","Card","Potion","Potion","Card","Relic","Relic","Potion","Relic"],"build_version":"2020-12-22","purchased_purges":5,"victory":false,"max_hp_per_floor":[75,75,75,75,75,75,75,75,75,75,75,75,75,75,75,75,75,75,75,75,75,82,82,82,82,82,82,82,82,82,82,82,82,82],"card_choices":[{"not_picked":["Burning Pact","Dual Wield"],"picked":"Feel No Pain","floor":1},{"not_picked":["Evolve","Iron Wave"],"picked":"Cleave","floor":3},{"not_picked":["Fire Breathing","Cleave"],"picked":"Blood for Blood","floor":6},{"not_picked":["Armaments","Perfected Strike","Body Slam"],"picked":"SKIP","floor":10},{"not_picked":["Headbutt","Armaments","Clothesline"],"picked":"SKIP","floor":12},{"not_picked":["Heavy Blade","Sword Boomerang"],"picked":"Power Through","floor":13},{"not_picked":["Bludgeon","Double Tap"],"picked":"Immolate","floor":16},{"not_picked":["Flex","Disarm","Cleave"],"picked":"SKIP","floor":18},{"not_picked":["Twin Strike+1","Havoc","Shrug It Off"],"picked":"SKIP","floor":21},{"not_picked":["Twin Strike","True Grit"],"picked":"Evolve","floor":23},{"not_picked":["Dual Wield","Warcry"],"picked":"Second Wind","floor":25},{"not_picked":["Demon Form","Warcry"],"picked":"Burning Pact+1","floor":28},{"not_picked":["Clothesline","Sever Soul","Second Wind"],"picked":"SKIP","floor":30},{"not_picked":["Anger","Pummel"],"picked":"Hemokinesis","floor":31}],"player_experience":472234,"relics_obtained":[{"floor":6,"key":"Gambling Chip"},{"floor":9,"key":"War Paint"},{"floor":13,"key":"Sundial"},{"floor":20,"key":"Necronomicon"},{"floor":23,"key":"Mummified Hand"},{"floor":25,"key":"Bag of Marbles"},{"floor":26,"key":"Bronze Scales"},{"floor":30,"key":"Meat on the Bone"}],"event_choices":[{"cards_removed":["Strike_R"],"damage_healed":0,"gold_gain":0,"player_choice":"Card Removal","damage_taken":7,"max_hp_gain":0,"max_hp_loss":0,"event_name":"Golden Wing","floor":5,"gold_loss":0},{"damage_healed":0,"gold_gain":0,"player_choice":"Entered Light","damage_taken":23,"max_hp_gain":0,"max_hp_loss":0,"event_name":"Shining Light","floor":14,"gold_loss":0,"cards_upgraded":["Strike_R","Shockwave"]},{"damage_healed":0,"gold_gain":0,"player_choice":"Obtained Book","damage_taken":21,"max_hp_gain":0,"max_hp_loss":0,"event_name":"Cursed Tome","floor":20,"gold_loss":0}],"is_beta":false,"boss_relics":[{"not_picked":["Coffee Dripper","Black Star"],"picked":"Astrolabe"}],"items_purged_floors":[2,8,11,19,22],"is_endless":false,"potions_floor_spawned":[1,6,13,18,31],"killed_by":"Champ","ascension_level":20}}