{"host":"x5w9zppki4gdwvc7","time":1613773590,"event":{"mods":["AchievementEnabler","BaseMod","Colored Powertips","DeckTracker","Minty Spire (QoL Compilation)","SuperFastMode"],"gold_per_floor":[114,130,130,142,142,142,73,101,101,101,117,128,128,145,145,145,145],"floor_reached":16,"language":"ENG","playtime":780,"items_purged":[],"score":102,"play_id":"ac35b251-5e9d-4a95-b2f7-f1d61b83c344","local_time":"20210219232630","is_ascension_mode":false,"campfire_choices":[{"data":"Footwork","floor":6,"key":"SMITH"},{"data":"Sucker Punch","floor":10,"key":"SMITH"},{"data":"Burst","floor":13,"key":"SMITH"},{"data":"Dodge and Roll","floor":15,"key":"SMITH"}],"circlet_count":0,"master_deck":["Strike_G","Strike_G","Strike_G","Strike_G","Defend_G","Defend_G","Defend_G","Defend_G","Defend_G","Survivor","Neutralize","Backflip","Deadly Poison","Footwork+1","Cloak And Dagger","Accuracy","Sucker Punch+1","Dodge and Roll+1","Burst+1","PiercingWail"],"relics":["Ring of the Snake","Dream Catcher","Lantern","Ninja Scroll"],"acts_visited":["Exordium"],"potions_floor_usage":[],"damage_taken":[{"damage":0,"enemies":"Cultist","floor":1,"turns":4},{"damage":0,"enemies":"2 Louse","floor":2,"turns":3},{"damage":1,"enemies":"Small Slimes","floor":4,"turns":4},{"damage":12,"enemies":"3 Sentries","floor":8,"turns":14},{"damage":0,"enemies":"Blue Slaver","floor":11,"turns":5},{"damage":1,"enemies":"2 Fungi Beasts","floor":12,"turns":4},{"damage":0,"enemies":"Large Slime","floor":14,"turns":6},{"damage":56,"enemies":"Slime Boss","floor":16,"turns":18}],"seed_played":"4711909639185900361","potions_obtained":[{"floor":1,"key":"BlessingOfTheForge"},{"floor":4,"key":"Ancient Potion"}],"is_trial":false,"path_per_floor":["M","M","T","M","?","R","$","E","T","R","M","M","R","M","R","B"],"character_chosen":"THE_SILENT","items_purchased":["Accuracy"],"campfire_rested":0,"item_purchase_floors":[7],"current_hp_per_floor":[70,70,70,69,69,69,69,57,57,57,57,56,56,56,56,0,0],"gold":145,"neow_bonus":"THREE_CARDS","is_daily":false,"chose_seed":false,"campfire_upgraded":4,"win_rate":0.0,"timestamp":1613773590,"path_taken":["M","?","?","?","?","R","$","E","T","R","?","M","R","M","R","BOSS"],"items_purchased_type":["Card"],"build_version":"2020-12-22","purchased_purges":0,"victory":false,"max_hp_per_floor":[70,70,70,70,70,70,70,70,70,70,70,70,70,70,70,70,70],"card_choices":[{"not_picked":["Tactician","Heel Hook"],"picked":"Backflip","floor":0},{"not_picked":["Heel Hook","Dagger Throw"],"picked":"Deadly Poison","floor":1},{"not_picked":["Backflip","Flying Knee"],"picked":"Footwork","floor":2},{"not_picked":["Sucker Punch","Infinite Blades"],"picked":"Cloak And Dagger","floor":4},{"not_picked":["Outmaneuver","Bane"],"picked":"Sucker Punch","floor":8},{"not_picked":["Expertise","Skewer"],"picked":"Dodge and Roll","floor":11},{"not_picked":["Masterful Stab","Flying Knee"],"picked":"Burst","floor":12},{"not_picked":["Calculated Gamble","Sucker Punch"],"picked":"PiercingWail","floor":14}],"player_experience":680445,"relics_obtained":[{"floor":3,"key":"Dream Catcher"},{"floor":8,"key":"Lantern"},{"floor":9,"key":"Ninja Scroll"}],"event_choices":[{"cards_removed":["Strike_G"],"damage_healed":0,"gold_gain":0,"player_choice":"Card Removal","damage_taken":0,"max_hp_gain":0,"max_hp_loss":0,"event_name":"Wheel of Change","floor":5,"gold_loss":0}],"is_beta":false,"boss_relics":[],"items_purged_floors":[],"is_endless":false,"potions_floor_spawned":[1,4],"killed_by":"Slime Boss","ascension_level":0}}