{"host":"8d3fefv2347kqkpz","time":1613768109,"event":{"mods":["AchievementEnabler","BaseMod","Better Vampires","BetterRewards","Colored Map","Colored Powertips","Downfall","Emptier Cage","Highlight Path","Marked Mod","Minty Spire (QoL Compilation)","Permanent Neow","Quick Restart","Rare Cards Sparkle","Relic Stats","Say the Spire","Spicy Shops","StSLib","Waifu the Spire"],"gold_per_floor":[117,133,58,58,69,86,86,86,86],"floor_reached":8,"language":"ZHS","playtime":258,"items_purged":["Strike_G"],"score":48,"play_id":"cbea6bae-534e-4280-8a2c-083091d5820b","local_time":"20210220045509","is_ascension_mode":false,"campfire_choices":[{"floor":7,"key":"REST"}],"circlet_count":0,"master_deck":["Strike_G","Strike_G","Strike_G","Defend_G","Defend_G","Defend_G","Survivor","Neutralize","PiercingWail"],"relics":["Ring of the Snake"],"acts_visited":["Exordium"],"potions_floor_usage":[8],"damage_taken":[{"damage":13,"enemies":"Jaw Worm","floor":1,"turns":6},{"damage":0,"enemies":"Cultist","floor":2,"turns":5},{"damage":0,"enemies":"Small Slimes","floor":5,"turns":4},{"damage":2,"enemies":"2 Fungi Beasts","floor":6,"turns":4},{"damage":57,"enemies":"Lagavulin","floor":8,"turns":11}],"seed_played":"-260723793222857758","potions_obtained":[{"floor":1,"key":"FearPotion"}],"is_trial":false,"path_per_floor":["M","M","$","?","M","M","R","E"],"character_chosen":"THE_SILENT","items_purchased":[],"campfire_rested":1,"item_purchase_floors":[],"current_hp_per_floor":[36,36,36,36,36,34,55,0,0],"gold":86,"neow_bonus":"REMOVE_TWO","is_daily":false,"chose_seed":false,"campfire_upgraded":0,"win_rate":0.0,"timestamp":1613768109,"path_taken":["M","M","$","?","?","M","R","E"],"items_purchased_type":[],"build_version":"2020-12-22","purchased_purges":1,"victory":false,"max_hp_per_floor":[70,70,70,70,70,70,70,70,70],"relic_stats":{"counters":[5,30],"obtain_stats":[{"Ring of the Snake":0},{"Ring of the Snake":0},{"Ring of the Snake":0}],"Ring of the Snake":[10]},"card_choices":[{"not_picked":["Riddle With Holes","Slice","Sucker Punch"],"picked":"SKIP","floor":1},{"not_picked":["Eviscerate","Outmaneuver","Quick Slash"],"picked":"SKIP","floor":2},{"not_picked":["Poisoned Stab","Deflect","Distraction"],"picked":"SKIP","floor":5},{"not_picked":["Poisoned Stab","Deflect","Distraction"],"picked":"SKIP","floor":5},{"not_picked":["Poisoned Stab","Bouncing Flask"],"picked":"PiercingWail","floor":6}],"player_experience":482382,"relics_obtained":[],"event_choices":[{"cards_removed":["Defend_G"],"damage_healed":0,"gold_gain":0,"player_choice":"Purged","damage_taken":0,"max_hp_gain":0,"max_hp_loss":0,"event_name":"Purifier","floor":4,"gold_loss":0}],"is_beta":false,"boss_relics":[],"items_purged_floors":[3],"is_endless":false,"potions_floor_spawned":[1],"killed_by":"Lagavulin","ascension_level":0}}