{"host":"eglukmwb6rueyn6u","time":1613745264,"event":{"mods":["AchievementEnabler","BaseMod","Colored Powertips","Highlight Path","Minty Spire (QoL Compilation)"],"gold_per_floor":[16,16,36,59,84,84,115,139,139,158,158,181,181,181,181,181,181],"floor_reached":16,"language":"ENG","playtime":2718,"items_purged":[],"score":104,"play_id":"ab1a538d-67ac-4b49-b155-19cb17be4bcc","local_time":"20210219163424","is_ascension_mode":false,"campfire_choices":[{"data":"Echo Form","floor":6.0,"key":"SMITH"},{"data":"Genetic Algorithm","floor":13.0,"key":"SMITH"},{"data":"Redo","floor":15.0,"key":"SMITH"}],"circlet_count":0,"master_deck":["Strike_B","Strike_B","Strike_B","Strike_B","Defend_B","Defend_B","Defend_B","Zap+1","Dualcast","Echo Form+1","BootSequence","Hologram","Redo","Redo+1","Genetic Algorithm+1","Chill","Turbo","Steam"],"relics":["Cracked Core","Golden Idol","Juzu Bracelet","White Beast Statue"],"acts_visited":["Exordium"],"potions_floor_usage":[16],"damage_taken":[{"damage":1.0,"enemies":"Jaw Worm","floor":1.0,"turns":5.0},{"damage":5.0,"enemies":"Cultist","floor":3.0,"turns":4.0},{"damage":0.0,"enemies":"Small Slimes","floor":4.0,"turns":6.0},{"damage":3.0,"enemies":"Exordium Wildlife","floor":5.0,"turns":4.0},{"damage":34.0,"enemies":"3 Sentries","floor":7.0,"turns":9.0},{"damage":6.0,"enemies":"Blue Slaver","floor":8.0,"turns":4.0},{"damage":0.0,"enemies":"Large Slime","floor":10.0,"turns":5.0},{"damage":3.0,"enemies":"Exordium Wildlife","floor":12.0,"turns":5.0},{"damage":65,"enemies":"Hexaghost","floor":16,"turns":12}],"seed_played":"4080907645786254386","potions_obtained":[{"floor":1.0,"key":"Regen Potion"},{"floor":5.0,"key":"Regen Potion"},{"floor":7.0,"key":"SteroidPotion"},{"floor":10.0,"key":"SneckoOil"},{"floor":12.0,"key":"FairyPotion"}],"is_trial":false,"path_per_floor":["M","?","M","M","M","R","E","M","T","M","?","M","R","?","R","B"],"character_chosen":"DEFECT","items_purchased":[],"campfire_rested":0,"item_purchase_floors":[],"current_hp_per_floor":[74,56,51,51,48,48,29,23,23,37,37,34,34,34,34,0,0],"gold":181,"neow_bonus":"THREE_RARE_CARDS","is_daily":false,"chose_seed":false,"campfire_upgraded":3,"win_rate":0.0,"timestamp":1613745264,"path_taken":["M","?","M","M","M","R","E","M","T","M","?","M","R","?","R","BOSS"],"items_purchased_type":[],"build_version":"2020-12-22","purchased_purges":0,"victory":false,"max_hp_per_floor":[75,75,75,75,75,75,75,75,75,75,75,75,75,75,75,75,75],"card_choices":[{"not_picked":["Biased Cognition","All For One"],"picked":"Echo Form","floor":0.0},{"not_picked":["Redo","Leap"],"picked":"BootSequence","floor":1.0},{"not_picked":["Force Field","Compile Driver"],"picked":"Hologram","floor":3.0},{"not_picked":["Hologram","Force Field"],"picked":"Redo","floor":4.0},{"not_picked":["Hologram","Steam"],"picked":"Redo","floor":5.0},{"not_picked":["Hologram","Fission"],"picked":"Genetic Algorithm","floor":7.0},{"not_picked":["Ball Lightning","Streamline"],"picked":"Chill","floor":8.0},{"not_picked":["Tempest","Compile Driver"],"picked":"Turbo","floor":10.0},{"not_picked":["Streamline","Reinforced Body"],"picked":"Steam","floor":12.0}],"player_experience":117488,"relics_obtained":[{"floor":7.0,"key":"Juzu Bracelet"},{"floor":9.0,"key":"White Beast Statue"}],"event_choices":[{"damage_healed":0.0,"max_hp_gain":0.0,"max_hp_loss":0.0,"gold_gain":0.0,"event_name":"Golden Idol","player_choice":"Take Damage","floor":2.0,"gold_loss":0.0,"damage_taken":18.0,"relics_obtained":["Golden Idol"]},{"cards_removed":["Defend_B"],"damage_healed":0.0,"max_hp_gain":0.0,"max_hp_loss":0.0,"gold_gain":0.0,"event_name":"Bonfire Elementals","player_choice":"Offered Basic","floor":11.0,"gold_loss":0.0,"damage_taken":0.0},{"damage_healed":0.0,"max_hp_gain":0.0,"max_hp_loss":0.0,"gold_gain":0.0,"event_name":"Living Wall","player_choice":"Grow","floor":14.0,"gold_loss":0.0,"damage_taken":0.0,"cards_upgraded":["Zap"]}],"is_beta":false,"boss_relics":[],"items_purged_floors":[],"is_endless":false,"potions_floor_spawned":[1,5,7,10,12],"killed_by":"Hexaghost","ascension_level":0}}