{"host":"l7w0by5tm9d5mps5","time":1613703233,"event":{"mods":["AchievementEnabler","BaseMod","BetterRewards","Energized Spire","Minty Spire (QoL Compilation)","Permanent Neow","Reliquary","Replay The Spire","Spire Arcade","StSLib","The Runesmith"],"gold_per_floor":[110,110,124,124,136,163,163,180,206,206,281,296,296,306,306,410,360,375,315,315,240,258,258,18,48,75,86,96,21,21,40,40,144,144,162,175,189,189,206,206,226,226,226,226,239,139,186,206,206,206],"floor_reached":51,"language":"ENG","playtime":3628,"items_purged":["Runesmith:Strike_RS","Parasite"],"score":621,"play_id":"fbd144ca-4819-4f57-8e79-fc50c67fa47e","local_time":"20210219035353","is_ascension_mode":false,"campfire_choices":[{"data":"Runesmith:Fortify","floor":7.0,"key":"SMITH"},{"data":"Runesmith:OneForEveryone","floor":10.0,"key":"SMITH"},{"data":"Runesmith:HeatExchange","floor":13.0,"key":"SMITH"},{"data":"Runesmith:CraftFirestone","floor":15.0,"key":"SMITH"},{"data":"Runesmith:CreatorForm","floor":23.0,"key":"SMITH"},{"floor":32.0,"key":"REST"},{"data":"Runesmith:CreatorForm","floor":40.0,"key":"SMITH"},{"floor":42.0,"key":"REST"},{"floor":44.0,"key":"REST"}],"circlet_count":0,"master_deck":["Runesmith:Defend_RS+1","Runesmith:Defend_RS+1","Runesmith:Defend_RS+1","Runesmith:Defend_RS+1","Runesmith:CraftFirestone+1","Runesmith:Fortify+1","Runesmith:ChiselStab+1","Runesmith:OneForEveryone+1","Runesmith:HeatExchange+1","Runesmith:CreatorForm+1","Runesmith:CreatorForm+1","Runesmith:EnergizedChisel+1","Runesmith:Retool+1","Runesmith:BackupBattery+2","Runesmith:LithiumIon+1","Runesmith:UnstableHammer+1","Runesmith:ChaoticBlast+1","Runesmith:Grindstone+1","Runesmith:BackupBattery+2","Runesmith:CraftMagma+1","Runesmith:CraftIncendium+1"],"relics":["Runesmith:BrokenRuby","ReplayFunnel","Replay:Wax Seal","energizedSpire:HugeHouse","Toxic Egg 2","Orichalcum","Blood Vial","Empty Cage","reliquary:JackalopeAntler","ReplayTheSpireMod:TigerMarble","Mark of the Bloom"],"acts_visited":["Exordium","TheCity","TheBeyond"],"potions_floor_usage":[50,50,50],"damage_taken":[{"damage":0.0,"enemies":"Small Slimes","floor":1.0,"turns":4.0},{"damage":7.0,"enemies":"Jaw Worm","floor":3.0,"turns":4.0},{"damage":1.0,"enemies":"Cultist","floor":5.0,"turns":4.0},{"damage":17.0,"enemies":"3 Sentries","floor":6.0,"turns":7.0},{"damage":0.0,"enemies":"Blue Slaver","floor":8.0,"turns":3.0},{"damage":0.0,"enemies":"Looter","floor":12.0,"turns":3.0},{"damage":0.0,"enemies":"Large Slime","floor":14.0,"turns":4.0},{"damage":13.0,"enemies":"The Guardian","floor":16.0,"turns":9.0},{"damage":10.0,"enemies":"2 Thieves","floor":18.0,"turns":3.0},{"damage":9.0,"enemies":"Chosen","floor":22.0,"turns":6.0},{"damage":24.0,"enemies":"Replay:Snechameleon","floor":25.0,"turns":7.0},{"damage":3.0,"enemies":"Sentry and Sphere","floor":27.0,"turns":4.0},{"damage":7.0,"enemies":"Centurion and Healer","floor":28.0,"turns":4.0},{"damage":0.0,"enemies":"Snecko","floor":31.0,"turns":3.0},{"damage":26.0,"enemies":"Automaton","floor":33.0,"turns":7.0},{"damage":10.0,"enemies":"Orb Walker","floor":35.0,"turns":5.0},{"damage":15.0,"enemies":"3 Darklings","floor":36.0,"turns":3.0},{"damage":1.0,"enemies":"Maw","floor":37.0,"turns":8.0},{"damage":4.0,"enemies":"Jaw Worm Horde","floor":39.0,"turns":4.0},{"damage":22.0,"enemies":"Transient","floor":41.0,"turns":5.0},{"damage":0.0,"enemies":"Writhing Mass","floor":45.0,"turns":6.0},{"damage":2.0,"enemies":"3 Darklings","floor":48.0,"turns":3.0},{"damage":42,"enemies":"Donu and Deca","floor":50,"turns":8}],"seed_played":"8953753669922930234","potions_obtained":[{"floor":3.0,"key":"FearPotion"},{"floor":5.0,"key":"Energy Potion"},{"floor":14.0,"key":"Explosive Potion"},{"floor":16.0,"key":"AttackPotion"},{"floor":22.0,"key":"BlessingOfTheForge"},{"floor":25.0,"key":"Dexterity Potion"},{"floor":33.0,"key":"SteroidPotion"},{"floor":35.0,"key":"Weak Potion"},{"floor":36.0,"key":"Block Potion"},{"floor":41.0,"key":"Venom Potion"},{"floor":45.0,"key":"Reflective Coating"}],"is_trial":false,"path_per_floor":["M","?","M","?","M","E","R","M","T","R","?","M","R","M","R","B",null,"M","?","?","?","M","R","$","E","T","M","M","$","?","M","R","B",null,"M","M","M","?","M","R","M","R","T","R","M","$","T","M","R","B",null],"character_chosen":"RUNESMITH_CLASS","items_purchased":["Toxic Egg 2"],"campfire_rested":3,"item_purchase_floors":[24],"current_hp_per_floor":[70,70,63,63,62,45,45,45,45,45,38,38,38,38,38,25,65,55,55,55,55,46,46,46,22,22,21,16,16,16,18,37,13,65,55,42,43,43,41,41,21,40,40,59,61,61,61,60,60,18],"gold":206,"neow_bonus":"REMOVE_CARD","is_daily":false,"chose_seed":false,"campfire_upgraded":6,"win_rate":0.0,"timestamp":1613703233,"path_taken":["M","?","M","?","M","E","R","M","T","R","?","M","R","M","R","BOSS","M","?","?","?","M","R","$","E","T","M","M","?","?","?","R","BOSS","M","M","?","?","?","R","M","R","T","R","M","$","?","M","R","BOSS"],"items_purchased_type":["Relic"],"build_version":"2020-12-22","purchased_purges":2,"victory":true,"max_hp_per_floor":[70,70,70,70,70,70,70,70,70,70,70,70,70,70,70,70,65,65,65,65,65,65,65,65,65,65,65,65,65,65,65,65,65,65,65,65,65,65,65,65,65,65,65,65,65,62,62,62,62,62],"card_choices":[{"not_picked":["Runesmith:FrozenChisel","Runesmith:EarthShield"],"picked":"Runesmith:ChiselStab","floor":1.0},{"not_picked":["Runesmith:WhiteBalance","Runesmith:Accelerate","Runesmith:ElementalConversion"],"picked":"SKIP","floor":3.0},{"not_picked":["Runesmith:NanitesCloud","Runesmith:Grindstone"],"picked":"Runesmith:ChiselStab","floor":5.0},{"not_picked":["Runesmith:StaticCage","Runesmith:Repurpose"],"picked":"Runesmith:PerfectChisel","floor":6.0},{"not_picked":["Runesmith:RunicBlueprint","Runesmith:EarthShield"],"picked":"Runesmith:OneForEveryone","floor":8.0},{"not_picked":["Runesmith:RuneHurl","Runesmith:ChiselStab"],"picked":"Runesmith:HeatExchange","floor":12.0},{"not_picked":["Runesmith:Discharge","Runesmith:RuneHurl","Runesmith:ChiselStab"],"picked":"SKIP","floor":14.0},{"not_picked":["Runesmith:FissionHammer","Runesmith:LightningRod"],"picked":"Runesmith:CreatorForm","floor":16.0},{"not_picked":["Runesmith:CraftReservo","Runesmith:HeatedChisel","Runesmith:PerfectChisel+1"],"picked":"SKIP","floor":18.0},{"not_picked":["Runesmith:Discharge+1","Runesmith:Grindstone"],"picked":"Runesmith:Retool+1","floor":22.0},{"not_picked":["Runesmith:Overpower","Runesmith:Duplicate+1","Runesmith:StaticCage+1"],"picked":"SKIP","floor":25.0},{"not_picked":["Runesmith:Superposition","Runesmith:CraftMagma+1"],"picked":"Runesmith:BackupBattery+1","floor":27.0},{"not_picked":["Runesmith:HammerThrow","Runesmith:MakeshiftArmor+1"],"picked":"Runesmith:LithiumIon","floor":28.0},{"not_picked":["Runesmith:EnergizedChisel","Runesmith:EarthShield+1"],"picked":"Runesmith:UnstableHammer+1","floor":31.0},{"not_picked":["Runesmith:MetallurgicalResearch+1","Runesmith:LightningRod+1"],"picked":"Runesmith:ArcReactor","floor":33.0},{"not_picked":["Runesmith:CraftVitae+1","Runesmith:ShiftingStrike"],"picked":"Runesmith:ChaoticBlast+1","floor":35.0},{"not_picked":["Runesmith:CraftReservo+1","Runesmith:ChargedHammer","Runesmith:HammerThrow"],"picked":"SKIP","floor":36.0},{"not_picked":["Runesmith:EnergizedChisel+1","Runesmith:CraftMagma+1"],"picked":"Runesmith:Grindstone+1","floor":37.0},{"not_picked":["Runesmith:HammerThrow","Runesmith:StaticCage+1"],"picked":"Runesmith:BackupBattery+1","floor":39.0},{"not_picked":["Runesmith:Repurpose+1","Runesmith:UnstableHammer+1"],"picked":"Runesmith:CraftMagma+1","floor":41.0},{"not_picked":["Runesmith:RunicBlueprint+1","Runesmith:HammerThrow+1"],"picked":"Runesmith:CraftIncendium+1","floor":45.0},{"not_picked":["Runesmith:CraftObretio+1","Runesmith:CraftProtectio+1","Runesmith:RuneHurl"],"picked":"SKIP","floor":48.0}],"player_experience":254556,"relics_obtained":[{"floor":2.0,"key":"ReplayTheSpireMod:Ring of Challenge"},{"floor":2.0,"key":"Ring of Panic"},{"floor":6.0,"key":"ReplayFunnel"},{"floor":9.0,"key":"Replay:Wax Seal"},{"floor":25.0,"key":"Orichalcum"},{"floor":26.0,"key":"Blood Vial"},{"floor":43.0,"key":"reliquary:JackalopeAntler"},{"floor":47.0,"key":"ReplayTheSpireMod:TigerMarble"}],"event_choices":[{"cards_removed":["Runesmith:Strike_RS"],"damage_healed":0.0,"max_hp_gain":0.0,"max_hp_loss":0.0,"gold_gain":0.0,"event_name":"Living Wall","player_choice":"Forget","floor":4.0,"gold_loss":0.0,"damage_taken":0.0},{"damage_healed":0.0,"max_hp_gain":0.0,"max_hp_loss":0.0,"gold_gain":75.0,"event_name":"FaceTrader","player_choice":"Touch","floor":11.0,"gold_loss":0.0,"damage_taken":7.0},{"damage_healed":0.0,"max_hp_gain":0.0,"max_hp_loss":0.0,"gold_gain":0.0,"event_name":"The Library","player_choice":"Read","floor":20.0,"gold_loss":0.0,"damage_taken":0.0,"cards_obtained":["Runesmith:EnergizedChisel"]},{"cards_removed":["Runesmith:Strike_RS"],"damage_healed":0.0,"max_hp_gain":0.0,"max_hp_loss":0.0,"gold_gain":0.0,"event_name":"Beggar","player_choice":"Gave Gold","floor":21.0,"gold_loss":75.0,"damage_taken":0.0},{"damage_healed":0.0,"max_hp_gain":0.0,"max_hp_loss":0.0,"gold_gain":0.0,"event_name":"Ghosts","player_choice":"Ignored","floor":30.0,"gold_loss":0.0,"damage_taken":0.0},{"damage_healed":0.0,"max_hp_gain":0.0,"max_hp_loss":0.0,"gold_gain":0.0,"event_name":"Accursed Blacksmith","player_choice":"Forge","floor":38.0,"gold_loss":0.0,"damage_taken":0.0,"cards_upgraded":["Runesmith:LithiumIon"]},{"damage_healed":0.0,"max_hp_gain":0.0,"max_hp_loss":0.0,"gold_gain":0.0,"event_name":"MindBloom","player_choice":"Upgrade","floor":49.0,"gold_loss":0.0,"damage_taken":0.0,"cards_upgraded":["Runesmith:Defend_RS","Runesmith:Defend_RS","Runesmith:Defend_RS","Runesmith:Defend_RS","Runesmith:ChiselStab","Runesmith:EnergizedChisel","Runesmith:BackupBattery","Runesmith:BackupBattery"],"relics_obtained":["Mark of the Bloom"]}],"is_beta":false,"boss_relics":[{"not_picked":["reliquary:ThirdArm","Honey Jar"],"picked":"energizedSpire:HugeHouse"},{"not_picked":["Velvet Choker","Runic Pyramid"],"picked":"Empty Cage"}],"items_purged_floors":[29,46],"is_endless":false,"potions_floor_spawned":[3,5,14,16,22,25,33,35,36,41,45],"ascension_level":0}}