{"host":"ox77rn1xcurm2t5a","time":1613762972,"event":{"mods":["2.2 Compatiblity","AchievementEnabler","Act Like it!","Aspiration","BaseMod","Best Route Mod","Better Match","Better Note","Better Sensory Stone","Block Reminder","Colored Map","Colored Powertips","Conjunction","Conspire","Custom Start","Energized Spire","GifTheSpireLib","Gold Saver","Gremlin Skip","Halation","Highlight Path","Hubris","Infinite Spire","Minty Spire (QoL Compilation)","Pale of the Ancients","Quick Restart","Reliquary","Replay The Spire","Reworked Bosses","ShortenTheSpire","Spire Exporter","StSLib","Stuff the Spire","Wandering Minibosses"],"gold_per_floor":[533,543,522,213,245,245,277,277,304,337,337,367,367,380,380,488,488,512,512,512,101,121,121,154,154,227,250,8,25,25,58,58,158,158,185,185,206,2,26,26,66,66,90,111,147,147,172,209,209,217,217,217,60,97,102,102],"floor_reached":55,"language":"ENG","playtime":31895,"items_purged":["Defend_R","Strike_R"],"score":1135,"play_id":"83891281-780a-484d-aa84-adfbdf5b0abe","local_time":"20210219212932","is_ascension_mode":true,"campfire_choices":[{"data":"Demon Form","floor":6,"key":"SMITH"},{"floor":11,"key":"RECALL"},{"data":"Inflame","floor":13,"key":"SMITH"},{"data":"Bash","floor":15,"key":"SMITH"},{"data":"Perfected Strike","floor":23,"key":"SMITH"},{"data":"infinitespire:Gouge","floor":25,"key":"SMITH"},{"data":"Anger","floor":30,"key":"SMITH"},{"floor":32,"key":"REST"},{"data":"Sword Boomerang","floor":42,"key":"SMITH"},{"data":"Perfected Strike","floor":46,"key":"SMITH"},{"data":"Thunderclap","floor":49,"key":"SMITH"},{"data":"Reaper","floor":52,"key":"SMITH"}],"circlet_count":0,"master_deck":["Strike_R","Strike_R","Strike_R","Strike_R","Defend_R","Defend_R+1","Defend_R","Bash+1","Perfected Strike+1","Demon Form+1","Cleave","Inflame+1","Sword Boomerang+1","Disarm+1","Cleave+1","infinitespire:Gouge+1","infinitespire:NeuralNetwork","Anger+1","Iron Wave+1","Cleave+1","Reaper+1","Perfected Strike+1","Cleave","Perfected Strike+1","Clash+1","Thunderclap+1","Perfected Strike+1","Twin Strike+1"],"relics":["Burning Blood","aspiration:HiddenCompartment","StuffTheSpire:HeavyRock","infinitespire:CursedDice","Happy Flower","WingedGreaves","halation:IllGainedPizza","Replay:Bottled Flurry","reliquary:Aerogel","reliquary:PurpleTingedLeaf","reliquary:Buckler","Bottled Lightning","hubris:SphereOfDissonance","Replay:Bottled Flurry","conspire:TreasureMap","Bag of Preparation","Bottled Tornado","StuffTheSpire:Gunfinga","aspiration:StickyExplosives_weak","aspiration:Lifesprig","Replay:Baseball","Mercury Hourglass"],"acts_visited":["Exordium","TheCity","TheBeyond","TheEnding"],"potions_floor_usage":[5,5,10,16,18,33,35,41,44,50],"damage_taken":[{"damage":10,"enemies":"Cultist","floor":1,"turns":5},{"damage":14,"enemies":"Jaw Worm","floor":2,"turns":4},{"damage":28,"enemies":"conspire:MimicChest","floor":5,"turns":5},{"damage":46,"enemies":"3 Sentries","floor":7,"turns":13},{"damage":17,"enemies":"Lagavulin","floor":10,"turns":5},{"damage":8,"enemies":"Gremlin Nob","floor":12,"turns":3},{"damage":0,"enemies":"Small Slimes","floor":14,"turns":3},{"damage":25,"enemies":"Slime Boss","floor":16,"turns":8},{"damage":32,"enemies":"2 Thieves","floor":18,"turns":4},{"damage":4,"enemies":"Chosen","floor":22,"turns":3},{"damage":10,"enemies":"Gremlin Leader","floor":24,"turns":5},{"damage":25,"enemies":"Centurion and Healer","floor":27,"turns":6},{"damage":1,"enemies":"Snake Plant","floor":29,"turns":4},{"damage":23,"enemies":"Book of Stabbing","floor":31,"turns":4},{"damage":8,"enemies":"bossMod:newChamp","floor":33,"turns":7},{"damage":21,"enemies":"3 Shapes","floor":35,"turns":6},{"damage":15,"enemies":"Orb Walker","floor":37,"turns":4},{"damage":28,"enemies":"Nemesis","floor":41,"turns":7},{"damage":4,"enemies":"Jaw Worm Horde","floor":44,"turns":3},{"damage":27,"enemies":"R_Hoarder","floor":45,"turns":5},{"damage":5,"enemies":"Transient","floor":47,"turns":5},{"damage":56,"enemies":"Reptomancer","floor":48,"turns":6},{"damage":58,"enemies":"hubris:GrandSnecko","floor":50,"turns":6},{"damage":86,"enemies":"Shield and Spear","floor":54,"turns":5},{"damage":71,"enemies":"The Heart","floor":55,"turns":2}],"seed_played":"2882431497836742753","potions_obtained":[{"floor":1,"key":"SteroidPotion"},{"floor":2,"key":"Strength Potion"},{"floor":7,"key":"Languid Potion"},{"floor":14,"key":"AttackPotion"},{"floor":16,"key":"PowerPotion"},{"floor":29,"key":"Elixir"},{"floor":31,"key":"BloodPotion"},{"floor":33,"key":"SkillPotion"},{"floor":37,"key":"Block Potion"},{"floor":41,"key":"SkillPotion"},{"floor":45,"key":"SpeedPotion"},{"floor":47,"key":"Milkshake"}],"is_trial":false,"path_per_floor":["M","M","?","$","?","R","E","?","T","E","R","E","R","M","R","B",null,"M","?","AVR","$","M","R","E","R","T","M","$","M","R","E","R","B",null,"M","?","M","$","T","R","E","R","T","M","E","R","M","E","R","B",null,"R","$","E","B"],"character_chosen":"IRONCLAD","items_purchased":["StuffTheSpire:HeavyRock","Demon Form","reliquary:Aerogel","reliquary:PurpleTingedLeaf","hubris:SphereOfDissonance","Cleave","conspire:TreasureMap","Replay:Baseball"],"campfire_rested":1,"item_purchase_floors":[4,4,21,21,28,38,38,53],"current_hp_per_floor":[68,60,60,60,38,38,55,60,60,49,49,47,47,53,53,34,72,46,46,46,46,49,49,46,46,46,29,29,36,36,20,45,61,79,74,85,85,85,85,85,64,64,64,78,59,59,85,46,46,32,72,72,72,11,0,0],"gold":102,"neow_bonus":"RANDOM_COMMON_RELIC","is_daily":false,"chose_seed":false,"campfire_upgraded":10,"win_rate":0.0,"timestamp":1613762972,"path_taken":["M","?","?","$","?","R","E","?","T","E","R","E","R","M","R","BOSS","M","?","AVR","?","M","R","E","R","T","M","$","M","R","E","R","BOSS","M","?","?","$","?","R","E","R","T","M","E","R","M","E","R","BOSS","R","$","E","BOSS"],"items_purchased_type":["Relic","Card","Relic","Relic","Relic","Card","Relic","Relic"],"build_version":"2020-12-22","purchased_purges":2,"victory":false,"max_hp_per_floor":[80,80,80,80,80,80,80,85,85,85,85,85,85,85,85,85,85,85,85,85,85,85,85,85,85,85,85,85,85,85,85,85,85,85,85,85,85,85,85,85,85,85,85,85,85,85,85,85,85,85,85,85,85,85,85,85],"card_choices":[{"not_picked":["conspire:ExplosiveBarrier","Cleave"],"picked":"Perfected Strike","floor":1},{"not_picked":["Shrug It Off","StuffTheSpire:Incineration","Uppercut"],"picked":"SKIP","floor":2},{"not_picked":["Sword Boomerang","Twin Strike"],"picked":"Cleave","floor":5},{"not_picked":["hubris:ReadiedAction","hubris:StunningStrike"],"picked":"Inflame","floor":7},{"not_picked":["Abandon","ReplayTheSpireMod:Strike From Hell"],"picked":"Sword Boomerang","floor":10},{"not_picked":["Havoc","ReplayTheSpireMod:LeadingStrike","Hemokinesis"],"picked":"SKIP","floor":12},{"not_picked":["Wild Strike","Clothesline"],"picked":"Disarm","floor":14},{"not_picked":["Twin Strike","Havoc"],"picked":"Cleave+1","floor":18},{"not_picked":["Run Through","Flex"],"picked":"Anger","floor":22},{"not_picked":["Shrug It Off","infinitespire:OneForAll"],"picked":"Iron Wave+1","floor":24},{"not_picked":["True Grit","Cleave","hubris:ReadiedAction"],"picked":"SKIP","floor":27},{"not_picked":["Abandon","Fire Breathing"],"picked":"Cleave+1","floor":29},{"not_picked":["Fire Breathing","Body Slam","Brutality"],"picked":"SKIP","floor":31},{"not_picked":["Brutality","Fiend Fire"],"picked":"Reaper","floor":33},{"not_picked":["Combust","Headbutt+1"],"picked":"Perfected Strike","floor":35},{"not_picked":["ReplayTheSpireMod:Stacked","Replay:Undeath\u0027s Touch","Anger"],"picked":"SKIP","floor":37},{"not_picked":["ReplayTheSpireMod:Strike From Hell","Anger"],"picked":"Perfected Strike+1","floor":41},{"not_picked":["Iron Wave","StuffTheSpire:Slingshot+1"],"picked":"Clash+1","floor":44},{"not_picked":["ReplayTheSpireMod:Stacked+1","Body Slam+1","Disarm"],"picked":"SKIP","floor":45},{"not_picked":["StuffTheSpire:Slingshot","Cleave"],"picked":"Thunderclap","floor":47},{"not_picked":["True Grit+1","Bludgeon"],"picked":"Perfected Strike+1","floor":48},{"not_picked":["ReplayTheSpireMod:Corrosion Curse","Run Through+1"],"picked":"Twin Strike+1","floor":54}],"player_experience":3157933,"relics_obtained":[{"floor":5,"key":"infinitespire:CursedDice"},{"floor":7,"key":"Happy Flower"},{"floor":10,"key":"WingedGreaves"},{"floor":12,"key":"halation:IllGainedPizza"},{"floor":24,"key":"reliquary:Buckler"},{"floor":26,"key":"Bottled Lightning"},{"floor":31,"key":"Replay:Bottled Flurry"},{"floor":39,"key":"Bag of Preparation"},{"floor":41,"key":"Bottled Tornado"},{"floor":43,"key":"StuffTheSpire:Gunfinga"},{"floor":45,"key":"aspiration:StickyExplosives_weak"},{"floor":48,"key":"aspiration:Lifesprig"},{"floor":54,"key":"Mercury Hourglass"}],"event_choices":[{"damage_healed":0,"gold_gain":0,"player_choice":"Left Gold","damage_taken":0,"max_hp_gain":0,"max_hp_loss":0,"event_name":"World of Goop","floor":3,"gold_loss":21},{"damage_healed":0,"gold_gain":0,"player_choice":"Donut","damage_taken":0,"max_hp_gain":5,"max_hp_loss":0,"event_name":"Big Fish","floor":8,"gold_loss":0},{"damage_healed":0,"gold_gain":0,"player_choice":"Ignored","damage_taken":0,"max_hp_gain":0,"max_hp_loss":0,"event_name":"betterNote:BetterNote","floor":19,"gold_loss":0,"cards_obtained":["Strike_P"]},{"damage_healed":11,"gold_gain":0,"player_choice":"Full Heal","damage_taken":0,"max_hp_gain":0,"max_hp_loss":0,"event_name":"Wheel of Change","floor":36,"gold_loss":0}],"is_beta":false,"boss_relics":[{"not_picked":["conspire:SeveredTorchhead","reliquary:Ember","Painkiller Herb"]},{"not_picked":["hubris:CrackedHourglass","energizedSpire:HugeHouse","Kintsugi"]}],"items_purged_floors":[4,20],"is_endless":false,"potions_floor_spawned":[1,2,7,14,16,29,31,33,37,41,45,47],"killed_by":"The Heart","ascension_level":8}}