{"host":"cpsutu8lprjuipd6","time":1613721775,"event":{"mods":["BaseMod","Colored Map","Minty Spire (QoL Compilation)","Permanent Neow","Quick Restart","StSLib","SuperFastMode","The Bug Knight","Together in Spire"],"gold_per_floor":[167,167,167,177,127,127,154,154,178,203,203,226,144,144,144,243,243,261,271,281,380,295,295,320,8,8,8,8,8,8,24,24,129,129,139,26,26,42,82,82,96,96,121,121,131,131,38,48,48,48,48,48,23,51,51,51],"floor_reached":55,"language":"KOR","playtime":2167,"items_purged":["Defend_P","Strike_P+1"],"score":775,"play_id":"511a3cb2-45d7-40fe-8809-3a65d86ecd0f","local_time":"20210219170255","is_ascension_mode":true,"campfire_choices":[{"data":"Eruption","floor":6,"key":"SMITH"},{"data":"ForeignInfluence","floor":8,"key":"SMITH"},{"floor":11,"key":"REST"},{"floor":15,"key":"REST"},{"floor":23,"key":"REST"},{"floor":27,"key":"REST"},{"data":"Omniscience","floor":30,"key":"SMITH"},{"floor":32,"key":"RECALL"},{"floor":40,"key":"REST"},{"floor":42,"key":"REST"},{"floor":44,"key":"REST"},{"data":"TalkToTheHand","floor":46,"key":"SMITH"},{"data":"Enlightenment","floor":49,"key":"SMITH"},{"data":"Consecrate","floor":52,"key":"SMITH"}],"circlet_count":0,"master_deck":["Strike_P+1","Eruption+1","Vigilance+1","Tantrum+1","EmptyFist","EmptyFist","ForeignInfluence+1","TalkToTheHand+1","FollowUp","Tantrum","Omniscience+1","Scrawl+1","SignatureMove+1","Wish+1","Crescendo+1","BattleHymn+1","FlurryOfBlows","BowlingBash","ForeignInfluence+1","Brilliance","Consecrate+1","BowlingBash+1","BattleHymn+1","Consecrate","Enlightenment+1"],"relics":["Tiny House","Peace Pipe","Omamori","Pantograph","Odd Mushroom","Astrolabe","StoneCalendar","Matryoshka","Membership Card","Mango","Whetstone","Happy Flower","Darkstone Periapt","Philosopher\u0027s Stone","Toolbox","Dream Catcher","Incense Burner"],"acts_visited":["Exordium","TheCity","TheBeyond","TheEnding"],"potions_floor_usage":[7,24,33,38,50,55,55],"damage_taken":[{"damage":0,"enemies":"Small Slimes","floor":1,"turns":2},{"damage":1,"enemies":"Cultist","floor":4,"turns":3},{"damage":18,"enemies":"Lagavulin","floor":7,"turns":3},{"damage":36,"enemies":"3 Sentries","floor":10,"turns":7},{"damage":9,"enemies":"The Mushroom Lair","floor":12,"turns":3},{"damage":0,"enemies":"Slime Boss","floor":16,"turns":4},{"damage":44,"enemies":"2 Thieves","floor":18,"turns":4},{"damage":14,"enemies":"3 Byrds","floor":19,"turns":3},{"damage":16,"enemies":"Centurion and Healer","floor":20,"turns":3},{"damage":0,"enemies":"Gremlin Leader","floor":24,"turns":5},{"damage":10,"enemies":"Snecko","floor":31,"turns":3},{"damage":63,"enemies":"Automaton","floor":33,"turns":5},{"damage":30,"enemies":"3 Shapes","floor":35,"turns":3},{"damage":12,"enemies":"3 Darklings","floor":38,"turns":3},{"damage":23,"enemies":"Jaw Worm Horde","floor":39,"turns":3},{"damage":9,"enemies":"3 Darklings","floor":41,"turns":2},{"damage":7,"enemies":"Transient","floor":45,"turns":5},{"damage":12,"enemies":"Sphere and 2 Shapes","floor":48,"turns":2},{"damage":140,"enemies":"Time Eater","floor":50,"turns":8},{"damage":69,"enemies":"Shield and Spear","floor":54,"turns":4},{"damage":81,"enemies":"The Heart","floor":55,"turns":3}],"seed_played":"-4523795210659683452","potions_obtained":[{"floor":0,"key":"DuplicationPotion"},{"floor":1,"key":"Fire Potion"},{"floor":4,"key":"GamblersBrew"},{"floor":10,"key":"FairyPotion"},{"floor":24,"key":"Weak Potion"},{"floor":35,"key":"Swift Potion"},{"floor":37,"key":"StancePotion"},{"floor":38,"key":"DuplicationPotion"}],"is_trial":false,"path_per_floor":["M","?","?","M","?","R","E","R","T","E","R","?","$","?","R","B",null,"M","M","M","?","?","R","E","$","T","R","T","$","R","M","R","B",null,"M","$","?","M","M","R","M","R","T","R","M","R","$","M","R","B",null,"R","$","E","B"],"character_chosen":"WATCHER","items_purchased":["Tantrum","Membership Card","Mango","Toolbox","Enlightenment","AttackPotion"],"campfire_rested":7,"item_purchase_floors":[13,25,25,36,47,53],"current_hp_per_floor":[77,82,82,81,81,81,63,63,63,27,51,42,42,35,59,82,82,38,24,8,8,8,32,32,46,46,74,74,74,74,64,64,26,96,66,66,66,54,31,59,50,78,78,96,89,89,89,77,77,28,96,96,96,27,0,0],"gold":51,"neow_bonus":"BOSS_RELIC","is_daily":false,"chose_seed":false,"campfire_upgraded":6,"win_rate":0.0,"timestamp":1613721775,"path_taken":["M","?","?","?","?","R","E","R","T","E","R","?","?","?","R","BOSS","M","M","M","?","?","R","E","?","T","R","?","$","R","M","R","BOSS","M","$","?","M","M","R","M","R","T","R","?","R","$","M","R","BOSS","R","$","E","BOSS"],"items_purchased_type":["Card","Relic","Relic","Relic","Card","Potion"],"build_version":"2020-12-22","purchased_purges":2,"victory":false,"max_hp_per_floor":[77,82,82,82,82,82,82,82,82,82,82,82,82,82,82,82,82,82,82,82,82,82,82,82,96,96,96,96,96,96,96,96,96,96,96,96,96,96,96,96,96,96,96,96,96,96,96,96,96,96,96,96,96,96,96,96],"card_choices":[{"not_picked":["WaveOfTheHand","Perseverance"],"picked":"Tantrum","floor":0},{"not_picked":["CrushJoints","SashWhip"],"picked":"EmptyFist","floor":1},{"not_picked":["FlurryOfBlows","BattleHymn"],"picked":"EmptyFist","floor":4},{"not_picked":["WindmillStrike","Protect"],"picked":"ForeignInfluence","floor":7},{"not_picked":["EmptyBody","FlurryOfBlows"],"picked":"TalkToTheHand","floor":10},{"not_picked":["FlurryOfBlows","WindmillStrike"],"picked":"FollowUp","floor":12},{"not_picked":["DeusExMachina","Brilliance"],"picked":"Omniscience","floor":16},{"not_picked":["PathToVictory+1","CrushJoints+1"],"picked":"Crescendo+1","floor":18},{"not_picked":["InnerPeace+1","WindmillStrike"],"picked":"BattleHymn+1","floor":19},{"not_picked":["SignatureMove+1","Meditate"],"picked":"FlurryOfBlows","floor":20},{"not_picked":["Pray","FearNoEvil"],"picked":"BowlingBash","floor":24},{"not_picked":["JustLucky+1","Wallop"],"picked":"ForeignInfluence+1","floor":31},{"not_picked":["Alpha","LessonLearned"],"picked":"Brilliance","floor":33},{"not_picked":["WheelKick+1","Vengeance+1"],"picked":"Consecrate","floor":35},{"not_picked":["CutThroughFate","Crescendo","ThirdEye"],"picked":"SKIP","floor":38},{"not_picked":["Consecrate","Crescendo"],"picked":"BowlingBash+1","floor":39},{"not_picked":["EmptyBody","FlyingSleeves+1"],"picked":"BattleHymn+1","floor":41},{"not_picked":["PathToVictory+1","Evaluate"],"picked":"Consecrate","floor":44},{"not_picked":["Wireheading+1","Evaluate+1","Omniscience"],"picked":"SKIP","floor":45},{"not_picked":["CutThroughFate","ThirdEye","WreathOfFlame+1"],"picked":"SKIP","floor":48},{"not_picked":["FearNoEvil","Perseverance","EmptyBody+1"],"picked":"SKIP","floor":54}],"player_experience":115829,"relics_obtained":[{"floor":7,"key":"Peace Pipe"},{"floor":9,"key":"Omamori"},{"floor":10,"key":"Pantograph"},{"floor":12,"key":"Odd Mushroom"},{"floor":24,"key":"Matryoshka"},{"floor":26,"key":"Whetstone"},{"floor":28,"key":"Happy Flower"},{"floor":28,"key":"Darkstone Periapt"},{"floor":43,"key":"Dream Catcher"},{"floor":54,"key":"Incense Burner"}],"event_choices":[{"damage_healed":0,"gold_gain":0,"player_choice":"Donut","damage_taken":0,"max_hp_gain":5,"max_hp_loss":0,"event_name":"Big Fish","floor":2,"gold_loss":0},{"damage_healed":0,"gold_gain":0,"player_choice":"Upgraded","damage_taken":0,"max_hp_gain":0,"max_hp_loss":0,"event_name":"Upgrade Shrine","floor":3,"gold_loss":0,"cards_upgraded":["Tantrum"]},{"cards_removed":["Defend_P"],"damage_healed":0,"gold_gain":0,"player_choice":"Card Removal","damage_taken":0,"max_hp_gain":0,"max_hp_loss":0,"event_name":"The Cleric","floor":5,"gold_loss":50},{"damage_healed":0,"gold_gain":0,"player_choice":"Fought Mushrooms","damage_taken":0,"max_hp_gain":0,"max_hp_loss":0,"event_name":"Mushrooms","floor":12,"gold_loss":0},{"cards_removed":["Strike_P"],"damage_healed":0,"gold_gain":0,"player_choice":"Card Removal","damage_taken":7,"max_hp_gain":0,"max_hp_loss":0,"event_name":"Golden Wing","floor":14,"gold_loss":0},{"damage_healed":0,"gold_gain":99,"player_choice":"Stole From Cult","damage_taken":0,"max_hp_gain":0,"max_hp_loss":0,"event_name":"Nest","floor":21,"gold_loss":0},{"damage_healed":0,"gold_gain":0,"player_choice":"Obtained Relic","damage_taken":0,"relics_obtained":["StoneCalendar"],"max_hp_gain":0,"max_hp_loss":0,"event_name":"Addict","floor":22,"gold_loss":85},{"damage_healed":0,"gold_gain":0,"player_choice":"Got Potions","damage_taken":0,"max_hp_gain":0,"max_hp_loss":0,"event_name":"Lab","floor":37,"gold_loss":0}],"is_beta":false,"boss_relics":[{"not_picked":["Runic Pyramid","Sozu"],"picked":"Astrolabe"},{"not_picked":["Empty Cage","Snecko Eye"],"picked":"Philosopher\u0027s Stone"}],"items_purged_floors":[36,47],"is_endless":false,"potions_floor_spawned":[1,4,10,18,20,24,35,38,41],"killed_by":"The Heart","ascension_level":1}}