{"host":"19r1ww88x2tc73i0","time":1613717916,"event":{"mods":["BaseMod","BetterRewards","Colored Map","Minty Spire (QoL Compilation)","Relic Stats","StSLib","SuperFastMode","slay the spire mod where everything is the same but ironclad has a cowboy hat"],"gold_per_floor":[113,132,151,161,61,61,61,87,133,133,133],"floor_reached":10,"language":"ENG","playtime":289,"items_purged":["Defend_R","Strike_R"],"score":136,"play_id":"f7b00926-f2a0-4f37-b2a4-de81e8f977b1","local_time":"25640219135836","is_ascension_mode":true,"campfire_choices":[{"data":"Whirlwind","floor":6,"key":"SMITH"}],"circlet_count":0,"master_deck":["AscendersBane","Strike_R","Strike_R","Strike_R","Defend_R","Defend_R","Defend_R","Bash","Whirlwind+1","Double Tap","True Grit","Flex","Rupture"],"relics":["Burning Blood","Torii","Strange Spoon","Letter Opener","Nunchaku"],"acts_visited":["Exordium"],"potions_floor_usage":[8,10],"damage_taken":[{"damage":0,"enemies":"Cultist","floor":1,"turns":4},{"damage":6,"enemies":"2 Louse","floor":2,"turns":2},{"damage":12,"enemies":"Jaw Worm","floor":3,"turns":4},{"damage":45,"enemies":"Exordium Thugs","floor":4,"turns":5},{"damage":32,"enemies":"3 Sentries","floor":8,"turns":5},{"damage":31,"enemies":"Gremlin Nob","floor":10,"turns":3}],"seed_played":"-2002831600106285908","potions_obtained":[{"floor":2,"key":"BloodPotion"},{"floor":8,"key":"Regen Potion"}],"is_trial":false,"path_per_floor":["M","M","M","M","$","R","?","E","T","E"],"character_chosen":"IRONCLAD","items_purchased":["Torii","Strange Spoon","Whirlwind","Double Tap","True Grit"],"campfire_rested":0,"item_purchase_floors":[0,0,0,0,0],"current_hp_per_floor":[74,74,68,29,29,29,29,18,18,0,0],"gold":133,"neow_bonus":"","is_daily":false,"chose_seed":false,"campfire_upgraded":1,"win_rate":0.0,"timestamp":1613717916,"path_taken":["M","M","M","?","$","R","?","E","T","E"],"items_purchased_type":["Relic","Relic","Card","Card","Card"],"build_version":"2020-12-22","purchased_purges":2,"victory":false,"max_hp_per_floor":[75,75,75,75,75,75,75,75,75,75,75],"relic_stats":{"Strange Spoon":[0],"Nunchaku":[0],"Torii":6,"counters":[29,128],"Letter Opener":[0],"obtain_stats":[{"Calipers":0,"Happy Flower":6,"Torii":11,"Self Forming Clay":9,"CeramicFish":14,"Oddly Smooth Stone":0,"Letter Opener":8,"Question Card":0,"Burning Blood":0,"Strange Spoon":0,"Centennial Puzzle":9,"Dream Catcher":14,"Nunchaku":9,"Ornamental Fan":11,"Prayer Wheel":0,"Art of War":0,"Chemical X":0,"Bottled Lightning":7,"Paper Frog":0},{"Calipers":13,"Happy Flower":5,"Torii":19,"Self Forming Clay":18,"CeramicFish":22,"Oddly Smooth Stone":13,"Letter Opener":28,"Question Card":0,"Burning Blood":0,"Strange Spoon":6,"Centennial Puzzle":10,"Dream Catcher":12,"Nunchaku":28,"Ornamental Fan":11,"Prayer Wheel":6,"Art of War":6,"Chemical X":0,"Bottled Lightning":10,"Paper Frog":0},{"Calipers":73,"Happy Flower":26,"Torii":88,"Self Forming Clay":85,"CeramicFish":96,"Oddly Smooth Stone":73,"Letter Opener":125,"Question Card":0,"Burning Blood":0,"Strange Spoon":30,"Centennial Puzzle":51,"Dream Catcher":62,"Nunchaku":125,"Ornamental Fan":58,"Prayer Wheel":30,"Art of War":30,"Chemical X":0,"Bottled Lightning":51,"Paper Frog":0}],"Burning Blood":137},"card_choices":[{"not_picked":["Blood for Blood","Clash","Perfected Strike"],"picked":"SKIP","floor":1},{"not_picked":["Rampage","Sever Soul"],"picked":"Flex","floor":2},{"not_picked":["Searing Blow","Power Through"],"picked":"Rupture","floor":3},{"not_picked":["Heavy Blade","Evolve","Reckless Charge"],"picked":"SKIP","floor":4},{"not_picked":["Flame Barrier","Clash","Second Wind"],"picked":"SKIP","floor":8}],"player_experience":1130280,"relics_obtained":[{"floor":8,"key":"Letter Opener"},{"floor":9,"key":"Nunchaku"}],"event_choices":[{"cards_removed":["Strike_R"],"damage_healed":0,"gold_gain":0,"player_choice":"Purged","damage_taken":0,"max_hp_gain":0,"max_hp_loss":0,"event_name":"Purifier","floor":7,"gold_loss":0}],"is_beta":false,"boss_relics":[],"items_purged_floors":[0,5],"is_endless":false,"potions_floor_spawned":[2,8],"killed_by":"Gremlin Nob","ascension_level":20}}