{"host":"onk0sru1v5nf4gev","time":1613763155,"event":{"mods":["AchievementEnabler","BaseMod","Colored Map","Colored Powertips","Downfall","Googly Eyes","Infinite Spire","Minty Spire (QoL Compilation)","Quick Restart","Replay The Spire","StSLib","SuperFastMode","The Cursed"],"gold_per_floor":[115,135,208,208,208,308,328,340,387,131,160,121,121,121,121,222,222,242,242,262,262,262,293,293,293,347,364,399,399,416,428,428,532,532,579,599,599,599,655,655,724,724,724,724,724,788,49,62,62,164,164,178,200,200,221,221,221,245,281,308,308,132,132,144,144,144,144,144,229,229,251,126,148,247,247,247,273,309,309,309,334,334,357,385,385,489,489,523,564,564,610,108,108,127,127,174,174,190,210,213,64,64,147,147,166,166,186,210,243,243,287,287,287,317,317,357,412,88,88,174,174,196,45,77,77,91,119,119,149,176,217,217,239,239,65,65,150,150,177,199,211,62,41,41,57,57,57,101,131,113,113,145,145,114,114],"floor_reached":154,"language":"FRA","playtime":4927,"items_purged":["Doubt","Hallucinations","Parasite","CommonCold","Clash+1","downfall:Bewildered"],"score":4252,"play_id":"baf13410-eccc-4174-a789-acfd95dbb80f","local_time":"20210219203235","is_ascension_mode":true,"campfire_choices":[{"data":"Whirlwind","floor":13.0,"key":"SMITH"},{"floor":15.0,"key":"REST"},{"floor":29.0,"key":"REST"},{"data":"Inflame","floor":32.0,"key":"SMITH"},{"floor":40.0,"key":"REST"},{"floor":42.0,"key":"REST"},{"data":"Apotheosis","floor":49.0,"key":"SMITH"},{"data":"infinitespire:UltimateForm","floor":57.0,"key":"SMITH"},{"data":"infinitespire:SevenWalls","floor":61.0,"key":"SMITH"},{"data":"Inflame","floor":63.0,"key":"SMITH"},{"floor":68.0,"key":"REST"},{"floor":76.0,"key":"REST"},{"floor":80.0,"key":"REST"},{"floor":85.0,"key":"REST"},{"floor":93.0,"key":"REST"},{"floor":97.0,"key":"REST"},{"floor":102.0,"key":"REST"},{"floor":110.0,"key":"REST"},{"floor":112.0,"key":"REST"},{"floor":119.0,"key":"REST"},{"floor":128.0,"key":"REST"},{"floor":132.0,"key":"REST"},{"floor":136.0,"key":"REST"},{"floor":144.0,"key":"REST"},{"floor":146.0,"key":"REST"},{"floor":151.0,"key":"REST"},{"floor":153.0,"key":"REST"}],"circlet_count":0,"master_deck":["Strike_R+1","Strike_R+1","Strike_R+1","Strike_R+1","Defend_R+1","Defend_R+1","Defend_R+1","Defend_R+1","Seeing Red+1","Twin Strike+1","Shockwave","Combust+1","Flex","Whirlwind+1","ReplayTheSpireMod:Private Reserves+1","Inflame+1","Exhume+1","Rage+1","Heavy Blade+1","Whirlwind+1","Shockwave+1","infinitespire:SevenWalls+1","Heavy Blade","Spot Weakness+1","Bludgeon+1","Thunderclap","ReplayTheSpireMod:Muscle Training","Clash","Apotheosis+1","Reaper+1","Heavy Blade","Survivor+1","Neutralize","infinitespire:UltimateForm+1","Reaper","Inflame+1","Double Tap+1","Inflame+1","Flex+1","ReplayTheSpireMod:Haul","Immolate","Heavy Blade+1","Double Tap","Flex+1","Pot Of Greed+1","Pot Of Greed+1","Pot Of Greed+1","Pot Of Greed+1","Berserk","Inflame","Pot Of Greed+1","ReplayTheSpireMod:Private Reserves+1","Bloodletting+1","Looming Evil","Double Tap+1","Apotheosis","Apotheosis+1","ReplayTheSpireMod:Private Reserves+1","Barricade","Flex+1","Spreading Infection"],"relics":["Burning Blood","NeowsBlessing","Happy Flower","infinitespire:Lucky Rock","ReplayTheSpireMod:DimensionalGlitch","Vajra","PreservedInsect","Pen Nib","Whetstone","infinitespire:EvilPickle","infinitespire:Burning Sword","infinitespire:Bottled Soul","Replay:Bottled Snecko","Blue Candle","Anchor","Meat on the Bone","Cursed Key","Pocketwatch","Bird Faced Urn","infinitespire:Satchel","Fusion Hammer","White Beast Statue","Replay:Bottled Flurry","TheAbacus","Mark of Pain","Gremlin Food","Omamori","Bottled Flame","Grinning Jar","Toy Ornithopter","SlaversCollar","Self Forming Clay","Odd Mushroom","Red Skull","infinitespire:Joker Card","infinitespire:EmpoweringShard","Strawberry","Regal Pillow","Strange Spoon","Red Mask","Replay:Rubber Ducky","Replay:Baseball","Bag of Preparation","Blue Doll","Runic Dome","Potion Belt","Replay:Bottled Eggs","Incense Burner","Smiling Mask","Bronze Scales"],"acts_visited":["Exordium","TheCity","TheBeyond","Exordium","TheCity","TheBeyond","Exordium","TheCity","TheBeyond"],"potions_floor_usage":[],"damage_taken":[{"damage":0.0,"enemies":"Small Slimes","floor":1.0,"turns":1.0},{"damage":0.0,"enemies":"Jaw Worm","floor":2.0,"turns":1.0},{"damage":0.0,"enemies":"Cultist","floor":7.0,"turns":1.0},{"damage":13.0,"enemies":"3 Louse","floor":8.0,"turns":4.0},{"damage":23.0,"enemies":"3 Sentries","floor":11.0,"turns":6.0},{"damage":3.0,"enemies":"Slime Boss","floor":16.0,"turns":5.0},{"damage":0.0,"enemies":"3 Byrds","floor":18.0,"turns":3.0},{"damage":20.0,"enemies":"Shell Parasite","floor":20.0,"turns":4.0},{"damage":31.0,"enemies":"Gremlin Leader","floor":23.0,"turns":3.0},{"damage":14.0,"enemies":"Shelled Parasite and Fungi","floor":27.0,"turns":3.0},{"damage":9.0,"enemies":"Nightmare","floor":28.0,"turns":4.0},{"damage":0.0,"enemies":"Centurion and Healer","floor":30.0,"turns":5.0},{"damage":0.0,"enemies":"Snecko","floor":31.0,"turns":3.0},{"damage":24.0,"enemies":"Pondfish","floor":33.0,"turns":4.0},{"damage":0.0,"enemies":"Orb Walker","floor":35.0,"turns":1.0},{"damage":12.0,"enemies":"3 Shapes","floor":36.0,"turns":3.0},{"damage":15.0,"enemies":"infinitespire:Three Voidlings","floor":38.0,"turns":2.0},{"damage":30.0,"enemies":"Maw","floor":39.0,"turns":4.0},{"damage":31.0,"enemies":"Reptomancer","floor":41.0,"turns":3.0},{"damage":2.0,"enemies":"Jaw Worm Horde","floor":46.0,"turns":1.0},{"damage":15.0,"enemies":"Writhing Mass","floor":48.0,"turns":3.0},{"damage":30.0,"enemies":"Time Eater","floor":50.0,"turns":3.0},{"damage":3.0,"enemies":"Small Slimes","floor":52.0,"turns":2.0},{"damage":0.0,"enemies":"Jaw Worm","floor":53.0,"turns":1.0},{"damage":2.0,"enemies":"2 Louse","floor":55.0,"turns":2.0},{"damage":0.0,"enemies":"Blue Slaver","floor":58.0,"turns":1.0},{"damage":0.0,"enemies":"Lagavulin","floor":59.0,"turns":2.0},{"damage":15.0,"enemies":"Exordium Wildlife","floor":64.0,"turns":3.0},{"damage":24.0,"enemies":"The Guardian","floor":69.0,"turns":5.0},{"damage":0.0,"enemies":"Chosen","floor":71.0,"turns":2.0},{"damage":0.0,"enemies":"2 Thieves","floor":73.0,"turns":1.0},{"damage":0.0,"enemies":"Snake Plant","floor":77.0,"turns":2.0},{"damage":0.0,"enemies":"Gremlin Leader","floor":78.0,"turns":3.0},{"damage":21.0,"enemies":"Centurion and Healer","floor":81.0,"turns":2.0},{"damage":3.0,"enemies":"Cultist and Chosen","floor":83.0,"turns":3.0},{"damage":15.0,"enemies":"Snake Plant","floor":84.0,"turns":3.0},{"damage":64.0,"enemies":"Automaton","floor":86.0,"turns":5.0},{"damage":17.0,"enemies":"Orb Walker","floor":88.0,"turns":2.0},{"damage":18.0,"enemies":"3 Shapes","floor":89.0,"turns":4.0},{"damage":51.0,"enemies":"Maw","floor":91.0,"turns":4.0},{"damage":20.0,"enemies":"R_Hoarder","floor":94.0,"turns":4.0},{"damage":26.0,"enemies":"Sphere and 2 Shapes","floor":95.0,"turns":4.0},{"damage":17.0,"enemies":"Writhing Mass","floor":98.0,"turns":2.0},{"damage":2.0,"enemies":"4 Shapes","floor":99.0,"turns":1.0},{"damage":19.0,"enemies":"Transient","floor":100.0,"turns":5.0},{"damage":145.0,"enemies":"Awakened One","floor":103.0,"turns":6.0},{"damage":0.0,"enemies":"2 Louse","floor":105.0,"turns":1.0},{"damage":0.0,"enemies":"The Mushroom Lair","floor":107.0,"turns":1.0},{"damage":0.0,"enemies":"Cultist","floor":109.0,"turns":1.0},{"damage":2.0,"enemies":"Replay:BlueRogue","floor":111.0,"turns":1.0},{"damage":0.0,"enemies":"infinitespire:Voidling","floor":114.0,"turns":1.0},{"damage":0.0,"enemies":"Lots of Slimes","floor":116.0,"turns":1.0},{"damage":0.0,"enemies":"3 Sentries","floor":117.0,"turns":1.0},{"damage":7.0,"enemies":"The Guardian","floor":120.0,"turns":3.0},{"damage":9.0,"enemies":"Chosen","floor":122.0,"turns":2.0},{"damage":0.0,"enemies":"Masked Bandits","floor":124.0,"turns":1.0},{"damage":0.0,"enemies":"Spheric Guardian","floor":126.0,"turns":1.0},{"damage":0.0,"enemies":"Slavers","floor":127.0,"turns":1.0},{"damage":0.0,"enemies":"Replay:Snechameleon","floor":129.0,"turns":1.0},{"damage":2.0,"enemies":"Gremlin Leader","floor":131.0,"turns":1.0},{"damage":0.0,"enemies":"Centurion and Healer","floor":133.0,"turns":1.0},{"damage":42.0,"enemies":"Collector","floor":137.0,"turns":3.0},{"damage":0.0,"enemies":"3 Shapes","floor":139.0,"turns":1.0},{"damage":5.0,"enemies":"Orb Walker","floor":140.0,"turns":1.0},{"damage":51.0,"enemies":"Writhing Mass","floor":141.0,"turns":2.0},{"damage":0.0,"enemies":"Transient","floor":143.0,"turns":5.0},{"damage":0.0,"enemies":"R_Hoarder","floor":145.0,"turns":2.0},{"damage":0.0,"enemies":"Mind Bloom Boss Battle","floor":148.0,"turns":2.0},{"damage":0.0,"enemies":"Nemesis","floor":149.0,"turns":1.0},{"damage":72.0,"enemies":"Maw","floor":150.0,"turns":6.0},{"damage":5.0,"enemies":"Nightmare","floor":152.0,"turns":1.0},{"damage":255,"enemies":"infinitespire:LordOfFortification","floor":154,"turns":5}],"seed_played":"4972513591738740018","potions_obtained":[{"floor":1.0,"key":"Fire Potion"},{"floor":7.0,"key":"Dexterity Potion"},{"floor":8.0,"key":"Milkshake"},{"floor":20.0,"key":"Adrenaline Potion"},{"floor":27.0,"key":"Guardian:BlockOnCardUsePotion"},{"floor":36.0,"key":"SteroidPotion"},{"floor":50.0,"key":"Guardian:BlockOnCardUsePotion"},{"floor":55.0,"key":"Strength Potion"},{"floor":58.0,"key":"FairyPotion"},{"floor":64.0,"key":"SteroidPotion"},{"floor":73.0,"key":"hexamod:SoulburnPotion"},{"floor":77.0,"key":"AttackPotion"},{"floor":81.0,"key":"Toxic Potion"},{"floor":83.0,"key":"Fruit Juice"},{"floor":84.0,"key":"Elixir"},{"floor":86.0,"key":"Toxic Potion"},{"floor":89.0,"key":"Block Potion"},{"floor":94.0,"key":"Languid Potion"},{"floor":98.0,"key":"DuplicationPotion"},{"floor":103.0,"key":"BloodPotion"},{"floor":105.0,"key":"PowerPotion"},{"floor":107.0,"key":"Weak Potion"},{"floor":109.0,"key":"Swift Potion"},{"floor":126.0,"key":"Block Potion"},{"floor":137.0,"key":"BlessingOfTheForge"},{"floor":139.0,"key":"Swift Potion"},{"floor":140.0,"key":"Flashbang"},{"floor":143.0,"key":"DistilledChaos"},{"floor":149.0,"key":"EssenceOfSteel"},{"floor":150.0,"key":"BlessingOfTheForge"},{"floor":152.0,"key":"Adrenaline Potion"}],"is_trial":false,"path_per_floor":["M","M","?","?","$","?","M","M","T","$","E","?","R","?","R","B",null,"M","?","M","?","AVR","E","?","?","T","M","NM","R","M","M","R","B",null,"M","M","?","?","M","R","E","R","T","?","?","M","$","M","R","B",null,"M","M","?","M","AVR","R","M","E","T","R","$","R","M","PTL","PTL","?","R","B",null,"M","$","M","?","?","R","M","E","T","R","M","AVR","M","M","R","B",null,"M","M","?","M","$","R","E","M","T","R","M","M","M","$","R","B",null,"M","AVR","?","T","M","R","E","R","T","M","?","M","E","$","R","B",null,"M","$","?","?","M","E","R","E","T","E","R","M","?","$","R","B",null,"M","M","M","$","M","R","E","R","T","?","E","M","R","NM","R","B"],"character_chosen":"IRONCLAD","items_purchased":["Combust+1","Flex","Whirlwind","ReplayTheSpireMod:Private Reserves","Apotheosis","Anchor","Meat on the Bone","DuplicationPotion","Inflame","Gremlin Food","BloodPotion","Omamori","Toy Ornithopter","Regal Pillow","Strange Spoon","Apotheosis","ReplayTheSpireMod:Private Reserves+1","Potion Belt"],"campfire_rested":21,"item_purchase_floors":[10,10,10,10,47,47,47,47,62,92,92,92,101,118,123,135,135,142],"current_hp_per_floor":[80,80,80,80,80,80,80,73,73,73,56,56,56,56,80,80,80,80,80,63,80,80,52,52,52,52,41,35,59,62,65,65,44,80,80,71,71,59,32,56,28,52,52,44,80,80,80,68,68,47,80,80,80,80,80,80,80,80,80,80,80,80,80,68,68,68,68,80,60,80,80,77,77,77,77,77,77,77,77,77,71,71,76,65,82,28,82,82,69,69,28,44,68,82,66,66,82,69,70,80,80,82,37,82,82,82,82,82,82,82,82,82,82,82,87,87,94,94,94,90,94,89,89,92,92,94,94,94,94,94,94,94,94,94,94,94,55,94,94,92,50,50,94,94,94,94,94,94,94,54,94,93,94,0,0],"gold":114,"neow_bonus":"THREE_ENEMY_KILL","is_daily":false,"chose_seed":false,"campfire_upgraded":6,"win_rate":0.0,"timestamp":1613763155,"path_taken":["M","M","?","?","$","?","?","M","T","$","E","?","R","?","R","BOSS","M","?","M","?","AVR","E","?","?","T","M","NM","R","M","?","R","BOSS","M","?","?","?","M","R","E","R","T","?","?","M","$","M","R","BOSS","M","M","?","M","AVR","R","M","E","T","R","$","R","M","PTL","PTL","?","R","BOSS","M","$","M","?","?","R","M","E","T","R","M","AVR","M","M","R","BOSS","M","M","?","M","$","R","E","M","T","R","?","M","M","$","R","BOSS","M","AVR","?","?","M","R","E","R","T","M","?","M","E","?","R","BOSS","M","$","?","?","M","E","R","E","T","E","R","?","?","$","R","BOSS","M","?","M","$","M","R","E","R","T","?","E","M","R","NM","R","BOSS"],"items_purchased_type":["Card","Card","Card","Card","Card","Relic","Relic","Potion","Card","Relic","Potion","Relic","Relic","Relic","Relic","Card","Card","Relic"],"build_version":"2020-12-22","purchased_purges":6,"victory":false,"max_hp_per_floor":[80,80,80,80,80,80,80,80,80,80,80,80,80,80,80,80,80,80,80,80,80,80,80,80,80,80,80,80,80,80,80,80,80,80,80,80,80,80,80,80,80,80,80,80,80,80,80,80,80,80,80,80,80,80,80,80,80,80,80,80,80,80,80,80,80,80,80,80,80,80,80,77,77,77,77,77,77,77,77,77,77,77,82,82,82,82,82,82,82,82,82,82,82,82,82,82,82,82,82,82,82,82,82,82,82,82,82,82,82,82,82,82,82,82,87,87,94,94,94,94,94,94,94,94,94,94,94,94,94,94,94,94,94,94,94,94,94,94,94,94,94,94,94,94,94,94,94,94,94,94,94,94,94,94,94],"card_choices":[{"not_picked":["Body Slam","Dropkick"],"picked":"Seeing Red","floor":1.0},{"not_picked":["Sword Boomerang","Iron Wave"],"picked":"Clash","floor":2.0},{"not_picked":["Wild Strike","Iron Wave"],"picked":"Twin Strike","floor":7.0},{"not_picked":["ReplayTheSpireMod:Strike From Hell","Dark Embrace"],"picked":"Shockwave","floor":8.0},{"not_picked":["Metallicize","Flex"],"picked":"Inflame","floor":11.0},{"not_picked":["Barricade","Hemogenesis"],"picked":"Exhume","floor":16.0},{"not_picked":["Headbutt","Thunderclap"],"picked":"Rage","floor":18.0},{"not_picked":["Replay:Undeath\u0027s Touch+1","Shrug It Off"],"picked":"Heavy Blade","floor":20.0},{"not_picked":["Searing Blow","Perfected Strike"],"picked":"Whirlwind+1","floor":23.0},{"not_picked":["Twin Strike","Wild Strike"],"picked":"Shockwave+1","floor":27.0},{"not_picked":["infinitespire:Collect","infinitespire:Punishment"],"picked":"infinitespire:SevenWalls","floor":28.0},{"not_picked":["Bludgeon","Hemokinesis"],"picked":"Heavy Blade","floor":28.0},{"not_picked":["Body Slam","Twin Strike","Cleave"],"picked":"SKIP","floor":30.0},{"not_picked":["Thunderclap","Wild Strike+1"],"picked":"Spot Weakness+1","floor":31.0},{"not_picked":["Feed","Brutality"],"picked":"Bludgeon","floor":33.0},{"not_picked":["Replay:Undeath\u0027s Touch","Perfected Strike"],"picked":"Thunderclap","floor":35.0},{"not_picked":["Cleave+1","ReplayTheSpireMod:Strike From Hell+1"],"picked":"ReplayTheSpireMod:Muscle Training","floor":36.0},{"not_picked":["Thunderclap","Carnage+1"],"picked":"Clash","floor":39.0},{"not_picked":["Pommel Strike+1","ReplayTheSpireMod:LeadingStrike+1","Clothesline+1"],"picked":"SKIP","floor":41.0},{"not_picked":["Reckless Charge","Dark Embrace","Replay:Undeath\u0027s Touch"],"picked":"SKIP","floor":46.0},{"not_picked":["Replay:Undeath\u0027s Touch","Cleave+1","Iron Wave"],"picked":"SKIP","floor":48.0},{"not_picked":["Demon Form","Exhume"],"picked":"Reaper","floor":50.0},{"not_picked":["Wild Strike","Bloodletting"],"picked":"Heavy Blade","floor":52.0},{"not_picked":["Havoc","Searing Blow","Dropkick"],"picked":"SKIP","floor":53.0},{"not_picked":["Perfected Strike","Pommel Strike","ReplayTheSpireMod:LeadingStrike"],"picked":"SKIP","floor":55.0},{"not_picked":["Blood for Blood","Anger","Rage"],"picked":"SKIP","floor":58.0},{"not_picked":["Uppercut","Massacre"],"picked":"Reaper","floor":59.0},{"not_picked":["Massacre","Cleave","Sword Boomerang"],"picked":"SKIP","floor":64.0},{"not_picked":["Reaper","Demonic Infusion"],"picked":"Double Tap","floor":69.0},{"not_picked":["Pommel Strike","Cleave","Power Through"],"picked":"SKIP","floor":71.0},{"not_picked":["True Grit","Dual Wield","Metallicize"],"picked":"SKIP","floor":73.0},{"not_picked":["ReplayTheSpireMod:Strike From Hell","Dark Embrace"],"picked":"Inflame","floor":77.0},{"not_picked":["Headbutt","Thunderclap","Entrench"],"picked":"SKIP","floor":78.0},{"not_picked":["Perfected Strike","True Grit","Heavy Blade"],"picked":"SKIP","floor":81.0},{"not_picked":["Combust+1","Anger"],"picked":"Flex+1","floor":83.0},{"not_picked":["Replay:Undeath\u0027s Touch","Warcry","Disarm"],"picked":"SKIP","floor":84.0},{"not_picked":["Replay:Fractal Strike","ReplayTheSpireMod:Book of Names"],"picked":"ReplayTheSpireMod:Haul","floor":86.0},{"not_picked":["Hemogenesis","Demonic Infusion"],"picked":"Immolate","floor":86.0},{"not_picked":["Defy Death+1","Anger+1"],"picked":"Heavy Blade+1","floor":88.0},{"not_picked":["Wild Strike+1","Clash+1","Cleave+1"],"picked":"SKIP","floor":89.0},{"not_picked":["Cleave","Searing Blow+1"],"picked":"Double Tap","floor":91.0},{"not_picked":["Anger","Demonic Infusion","Reckless Charge"],"picked":"SKIP","floor":94.0},{"not_picked":["Feel No Pain+1","Clash+1"],"picked":"Flex","floor":95.0},{"not_picked":["Metallicize","Body Slam","Abandon"],"picked":"SKIP","floor":98.0},{"not_picked":["Life Link","Armaments","Run Through"],"picked":"SKIP","floor":99.0},{"not_picked":["Replay:Undeath\u0027s Touch+1","True Grit","Headbutt"],"picked":"SKIP","floor":100.0},{"not_picked":["ReplayTheSpireMod:Strike From Hell","Run Through","Anger"],"picked":"SKIP","floor":105.0},{"not_picked":["Replay:Undeath\u0027s Touch","Pommel Strike","Headbutt"],"picked":"SKIP","floor":109.0},{"not_picked":["Hemokinesis","Rampage","Dual Wield"],"picked":"SKIP","floor":111.0},{"not_picked":["Warcry","Cleave","Blood for Blood"],"picked":"SKIP","floor":114.0},{"not_picked":["Shrug It Off","Cleave","Immolate"],"picked":"SKIP","floor":116.0},{"not_picked":["Sentinel","Twin Strike","Armaments"],"picked":"SKIP","floor":117.0},{"not_picked":["Immolate","Juggernaut"],"picked":"Berserk","floor":120.0},{"not_picked":["Body Slam","Wild Strike+1","Clash"],"picked":"SKIP","floor":122.0},{"not_picked":["Havoc","Clothesline"],"picked":"Inflame","floor":124.0},{"not_picked":["Hemogenesis","Pommel Strike"],"picked":"Bloodletting+1","floor":126.0},{"not_picked":["Flame Barrier","Heavy Blade","Run Through"],"picked":"SKIP","floor":127.0},{"not_picked":["Warcry","Clash","Searing Blow"],"picked":"SKIP","floor":129.0},{"not_picked":["Clothesline+1","Clash"],"picked":"Double Tap","floor":131.0},{"not_picked":["Reckless Charge","Run Through+1","True Grit"],"picked":"SKIP","floor":133.0},{"not_picked":["Bludgeon","Fiend Fire"],"picked":"Barricade","floor":137.0},{"not_picked":["Metallicize+1","Hemokinesis+1","Bloodletting"],"picked":"SKIP","floor":139.0},{"not_picked":["Cleave+1","Replay:Undeath\u0027s Touch","Carnage"],"picked":"SKIP","floor":140.0},{"not_picked":["Body Slam+1","Armaments+1","Disarm"],"picked":"SKIP","floor":141.0},{"not_picked":["Shrug It Off","Run Through+1"],"picked":"Flex+1","floor":143.0},{"not_picked":["Clash+1","Thunderclap+1","Evolve"],"picked":"SKIP","floor":145.0},{"not_picked":["Feed","Carnage+1","Whirlwind+1"],"picked":"SKIP","floor":149.0},{"not_picked":["Warcry+1","Clothesline+1","Hemokinesis"],"picked":"SKIP","floor":150.0},{"not_picked":["Dark Embrace","Body Slam+1","Heavy Blade"],"picked":"SKIP","floor":152.0}],"player_experience":292536,"relics_obtained":[{"floor":9.0,"key":"Happy Flower"},{"floor":11.0,"key":"infinitespire:Lucky Rock"},{"floor":23.0,"key":"PreservedInsect"},{"floor":26.0,"key":"Pen Nib"},{"floor":28.0,"key":"Whetstone"},{"floor":41.0,"key":"infinitespire:Bottled Soul"},{"floor":43.0,"key":"Replay:Bottled Snecko"},{"floor":59.0,"key":"Bird Faced Urn"},{"floor":60.0,"key":"infinitespire:Satchel"},{"floor":78.0,"key":"White Beast Statue"},{"floor":79.0,"key":"Replay:Bottled Flurry"},{"floor":94.0,"key":"Bottled Flame"},{"floor":96.0,"key":"Grinning Jar"},{"floor":107.0,"key":"Odd Mushroom"},{"floor":108.0,"key":"Red Skull"},{"floor":111.0,"key":"infinitespire:Joker Card"},{"floor":113.0,"key":"infinitespire:EmpoweringShard"},{"floor":117.0,"key":"Strawberry"},{"floor":124.0,"key":"Red Mask"},{"floor":127.0,"key":"Replay:Rubber Ducky"},{"floor":129.0,"key":"Replay:Baseball"},{"floor":130.0,"key":"Bag of Preparation"},{"floor":131.0,"key":"Blue Doll"},{"floor":145.0,"key":"Replay:Bottled Eggs"},{"floor":148.0,"key":"Incense Burner"},{"floor":149.0,"key":"Smiling Mask"},{"floor":152.0,"key":"Bronze Scales"}],"event_choices":[{"damage_healed":0.0,"max_hp_gain":0.0,"max_hp_loss":0.0,"gold_gain":73.0,"event_name":"Golden Wing","player_choice":"Gained Gold","floor":3.0,"gold_loss":0.0,"damage_taken":0.0},{"damage_healed":0.0,"max_hp_gain":0.0,"max_hp_loss":0.0,"gold_gain":100.0,"event_name":"Golden Shrine","player_choice":"Pray","floor":6.0,"gold_loss":0.0,"damage_taken":0.0},{"damage_healed":0.0,"max_hp_gain":0.0,"max_hp_loss":0.0,"gold_gain":0.0,"event_name":"World of Goop","player_choice":"Left Gold","floor":12.0,"gold_loss":39.0,"damage_taken":0.0},{"cards_removed":["Strike_R"],"damage_healed":0.0,"max_hp_gain":0.0,"max_hp_loss":0.0,"gold_gain":0.0,"event_name":"Wheel of Change","player_choice":"Card Removal","floor":14.0,"gold_loss":0.0,"damage_taken":0.0},{"damage_healed":26.0,"max_hp_gain":0.0,"max_hp_loss":0.0,"gold_gain":0.0,"event_name":"The Library","player_choice":"Heal","floor":21.0,"gold_loss":0.0,"damage_taken":0.0},{"damage_healed":0.0,"max_hp_gain":0.0,"max_hp_loss":0.0,"gold_gain":0.0,"event_name":"Back to Basics","player_choice":"Simplicity","floor":24.0,"gold_loss":0.0,"damage_taken":0.0,"cards_upgraded":["Strike_R","Strike_R","Strike_R","Strike_R","Defend_R","Defend_R","Defend_R","Defend_R"]},{"damage_healed":0.0,"max_hp_gain":0.0,"max_hp_loss":0.0,"gold_gain":0.0,"event_name":"Vampires","player_choice":"Ignored","floor":25.0,"gold_loss":0.0,"damage_taken":0.0},{"damage_healed":36.0,"max_hp_gain":0.0,"max_hp_loss":0.0,"gold_gain":0.0,"event_name":"MindBloom","player_choice":"Heal","floor":45.0,"gold_loss":0.0,"damage_taken":0.0,"cards_obtained":["Doubt"]},{"damage_healed":0.0,"max_hp_gain":0.0,"max_hp_loss":0.0,"gold_gain":99.0,"event_name":"Nest","player_choice":"Stole From Cult","floor":74.0,"gold_loss":0.0,"damage_taken":0.0},{"damage_healed":0.0,"max_hp_gain":0.0,"max_hp_loss":0.0,"gold_gain":0.0,"event_name":"The Mausoleum","player_choice":"Ignored","floor":75.0,"gold_loss":0.0,"damage_taken":0.0},{"damage_healed":0.0,"max_hp_gain":0.0,"max_hp_loss":0.0,"gold_gain":0.0,"event_name":"Lab","player_choice":"Got Potions","floor":90.0,"gold_loss":0.0,"damage_taken":0.0},{"damage_healed":0.0,"max_hp_gain":0.0,"max_hp_loss":0.0,"gold_gain":0.0,"event_name":"Mushrooms","player_choice":"Fought Mushrooms","floor":107.0,"gold_loss":0.0,"damage_taken":0.0},{"damage_healed":0.0,"max_hp_gain":5.0,"max_hp_loss":0.0,"gold_gain":0.0,"event_name":"Big Fish","player_choice":"Donut","floor":115.0,"gold_loss":0.0,"damage_taken":0.0},{"damage_healed":0.0,"max_hp_gain":0.0,"max_hp_loss":0.0,"gold_gain":0.0,"event_name":"Masked Bandits","player_choice":"Fought Bandits","floor":124.0,"gold_loss":0.0,"damage_taken":0.0},{"damage_healed":0.0,"max_hp_gain":0.0,"max_hp_loss":0.0,"gold_gain":0.0,"event_name":"Duplicator","player_choice":"Copied","floor":125.0,"gold_loss":0.0,"damage_taken":0.0,"cards_obtained":["ReplayTheSpireMod:Private Reserves"]},{"damage_healed":0.0,"max_hp_gain":0.0,"max_hp_loss":0.0,"gold_gain":0.0,"event_name":"Upgrade Shrine","player_choice":"Upgraded","floor":134.0,"gold_loss":0.0,"damage_taken":0.0,"cards_upgraded":["Flex"]},{"damage_healed":0.0,"max_hp_gain":0.0,"max_hp_loss":0.0,"gold_gain":0.0,"event_name":"MindBloom","player_choice":"Fight","floor":148.0,"gold_loss":0.0,"damage_taken":0.0}],"is_beta":false,"boss_relics":[{"not_picked":["Calling Bell","Ooze Armor"],"picked":"ReplayTheSpireMod:DimensionalGlitch"},{"not_picked":["Snecko Eye","Fusion Hammer"],"picked":"infinitespire:Burning Sword"},{"not_picked":["Astrolabe","bronze:MakeshiftBattery"],"picked":"Cursed Key"},{"not_picked":["Snecko Eye","ReplayTheSpireMod:SealedPack"],"picked":"Fusion Hammer"},{"not_picked":["Honey Jar","Tiny House"],"picked":"Mark of Pain"},{"not_picked":["Empty Cage","Sozu"],"picked":"SlaversCollar"},{"not_picked":["Snecko Eye","ChewingGum","infinitespire:Cupcake"]},{"not_picked":["Coffee Dripper","Tiny House"],"picked":"Runic Dome"}],"items_purged_floors":[47,62,72,92,106,118],"is_endless":true,"potions_floor_spawned":[1,7,8,20,27,28,36,38,39,50,55,58,64,73,77,81,83,84,86,88,89,91,94,95,98,99,100,103,105,107,109,111,114,116,117,120,122,124,126,127,129,131,133,137,139,140,141,143,145,148,149,150,152],"killed_by":"infinitespire:LordOfFortification","ascension_level":4}}