{"host":"1v3mnj67s3trvm6y","time":1613711822,"event":{"mods":["BaseMod","Challenge The Spire","Minty Spire (QoL Compilation)","Replay The Spire","StSLib"],"gold_per_floor":[210,224,224,241,17,78,90,100,154,171,240,251,286,303,303,408,408,426,444,464,9,59,59,74,74,74,94,98,132,149,199,199,297,297,316,366,416,466,26,26,76,76,76,176,176,190,208,240,240,240,240,240,16,47,47,47],"floor_reached":55,"language":"ENG","playtime":3542,"items_purged":["Strike_G","Regret"],"score":773,"play_id":"e12c491c-0531-4e2f-ad8f-c29653237b8a","local_time":"20210219141702","is_ascension_mode":false,"campfire_choices":[{"data":"Panache","floor":15,"key":"SMITH"},{"floor":23,"key":"REST"},{"floor":25,"key":"REST"},{"floor":32,"key":"REST"},{"floor":40,"key":"RECALL"},{"data":"ReplayTheSpireMod:Brewmster","floor":42,"key":"SMITH"},{"data":"Calculated Gamble","floor":42,"key":"SMITH"},{"data":"Concentrate","floor":45,"key":"SMITH"},{"data":"Malaise","floor":45,"key":"SMITH"},{"floor":49,"key":"REST"},{"data":"ReplayTheSpireMod:Shiv Toss","floor":52,"key":"SMITH"},{"data":"Malaise","floor":52,"key":"SMITH"}],"circlet_count":0,"master_deck":["Defend_G","Defend_G","Defend_G","Survivor","Neutralize","Caltrops","Prepared","Escape Plan","Panache+1","Prepared","Prepared","Unload","Acrobatics","Outmaneuver","ReplayTheSpireMod:Scrap Shanks","Outmaneuver","PiercingWail","Predator","Malaise+1","CurseOfTheBell","Deflect","Fluid Movement","ReplayTheSpireMod:Shiv Toss+1","ReplayTheSpireMod:Scrap Shanks","Calculated Gamble+1","Backstab+1","Hidden Blade","Malaise+1","Blade Dance","Venomology","Doubt","Prepared+1","Writhe","Master of Strategy","ReplayTheSpireMod:Brewmster+1","ReplayTheSpireMod:Necrogeddon","Concentrate+1","Finisher","Backflip+1","Prepared","Accuracy"],"relics":["Ring of the Snake","SsserpentHead","Nunchaku","Strawberry","Calling Bell","Vajra","Replay:Arrowhead","Replay:Bottled Flurry","MealTicket","ReplayTheSpireMod:Lightbulb","The Courier","Kintsugi","Tingsha","Sling","ReplayFunnel","Replay:Towering Pillar of Hats","PreservedInsect","Shuriken","Pocketwatch"],"acts_visited":["Exordium","TheCity","TheBeyond","TheEnding"],"potions_floor_usage":[10,18,20,20,27,27,33,47,48,50,50,50,55,55,55,55],"damage_taken":[{"damage":0,"enemies":"Jaw Worm","floor":1,"turns":5},{"damage":0,"enemies":"Cultist","floor":2,"turns":5},{"damage":0,"enemies":"2 Louse","floor":4,"turns":3},{"damage":7,"enemies":"Large Slime","floor":6,"turns":5},{"damage":0,"enemies":"3 Louse","floor":7,"turns":3},{"damage":0,"enemies":"2 Fungi Beasts","floor":8,"turns":4},{"damage":3,"enemies":"Large Slime","floor":10,"turns":6},{"damage":1,"enemies":"Exordium Thugs","floor":11,"turns":3},{"damage":0,"enemies":"Blue Slaver","floor":12,"turns":2},{"damage":14,"enemies":"3 Sentries","floor":13,"turns":4},{"damage":4,"enemies":"Looter","floor":14,"turns":4},{"damage":38,"enemies":"The Guardian","floor":16,"turns":13},{"damage":2,"enemies":"2 Thieves","floor":18,"turns":2},{"damage":0,"enemies":"Shell Parasite","floor":19,"turns":6},{"damage":35,"enemies":"Sentry and Sphere","floor":20,"turns":6},{"damage":30,"enemies":"Snake Plant","floor":24,"turns":6},{"damage":13,"enemies":"Shelled Parasite and Fungi","floor":27,"turns":6},{"damage":27,"enemies":"Gremlin Leader","floor":29,"turns":6},{"damage":15,"enemies":"Sentry and Sphere","floor":30,"turns":4},{"damage":38,"enemies":"Collector","floor":33,"turns":9},{"damage":18,"enemies":"Orb Walker","floor":35,"turns":4},{"damage":0,"enemies":"Mind Bloom Boss Battle","floor":44,"turns":4},{"damage":9,"enemies":"3 Darklings","floor":46,"turns":4},{"damage":0,"enemies":"Maw","floor":47,"turns":5},{"damage":41,"enemies":"Nemesis","floor":48,"turns":3},{"damage":42,"enemies":"Time Eater","floor":50,"turns":8},{"damage":16,"enemies":"Shield and Spear","floor":54,"turns":4},{"damage":61,"enemies":"The Heart","floor":55,"turns":5}],"seed_played":"-104178913127979800","potions_obtained":[{"floor":1,"key":"ColorlessPotion"},{"floor":2,"key":"SkillPotion"},{"floor":6,"key":"Poison Potion"},{"floor":11,"key":"PowerPotion"},{"floor":13,"key":"Swift Potion"},{"floor":18,"key":"Ancient Potion"},{"floor":20,"key":"ColorlessPotion"},{"floor":27,"key":"Strength Potion"},{"floor":44,"key":"CunningPotion"},{"floor":46,"key":"Elixir"}],"is_trial":false,"path_per_floor":["M","M","?","M","$","M","M","M","T","M","M","M","E","M","R","B",null,"M","M","M","$","?","R","M","R","T","M","$","E","M","?","R","B",null,"M","?","?","?","$","R","?","R","T","?","R","M","M","E","R","B",null,"R","$","E","B"],"character_chosen":"THE_SILENT","items_purchased":["Panache","Prepared","MealTicket","ReplayTheSpireMod:Scrap Shanks","ReplayTheSpireMod:Lightbulb","Hidden Blade","Tingsha","Sling","Shuriken","Prepared"],"campfire_rested":4,"item_purchase_floors":[5,5,21,21,21,28,39,39,53,53],"current_hp_per_floor":[70,70,70,70,70,63,63,63,63,60,59,59,52,48,48,10,77,75,75,40,40,40,63,33,56,56,43,58,31,16,16,39,1,77,59,77,67,67,77,77,77,77,77,77,77,68,68,27,50,8,77,77,77,61,0,0],"gold":47,"neow_bonus":"HUNDRED_GOLD","is_daily":false,"chose_seed":false,"campfire_upgraded":7,"win_rate":0.0,"timestamp":1613711822,"path_taken":["M","M","?","M","$","?","M","M","T","M","?","M","E","M","R","BOSS","M","M","M","$","?","R","M","R","T","M","?","E","M","?","R","BOSS","M","?","?","?","$","R","?","R","T","?","R","M","M","E","R","BOSS","R","$","E","BOSS"],"items_purchased_type":["Card","Card","Relic","Card","Relic","Card","Relic","Relic","Relic","Card"],"build_version":"2020-12-22","purchased_purges":2,"victory":false,"max_hp_per_floor":[70,70,70,70,70,70,70,70,70,70,70,70,77,77,77,77,77,77,77,77,77,77,77,77,77,77,77,77,77,77,77,77,77,77,77,77,77,77,77,77,77,77,77,77,77,77,77,77,77,77,77,77,77,77,77,77],"card_choices":[{"not_picked":["Acrobatics","Catalyst"],"picked":"Caltrops","floor":1},{"not_picked":["Deadly Poison","Quick Slash"],"picked":"Prepared","floor":2},{"not_picked":["Deflect","Endless Agony"],"picked":"Escape Plan","floor":4},{"not_picked":["Deadly Poison","Dodge and Roll"],"picked":"Unload","floor":6},{"not_picked":["Accuracy","Dagger Throw"],"picked":"Acrobatics","floor":7},{"not_picked":["Cloak And Dagger","Quick Slash"],"picked":"Outmaneuver","floor":8},{"not_picked":["Slice","Backstab"],"picked":"ReplayTheSpireMod:Scrap Shanks","floor":10},{"not_picked":["Catalyst","Slice","Bane"],"picked":"SKIP","floor":11},{"not_picked":["Dodge and Roll","Riddle With Holes"],"picked":"Outmaneuver","floor":12},{"not_picked":["Bouncing Flask","Dagger Spray"],"picked":"PiercingWail","floor":13},{"not_picked":["Heel Hook","Underhanded Strike"],"picked":"Predator","floor":14},{"not_picked":["Die Die Die","ReplayTheSpireMod:Necrosis"],"picked":"Malaise","floor":16},{"not_picked":["Slice","Concentrate"],"picked":"Deflect","floor":18},{"not_picked":["Deadly Poison","Poisoned Stab"],"picked":"Fluid Movement","floor":19},{"not_picked":["Finisher+1","Choke+1"],"picked":"ReplayTheSpireMod:Shiv Toss","floor":20},{"not_picked":["Flying Knee+1","Deflect"],"picked":"Calculated Gamble","floor":24},{"not_picked":["PiercingWail","Predator+1"],"picked":"Backstab+1","floor":27},{"not_picked":["Expertise","Slice"],"picked":"Malaise","floor":29},{"not_picked":["Bane+1","Dagger Spray"],"picked":"Blade Dance","floor":30},{"not_picked":["Unload","Atom Bomb"],"picked":"Venomology","floor":33},{"not_picked":["Expertise+1","Backstab+1"],"picked":"Prepared+1","floor":35},{"not_picked":["Chrysalis","Violence"],"picked":"Master of Strategy","floor":37},{"not_picked":["Panacea","Survey Options"],"picked":"ReplayTheSpireMod:Brewmster","floor":37},{"not_picked":["Replay:Bootleg Shield Generator","Good Instincts"],"picked":"ReplayTheSpireMod:Necrogeddon","floor":37},{"not_picked":["Deadly Poison","Hidden Blade+1"],"picked":"Concentrate","floor":44},{"not_picked":["Quick Slash","Dodge and Roll+1","Concentrate"],"picked":"SKIP","floor":46},{"not_picked":["Cloak And Dagger","Sucker Punch"],"picked":"Finisher","floor":47},{"not_picked":["Poisoned Stab+1","Prepared"],"picked":"Backflip+1","floor":48},{"not_picked":["Endless Agony+1","Dagger Throw+1"],"picked":"Accuracy","floor":54}],"player_experience":1529070,"relics_obtained":[{"floor":9,"key":"Nunchaku"},{"floor":13,"key":"Strawberry"},{"floor":17,"key":"Vajra"},{"floor":17,"key":"Replay:Arrowhead"},{"floor":17,"key":"Replay:Bottled Flurry"},{"floor":29,"key":"The Courier"},{"floor":43,"key":"ReplayFunnel"},{"floor":44,"key":"Replay:Towering Pillar of Hats"},{"floor":48,"key":"PreservedInsect"},{"floor":54,"key":"Pocketwatch"}],"event_choices":[{"damage_healed":0,"gold_gain":0,"player_choice":"Trade","damage_taken":0,"relics_obtained":["SsserpentHead"],"max_hp_gain":0,"max_hp_loss":0,"event_name":"FaceTrader","floor":3,"gold_loss":0},{"cards_removed":["Strike_G"],"damage_healed":0,"gold_gain":0,"player_choice":"Purged","damage_taken":0,"max_hp_gain":0,"max_hp_loss":0,"event_name":"Purifier","floor":22,"gold_loss":0},{"damage_healed":0,"gold_gain":0,"player_choice":"Obtain J.A.X.","damage_taken":0,"max_hp_gain":0,"max_hp_loss":0,"event_name":"Drug Dealer","floor":31,"gold_loss":0,"cards_obtained":["J.A.X."]},{"damage_healed":19,"gold_gain":0,"player_choice":"Writhe","damage_taken":0,"max_hp_gain":0,"max_hp_loss":0,"event_name":"Winding Halls","floor":36,"gold_loss":0,"cards_obtained":["Writhe"]},{"damage_healed":0,"gold_gain":0,"player_choice":"Memory 3","damage_taken":10,"max_hp_gain":0,"max_hp_loss":0,"event_name":"SensoryStone","floor":37,"gold_loss":0},{"damage_healed":0,"gold_gain":0,"player_choice":"Ignored","damage_taken":0,"max_hp_gain":0,"max_hp_loss":0,"event_name":"Mysterious Sphere","floor":38,"gold_loss":0},{"cards_removed":["J.A.X."],"damage_healed":0,"gold_gain":0,"player_choice":"Removed Skill","damage_taken":0,"max_hp_gain":0,"max_hp_loss":0,"event_name":"Falling","floor":41,"gold_loss":0},{"damage_healed":0,"gold_gain":0,"player_choice":"Fight","damage_taken":0,"max_hp_gain":0,"max_hp_loss":0,"event_name":"MindBloom","floor":44,"gold_loss":0}],"is_beta":false,"boss_relics":[{"not_picked":["Abe\u0027s Treasure","Replay:Ancient Bell"],"picked":"Calling Bell"},{"not_picked":["Runic Pyramid","Fusion Hammer"],"picked":"Kintsugi"}],"items_purged_floors":[21,39],"is_endless":false,"potions_floor_spawned":[1,2,6,11,13,18,20,27,44,46],"killed_by":"The Heart","ascension_level":0}}