{"host":"kvo7eymyd21g9abd","time":1613773323,"event":{"mods":["AchievementEnabler","BaseMod","Bestiary","Colored Map","Minty Spire (QoL Compilation)","StSLib"],"gold_per_floor":[117,132,147,9,20,20,48,48,48,3,16,16,45,45,45,146,146,159,0,0,0,18,18,32,32,58,58,58,74,74,106,106,205,205,221,1220,1220,1233,549,549,559,586,886,886,901,901,915,940,940,940,940,940,4,38,38,38],"floor_reached":55,"language":"ENG","playtime":2118,"items_purged":[],"score":1024,"play_id":"539242e6-4374-46b7-bf72-7fb84a23da02","local_time":"20210219172203","is_ascension_mode":true,"campfire_choices":[{"floor":6,"key":"REST"},{"floor":8,"key":"RECALL"},{"floor":15,"key":"REST"},{"floor":23,"key":"REST"},{"floor":25,"key":"REST"},{"floor":27,"key":"REST"},{"floor":30,"key":"REST"},{"floor":32,"key":"REST"},{"floor":40,"key":"REST"},{"floor":44,"key":"REST"},{"floor":49,"key":"REST"},{"floor":52,"key":"REST"}],"circlet_count":0,"master_deck":["Strike_R+1","Strike_R+1","Strike_R+1","Strike_R+1","Strike_R+1","Defend_R+1","Defend_R+1","Defend_R+1","Defend_R+1","Bash","Apotheosis","Reckless Charge+1","Flame Barrier","Feel No Pain","Second Wind","Pummel+1","Havoc","Sever Soul","Cleave+1","Immolate+1","Wild Strike+1","Intimidate","Warcry","Feel No Pain","Warcry+1","Dark Embrace","Feel No Pain","Immolate+1","Iron Wave+1","Warcry+1","Reckless Charge+1","Shockwave","Panache","Shockwave+1","Sentinel","Parasite","Writhe","Wild Strike+1","Wild Strike+1","Transmutation","Offering"],"relics":["Burning Blood","Whetstone","Molten Egg 2","Fusion Hammer","Omamori","Vajra","Enchiridion","Orichalcum","Cursed Key","Darkstone Periapt","Anchor","Dead Branch","Old Coin","Shuriken","Pear","StoneCalendar","Gremlin Horn","Medical Kit","Toy Ornithopter"],"acts_visited":["Exordium","TheCity","TheBeyond","TheEnding"],"potions_floor_usage":[7,55,55,55],"damage_taken":[{"damage":7,"enemies":"Small Slimes","floor":1,"turns":4},{"damage":12,"enemies":"Jaw Worm","floor":2,"turns":4},{"damage":0,"enemies":"Cultist","floor":3,"turns":3},{"damage":10,"enemies":"2 Fungi Beasts","floor":5,"turns":4},{"damage":20,"enemies":"3 Sentries","floor":7,"turns":8},{"damage":18,"enemies":"Large Slime","floor":11,"turns":5},{"damage":56,"enemies":"Gremlin Nob","floor":13,"turns":6},{"damage":35,"enemies":"Slime Boss","floor":16,"turns":11},{"damage":18,"enemies":"3 Byrds","floor":18,"turns":4},{"damage":3,"enemies":"Chosen","floor":22,"turns":4},{"damage":48,"enemies":"Snake Plant","floor":24,"turns":4},{"damage":20,"enemies":"Cultist and Chosen","floor":29,"turns":5},{"damage":30,"enemies":"Gremlin Leader","floor":31,"turns":5},{"damage":68,"enemies":"Collector","floor":33,"turns":10},{"damage":14,"enemies":"3 Darklings","floor":35,"turns":4},{"damage":8,"enemies":"Orb Walker","floor":38,"turns":2},{"damage":5,"enemies":"3 Darklings","floor":41,"turns":3},{"damage":50,"enemies":"Giant Head","floor":42,"turns":9},{"damage":0,"enemies":"Maw","floor":45,"turns":6},{"damage":6,"enemies":"Spire Growth","floor":47,"turns":4},{"damage":19,"enemies":"Reptomancer","floor":48,"turns":6},{"damage":64,"enemies":"Donu and Deca","floor":50,"turns":8},{"damage":76,"enemies":"Shield and Spear","floor":54,"turns":5},{"damage":64,"enemies":"The Heart","floor":55,"turns":8}],"seed_played":"-5100834033469773180","potions_obtained":[{"floor":2,"key":"SmokeBomb"},{"floor":16,"key":"Strength Potion"},{"floor":22,"key":"DuplicationPotion"}],"is_trial":false,"path_per_floor":["M","M","M","$","M","R","E","R","T","?","M","?","E","$","R","B",null,"M","$","?","?","M","R","M","R","T","R","?","M","R","E","R","B",null,"M","?","?","M","$","R","M","E","T","R","M","T","M","E","R","B",null,"R","$","E","B"],"character_chosen":"IRONCLAD","items_purchased":["Fruit Juice","Second Wind","Intimidate","Warcry","Feel No Pain","Darkstone Periapt","Reckless Charge+1","Shockwave","Anchor","Panache","Transmutation","StoneCalendar","Gremlin Horn","Medical Kit","Swift Potion"],"campfire_rested":11,"item_purchase_floors":[4,4,19,19,19,39,39,39,39,39,53,53,53,53,53],"current_hp_per_floor":[50,44,50,50,46,70,61,61,61,61,49,77,27,27,52,23,70,58,58,58,58,61,85,43,68,68,85,69,55,80,56,81,19,69,61,61,61,59,59,84,85,41,47,74,80,86,86,83,107,49,93,107,107,37,0,0],"gold":38,"neow_bonus":"RANDOM_COLORLESS_2","is_daily":false,"chose_seed":false,"campfire_upgraded":0,"win_rate":0.0,"timestamp":1613773323,"path_taken":["M","M","M","$","M","R","E","R","T","?","M","?","E","?","R","BOSS","M","$","?","?","M","R","M","R","T","R","?","M","R","E","R","BOSS","M","?","?","M","?","R","M","E","T","R","M","?","M","E","R","BOSS","R","$","E","BOSS"],"items_purchased_type":["Potion","Card","Card","Card","Card","Relic","Card","Card","Relic","Card","Card","Relic","Relic","Relic","Potion"],"build_version":"2020-12-22","purchased_purges":0,"victory":false,"max_hp_per_floor":[80,80,80,80,80,80,85,85,85,85,85,85,85,85,85,85,85,85,85,85,85,85,85,85,85,85,85,85,85,85,85,85,85,85,85,85,85,85,85,85,85,85,91,91,91,97,97,107,107,107,107,107,107,107,107,107],"card_choices":[{"not_picked":["HandOfGreed","Violence"],"picked":"Apotheosis","floor":0},{"not_picked":["Feel No Pain","Battle Trance"],"picked":"Reckless Charge","floor":1},{"not_picked":["True Grit","Pommel Strike"],"picked":"Flame Barrier","floor":2},{"not_picked":["True Grit","Thunderclap"],"picked":"Feel No Pain","floor":3},{"not_picked":["Anger","Combust"],"picked":"Pummel","floor":5},{"not_picked":["Berserk","Body Slam"],"picked":"Havoc","floor":7},{"not_picked":["Armaments","Perfected Strike"],"picked":"Sever Soul","floor":11},{"not_picked":["Clash+1","Iron Wave+1"],"picked":"Cleave+1","floor":13},{"not_picked":["Brutality","Barricade"],"picked":"Immolate+1","floor":16},{"not_picked":["Twin Strike+1","Cleave+1"],"picked":"Wild Strike+1","floor":18},{"not_picked":["Heavy Blade+1","Armaments"],"picked":"Warcry+1","floor":22},{"not_picked":["Entrench","Spot Weakness"],"picked":"Dark Embrace","floor":24},{"not_picked":["Clothesline+1","Second Wind"],"picked":"Feel No Pain","floor":29},{"not_picked":["Blood for Blood+1","Rampage+1","Anger+1"],"picked":"SKIP","floor":31},{"not_picked":["Berserk","Impervious"],"picked":"Immolate+1","floor":33},{"not_picked":["Headbutt+1","Battle Trance"],"picked":"Iron Wave+1","floor":35},{"not_picked":["Iron Wave+1","Body Slam+1"],"picked":"Warcry+1","floor":38},{"not_picked":["Headbutt+1","Anger+1"],"picked":"Shockwave+1","floor":41},{"not_picked":["Entrench+1","Battle Trance+1"],"picked":"Sentinel","floor":42},{"not_picked":["Thunderclap+1","Blood for Blood+1","Brutality"],"picked":"SKIP","floor":45},{"not_picked":["Twin Strike+1","Flex+1"],"picked":"Wild Strike+1","floor":47},{"not_picked":["Intimidate+1","Heavy Blade+1"],"picked":"Wild Strike+1","floor":48},{"not_picked":["Searing Blow+1","Dark Embrace"],"picked":"Offering","floor":54}],"player_experience":469203,"relics_obtained":[{"floor":7,"key":"Whetstone"},{"floor":13,"key":"Molten Egg 2"},{"floor":26,"key":"Vajra"},{"floor":28,"key":"Enchiridion"},{"floor":31,"key":"Orichalcum"},{"floor":42,"key":"Dead Branch"},{"floor":43,"key":"Old Coin"},{"floor":46,"key":"Shuriken"},{"floor":48,"key":"Pear"},{"floor":54,"key":"Toy Ornithopter"}],"event_choices":[{"damage_healed":0,"gold_gain":0,"player_choice":"Left Gold","damage_taken":0,"max_hp_gain":0,"max_hp_loss":0,"event_name":"World of Goop","floor":10,"gold_loss":45},{"damage_healed":28,"gold_gain":0,"player_choice":"Banana","damage_taken":0,"max_hp_gain":0,"max_hp_loss":0,"event_name":"Big Fish","floor":12,"gold_loss":0},{"damage_healed":0,"gold_gain":0,"player_choice":"Opened","damage_taken":0,"relics_obtained":["Omamori"],"max_hp_gain":0,"max_hp_loss":0,"event_name":"The Mausoleum","floor":20,"gold_loss":0},{"damage_healed":0,"gold_gain":0,"player_choice":"Simplicity","damage_taken":0,"max_hp_gain":0,"max_hp_loss":0,"event_name":"Back to Basics","floor":21,"gold_loss":0,"cards_upgraded":["Strike_R","Strike_R","Strike_R","Strike_R","Strike_R","Defend_R","Defend_R","Defend_R","Defend_R"]},{"damage_healed":0,"gold_gain":0,"player_choice":"Obtained Book","damage_taken":16,"max_hp_gain":0,"max_hp_loss":0,"event_name":"Cursed Tome","floor":28,"gold_loss":0},{"damage_healed":0,"gold_gain":999,"player_choice":"Gold","damage_taken":0,"max_hp_gain":0,"max_hp_loss":0,"event_name":"MindBloom","floor":36,"gold_loss":0,"cards_obtained":["Normality","Normality"]},{"damage_healed":0,"gold_gain":0,"player_choice":"Ignored","damage_taken":0,"max_hp_gain":0,"max_hp_loss":0,"event_name":"Mysterious Sphere","floor":37,"gold_loss":0}],"is_beta":false,"boss_relics":[{"not_picked":["Calling Bell","Black Star"],"picked":"Fusion Hammer"},{"not_picked":["SlaversCollar","Runic Cube"],"picked":"Cursed Key"}],"items_purged_floors":[],"is_endless":false,"potions_floor_spawned":[2,16,22,41,47,48],"killed_by":"The Heart","ascension_level":7}}