{"host":"sav7uxregyirlf69","time":1613696842,"event":{"mods":["AchievementEnabler","BaseMod","Colored Map","DeckTracker","Keyboard Shortcuts","Minty Spire (QoL Compilation)","READ ME - Guardian Mod","StSLib","SuperFastMode"],"gold_per_floor":[11,111,131,146,165,165,197,197,197,216,234,234,249,249,249,324,324,336,51,51,75,99,136,148,160,198,210,237,259,271,315,327,417,429,459,129,145,145,156,190,190,529,529,568,639,639,648,658,658,658,658,658,658,93,127,127],"floor_reached":57,"language":"KOR","playtime":1571,"items_purged":["Strike_R","Strike_R","Strike_R"],"score":3085,"play_id":"702cbe76-3faa-46c7-859b-58f3709c0f7f","local_time":"20210219100722","is_ascension_mode":true,"campfire_choices":[{"data":"Apotheosis","floor":6,"key":"SMITH"},{"data":"Battle Trance","floor":8,"key":"SMITH"},{"data":"Evolve","floor":12,"key":"SMITH"},{"data":"Carnage","floor":15,"key":"SMITH"},{"floor":24,"key":"RECALL"},{"floor":27,"key":"REST"},{"floor":30,"key":"REST"},{"floor":32,"key":"REST"},{"floor":41,"key":"REST"},{"floor":46,"key":"REST"},{"floor":49,"key":"REST"},{"floor":53,"key":"REST"}],"circlet_count":0,"master_deck":["AscendersBane","Strike_R","Defend_R","Defend_R","Defend_R","Defend_R","Bash+1","Apotheosis+1","Headbutt+1","Battle Trance+1","Seeing Red","Evolve+1","Wild Strike","Carnage+1","Offering","Shockwave","Second Wind","Offering","Feel No Pain","Blood for Blood","Power Through","Barricade","Dark Embrace","Entrench","Body Slam","Shrug It Off","Flash of Steel","Master of Strategy"],"relics":["Burning Blood","Tiny Chest","Ornamental Fan","Fusion Hammer","OrangePellets","MawBank","Incense Burner","MealTicket","Pantograph","Black Star","Medical Kit","CeramicFish","InkBottle","Old Coin","Whetstone","PreservedInsect","Turnip","Sundial","Bottled Tornado","Strawberry","Boot"],"acts_visited":["Exordium","TheCity","TheBeyond","TheEnding"],"potions_floor_usage":[10,16,23],"damage_taken":[{"damage":3,"enemies":"2 Louse","floor":1,"turns":4},{"damage":6,"enemies":"Cultist","floor":3,"turns":3},{"damage":5,"enemies":"Small Slimes","floor":4,"turns":4},{"damage":5,"enemies":"Blue Slaver","floor":5,"turns":4},{"damage":14,"enemies":"Gremlin Nob","floor":7,"turns":3},{"damage":0,"enemies":"Gremlin Gang","floor":10,"turns":2},{"damage":4,"enemies":"3 Louse","floor":11,"turns":4},{"damage":14,"enemies":"Looter","floor":13,"turns":3},{"damage":0,"enemies":"Slime Boss","floor":16,"turns":5},{"damage":6,"enemies":"Spheric Guardian","floor":18,"turns":1},{"damage":6,"enemies":"Chosen","floor":22,"turns":3},{"damage":20,"enemies":"Slavers","floor":23,"turns":5},{"damage":26,"enemies":"Shelled Parasite and Fungi","floor":28,"turns":3},{"damage":12,"enemies":"3 Cultists","floor":29,"turns":4},{"damage":37,"enemies":"Book of Stabbing","floor":31,"turns":4},{"damage":22,"enemies":"Collector","floor":33,"turns":11},{"damage":3,"enemies":"Orb Walker","floor":35,"turns":3},{"damage":12,"enemies":"3 Darklings","floor":37,"turns":8},{"damage":52,"enemies":"Jaw Worm Horde","floor":39,"turns":5},{"damage":6,"enemies":"Giant Head","floor":40,"turns":14},{"damage":12,"enemies":"Nemesis","floor":42,"turns":9},{"damage":15,"enemies":"Giant Head","floor":44,"turns":6},{"damage":18,"enemies":"4 Shapes","floor":48,"turns":4},{"damage":13,"enemies":"Awakened One","floor":50,"turns":6},{"damage":23,"enemies":"Time Eater","floor":51,"turns":5},{"damage":7,"enemies":"Shield and Spear","floor":55,"turns":6},{"damage":10,"enemies":"The Heart","floor":56,"turns":6}],"seed_played":"-3225348020412842284","potions_obtained":[{"floor":3,"key":"DuplicationPotion"},{"floor":4,"key":"SteroidPotion"},{"floor":5,"key":"Explosive Potion"},{"floor":11,"key":"SpeedPotion"},{"floor":18,"key":"Weak Potion"},{"floor":29,"key":"Explosive Potion"},{"floor":40,"key":"FairyPotion"}],"is_trial":false,"path_per_floor":["M","?","M","M","M","R","E","R","T","M","M","R","M","?","R","B",null,"M","$","?","T","M","E","R","?","T","R","M","M","R","E","R","B",null,"M","$","M","?","M","E","R","E","T","E","T","R","?","M","R","B","B",null,"R","$","E","B",null],"character_chosen":"IRONCLAD","items_purchased":["Shockwave","OrangePellets","Dark Embrace","Medical Kit","Master of Strategy","Bottled Tornado"],"campfire_rested":7,"item_purchase_floors":[19,19,36,36,54,54],"current_hp_per_floor":[71,71,71,72,73,73,65,65,65,71,73,73,65,65,65,71,74,74,74,74,74,74,60,60,60,60,75,55,49,71,40,62,59,71,74,75,69,69,23,23,45,39,39,30,30,52,42,30,52,68,58,71,75,75,81,78],"gold":127,"neow_bonus":"RANDOM_COLORLESS_2","is_daily":false,"chose_seed":false,"campfire_upgraded":4,"win_rate":0.0,"timestamp":1613696842,"path_taken":["M","?","M","?","?","R","E","R","T","M","M","R","?","?","R","BOSS","M","$","?","?","M","E","R","?","T","R","M","M","R","E","R","BOSS","M","$","?","?","M","E","R","E","T","E","?","R","?","M","R","BOSS","BOSS","R","$","E","BOSS"],"items_purchased_type":["Card","Relic","Card","Relic","Card","Relic"],"build_version":"2020-12-22","purchased_purges":3,"victory":true,"max_hp_per_floor":[75,75,75,75,75,75,75,75,75,75,75,75,75,75,75,75,75,75,75,75,75,75,75,75,75,75,75,75,75,75,75,75,75,75,75,75,75,75,75,75,75,75,75,75,75,75,75,75,75,75,75,75,75,75,82,82],"card_choices":[{"not_picked":["Transmutation","Master of Strategy"],"picked":"Apotheosis","floor":0},{"not_picked":["Disarm","Flex"],"picked":"Headbutt","floor":1},{"not_picked":["Power Through","Clash"],"picked":"Battle Trance","floor":3},{"not_picked":["Battle Trance","Flex","Clash"],"picked":"SKIP","floor":4},{"not_picked":["Armaments","Thunderclap"],"picked":"Seeing Red","floor":5},{"not_picked":["True Grit","Power Through"],"picked":"Evolve","floor":7},{"not_picked":["Sever Soul","Armaments"],"picked":"Wild Strike","floor":10},{"not_picked":["Sword Boomerang","Cleave"],"picked":"Pommel Strike","floor":11},{"not_picked":["Heavy Blade","Demon Form"],"picked":"Carnage","floor":13},{"not_picked":["Juggernaut","Corruption"],"picked":"Offering","floor":16},{"not_picked":["Clash","Evolve","Anger"],"picked":"SKIP","floor":18},{"not_picked":["Evolve","Heavy Blade"],"picked":"Second Wind","floor":22},{"not_picked":["Infernal Blade","Bloodletting","Warcry+1"],"picked":"SKIP","floor":23},{"not_picked":["Sword Boomerang","Shrug It Off"],"picked":"Feel No Pain","floor":28},{"not_picked":["Twin Strike","True Grit"],"picked":"Blood for Blood","floor":29},{"not_picked":["Ghostly Armor","Body Slam"],"picked":"Power Through","floor":31},{"not_picked":["Double Tap","Demon Form"],"picked":"Barricade","floor":33},{"not_picked":["Rage","Twin Strike","Thunderclap"],"picked":"SKIP","floor":35},{"not_picked":["Second Wind","Carnage","Headbutt"],"picked":"SKIP","floor":37},{"not_picked":["Perfected Strike+1","Sword Boomerang+1"],"picked":"Entrench","floor":39},{"not_picked":["Heavy Blade+1","Double Tap","Dropkick"],"picked":"SKIP","floor":40},{"not_picked":["Dual Wield","Spot Weakness"],"picked":"Body Slam","floor":42},{"not_picked":["Thunderclap+1","Demon Form"],"picked":"Shrug It Off","floor":44},{"not_picked":["Apotheosis","Dramatic Entrance"],"picked":"Flash of Steel","floor":47},{"not_picked":["Combust","Blood for Blood","Havoc"],"picked":"SKIP","floor":48},{"not_picked":["Armaments","Hemokinesis+1","Headbutt"],"picked":"SKIP","floor":55}],"player_experience":1611769,"relics_obtained":[{"floor":7,"key":"Tiny Chest"},{"floor":9,"key":"Ornamental Fan"},{"floor":21,"key":"MawBank"},{"floor":23,"key":"Incense Burner"},{"floor":26,"key":"MealTicket"},{"floor":31,"key":"Pantograph"},{"floor":40,"key":"CeramicFish"},{"floor":40,"key":"InkBottle"},{"floor":42,"key":"Old Coin"},{"floor":42,"key":"Whetstone"},{"floor":44,"key":"PreservedInsect"},{"floor":44,"key":"Turnip"},{"floor":45,"key":"Sundial"},{"floor":55,"key":"Strawberry"},{"floor":55,"key":"Boot"}],"event_choices":[{"damage_healed":0,"gold_gain":100,"player_choice":"Gold","damage_taken":0,"max_hp_gain":0,"max_hp_loss":0,"event_name":"Wheel of Change","floor":2,"gold_loss":0},{"cards_removed":["Strike_R"],"damage_healed":0,"gold_gain":0,"player_choice":"Forget","damage_taken":0,"max_hp_gain":0,"max_hp_loss":0,"event_name":"Living Wall","floor":14,"gold_loss":0},{"damage_healed":0,"gold_gain":0,"player_choice":"Ignored","damage_taken":0,"max_hp_gain":0,"max_hp_loss":0,"event_name":"The Mausoleum","floor":20,"gold_loss":0},{"damage_healed":0,"gold_gain":0,"player_choice":"Copied","damage_taken":0,"max_hp_gain":0,"max_hp_loss":0,"event_name":"Duplicator","floor":25,"gold_loss":0,"cards_obtained":["Offering"]},{"cards_removed":["Pommel Strike"],"damage_healed":0,"gold_gain":0,"player_choice":"Removed Attack","damage_taken":0,"max_hp_gain":0,"max_hp_loss":0,"event_name":"Falling","floor":38,"gold_loss":0},{"damage_healed":0,"gold_gain":0,"player_choice":"Memory 3","damage_taken":10,"max_hp_gain":0,"max_hp_loss":0,"event_name":"SensoryStone","floor":47,"gold_loss":0}],"is_beta":false,"boss_relics":[{"not_picked":["Busted Crown","Ectoplasm"],"picked":"Fusion Hammer"},{"not_picked":["SacredBark","Velvet Choker"],"picked":"Black Star"}],"items_purged_floors":[19,36,54],"is_endless":false,"potions_floor_spawned":[3,4,5,11,18,29,33,35,37,40,42,55],"ascension_level":20}}