{"host":"2c84cb4cp1emursg","time":1613709638,"event":{"mods":["Act Like it!","BaseMod","Better Third Choice","Bossed Relics","Downfall","Hermit","Mimic Mod","Minty Spire (QoL Compilation)","Permanent Neow","StSLib"],"gold_per_floor":[99,116,133,149,167,167,249,279,279,304,4,19,19,30,43,43,43,43],"floor_reached":16,"language":"ENG","playtime":903,"items_purged":[],"score":114,"play_id":"d5c14d4b-d204-499b-93e1-1b06e17ec5c1","local_time":"20210218214038","is_ascension_mode":false,"campfire_choices":[{"floor":1,"key":"RECALL"},{"data":"sneckomod:PureSnecko","floor":11,"key":"SMITH"},{"data":"sneckomod:Memorize","floor":13,"key":"SMITH"}],"circlet_count":0,"master_deck":["sneckomod:Defend","sneckomod:Defend","sneckomod:Defend","sneckomod:TailWhip","sneckomod:SnekBite","sneckomod:Unknown","sneckomod:Unknown","sneckomod:SlitherStrike","sneckomod:DiceCrush","sneckomod:Unknown1Cost","downfall:Malfunctioning","sneckomod:Unknown1Cost","sneckomod:PureSnecko+1","sneckomod:SnakeSap","PathToVictory","sneckomod:IronFang","sneckomod:Unknown0Cost"],"relics":["Cursed Key","downfall:BrokenWingStatue","Omamori","sneckomod:SneckoCommon","downfall:HeartBlessingGreen","downfall:HeartBlessingRed","downfall:HeartBlessingBlue"],"acts_visited":["Exordium"],"potions_floor_usage":[8,8,16,16],"damage_taken":[{"damage":4,"enemies":"2 Louse","floor":2,"turns":2},{"damage":1,"enemies":"Jaw Worm","floor":3,"turns":3},{"damage":0,"enemies":"Cultist","floor":4,"turns":2},{"damage":13,"enemies":"Exordium Wildlife","floor":5,"turns":5},{"damage":4,"enemies":"Gremlin Nob","floor":8,"turns":3},{"damage":21,"enemies":"3 Sentries","floor":10,"turns":9},{"damage":0,"enemies":"Gremlin Gang","floor":12,"turns":3},{"damage":10,"enemies":"Lots of Slimes","floor":14,"turns":4},{"damage":7,"enemies":"2 Fungi Beasts","floor":15,"turns":3},{"damage":51,"enemies":"DF_ARCHETYPE_STREAMLINE","floor":16,"turns":6}],"seed_played":"-8683356990614264281","potions_obtained":[{"floor":3,"key":"sneckomod:DiceRollPotion"},{"floor":5,"key":"sneckomod:DiceRollPotion"},{"floor":8,"key":"hexamod:SoulburnPotion"},{"floor":14,"key":"Weak Potion"},{"floor":15,"key":"Energy Potion"}],"is_trial":false,"path_per_floor":["R","M","M","M","M","?","T","E","?","E","R","M","R","M","M","B"],"character_chosen":"THE_SNECKO","items_purchased":[],"campfire_rested":0,"item_purchase_floors":[],"current_hp_per_floor":[90,86,85,85,72,72,72,68,68,47,57,57,57,47,40,0,0,0],"gold":43,"neow_bonus":"BOSS_RELIC","is_daily":false,"chose_seed":false,"campfire_upgraded":2,"win_rate":0.0,"timestamp":1613709638,"path_taken":["R","M","M","M","M","?","T","E","?","E","R","M","R","?","M","BOSS"],"items_purchased_type":[],"build_version":"2020-12-22","purchased_purges":0,"victory":false,"max_hp_per_floor":[90,90,90,90,90,90,90,90,90,90,100,100,100,100,100,100,100,100],"card_choices":[{"not_picked":["sneckomod:SerpentIdol","sneckomod:Unknown1Cost"],"picked":"sneckomod:SlitherStrike","floor":2},{"not_picked":["sneckomod:SnekBeam","sneckomod:Rotation"],"picked":"sneckomod:DiceCrush","floor":3},{"not_picked":["sneckomod:PureSnecko","sneckomod:SoulDraw"],"picked":"sneckomod:Memorize","floor":4},{"not_picked":["sneckomod:DiceCrush","sneckomod:SoulDraw"],"picked":"sneckomod:Unknown1Cost","floor":5},{"not_picked":["sneckomod:RainOfDice","sneckomod:QuickMove"],"picked":"sneckomod:Unknown1Cost","floor":8},{"not_picked":["sneckomod:SoulRoll","sneckomod:SoulExchange"],"picked":"sneckomod:PureSnecko","floor":10},{"not_picked":["sneckomod:UnknownCommonSkill","sneckomod:DiceBlock"],"picked":"sneckomod:SnakeSap","floor":12},{"not_picked":["sneckomod:SoulRoll","sneckomod:UnknownDraw"],"picked":"sneckomod:IronFang","floor":14},{"not_picked":["sneckomod:SoulRoll","sneckomod:MasterEye"],"picked":"sneckomod:Unknown0Cost","floor":15}],"player_experience":664930,"relics_obtained":[{"floor":8,"key":"Omamori"},{"floor":10,"key":"sneckomod:SneckoCommon"}],"event_choices":[],"is_beta":false,"boss_relics":[],"items_purged_floors":[],"is_endless":false,"potions_floor_spawned":[3,5,8,14,15],"killed_by":"DF_ARCHETYPE_STREAMLINE","ascension_level":0}}