{"host":"s509oin3ptw7n5v1","time":1613710385,"event":{"mods":["2.2 Compatiblity","AchievementEnabler","BaseMod","Colored Map","Colored Powertips","Highlight Path","Minty Spire (QoL Compilation)","Rare Cards Sparkle","Relic Stats","Spicy Shops","StSLib"],"gold_per_floor":[109,128,93,16,91,120,120,140,164,181,211,230,247,273,273,273,273],"floor_reached":16,"language":"ENG","playtime":1491,"items_purged":[],"score":190,"play_id":"4480e198-f53f-4105-9133-46a7164fd5f0","local_time":"20210218235305","is_ascension_mode":true,"campfire_choices":[{"floor":7.0,"key":"REST"},{"floor":15.0,"key":"REST"}],"circlet_count":0,"master_deck":["AscendersBane","Strike_B","Strike_B","Strike_B","Defend_B","Defend_B","Defend_B","Zap","Dualcast","White Noise","FTL","Ball Lightning","Sweeping Beam","Sunder","Self Repair","Capacitor","Fusion","Leap","Storm","Stack"],"relics":["Cracked Core","Boot","Blood Vial","Bottled Flame"],"acts_visited":["Exordium"],"potions_floor_usage":[16],"damage_taken":[{"damage":1.0,"enemies":"Cultist","floor":1.0,"turns":3.0},{"damage":8.0,"enemies":"2 Louse","floor":2.0,"turns":2.0},{"damage":30.0,"enemies":"Lagavulin","floor":6.0,"turns":5.0},{"damage":0.0,"enemies":"Small Slimes","floor":8.0,"turns":2.0},{"damage":8.0,"enemies":"Looter","floor":10.0,"turns":3.0},{"damage":23.0,"enemies":"Exordium Wildlife","floor":12.0,"turns":4.0},{"damage":7.0,"enemies":"2 Fungi Beasts","floor":13.0,"turns":3.0},{"damage":36.0,"enemies":"Gremlin Nob","floor":14.0,"turns":5.0},{"damage":34,"enemies":"The Guardian","floor":16,"turns":9}],"seed_played":"2584407187035890345","potions_obtained":[{"floor":1.0,"key":"Weak Potion"},{"floor":10.0,"key":"Fruit Juice"},{"floor":13.0,"key":"SneckoOil"},{"floor":14.0,"key":"Swift Potion"}],"is_trial":false,"path_per_floor":["M","M","?","$","?","E","R","M","T","M","?","M","M","E","R","B"],"character_chosen":"DEFECT","items_purchased":["Sunder"],"campfire_rested":2,"item_purchase_floors":[4],"current_hp_per_floor":[45,37,54,54,43,13,34,34,34,40,40,33,35,8,30,0,0],"gold":273,"neow_bonus":"TRANSFORM_TWO_CARDS","is_daily":false,"chose_seed":false,"campfire_upgraded":0,"win_rate":0.0,"timestamp":1613710385,"path_taken":["M","?","?","$","?","E","R","M","T","M","?","M","M","E","R","BOSS"],"items_purchased_type":["Card"],"build_version":"2020-12-22","purchased_purges":0,"victory":false,"max_hp_per_floor":[71,71,71,71,71,71,71,71,71,76,76,76,76,76,76,76,76],"relic_stats":{"Blood Vial":10,"counters":[9,36],"Boot":[4],"obtain_stats":[{"Blood Vial":9,"Bottled Flame":14,"Cracked Core":0,"Boot":6},{"Blood Vial":4,"Bottled Flame":8,"Cracked Core":0,"Boot":3},{"Blood Vial":12,"Bottled Flame":27,"Cracked Core":0,"Boot":10}]},"card_choices":[{"not_picked":["Melter","Turbo"],"picked":"Ball Lightning","floor":1.0},{"not_picked":["Stack","Rip and Tear"],"picked":"Sweeping Beam","floor":2.0},{"not_picked":["Streamline","Go for the Eyes"],"picked":"Self Repair","floor":6.0},{"not_picked":["Tempest","Go for the Eyes"],"picked":"Capacitor","floor":8.0},{"not_picked":["Cold Snap","Double Energy"],"picked":"Fusion","floor":10.0},{"not_picked":["Darkness","Compile Driver"],"picked":"Leap","floor":12.0},{"not_picked":["Turbo","Beam Cell"],"picked":"Storm","floor":13.0},{"not_picked":["Sweeping Beam","Chaos"],"picked":"Stack","floor":14.0}],"player_experience":1214841,"relics_obtained":[{"floor":6.0,"key":"Boot"},{"floor":9.0,"key":"Blood Vial"},{"floor":14.0,"key":"Bottled Flame"}],"event_choices":[{"damage_healed":17.0,"max_hp_gain":0.0,"max_hp_loss":0.0,"gold_gain":0.0,"event_name":"The Cleric","player_choice":"Healed","floor":3.0,"gold_loss":35.0,"damage_taken":0.0},{"damage_healed":0.0,"max_hp_gain":0.0,"max_hp_loss":0.0,"gold_gain":75.0,"event_name":"World of Goop","player_choice":"Gather Gold","floor":5.0,"gold_loss":0.0,"damage_taken":11.0},{"damage_healed":0.0,"max_hp_gain":0.0,"max_hp_loss":0.0,"gold_gain":30.0,"event_name":"Dead Adventurer","player_choice":"Searched \u00272\u0027 times","floor":11.0,"gold_loss":0.0,"damage_taken":0.0}],"is_beta":false,"boss_relics":[],"items_purged_floors":[],"is_endless":false,"potions_floor_spawned":[1,10,13,14],"killed_by":"The Guardian","ascension_level":14}}