{"host":"rnjhaewkefy4rz3c","time":1613712505,"event":{"mods":["2.2 Compatiblity","AchievementEnabler","BaseMod","CCEM2","Colored Map","Minty Spire (QoL Compilation)","Permanent Neow","StSLib"],"gold_per_floor":[12,28,128,143,156,156,169,94,94,94,119,69,69,85,85,183,183,200,210,210,210],"floor_reached":20,"language":"ENG","playtime":913,"items_purged":["theextravagant:SlyStrike"],"score":176,"play_id":"64da7663-5f1b-4526-af49-d688a952cf2a","local_time":"20210219012825","is_ascension_mode":false,"campfire_choices":[{"data":"theextravagant:PerfectTheBasics","floor":6,"key":"SMITH"},{"data":"theextravagant:Triumph","floor":10,"key":"SMITH"},{"data":"theextravagant:PerfectTheBasics","floor":15,"key":"SMITH"}],"circlet_count":0,"master_deck":["theextravagant:SlyStrike","theextravagant:SlyStrike","theextravagant:SlyStrike","theextravagant:Fence","theextravagant:Fence","theextravagant:Fence","theextravagant:QuickAttack","theextravagant:Triumph+1","theextravagant:Shove","theextravagant:PerfectTheBasics+1","theextravagant:HeavyBlows","theextravagant:PuffUp","theextravagant:Aggression","theextravagant:PerfectTheBasics+1","theextravagant:DAMNATION"],"relics":["theextravagant:TranslucentFeather","Turnip","Eternal Feather","CCEMRelics:LatexGloves","SlaversCollar"],"acts_visited":["Exordium","TheCity"],"potions_floor_usage":[16,16],"damage_taken":[{"damage":3,"enemies":"Small Slimes","floor":1,"turns":4},{"damage":0,"enemies":"Cultist","floor":2,"turns":3},{"damage":1,"enemies":"2 Louse","floor":4,"turns":2},{"damage":2,"enemies":"Blue Slaver","floor":5,"turns":4},{"damage":5,"enemies":"Looter","floor":7,"turns":2},{"damage":28,"enemies":"Gremlin Nob","floor":11,"turns":4},{"damage":7,"enemies":"Exordium Wildlife","floor":14,"turns":3},{"damage":27,"enemies":"Hexaghost","floor":16,"turns":7},{"damage":33,"enemies":"2 Thieves","floor":18,"turns":4},{"damage":13,"enemies":"3 Byrds","floor":19,"turns":6},{"damage":24,"enemies":"Shelled Parasite and Fungi","floor":20,"turns":3}],"seed_played":"-169394197074729553","potions_obtained":[{"floor":1,"key":"SteroidPotion"},{"floor":2,"key":"Energy Potion"},{"floor":5,"key":"ColorlessPotion"},{"floor":18,"key":"SteroidPotion"}],"is_trial":false,"path_per_floor":["M","M","?","M","M","R","M","$","T","R","E","?","?","M","R","B",null,"M","M","M"],"character_chosen":"THE_EXTRAVAGANT","items_purchased":[],"campfire_rested":0,"item_purchase_floors":[],"current_hp_per_floor":[72,72,72,71,69,69,64,64,64,70,42,42,47,40,46,19,80,47,34,10,10],"gold":210,"neow_bonus":"ONE_RARE_RELIC","is_daily":false,"chose_seed":false,"campfire_upgraded":3,"win_rate":0.0,"timestamp":1613712505,"path_taken":["M","M","?","M","M","R","?","?","T","R","E","?","?","?","R","BOSS","M","M","M"],"items_purchased_type":[],"build_version":"2020-12-22","purchased_purges":1,"victory":false,"max_hp_per_floor":[75,75,75,75,75,75,75,75,75,75,75,75,80,80,80,80,80,80,80,80,80],"card_choices":[{"not_picked":["theextravagant:GlyphOfChoice","theextravagant:Riot"],"picked":"theextravagant:Shove","floor":1},{"not_picked":["theextravagant:Comeback","theextravagant:GlyphOfTime"],"picked":"theextravagant:PerfectTheBasics","floor":2},{"not_picked":["theextravagant:Ravage","theextravagant:Shake"],"picked":"theextravagant:HeavyBlows","floor":4},{"not_picked":["theextravagant:RustyBuckler","theextravagant:StepBack"],"picked":"theextravagant:PuffUp","floor":5},{"not_picked":["theextravagant:Defy","theextravagant:RustyBuckler"],"picked":"theextravagant:Aggression","floor":7},{"not_picked":["theextravagant:Precaution","theextravagant:Comeback"],"picked":"theextravagant:PerfectTheBasics","floor":11},{"not_picked":["theextravagant:Shake","theextravagant:Comeback","theextravagant:GustOfWind"],"picked":"SKIP","floor":14},{"not_picked":["theextravagant:ShieldCharm","theextravagant:Outrun"],"picked":"theextravagant:DAMNATION","floor":16},{"not_picked":["theextravagant:PerfectTheBasics+1","theextravagant:IronPlumes","theextravagant:StepBack+1"],"picked":"SKIP","floor":18},{"not_picked":["theextravagant:Defy","theextravagant:Firework","theextravagant:Flashback"],"picked":"SKIP","floor":19}],"player_experience":506428,"relics_obtained":[{"floor":9,"key":"Eternal Feather"},{"floor":11,"key":"CCEMRelics:LatexGloves"}],"event_choices":[{"damage_healed":0,"gold_gain":100,"player_choice":"Pray","damage_taken":0,"max_hp_gain":0,"max_hp_loss":0,"event_name":"Golden Shrine","floor":3,"gold_loss":0},{"cards_removed":["theextravagant:Fence"],"damage_healed":0,"gold_gain":0,"player_choice":"Card Removal","damage_taken":0,"max_hp_gain":0,"max_hp_loss":0,"event_name":"The Cleric","floor":12,"gold_loss":50},{"damage_healed":0,"gold_gain":0,"player_choice":"Donut","damage_taken":0,"max_hp_gain":5,"max_hp_loss":0,"event_name":"Big Fish","floor":13,"gold_loss":0}],"is_beta":false,"boss_relics":[{"not_picked":["Astrolabe","Empty Cage"],"picked":"SlaversCollar"}],"items_purged_floors":[8],"is_endless":false,"potions_floor_spawned":[1,2,5,18],"killed_by":"Shelled Parasite and Fungi","ascension_level":0}}