{"host":"dkr0dog13pegamnp","time":1613740510,"event":{"mods":["AchievementEnabler","BaseMod","Minty Spire (QoL Compilation)","Rare Cards Sparkle","StSLib","SuperFastMode","everything is the same but u backflip on backflip"],"gold_per_floor":[111,111,111,7,20,49,59,59,59,69,135,145,173,173,173,276,276,294,15,32,45,45,77,77,111,157,173,189,199,199,226,226,329,329,346,364,274,288,304,334,334,344,344,344,33,47,58,73,73,73,73,73,23,55,55,55],"floor_reached":55,"language":"KOR","playtime":2245,"items_purged":["Strike_G"],"score":1212,"play_id":"7edd750b-3576-41c4-9065-5db9bf12fbe7","local_time":"20210219221510","is_ascension_mode":true,"campfire_choices":[{"data":"Cloak And Dagger","floor":8,"key":"SMITH"},{"data":"Terror","floor":15,"key":"SMITH"},{"data":"Blade Dance","floor":24,"key":"SMITH"},{"data":"Footwork","floor":30,"key":"SMITH"},{"data":"Footwork","floor":32,"key":"SMITH"},{"data":"Adrenaline","floor":41,"key":"SMITH"},{"floor":49,"key":"RECALL"},{"data":"Tactician","floor":52,"key":"SMITH"}],"circlet_count":0,"master_deck":["AscendersBane","Defend_G+1","Defend_G","Defend_G","Defend_G","Defend_G+1","Survivor","Neutralize","Dash","Footwork+1","Blade Dance+1","Cloak And Dagger+1","Backflip+1","Terror+1","Backflip","Footwork+1","Die Die Die","Infinite Blades+1","PiercingWail","Cloak And Dagger+1","Blur","Acrobatics","Finisher","Adrenaline+1","Cloak And Dagger","Accuracy","Tactician+1"],"relics":["Ring of the Snake","NeowsBlessing","Mercury Hourglass","Bag of Preparation","Orichalcum","Vajra","HoveringKite","Sling","Happy Flower","Dream Catcher","War Paint","Meat on the Bone","Philosopher\u0027s Stone","Snake Skull","Kunai","Paper Crane"],"acts_visited":["Exordium","TheCity","TheBeyond","TheEnding"],"potions_floor_usage":[11,11,13,20,23,29,31,33,35,46,50,50,50,54],"damage_taken":[{"damage":0,"enemies":"Jaw Worm","floor":1,"turns":1},{"damage":0,"enemies":"Small Slimes","floor":5,"turns":2},{"damage":0,"enemies":"Gremlin Nob","floor":6,"turns":1},{"damage":0,"enemies":"Cultist","floor":7,"turns":3},{"damage":3,"enemies":"Looter","floor":10,"turns":3},{"damage":3,"enemies":"3 Sentries","floor":11,"turns":7},{"damage":6,"enemies":"Exordium Wildlife","floor":12,"turns":7},{"damage":9,"enemies":"Lagavulin","floor":13,"turns":7},{"damage":9,"enemies":"Hexaghost","floor":16,"turns":10},{"damage":0,"enemies":"3 Byrds","floor":18,"turns":4},{"damage":2,"enemies":"Shell Parasite","floor":20,"turns":4},{"damage":9,"enemies":"Sentry and Sphere","floor":21,"turns":6},{"damage":4,"enemies":"Gremlin Leader","floor":23,"turns":4},{"damage":2,"enemies":"Book of Stabbing","floor":25,"turns":5},{"damage":0,"enemies":"Centurion and Healer","floor":27,"turns":9},{"damage":4,"enemies":"Cultist and Chosen","floor":28,"turns":6},{"damage":8,"enemies":"Snake Plant","floor":29,"turns":5},{"damage":9,"enemies":"Slavers","floor":31,"turns":6},{"damage":10,"enemies":"Automaton","floor":33,"turns":10},{"damage":3,"enemies":"Orb Walker","floor":35,"turns":3},{"damage":5,"enemies":"3 Darklings","floor":36,"turns":6},{"damage":9,"enemies":"Transient","floor":38,"turns":5},{"damage":0,"enemies":"Maw","floor":39,"turns":8},{"damage":4,"enemies":"Nemesis","floor":40,"turns":9},{"damage":3,"enemies":"3 Darklings","floor":42,"turns":6},{"damage":3,"enemies":"4 Shapes","floor":46,"turns":4},{"damage":0,"enemies":"Maw","floor":47,"turns":6},{"damage":0,"enemies":"Sphere and 2 Shapes","floor":48,"turns":2},{"damage":0,"enemies":"Donu and Deca","floor":50,"turns":12},{"damage":25,"enemies":"Shield and Spear","floor":54,"turns":8},{"damage":40,"enemies":"The Heart","floor":55,"turns":3}],"seed_played":"4047409628368999268","potions_obtained":[{"floor":1,"key":"ColorlessPotion"},{"floor":6,"key":"Swift Potion"},{"floor":10,"key":"DuplicationPotion"},{"floor":12,"key":"SneckoOil"},{"floor":16,"key":"FearPotion"},{"floor":18,"key":"Regen Potion"},{"floor":25,"key":"SteroidPotion"},{"floor":28,"key":"EssenceOfSteel"},{"floor":31,"key":"BlessingOfTheForge"},{"floor":38,"key":"Strength Potion"},{"floor":44,"key":"DuplicationPotion"},{"floor":44,"key":"PowerPotion"},{"floor":46,"key":"SkillPotion"}],"is_trial":false,"path_per_floor":["M","?","?","$","M","E","M","R","T","M","E","M","E","?","R","B",null,"M","$","M","M","?","E","R","E","T","M","M","M","R","E","R","B",null,"M","M","?","M","M","E","R","M","T","?","$","M","M","M","R","B",null,"R","$","E","B"],"character_chosen":"THE_SILENT","items_purchased":["Footwork","Blade Dance","Sling","PiercingWail","Kunai","Tactician","Energy Potion"],"campfire_rested":0,"item_purchase_floors":[4,4,19,19,45,45,53],"current_hp_per_floor":[63,56,56,56,56,56,56,56,56,53,50,44,35,35,35,26,59,59,59,69,60,60,56,56,54,54,54,50,42,42,33,33,35,61,58,53,53,44,44,40,40,37,37,37,37,46,46,46,46,46,64,64,64,39,0,0],"gold":55,"neow_bonus":"THREE_ENEMY_KILL","is_daily":false,"chose_seed":false,"campfire_upgraded":7,"win_rate":0.0,"timestamp":1613740510,"path_taken":["M","?","?","?","M","E","?","R","T","M","E","M","E","?","R","BOSS","M","?","M","M","?","E","R","E","T","?","M","M","R","E","R","BOSS","M","M","?","?","M","E","R","M","T","?","$","?","M","M","R","BOSS","R","$","E","BOSS"],"items_purchased_type":["Card","Card","Relic","Card","Relic","Card","Potion"],"build_version":"2020-12-22","purchased_purges":1,"victory":false,"max_hp_per_floor":[70,70,70,70,70,70,70,70,70,70,70,70,70,70,70,70,70,70,70,70,70,70,70,70,70,70,70,70,70,70,70,70,70,70,70,70,70,70,70,70,70,70,70,70,70,70,70,70,70,70,70,70,70,70,70,70],"card_choices":[{"not_picked":["Concentrate","Calculated Gamble"],"picked":"Dash","floor":1},{"not_picked":["Expertise","Deadly Poison"],"picked":"Cloak And Dagger","floor":5},{"not_picked":["Underhanded Strike","Deflect"],"picked":"Backflip","floor":6},{"not_picked":["Outmaneuver","Blade Dance","Skewer"],"picked":"SKIP","floor":7},{"not_picked":["Night Terror","Leg Sweep"],"picked":"Terror","floor":10},{"not_picked":["Quick Slash","Expertise"],"picked":"Backflip","floor":11},{"not_picked":["Deadly Poison","PiercingWail"],"picked":"Footwork","floor":12},{"not_picked":["Setup","Deadly Poison","Dodge and Roll"],"picked":"SKIP","floor":13},{"not_picked":["Grand Finale","Burst"],"picked":"Die Die Die","floor":16},{"not_picked":["Concentrate","Blade Dance"],"picked":"Infinite Blades+1","floor":18},{"not_picked":["Blade Dance","Distraction+1","Backstab"],"picked":"SKIP","floor":20},{"not_picked":["Deflect+1","Choke"],"picked":"Cloak And Dagger+1","floor":21},{"not_picked":["Envenom","Well Laid Plans","Unload"],"picked":"SKIP","floor":23},{"not_picked":["Calculated Gamble","Sucker Punch"],"picked":"Blur","floor":25},{"not_picked":["Dodge and Roll+1","Slice","Backstab"],"picked":"SKIP","floor":27},{"not_picked":["Flying Knee","Cloak And Dagger"],"picked":"Acrobatics","floor":28},{"not_picked":["Dagger Throw+1","Dodge and Roll"],"picked":"Finisher","floor":29},{"not_picked":["Blade Dance","Catalyst","Unload"],"picked":"SKIP","floor":31},{"not_picked":["Tools of the Trade","Phantasmal Killer"],"picked":"Adrenaline","floor":33},{"not_picked":["Dagger Throw+1","Crippling Poison","PiercingWail"],"picked":"SKIP","floor":35},{"not_picked":["Quick Slash","Infinite Blades"],"picked":"Cloak And Dagger","floor":36},{"not_picked":["Concentrate+1","Poisoned Stab","Bane"],"picked":"SKIP","floor":38},{"not_picked":["Doppelganger","Slice+1","Bane+1"],"picked":"SKIP","floor":39},{"not_picked":["Dagger Spray+1","Deadly Poison","Poisoned Stab"],"picked":"SKIP","floor":40},{"not_picked":["Deadly Poison","Backflip"],"picked":"Accuracy","floor":42},{"not_picked":["Glass Knife","Flying Knee","Dodge and Roll"],"picked":"SKIP","floor":46},{"not_picked":["Dagger Throw","All Out Attack","Outmaneuver+1"],"picked":"SKIP","floor":47},{"not_picked":["Dagger Spray+1","PiercingWail+1","Blade Dance"],"picked":"SKIP","floor":48},{"not_picked":["Catalyst","Blade Dance+1","Deflect+1"],"picked":"SKIP","floor":54}],"player_experience":66879,"relics_obtained":[{"floor":6,"key":"Mercury Hourglass"},{"floor":9,"key":"Bag of Preparation"},{"floor":11,"key":"Orichalcum"},{"floor":13,"key":"Vajra"},{"floor":23,"key":"Happy Flower"},{"floor":25,"key":"Dream Catcher"},{"floor":26,"key":"War Paint"},{"floor":31,"key":"Meat on the Bone"},{"floor":40,"key":"Snake Skull"},{"floor":54,"key":"Paper Crane"}],"event_choices":[{"cards_removed":["Strike_G"],"damage_healed":0,"gold_gain":0,"player_choice":"Card Removal","damage_taken":7,"max_hp_gain":0,"max_hp_loss":0,"event_name":"Golden Wing","floor":2,"gold_loss":0},{"cards_removed":["Strike_G"],"damage_healed":0,"gold_gain":0,"player_choice":"Forget","damage_taken":0,"max_hp_gain":0,"max_hp_loss":0,"event_name":"Living Wall","floor":3,"gold_loss":0},{"cards_removed":["Strike_G"],"damage_healed":0,"gold_gain":0,"player_choice":"Offered Basic","damage_taken":0,"max_hp_gain":0,"max_hp_loss":0,"event_name":"Bonfire Elementals","floor":14,"gold_loss":0},{"cards_removed":["Strike_G"],"damage_healed":0,"gold_gain":0,"player_choice":"Upgrade and Remove","damage_taken":0,"max_hp_gain":0,"max_hp_loss":0,"event_name":"Designer","floor":37,"gold_loss":90,"cards_upgraded":["Defend_G"]},{"damage_healed":0,"gold_gain":0,"player_choice":"Got Potions","damage_taken":0,"max_hp_gain":0,"max_hp_loss":0,"event_name":"Lab","floor":44,"gold_loss":0}],"is_beta":false,"boss_relics":[{"not_picked":["Snecko Eye","Fusion Hammer"],"picked":"HoveringKite"},{"not_picked":["Pandora\u0027s Box","Cursed Key"],"picked":"Philosopher\u0027s Stone"}],"items_purged_floors":[19],"is_endless":false,"potions_floor_spawned":[1,6,10,12,16,18,25,28,31,38,46,47],"killed_by":"The Heart","ascension_level":10}}