{"host":"sncdgiue1dtzeg79","time":1613741190,"event":{"mods":["BaseMod","Beaked The Cultist","ChefMod","Colored Powertips","Hubris","Jorbs\u0027s Wanderer Trilogy","Minty Spire (QoL Compilation)","Reliquary","StSLib","Swap Starting Deck Mod","The Bladedancer","The Cursed","The Hierophant","The Marked","The Necromancer","The Runesmith","The Wild Card","Weighted Paths"],"gold_per_floor":[113,113,113,113,123,123,142,142,142,53,73,91,91,101,101,200,200,218,206,218,229,247,247,247,247,247,259,184,184,184],"floor_reached":29,"language":"ENG","playtime":1234,"items_purged":["TheCursedMod:Strike_TheCursed"],"score":219,"play_id":"4ed6f9f5-c185-4e84-88e8-86275e18d2aa","local_time":"20210219142630","is_ascension_mode":false,"campfire_choices":[{"data":"TheCursedMod:FleshFromBone","floor":6,"key":"SMITH"},{"data":"TheCursedMod:CleanUpWorkshop","floor":8,"key":"SMITH"},{"data":"TheCursedMod:HellfireBreathing","floor":13,"key":"SMITH"},{"data":"TheCursedMod:SoulReap","floor":15,"key":"SMITH"},{"floor":23,"key":"REST"},{"data":"TheCursedMod:HellsGateOpen","floor":25,"key":"SMITH"}],"circlet_count":0,"master_deck":["TheCursedMod:Strike_TheCursed","TheCursedMod:Strike_TheCursed","TheCursedMod:Defend_TheCursed+1","TheCursedMod:Defend_TheCursed+1","TheCursedMod:Defend_TheCursed","TheCursedMod:Defend_TheCursed","TheCursedMod:CursedWand+1","TheCursedMod:CleanUpWorkshop+1","TheCursedMod:Dregs","TheCursedMod:FleshFromBone+1","TheCursedMod:SoulReap+1","TheCursedMod:WearCloak","TheCursedMod:HellfireBreathing+1","TheCursedMod:CursedBlade","TheCursedMod:BlessingInDisguise","TheCursedMod:DemonSword","TheCursedMod:Hemoplague","TheCursedMod:HellsGateOpen+1","TheCursedMod:CursedShiv"],"relics":["Sozu","reliquary:HotPoker","hubris:VirtuousBlindfold","hubris:BottledHeart","Matryoshka"],"acts_visited":["Exordium","TheCity"],"potions_floor_usage":[],"damage_taken":[{"damage":0,"enemies":"Small Slimes","floor":1,"turns":3},{"damage":0,"enemies":"2 Louse","floor":5,"turns":3},{"damage":0,"enemies":"Jaw Worm","floor":7,"turns":4},{"damage":0,"enemies":"Exordium Thugs","floor":11,"turns":4},{"damage":0,"enemies":"Large Slime","floor":12,"turns":7},{"damage":1,"enemies":"3 Louse","floor":14,"turns":3},{"damage":41,"enemies":"The Guardian","floor":16,"turns":18},{"damage":1,"enemies":"Spheric Guardian","floor":18,"turns":5},{"damage":27,"enemies":"2 Thieves","floor":19,"turns":4},{"damage":29,"enemies":"3 Cultists","floor":20,"turns":6},{"damage":23,"enemies":"Shelled Parasite and Fungi","floor":21,"turns":5},{"damage":18,"enemies":"Snake Plant","floor":22,"turns":5},{"damage":0,"enemies":"Centurion and Healer","floor":27,"turns":6}],"seed_played":"-8129130790990582865","potions_obtained":[],"is_trial":false,"path_per_floor":["M","?","?","?","M","R","M","R","T","$","M","M","R","M","R","B",null,"M","M","M","M","M","R","?","R","T","M","$","?"],"character_chosen":"THE_CURSED","items_purchased":["TheCursedMod:HellfireBreathing","TheCursedMod:CursedBlade"],"campfire_rested":1,"item_purchase_floors":[10,10],"current_hp_per_floor":[75,68,68,53,53,53,58,58,58,58,63,66,66,68,68,34,75,74,55,34,17,3,25,1,1,1,1,1,0,0],"gold":184,"neow_bonus":"BOSS_RELIC","is_daily":false,"chose_seed":false,"campfire_upgraded":5,"win_rate":0.0,"timestamp":1613741190,"path_taken":["M","?","?","?","?","R","M","R","T","?","M","M","R","M","R","BOSS","M","M","M","M","M","R","?","R","T","M","$","?"],"items_purchased_type":["Card","Card"],"build_version":"2020-12-22","purchased_purges":1,"victory":false,"max_hp_per_floor":[75,75,75,75,75,75,75,75,75,75,75,75,75,75,75,75,75,75,75,75,75,75,75,1,1,1,1,1,1,1],"card_choices":[{"not_picked":["TheCursedMod:CursedBlade","TheCursedMod:SurpriseAttack"],"picked":"TheCursedMod:FleshFromBone","floor":1},{"not_picked":["TheCursedMod:FleshFromBone","TheCursedMod:Stretching"],"picked":"TheCursedMod:SoulReap","floor":5},{"not_picked":["TheCursedMod:VitalStrike","TheCursedMod:CursedBlade"],"picked":"TheCursedMod:WearCloak","floor":7},{"not_picked":["TheCursedMod:ShockAndAwe","TheCursedMod:WearCloak","TheCursedMod:SpitefulPray"],"picked":"SKIP","floor":11},{"not_picked":["TheCursedMod:CursedMace","TheCursedMod:SpitefulStrike"],"picked":"TheCursedMod:BlessingInDisguise","floor":12},{"not_picked":["TheCursedMod:CursedStaff","TheCursedMod:StingEye","TheCursedMod:Obscuration"],"picked":"SKIP","floor":14},{"not_picked":["TheCursedMod:CursedRelics","TheCursedMod:DarkBarrier"],"picked":"TheCursedMod:DemonSword","floor":16},{"not_picked":["TheCursedMod:SpitefulStrike","TheCursedMod:CursedMace"],"picked":"TheCursedMod:Hemoplague","floor":18},{"not_picked":["TheCursedMod:CursedAmulet+1","TheCursedMod:CircleOfFlame","TheCursedMod:RapidMovement"],"picked":"SKIP","floor":19},{"not_picked":["TheCursedMod:CircleOfCorruption","TheCursedMod:WearCloak"],"picked":"TheCursedMod:HellsGateOpen","floor":20},{"not_picked":["TheCursedMod:Grudge","TheCursedMod:VitalStrike"],"picked":"TheCursedMod:CursedShiv","floor":21},{"not_picked":["TheCursedMod:SpitefulStrike","TheCursedMod:CircleOfCorruption","TheCursedMod:Obscuration+1"],"picked":"SKIP","floor":22},{"not_picked":["TheCursedMod:Obscuration","TheCursedMod:Torture","TheCursedMod:EmpowerCircles"],"picked":"SKIP","floor":27}],"player_experience":525718,"relics_obtained":[{"floor":9,"key":"reliquary:HotPoker"},{"floor":26,"key":"Matryoshka"}],"event_choices":[{"cards_removed":["TheCursedMod:Strike_TheCursed"],"damage_healed":0,"gold_gain":0,"player_choice":"Card Removal","damage_taken":7,"max_hp_gain":0,"max_hp_loss":0,"event_name":"Golden Wing","floor":2,"gold_loss":0},{"damage_healed":0,"gold_gain":0,"player_choice":"Grow","damage_taken":0,"max_hp_gain":0,"max_hp_loss":0,"event_name":"Living Wall","floor":3,"gold_loss":0,"cards_upgraded":["TheCursedMod:CursedWand"]},{"damage_healed":0,"gold_gain":0,"player_choice":"Entered Light","damage_taken":15,"max_hp_gain":0,"max_hp_loss":0,"event_name":"Shining Light","floor":4,"gold_loss":0,"cards_upgraded":["TheCursedMod:Defend_TheCursed","TheCursedMod:Defend_TheCursed"]}],"is_beta":false,"boss_relics":[{"not_picked":["Cursed Key","Philosopher\u0027s Stone"],"picked":"hubris:VirtuousBlindfold"}],"items_purged_floors":[28],"is_endless":false,"potions_floor_spawned":[12,16,19,20,21,27],"ascension_level":0}}