{"host":"pheno","time":1613752508,"event":{"mods":["BaseMod","Minty Spire (QoL Compilation)","StSLib","The Marked"],"gold_per_floor":[119,139,139,139,139,139,160,203,228,255,288,288,310,50,50,149,149,171,171,171,13,22,56,68,114,149,198,234,246,258,295,307,405,476,517,552,582,234,259,282,282,282,282,9,38,38,38],"floor_reached":46,"language":"ZHS","playtime":1522,"items_purged":["Regret"],"score":1006,"play_id":"cc31cd76-8d16-454a-a6f2-7ae09f538c64","local_time":"20210220003508","is_ascension_mode":true,"campfire_choices":[{"data":"Uppercut","floor":6.0,"key":"SMITH"},{"data":"Shrug It Off","floor":12.0,"key":"SMITH"},{"data":"Pommel Strike","floor":15.0,"key":"SMITH"},{"data":"RitualDagger","floor":24.0,"key":"SMITH"},{"data":"Bash","floor":29.0,"key":"SMITH"},{"data":"Barricade","floor":32.0,"key":"SMITH"},{"floor":41.0,"key":"RECALL"}],"circlet_count":0,"master_deck":["AscendersBane","Strike_R","Strike_R","Strike_R","Strike_R","Strike_R","Defend_R","Defend_R","Defend_R","Defend_R","Bash+1","Uppercut+1","Cleave","Shrug It Off+1","Cleave","Clash","Dropkick","Pommel Strike+1","Heavy Blade","Reaper+1","Flex+1","RitualDagger+1","Ghostly Armor","Pommel Strike+1","Headbutt","Flame Barrier","Barricade+1","Impervious","Pummel","Sword Boomerang+1","Perfected Strike+1","Madness","Madness","Sadistic Nature","Blood for Blood+1","Flex+1","Clothesline"],"relics":["Burning Blood","Bloody Idol","Strawberry","CeramicFish","Bronze Scales","Omamori","Coffee Dripper","Tiny Chest","MawBank","StoneCalendar","Anchor","Blood Vial","Tiny House","Strange Spoon","Pantograph","InkBottle"],"acts_visited":["TheBeyond"],"potions_floor_usage":[45],"damage_taken":[{"damage":12.0,"enemies":"Jaw Worm","floor":1.0,"turns":3.0},{"damage":3.0,"enemies":"2 Louse","floor":2.0,"turns":3.0},{"damage":5.0,"enemies":"Small Slimes","floor":7.0,"turns":3.0},{"damage":29.0,"enemies":"Gremlin Nob","floor":8.0,"turns":4.0},{"damage":8.0,"enemies":"Exordium Wildlife","floor":10.0,"turns":3.0},{"damage":5.0,"enemies":"3 Louse","floor":11.0,"turns":3.0},{"damage":9.0,"enemies":"Looter","floor":13.0,"turns":3.0},{"damage":28.0,"enemies":"Hexaghost","floor":16.0,"turns":9.0},{"damage":9.0,"enemies":"Chosen","floor":18.0,"turns":3.0},{"damage":28.0,"enemies":"Gremlin Leader","floor":23.0,"turns":4.0},{"damage":43.0,"enemies":"Slavers","floor":25.0,"turns":6.0},{"damage":37.0,"enemies":"Gremlin Leader","floor":27.0,"turns":5.0},{"damage":5.0,"enemies":"Shell Parasite","floor":28.0,"turns":2.0},{"damage":11.0,"enemies":"Centurion and Healer","floor":31.0,"turns":7.0},{"damage":69.0,"enemies":"Champ","floor":33.0,"turns":19.0},{"damage":25.0,"enemies":"Orb Walker","floor":35.0,"turns":4.0},{"damage":36.0,"enemies":"3 Darklings","floor":36.0,"turns":5.0},{"damage":21.0,"enemies":"4 Shapes","floor":39.0,"turns":7.0},{"damage":57.0,"enemies":"Spire Growth","floor":40.0,"turns":4.0},{"damage":19,"enemies":"Jaw Worm Horde","floor":45,"turns":3},{"damage":84,"enemies":"Reptomancer","floor":46,"turns":5}],"seed_played":"2240934261705901261","potions_obtained":[{"floor":2.0,"key":"SkillPotion"},{"floor":7.0,"key":"ColorlessPotion"},{"floor":8.0,"key":"GamblersBrew"},{"floor":16.0,"key":"Dexterity Potion"},{"floor":27.0,"key":"LiquidBronze"},{"floor":33.0,"key":"Block Potion"},{"floor":35.0,"key":"DuplicationPotion"},{"floor":39.0,"key":"Fire Potion"},{"floor":40.0,"key":"ElixirPotion"}],"is_trial":false,"path_per_floor":["M","M","?","?","?","R","M","E","T","M","M","R","M","$","R","B",null,"M","?","?","$","?","E","R","E","T","E","M","R","$","M","R","B",null,"M","M","?","$","M","M","R","T","T","$","M","E"],"character_chosen":"IRONCLAD","items_purchased":["Omamori","Heavy Blade","Tiny Chest","Strange Spoon","Sadistic Nature","InkBottle"],"campfire_rested":0,"item_purchase_floors":[14,14,21,38,38,44],"current_hp_per_floor":[69,72,72,65,72,72,73,50,50,48,49,49,46,46,46,24,73,76,76,76,76,75,71,76,61,71,68,86,89,89,89,89,36,85,83,82,80,90,87,48,48,48,48,48,52,0,0],"gold":38,"neow_bonus":"TEN_PERCENT_HP_BONUS","is_daily":false,"chose_seed":false,"campfire_upgraded":6,"win_rate":0.0,"timestamp":1613752508,"path_taken":["M","M","?","?","?","R","M","E","T","M","M","R","M","$","R","BOSS","M","?","?","$","?","E","R","E","T","E","M","R","?","M","R","BOSS","M","M","?","$","M","M","R","?","T","$","M","E"],"items_purchased_type":["Relic","Card","Relic","Relic","Card","Relic"],"build_version":"2020-12-18","purchased_purges":1,"victory":false,"max_hp_per_floor":[82,82,82,82,89,89,89,89,89,89,89,89,89,89,89,89,89,89,89,89,89,89,89,89,89,89,89,89,89,89,89,89,89,94,94,94,94,94,94,94,94,94,94,94,94,94,94],"card_choices":[{"not_picked":["Body Slam","Power Through"],"picked":"Uppercut","floor":1.0},{"not_picked":["Whirlwind","Headbutt"],"picked":"Cleave","floor":2.0},{"not_picked":["Rupture","Cleave"],"picked":"Shrug It Off","floor":7.0},{"not_picked":["Seeing Red","Barricade"],"picked":"Cleave","floor":8.0},{"not_picked":["Disarm","Havoc"],"picked":"Clash","floor":10.0},{"not_picked":["Perfected Strike","Heavy Blade"],"picked":"Dropkick","floor":11.0},{"not_picked":["Dark Embrace","Sword Boomerang"],"picked":"Pommel Strike","floor":13.0},{"not_picked":["Double Tap","Juggernaut"],"picked":"Reaper","floor":16.0},{"not_picked":["Clash","Warcry"],"picked":"Flex+1","floor":18.0},{"not_picked":["Flex","Fire Breathing"],"picked":"Ghostly Armor","floor":23.0},{"not_picked":["Perfected Strike","Anger"],"picked":"Pommel Strike+1","floor":25.0},{"not_picked":["Clash","Flex"],"picked":"Headbutt","floor":27.0},{"not_picked":["Anger","Flex"],"picked":"Flame Barrier","floor":28.0},{"not_picked":["Combust","Shrug It Off"],"picked":"Barricade","floor":31.0},{"not_picked":["Brutality","Limit Break"],"picked":"Impervious","floor":33.0},{"not_picked":["Heavy Blade","True Grit"],"picked":"Pummel","floor":34.0},{"not_picked":["Iron Wave","Thunderclap"],"picked":"Sword Boomerang+1","floor":35.0},{"not_picked":["Anger","Burning Pact"],"picked":"Perfected Strike+1","floor":36.0},{"not_picked":["Power Through","Battle Trance"],"picked":"Blood for Blood+1","floor":39.0},{"not_picked":["Perfected Strike","Shrug It Off"],"picked":"Flex+1","floor":40.0},{"not_picked":["Body Slam","Perfected Strike"],"picked":"Clothesline","floor":45}],"player_experience":709069,"relics_obtained":[{"floor":8.0,"key":"CeramicFish"},{"floor":9.0,"key":"Bronze Scales"},{"floor":23.0,"key":"MawBank"},{"floor":25.0,"key":"StoneCalendar"},{"floor":26.0,"key":"Anchor"},{"floor":27.0,"key":"Blood Vial"},{"floor":42.0,"key":"Pantograph"}],"event_choices":[{"damage_healed":0.0,"max_hp_gain":0.0,"max_hp_loss":0.0,"gold_gain":0.0,"event_name":"Golden Idol","player_choice":"Take Wound","floor":3.0,"gold_loss":0.0,"damage_taken":0.0,"relics_obtained":["Golden Idol"],"cards_obtained":["Injury"]},{"cards_removed":["Injury"],"damage_healed":0.0,"max_hp_gain":0.0,"max_hp_loss":0.0,"gold_gain":0.0,"event_name":"Golden Wing","player_choice":"Card Removal","floor":4.0,"gold_loss":0.0,"damage_taken":7.0},{"damage_healed":0.0,"max_hp_gain":0.0,"max_hp_loss":0.0,"gold_gain":0.0,"event_name":"Big Fish","player_choice":"Box","floor":5.0,"gold_loss":0.0,"damage_taken":0.0,"relics_obtained":["Strawberry"],"cards_obtained":["Regret"]},{"damage_healed":0.0,"max_hp_gain":0.0,"max_hp_loss":0.0,"gold_gain":0.0,"event_name":"Beggar","player_choice":"Ignored","floor":19.0,"gold_loss":0.0,"damage_taken":0.0},{"damage_healed":0.0,"max_hp_gain":0.0,"max_hp_loss":0.0,"gold_gain":0.0,"event_name":"Forgotten Altar","player_choice":"Gave Idol","floor":20.0,"relics_lost":["Golden Idol"],"gold_loss":0.0,"damage_taken":0.0,"relics_obtained":["Bloody Idol"]},{"damage_healed":0.0,"max_hp_gain":0.0,"max_hp_loss":0.0,"gold_gain":0.0,"event_name":"Nest","player_choice":"Joined the Cult","floor":22.0,"gold_loss":0.0,"damage_taken":6.0,"cards_obtained":["RitualDagger"]},{"damage_healed":0.0,"max_hp_gain":0.0,"max_hp_loss":0.0,"gold_gain":0.0,"event_name":"Winding Halls","player_choice":"Embrace Madness","floor":37.0,"gold_loss":0.0,"damage_taken":17.0,"cards_obtained":["Madness","Madness"]}],"is_beta":true,"boss_relics":[{"not_picked":["Philosopher\u0027s Stone","Runic Pyramid"],"picked":"Coffee Dripper"},{"not_picked":["Snecko Eye","Fusion Hammer"],"picked":"Tiny House"}],"items_purged_floors":[14],"is_endless":false,"potions_floor_spawned":[2,7,8,16,18,27,33,35,39,40],"killed_by":"Reptomancer","ascension_level":20}}