{"host":"vyjryxuuuxkt43k4","time":1613744059,"event":{"mods":["AchievementEnabler","BaseMod","Colored Map","DeckTracker","Keyboard Shortcuts","Minty Spire (QoL Compilation)","Permanent Neow","Quick Restart","StSLib","SuperFastMode","everything is the same but u backflip on backflip"],"gold_per_floor":[112,124,174,194,205,240,258,11,37,72,98,98,98,118,118,196,196,213,223,237,70,97,97,111,111,135,151,151,151,168,168,168,168,168],"floor_reached":33,"language":"KOR","playtime":1207,"items_purged":["Strike_R"],"score":518,"play_id":"29f04b19-ab9c-4a1c-97a5-95c8ef3d1822","local_time":"20210219231419","is_ascension_mode":true,"campfire_choices":[{"floor":12.0,"key":"REST"},{"floor":15.0,"key":"REST"},{"floor":23.0,"key":"REST"},{"data":"A Thousand Cuts","floor":28,"key":"SMITH"},{"data":"Blasphemy","floor":32,"key":"SMITH"}],"circlet_count":0,"master_deck":["AscendersBane","Strike_R","Strike_R","Strike_R","Strike_R","Defend_R","Defend_R","Defend_R","Defend_R","Bash","Immolate","Pummel","Rupture","Evolve","Wild Strike","Blood for Blood","Shockwave","Leap","Consecrate","Blasphemy+1","Coolheaded","Twin Strike+1","Auto Shields","CutThroughFate","A Thousand Cuts+1","Shrug It Off","SandsOfTime","Ghostly","Ghostly","Ghostly"],"relics":["Burning Blood","Mercury Hourglass","PrismaticShard","Strawberry","Regal Pillow","Odd Mushroom","Philosopher\u0027s Stone","ClockworkSouvenir","Red Mask","Bag of Preparation"],"acts_visited":["Exordium","TheCity"],"potions_floor_usage":[33],"damage_taken":[{"damage":1.0,"enemies":"Cultist","floor":1.0,"turns":3.0},{"damage":9.0,"enemies":"Jaw Worm","floor":2.0,"turns":3.0},{"damage":0.0,"enemies":"2 Louse","floor":4.0,"turns":1.0},{"damage":11.0,"enemies":"2 Fungi Beasts","floor":5.0,"turns":3.0},{"damage":58.0,"enemies":"Gremlin Nob","floor":6.0,"turns":6.0},{"damage":0.0,"enemies":"3 Louse","floor":7.0,"turns":2.0},{"damage":20.0,"enemies":"3 Sentries","floor":10.0,"turns":5.0},{"damage":11.0,"enemies":"The Mushroom Lair","floor":11.0,"turns":3.0},{"damage":13.0,"enemies":"Lots of Slimes","floor":14.0,"turns":2.0},{"damage":78.0,"enemies":"The Guardian","floor":16.0,"turns":13.0},{"damage":15.0,"enemies":"Spheric Guardian","floor":18.0,"turns":4.0},{"damage":28.0,"enemies":"Shell Parasite","floor":19.0,"turns":4.0},{"damage":28.0,"enemies":"Centurion and Healer","floor":20.0,"turns":7.0},{"damage":0.0,"enemies":"Masked Bandits","floor":22.0,"turns":1.0},{"damage":42.0,"enemies":"Sentry and Sphere","floor":24.0,"turns":7.0},{"damage":6,"enemies":"Snecko","floor":27,"turns":3},{"damage":7,"enemies":"Snake Plant","floor":30,"turns":2},{"damage":82,"enemies":"Champ","floor":33,"turns":13}],"seed_played":"9086416699062979581","potions_obtained":[{"floor":1.0,"key":"ElixirPotion"},{"floor":5.0,"key":"ColorlessPotion"},{"floor":6.0,"key":"Explosive Potion"},{"floor":16.0,"key":"HeartOfIron"},{"floor":19.0,"key":"Explosive Potion"},{"floor":20.0,"key":"DistilledChaos"},{"floor":30,"key":"Regen Potion"}],"is_trial":false,"path_per_floor":["M","M","?","M","M","E","M","$","T","E","?","R","?","M","R","B",null,"M","M","M","$","?","R","M","?","T","M","R","?","M","?","R","B"],"character_chosen":"IRONCLAD","items_purchased":["PrismaticShard","ClockworkSouvenir"],"campfire_rested":3,"item_purchase_floors":[8,21],"current_hp_per_floor":[73,70,70,75,70,18,24,24,31,17,12,51,51,44,82,10,64,55,33,11,11,17,56,20,82,82,82,82,82,81,41,41,0,0],"gold":168,"neow_bonus":"ONE_RANDOM_RARE_CARD","is_daily":false,"chose_seed":false,"campfire_upgraded":2,"win_rate":0.0,"timestamp":1613744059,"path_taken":["M","M","?","M","?","E","M","?","T","E","?","R","?","M","R","BOSS","M","M","M","$","?","R","M","?","T","?","R","?","M","?","R","BOSS"],"items_purchased_type":["Relic","Relic"],"build_version":"2020-12-22","purchased_purges":1,"victory":false,"max_hp_per_floor":[75,75,75,75,75,75,75,75,82,82,82,82,82,82,82,82,82,82,82,82,82,82,82,82,82,82,82,82,82,82,41,41,41,41],"card_choices":[{"not_picked":["Clash","Anger"],"picked":"Pummel","floor":1.0},{"not_picked":["Heavy Blade","Reckless Charge"],"picked":"Rupture","floor":2.0},{"not_picked":["Clothesline","Wild Strike"],"picked":"Evolve","floor":4.0},{"not_picked":["Clothesline","Havoc"],"picked":"Wild Strike","floor":5.0},{"not_picked":["Twin Strike","Sever Soul"],"picked":"Blood for Blood","floor":6.0},{"not_picked":["Perfected Strike","True Grit","Demon Form"],"picked":"SKIP","floor":7.0},{"not_picked":["Twin Strike","Prepared"],"picked":"Shockwave","floor":10.0},{"not_picked":["Twin Strike","All Out Attack"],"picked":"Leap","floor":11.0},{"not_picked":["Coolheaded","JustLucky"],"picked":"Consecrate","floor":14.0},{"not_picked":["Immolate","DevaForm"],"picked":"Blasphemy","floor":16.0},{"not_picked":["Coolheaded","FollowUp"],"picked":"Glacier","floor":18.0},{"not_picked":["Reckless Charge","FlurryOfBlows"],"picked":"Coolheaded","floor":19.0},{"not_picked":["Endless Agony","ClearTheMind"],"picked":"Twin Strike+1","floor":20.0},{"not_picked":["Headbutt","Heel Hook"],"picked":"Auto Shields","floor":22.0},{"not_picked":["ThirdEye","Doom and Gloom"],"picked":"CutThroughFate","floor":24.0},{"not_picked":["SashWhip","Heavy Blade"],"picked":"A Thousand Cuts","floor":27},{"not_picked":["Sweeping Beam","Halt"],"picked":"SandsOfTime","floor":30}],"player_experience":1045439,"relics_obtained":[{"floor":6.0,"key":"Mercury Hourglass"},{"floor":9.0,"key":"Strawberry"},{"floor":10.0,"key":"Regal Pillow"},{"floor":11.0,"key":"Odd Mushroom"},{"floor":22.0,"key":"Red Mask"},{"floor":26,"key":"Bag of Preparation"}],"event_choices":[{"damage_healed":0.0,"max_hp_gain":0.0,"max_hp_loss":0.0,"gold_gain":50.0,"event_name":"Golden Shrine","player_choice":"Pray","floor":3.0,"gold_loss":0.0,"damage_taken":0.0},{"damage_healed":0.0,"max_hp_gain":0.0,"max_hp_loss":0.0,"gold_gain":0.0,"event_name":"Mushrooms","player_choice":"Fought Mushrooms","floor":11.0,"gold_loss":0.0,"damage_taken":0.0},{"damage_healed":0.0,"max_hp_gain":0.0,"max_hp_loss":0.0,"gold_gain":0.0,"event_name":"Liars Game","player_choice":"Ignored","floor":13.0,"gold_loss":0.0,"damage_taken":0.0},{"damage_healed":0.0,"max_hp_gain":0.0,"max_hp_loss":0.0,"gold_gain":0.0,"event_name":"Masked Bandits","player_choice":"Fought Bandits","floor":22.0,"gold_loss":0.0,"damage_taken":0.0},{"cards_removed":["Glacier"],"damage_healed":62,"gold_gain":0,"player_choice":"Offered Uncommon","damage_taken":0,"max_hp_gain":0,"max_hp_loss":0,"event_name":"Bonfire Elementals","floor":25,"gold_loss":0},{"damage_healed":0,"gold_gain":0,"player_choice":"Read","damage_taken":0,"max_hp_gain":0,"max_hp_loss":0,"event_name":"The Library","floor":29,"gold_loss":0,"cards_obtained":["Shrug It Off"]},{"damage_healed":0,"gold_gain":0,"player_choice":"Became a Ghost","damage_taken":0,"max_hp_gain":0,"max_hp_loss":41,"event_name":"Ghosts","floor":31,"gold_loss":0,"cards_obtained":["Ghostly","Ghostly","Ghostly"]}],"is_beta":false,"boss_relics":[{"not_picked":["Black Star","Tiny House"],"picked":"Philosopher\u0027s Stone"}],"items_purged_floors":[8],"is_endless":false,"potions_floor_spawned":[1,5,6,16,19,20,30],"killed_by":"Champ","ascension_level":20}}