{"host":"6pietnjer90du4bs","time":1613719025,"event":{"mods":["Aspiration","BaseMod","Bossed Relics","Colored Map","Infinite Spire","Minty Spire (QoL Compilation)","Replay The Spire","StSLib"],"gold_per_floor":[111,111,23,59,77,104,117,152,152,152,182,182,182,23,23,95,95,95,95,108,120,131,131,145,195,195,206,131,31,46,46,46,123,123,134,134,134],"floor_reached":36,"language":"ENG","playtime":1152,"items_purged":["Defend_R","Defend_R","Burning Pact+1"],"score":823,"play_id":"d02763a9-9489-4362-bb18-1b2d0c87facf","local_time":"20210219081705","is_ascension_mode":true,"campfire_choices":[{"floor":10,"key":"REST"},{"floor":15,"key":"REST"},{"floor":23,"key":"REST"},{"floor":32,"key":"REST"}],"circlet_count":0,"master_deck":["AscendersBane","Strike_R","Strike_R","Strike_R","Strike_R","Strike_R","Bash","Infernal Blade","Whirlwind","Rupture+1","Rupture","Hemokinesis","Brutality","Bloodletting","Demon Form","infinitespire:Menacing","ReplayTheSpireMod:Chaos Vortex","Limit Break+1"],"relics":["Burning Blood","NeowsBlessing","infinitespire:Broken Mirror","aspiration:HiddenCompartment","Anchor","InkBottle","Odd Mushroom","Tiny House","aspiration:PoetsPen_weak","Brimstone","infinitespire:FocusingShard","Toxic Egg 2","Ooze Armor"],"acts_visited":["Exordium","TheCity","TheBeyond"],"potions_floor_usage":[11,18,20,22,27,30,33],"damage_taken":[{"damage":0,"enemies":"Small Slimes","floor":1,"turns":1},{"damage":0,"enemies":"Jaw Worm","floor":5,"turns":1},{"damage":0,"enemies":"3 Sentries","floor":6,"turns":1},{"damage":3,"enemies":"2 Louse","floor":7,"turns":3},{"damage":37,"enemies":"Replay:BlueRogue","floor":8,"turns":5},{"damage":7,"enemies":"The Mushroom Lair","floor":11,"turns":3},{"damage":51,"enemies":"Fading Forest","floor":16,"turns":12},{"damage":0,"enemies":"Shell Parasite","floor":18,"turns":1},{"damage":12,"enemies":"3 Byrds","floor":20,"turns":2},{"damage":15,"enemies":"Shelled Parasite and Fungi","floor":21,"turns":3},{"damage":14,"enemies":"3 Cultists","floor":22,"turns":3},{"damage":7,"enemies":"Snake Plant","floor":24,"turns":3},{"damage":8,"enemies":"Chosen and Byrds","floor":27,"turns":3},{"damage":22,"enemies":"Centurion and Healer","floor":30,"turns":4},{"damage":31,"enemies":"Collector","floor":33,"turns":4},{"damage":28,"enemies":"3 Darklings","floor":35,"turns":2},{"damage":47,"enemies":"3 Shapes","floor":36,"turns":2}],"seed_played":"-3245544976985300786","potions_obtained":[{"floor":5,"key":"Languid Potion"},{"floor":7,"key":"SmokeBomb"},{"floor":8,"key":"SkillPotion"},{"floor":11,"key":"SpeedPotion"},{"floor":16,"key":"SkillPotion"},{"floor":21,"key":"Weak Potion"},{"floor":22,"key":"infinitespire:BlackPotion"},{"floor":24,"key":"DistilledChaos"},{"floor":30,"key":"BlessingOfTheForge"},{"floor":33,"key":"Fire Potion"}],"is_trial":false,"path_per_floor":["M","?","$","?","M","E","M","E","T","R","?","?","?","$","R","B",null,"M","AVR","M","M","M","R","M","?","T","M","?","$","M","T","R","B",null,"M","M"],"character_chosen":"IRONCLAD","items_purchased":["Whirlwind","Bloodletting"],"campfire_rested":4,"item_purchase_floors":[3,14],"current_hp_per_floor":[74,74,74,44,50,56,59,28,28,50,49,49,49,49,71,34,65,71,71,65,56,48,70,69,69,69,67,67,67,51,51,73,48,68,46,0,0],"gold":134,"neow_bonus":"THREE_ENEMY_KILL","is_daily":false,"chose_seed":false,"campfire_upgraded":0,"win_rate":0.0,"timestamp":1613719025,"path_taken":["M","?","$","?","M","E","M","E","T","R","?","?","?","$","R","BOSS","M","AVR","M","?","M","R","M","?","T","M","?","$","M","?","R","BOSS","M","?"],"items_purchased_type":["Card","Card"],"build_version":"2020-12-22","purchased_purges":3,"victory":false,"max_hp_per_floor":[75,75,75,75,75,75,75,75,75,75,75,75,75,75,75,75,75,75,75,75,75,75,75,75,75,75,75,75,75,75,75,75,75,75,75,75,75],"card_choices":[{"not_picked":["Cleave","infinitespire:OneForAll"],"picked":"Infernal Blade","floor":1},{"not_picked":["Power Through","Run Through"],"picked":"Rupture","floor":4},{"not_picked":["Uppercut","Wild Strike"],"picked":"Rupture","floor":4},{"not_picked":["Heavy Blade","Twin Strike"],"picked":"Hemokinesis","floor":5},{"not_picked":["Sword Boomerang","Bloodletting"],"picked":"Brutality","floor":6},{"not_picked":["Body Slam","Armaments","Intimidate"],"picked":"SKIP","floor":7},{"not_picked":["Evolve","Run Through","Pommel Strike"],"picked":"SKIP","floor":8},{"not_picked":["Exhume","Feed"],"picked":"Demon Form","floor":16},{"not_picked":["Cleave","Life Link","Infernal Blade"],"picked":"SKIP","floor":20},{"not_picked":["Anger+1","Sever Soul","Headbutt"],"picked":"SKIP","floor":21},{"not_picked":["Shrug It Off","Power Through","Armaments"],"picked":"SKIP","floor":22},{"not_picked":["Anger+1","Cleave","Flame Barrier"],"picked":"SKIP","floor":24},{"not_picked":["Thunderclap","ReplayTheSpireMod:Limb From Limb","Body Slam"],"picked":"SKIP","floor":27},{"not_picked":["Sword Boomerang+1","Run Through","Infernal Blade"],"picked":"SKIP","floor":30},{"not_picked":["Reaper","Eclipse+1"],"picked":"Limit Break+1","floor":33},{"not_picked":["ReplayReversal+1","Cleave","Searing Blow"],"picked":"SKIP","floor":35}],"player_experience":746355,"relics_obtained":[{"floor":4,"key":"infinitespire:Broken Mirror"},{"floor":6,"key":"aspiration:HiddenCompartment"},{"floor":8,"key":"Anchor"},{"floor":9,"key":"InkBottle"},{"floor":11,"key":"Odd Mushroom"},{"floor":26,"key":"infinitespire:FocusingShard"},{"floor":31,"key":"Toxic Egg 2"}],"event_choices":[{"damage_healed":0,"gold_gain":0,"player_choice":"Fought Mushrooms","damage_taken":0,"max_hp_gain":0,"max_hp_loss":0,"event_name":"Mushrooms","floor":11,"gold_loss":0},{"damage_healed":0,"gold_gain":0,"player_choice":"Upgraded","damage_taken":0,"max_hp_gain":0,"max_hp_loss":0,"event_name":"Upgrade Shrine","floor":13,"gold_loss":0,"cards_upgraded":["Rupture"]},{"damage_healed":0,"gold_gain":50,"player_choice":"Stole From Cult","damage_taken":0,"max_hp_gain":0,"max_hp_loss":0,"event_name":"Nest","floor":25,"gold_loss":0},{"cards_removed":["Defend_R"],"damage_healed":0,"gold_gain":0,"player_choice":"Gave Gold","damage_taken":0,"max_hp_gain":0,"max_hp_loss":0,"event_name":"Beggar","floor":28,"gold_loss":75}],"is_beta":false,"boss_relics":[{"not_picked":["Ring of Chaos","ChewingGum"],"picked":"Tiny House"},{"not_picked":["ReplayTheSpireMod:DimensionalGlitch","Philosopher\u0027s Stone"],"picked":"Ooze Armor"}],"items_purged_floors":[14,19,29],"is_endless":false,"potions_floor_spawned":[5,7,8,11,16,21,22,24,30,33],"killed_by":"3 Shapes","ascension_level":19}}