{"host":"1dhlu4qzehvrzpot","time":1613738997,"event":{"mods":["2.2 Compatiblity","AchievementEnabler","BaseMod","Block Reminder","Minty Spire (QoL Compilation)","Permanent Neow","Quick Restart","Rare Cards Sparkle","Relic Stats","Say the Spire","Slay-I","StSLib","SuperFastMode"],"gold_per_floor":[118,138,103,115,115,148,148,166,236,32,32,57,87,100,100,100,100],"floor_reached":16,"language":"ENG","playtime":229,"items_purged":["Defend_B"],"score":176,"play_id":"d8a7f07f-602b-468b-8db7-4394f04978eb","local_time":"20210219134957","is_ascension_mode":true,"campfire_choices":[{"floor":7.0,"key":"REST"},{"data":"Sunder","floor":11.0,"key":"SMITH"},{"data":"Force Field","floor":15,"key":"SMITH"}],"circlet_count":0,"master_deck":["AscendersBane","Strike_B","Strike_B","Strike_B","Strike_B","Defend_B","Defend_B","Defend_B","Zap","Dualcast","Echo Form","Force Field+1","Sunder+1","Glacier","Coolheaded","Storm","Storm"],"relics":["Cracked Core","Lizard Tail","Happy Flower","Blue Candle","Pocketwatch"],"acts_visited":["Exordium"],"potions_floor_usage":[],"damage_taken":[{"damage":4.0,"enemies":"Small Slimes","floor":1.0,"turns":3.0},{"damage":8.0,"enemies":"2 Louse","floor":2.0,"turns":2.0},{"damage":8.0,"enemies":"Jaw Worm","floor":4.0,"turns":4.0},{"damage":20.0,"enemies":"Gremlin Nob","floor":6.0,"turns":4.0},{"damage":0.0,"enemies":"Large Slime","floor":8.0,"turns":3.0},{"damage":27.0,"enemies":"3 Sentries","floor":12.0,"turns":6.0},{"damage":5,"enemies":"Blue Slaver","floor":14,"turns":4},{"damage":0,"enemies":"The Guardian","floor":16,"turns":3}],"seed_played":"193426523064597914","potions_obtained":[{"floor":1.0,"key":"CultistPotion"},{"floor":12.0,"key":"CultistPotion"}],"is_trial":false,"path_per_floor":["M","M","?","M","?","E","R","M","T","$","R","E","?","M","R","B"],"character_chosen":"DEFECT","items_purchased":["Coolheaded","Storm"],"campfire_rested":1,"item_purchase_floors":[10,10],"current_hp_per_floor":[46,38,56,48,45,25,47,47,47,47,47,20,20,15,15,15,15],"gold":100,"neow_bonus":"THREE_RARE_CARDS","is_daily":false,"chose_seed":false,"campfire_upgraded":2,"win_rate":0.0,"timestamp":1613738997,"path_taken":["M","M","?","M","?","E","R","M","T","$","R","E","?","M","R","BOSS"],"items_purchased_type":["Card","Card"],"build_version":"2020-12-22","purchased_purges":1,"victory":false,"max_hp_per_floor":[75,75,75,75,75,75,75,75,75,75,75,75,75,75,75,75,75],"relic_stats":{"Lizard Tail":0,"Happy Flower":[5],"counters":[8,29],"Blue Candle":[0],"obtain_stats":[{"Lizard Tail":5,"Happy Flower":6,"Blue Candle":9,"Cracked Core":0,"Pocketwatch":12},{"Lizard Tail":3,"Happy Flower":4,"Blue Candle":5,"Cracked Core":0,"Pocketwatch":6},{"Lizard Tail":9,"Happy Flower":13,"Blue Candle":16,"Cracked Core":0,"Pocketwatch":22}],"Pocketwatch":[9]},"card_choices":[{"not_picked":["Meteor Strike","Multi-Cast"],"picked":"Echo Form","floor":0.0},{"not_picked":["Scrape","Beam Cell","Conserve Battery"],"picked":"SKIP","floor":1.0},{"not_picked":["Turbo","Stack"],"picked":"Force Field","floor":2.0},{"not_picked":["Force Field","Sweeping Beam","Turbo"],"picked":"SKIP","floor":4.0},{"not_picked":["Heatsinks","Beam Cell"],"picked":"Sunder","floor":6.0},{"not_picked":["Compile Driver","Go for the Eyes"],"picked":"Glacier","floor":8.0},{"not_picked":["Coolheaded","Rainbow"],"picked":"Storm","floor":12.0},{"not_picked":["Reinforced Body","Rebound","Redo"],"picked":"SKIP","floor":14}],"player_experience":556036,"relics_obtained":[{"floor":6.0,"key":"Happy Flower"},{"floor":9.0,"key":"Blue Candle"},{"floor":12.0,"key":"Pocketwatch"}],"event_choices":[{"damage_healed":18.0,"max_hp_gain":0.0,"max_hp_loss":0.0,"gold_gain":0.0,"event_name":"The Cleric","player_choice":"Healed","floor":3.0,"gold_loss":35.0,"damage_taken":0.0},{"damage_healed":0.0,"max_hp_gain":0.0,"max_hp_loss":0.0,"gold_gain":0.0,"event_name":"Scrap Ooze","player_choice":"Success","floor":5.0,"gold_loss":0.0,"damage_taken":3.0,"relics_obtained":["Lizard Tail"]},{"damage_healed":0,"gold_gain":30,"player_choice":"Searched \u00272\u0027 times","damage_taken":0,"max_hp_gain":0,"max_hp_loss":0,"event_name":"Dead Adventurer","floor":13,"gold_loss":0}],"is_beta":false,"boss_relics":[],"items_purged_floors":[10],"is_endless":false,"potions_floor_spawned":[1,12],"killed_by":"The Guardian","ascension_level":12}}