{"host":"wyy6fgvi1wiq0rmi","time":1613741670,"event":{"mods":["ATMod(∞¢Ë™Mod)","BaseMod","Marisa£®ÏF”Í°°ƒß¿Ì…≥£©","Minty Spire (QoL Compilation)","Remilia£®¿Ÿ√◊¿Ú—«£©","Spicy Shops","StSLib","The Bug Knight","The Servant 0.9.4","TheSwordswoman","Waifu the Spire","WarShipGirlsR/’ΩΩ¢…Ÿ≈ÆR mod","Youmu£®ªÍ∆«—˝√Œ£©"],"gold_per_floor":[113,133,113,188,188,216,234,251,251,263,263,296,316,341,341,444,444,459,459,486,514,244,380,380,406,406,540,540,558,567,593,593,802,802,832,867,1026,1035,1053,1194,1194,1270,1296,1347,1359,549,549,558,558,658,658,658,98,334,434],"floor_reached":56,"language":"ZHS","playtime":3525,"items_purged":["Defend_MRS","Strike_MRS","Strike_MRS","WitchOfGreed","Defend_MRS"],"score":1513,"play_id":"8b37ea2e-dbca-4e98-a271-e41a96603b70","local_time":"20210219213430","is_ascension_mode":false,"campfire_choices":[{"floor":15,"key":"REST"},{"floor":24,"key":"RECALL"},{"data":"JA","floor":28,"key":"SMITH"},{"floor":32,"key":"REST"},{"data":"MillisecondPulsars","floor":41,"key":"SMITH"},{"floor":45,"key":"REST"},{"data":"EscapeVelocity","floor":49,"key":"SMITH"},{"data":"EnergyFlow","floor":52,"key":"SMITH"}],"circlet_count":0,"master_deck":["Defend_MRS","MasterSpark","UpSweep","MysteriousBeam","Acceleration","AlicesGift","PulseMagic","ShootingEcho","PowerUp","JA+1","GrandCross","EnergyFlow+1","6A","MilkyWay","BlazingStar","CurseOfTheBell","Orbital","LuminesStrike+1","SuperPerseids","OrrerysSun","Singularity","MachineGunSpark","MeteoricShower","Acceleration","MillisecondPulsars+1","LuminesStrike+1","Madness","Madness","DeepEcoloBomb","MysteriousBeam+1","DragonMeteor","EscapeVelocity+1","Madness","PowerUp","WitchLeyline","Singularity"],"relics":["MiniHakkero","AT_ATBox","NeowsBlessing","AT_BellowingDragoncrestRing","Lizard Tail","Darkstone Periapt","HollowMod:PaleOreRelic","Calling Bell","Lantern","HollowMod:LifeEnderRelic","AT_TheCollector","CeramicFish","Art of War","Lee\u0027s Waffle","Pear","HornCleat","AT_TrinityForce","Unceasing Top","AT_RedNoBalance","TungstenRod","MawBank","Membership Card","AT_ChloranthyRing","Pen Nib","Eternal Feather","Strange Spoon","AT_SpeedBoots","ClockworkSouvenir","Sling","Nunchaku"],"acts_visited":["Exordium","TheCity","TheBeyond","TheEnding"],"potions_floor_usage":[8,14,14,16,16,25,27,33,33,36,42,44,50,55,55,55,55,55,55,55,55],"damage_taken":[{"damage":0,"enemies":"Jaw Worm","floor":1,"turns":1},{"damage":0,"enemies":"2 Louse","floor":2,"turns":1},{"damage":0,"enemies":"Gremlin Nob","floor":6,"turns":1},{"damage":0,"enemies":"Small Slimes","floor":7,"turns":2},{"damage":3,"enemies":"Exordium Wildlife","floor":8,"turns":3},{"damage":7,"enemies":"Blue Slaver","floor":10,"turns":2},{"damage":9,"enemies":"3 Sentries","floor":12,"turns":3},{"damage":0,"enemies":"3 Louse","floor":13,"turns":1},{"damage":0,"enemies":"Lagavulin","floor":14,"turns":2},{"damage":48,"enemies":"Hexaghost","floor":16,"turns":6},{"damage":0,"enemies":"Spheric Guardian","floor":18,"turns":2},{"damage":25,"enemies":"2 Thieves","floor":21,"turns":3},{"damage":0,"enemies":"HollowMod:Nosk","floor":23,"turns":1},{"damage":6,"enemies":"Cultist and Chosen","floor":25,"turns":3},{"damage":16,"enemies":"Sentry and Sphere","floor":27,"turns":4},{"damage":21,"enemies":"Snake Plant","floor":31,"turns":2},{"damage":43,"enemies":"Champ","floor":33,"turns":6},{"damage":0,"enemies":"Orb Walker","floor":35,"turns":1},{"damage":39,"enemies":"3 Darklings","floor":36,"turns":3},{"damage":0,"enemies":"Mind Bloom Boss Battle","floor":37,"turns":2},{"damage":19,"enemies":"Nemesis","floor":40,"turns":3},{"damage":15,"enemies":"2 Orb Walkers","floor":42,"turns":3},{"damage":0,"enemies":"Transient","floor":44,"turns":5},{"damage":0,"enemies":"Time Eater","floor":50,"turns":3},{"damage":0,"enemies":"Shield and Spear","floor":54,"turns":2},{"damage":6,"enemies":"The Heart","floor":55,"turns":3}],"seed_played":"3566251655188681120","potions_obtained":[{"floor":2,"key":"SteroidPotion"},{"floor":7,"key":"Regen Potion"},{"floor":10,"key":"SteroidPotion"},{"floor":13,"key":"EntropicBrew"},{"floor":21,"key":"DuplicationPotion"},{"floor":25,"key":"SkillPotion"},{"floor":27,"key":"SteroidPotion"},{"floor":27,"key":"FairyPotion"},{"floor":35,"key":"Energy Potion"},{"floor":35,"key":"BlessingOfTheForge"},{"floor":36,"key":"SneckoOil"},{"floor":37,"key":"Weak Potion"},{"floor":42,"key":"LiquidMemories"},{"floor":44,"key":"Explosive Potion"}],"is_trial":false,"path_per_floor":["M","M","?","?","?","E","M","M","T","M","?","E","M","E","R","B",null,"M","?","T","M","$","E","R","M","T","M","R","?","?","M","R","B",null,"M","M","?","?","?","E","R","?","T","M","R","$","?","?","R","B",null,"R","$","E","B",null],"character_chosen":"MARISA","items_purchased":["Lee\u0027s Waffle","WitchOfGreed","EscapeVelocity","Membership Card","AT_ChloranthyRing","Pen Nib","Eternal Feather","Strange Spoon","EntropicBrew","PowerUp","AT_SpeedBoots","ClockworkSouvenir","Sling","DuplicationPotion","WitchLeyline"],"campfire_rested":3,"item_purchase_floors":[22,22,46,46,46,46,46,46,53,53,53,53,53,53,53],"current_hp_per_floor":[75,75,75,64,57,57,57,65,65,58,46,37,37,37,59,11,81,81,81,81,56,88,98,98,92,92,76,76,76,76,55,84,41,98,98,59,59,65,52,33,33,37,37,52,83,83,83,83,104,52,104,104,104,104,98],"gold":434,"neow_bonus":"THREE_ENEMY_KILL","is_daily":false,"chose_seed":false,"campfire_upgraded":4,"win_rate":0.0,"timestamp":1613741670,"path_taken":["M","M","?","?","?","E","?","M","T","M","?","E","M","E","R","BOSS","M","?","?","M","$","E","R","M","T","M","R","?","?","M","R","BOSS","M","M","?","?","?","E","R","?","T","?","R","$","?","?","R","BOSS","R","$","E","BOSS"],"items_purchased_type":["Relic","Card","Card","Relic","Relic","Relic","Relic","Relic","Potion","Card","Relic","Relic","Relic","Potion","Card"],"build_version":"2020-12-22","purchased_purges":5,"victory":true,"max_hp_per_floor":[75,75,75,75,75,75,75,75,75,75,75,75,75,75,75,75,81,81,81,81,81,88,98,98,98,98,98,98,98,98,98,98,98,98,98,98,98,104,104,104,104,104,104,104,104,104,104,104,104,104,104,104,104,104,104],"card_choices":[{"not_picked":["GravityBeat","OneTimeOff"],"picked":"MysteriousBeam","floor":1},{"not_picked":["LuminesStrike","StarlightTyphoon"],"picked":"Acceleration","floor":2},{"not_picked":[],"picked":"AlicesGift","floor":3},{"not_picked":[],"picked":"PulseMagic","floor":3},{"not_picked":["6A","OortCloud"],"picked":"ShootingEcho","floor":6},{"not_picked":["DragonMeteor","NonDirectionalLaser"],"picked":"PowerUp","floor":7},{"not_picked":["PropBag","Occultation"],"picked":"JA","floor":8},{"not_picked":["MysteriousBeam","DarkSpark"],"picked":"GrandCross","floor":10},{"not_picked":["LuminesStrike","MagicChant"],"picked":"EnergyFlow","floor":12},{"not_picked":["MysteriousBeam","ShootingEcho"],"picked":"6A","floor":13},{"not_picked":["PowerUp","DarkSpark"],"picked":"MilkyWay","floor":14},{"not_picked":["CasketOfStar","FinalSpark"],"picked":"BlazingStar","floor":16},{"not_picked":["MysteriousBeam","ShootingEcho","6A"],"picked":"SKIP","floor":18},{"not_picked":["SuperPerseids","IllusionStar"],"picked":"Orbital","floor":21},{"not_picked":["Occultation","FairyDestructionRay"],"picked":"LuminesStrike+1","floor":23},{"not_picked":["WitchOfGreed","OneTimeOff"],"picked":"SuperPerseids","floor":25},{"not_picked":["Occultation","GrandCross+1"],"picked":"OrrerysSun","floor":27},{"not_picked":["SporeBomb","AsteroidBelt"],"picked":"Acceleration","floor":31},{"not_picked":["ManaRampage","SatelliteIllusion"],"picked":"MillisecondPulsars","floor":33},{"not_picked":["NonDirectionalLaser","MysteriousBeam","MilkyWay"],"picked":"SKIP","floor":35},{"not_picked":["UnstableBomb+1","NonDirectionalLaser","DarkSpark+1"],"picked":"SKIP","floor":36},{"not_picked":["ShootTheMoon+1","GrandCross"],"picked":"LuminesStrike+1","floor":37},{"not_picked":["LuminesStrike+1","MachineGunSpark"],"picked":"DeepEcoloBomb","floor":40},{"not_picked":["StarlightTyphoon","GalacticHalo+1"],"picked":"MysteriousBeam+1","floor":42},{"not_picked":["6A+1","GrandCross+1"],"picked":"DragonMeteor","floor":44},{"not_picked":["Mind Blast","Chrysalis"],"picked":"Madness","floor":48},{"not_picked":["MysteriousBeam+1","DarkMatter"],"picked":"Singularity","floor":54}],"player_experience":191662,"relics_obtained":[{"floor":6,"key":"AT_BellowingDragoncrestRing"},{"floor":12,"key":"Darkstone Periapt"},{"floor":14,"key":"HollowMod:PaleOreRelic"},{"floor":17,"key":"Lantern"},{"floor":17,"key":"HollowMod:LifeEnderRelic"},{"floor":17,"key":"AT_TheCollector"},{"floor":20,"key":"Art of War"},{"floor":23,"key":"Pear"},{"floor":26,"key":"HornCleat"},{"floor":37,"key":"Unceasing Top"},{"floor":40,"key":"AT_SilverBalance"},{"floor":42,"key":"TungstenRod"},{"floor":43,"key":"MawBank"},{"floor":54,"key":"Nunchaku"}],"event_choices":[{"damage_healed":0,"gold_gain":75,"player_choice":"Gather Gold","damage_taken":11,"max_hp_gain":0,"max_hp_loss":0,"event_name":"World of Goop","floor":4,"gold_loss":0},{"cards_removed":["Strike_MRS"],"damage_healed":0,"gold_gain":0,"player_choice":"Card Removal","damage_taken":7,"max_hp_gain":0,"max_hp_loss":0,"event_name":"Golden Wing","floor":5,"gold_loss":0},{"damage_healed":0,"gold_gain":0,"player_choice":"Success","damage_taken":12,"relics_obtained":["Lizard Tail"],"max_hp_gain":0,"max_hp_loss":0,"event_name":"Scrap Ooze","floor":11,"gold_loss":0},{"damage_healed":0,"gold_gain":0,"player_choice":"Opened","damage_taken":0,"relics_obtained":["CeramicFish"],"max_hp_gain":0,"max_hp_loss":0,"event_name":"The Mausoleum","floor":19,"gold_loss":0},{"damage_healed":0,"gold_gain":0,"cards_transformed":["Strike_MRS","Defend_MRS"],"player_choice":"Became Test Subject","damage_taken":0,"max_hp_gain":0,"max_hp_loss":0,"event_name":"Drug Dealer","floor":29,"gold_loss":0,"cards_obtained":["Singularity","MachineGunSpark"]},{"damage_healed":0,"gold_gain":0,"player_choice":"Read","damage_taken":0,"max_hp_gain":0,"max_hp_loss":0,"event_name":"The Library","floor":30,"gold_loss":0,"cards_obtained":["MeteoricShower"]},{"damage_healed":0,"gold_gain":0,"player_choice":"Fight","damage_taken":0,"max_hp_gain":0,"max_hp_loss":0,"event_name":"MindBloom","floor":37,"gold_loss":0},{"damage_healed":0,"gold_gain":0,"player_choice":"Ignored","damage_taken":0,"max_hp_gain":0,"max_hp_loss":0,"event_name":"OrinTheCat","floor":38,"gold_loss":0},{"damage_healed":0,"gold_gain":0,"player_choice":"Embrace Madness","damage_taken":13,"max_hp_gain":0,"max_hp_loss":0,"event_name":"Winding Halls","floor":39,"gold_loss":0,"cards_obtained":["Madness","Madness"]},{"damage_healed":0,"gold_gain":0,"player_choice":"Fight","damage_taken":0,"max_hp_gain":0,"max_hp_loss":0,"event_name":"Mysterious Sphere","floor":42,"gold_loss":0},{"damage_healed":0,"gold_gain":0,"player_choice":"Memory 1","damage_taken":0,"max_hp_gain":0,"max_hp_loss":0,"event_name":"SensoryStone","floor":48,"gold_loss":0}],"is_beta":false,"boss_relics":[{"not_picked":["Cursed Key","Philosopher\u0027s Stone"],"picked":"Calling Bell"},{"not_picked":["Runic Pyramid","Busted Crown"],"picked":"AT_TrinityForce"}],"items_purged_floors":[22,46,46,53,53],"is_endless":false,"potions_floor_spawned":[2,7,10,13,21,25,27,35,37,44],"ascension_level":0}}