{"host":"pqs17sqrgflf4eqa","time":1613693829,"event":{"mods":["AchievementEnabler","BaseMod","Bestiary","Better Altar","Better Match","Better Skull","Block Reminder","Bossed Relics","Colored Map","Colored Powertips","Curses Come First","Dark Map","DeckTracker","Defective Defect","Displayed Cursed Tome","Emptier Cage","Googly Eyes","Highlight Path","Minty Spire (QoL Compilation)","Quick Restart","Slay-I","StSLib","SuperFastMode","Synergy Search","Thieving Mod","Transform Curses","everything is the same but u backflip on backflip","slay the spire mod where everything is the same but ironclad has a cowboy hat"],"gold_per_floor":[115,115,44,44,44,44,57,90,90,116,116,135,161,6,6,110,110,130,130,150,54,70,70,99,99,99,99,130,140,240,259,259,355,355,372,386,405,405,430,430,459,471,539,539,207,223,67,84,84,84,84],"floor_reached":50,"language":"ENG","playtime":1023,"items_purged":["Strike_P"],"score":849,"play_id":"87395e96-0b22-4018-b814-fa7c83f96148","local_time":"20210218191709","is_ascension_mode":true,"campfire_choices":[{"data":"Eruption","floor":6.0,"key":"SMITH"},{"data":"Ragnarok","floor":11.0,"key":"SMITH"},{"data":"Vault","floor":15.0,"key":"SMITH"},{"floor":23.0,"key":"REST"},{"data":"DevaForm","floor":25,"key":"SMITH"},{"data":"Crescendo","floor":32,"key":"SMITH"},{"floor":40,"key":"REST"},{"floor":44,"key":"REST"},{"data":"Discovery","floor":49,"key":"SMITH"}],"circlet_count":0,"master_deck":["Strike_P","Strike_P","Strike_P","Defend_P","Defend_P","Defend_P","Eruption+1","Vigilance","Ragnarok+1","BowlingBash","Halt","FlyingSleeves","JustLucky","Consecrate","CutThroughFate","Crescendo+1","Vault+1","CarveReality","DevaForm+1","Vault+1","Tantrum","Prostrate+1","FlurryOfBlows+1","Blasphemy","Halt","Discovery+1","Perseverance+1","DeceiveReality"],"relics":["PureWater","Oddly Smooth Stone","Bag of Preparation","Mummified Hand","StrikeDummy","Happy Flower","Akabeko","Astrolabe","Bloody Idol","TeardropLocket","Centennial Puzzle","Darkstone Periapt","Vajra","Boot","DollysMirror","Toy Ornithopter","Black Star","Omamori","White Beast Statue","Frozen Egg 2","Meat on the Bone","ClockworkSouvenir","Damaru"],"acts_visited":["Exordium","TheCity","TheBeyond"],"potions_floor_usage":[24,27,33,33,33,37,41,41,41,41,41,41,50],"damage_taken":[{"damage":2.0,"enemies":"2 Louse","floor":1.0,"turns":2.0},{"damage":0.0,"enemies":"Small Slimes","floor":7.0,"turns":1.0},{"damage":20.0,"enemies":"Lagavulin","floor":8.0,"turns":3.0},{"damage":1.0,"enemies":"3 Sentries","floor":10.0,"turns":4.0},{"damage":0.0,"enemies":"Cultist","floor":12.0,"turns":2.0},{"damage":0.0,"enemies":"Gremlin Nob","floor":13.0,"turns":2.0},{"damage":27.0,"enemies":"Hexaghost","floor":16.0,"turns":6.0},{"damage":0.0,"enemies":"3 Byrds","floor":18.0,"turns":4.0},{"damage":0.0,"enemies":"2 Thieves","floor":20.0,"turns":2.0},{"damage":0.0,"enemies":"Snake Plant","floor":22.0,"turns":1.0},{"damage":0,"enemies":"Book of Stabbing","floor":24,"turns":2},{"damage":0,"enemies":"Slavers","floor":28,"turns":3},{"damage":4,"enemies":"Centurion and Healer","floor":29,"turns":2},{"damage":0,"enemies":"Cultist and Chosen","floor":31,"turns":1},{"damage":0,"enemies":"Collector","floor":33,"turns":2},{"damage":7,"enemies":"3 Shapes","floor":35,"turns":2},{"damage":0,"enemies":"3 Darklings","floor":36,"turns":2},{"damage":29,"enemies":"Transient","floor":37,"turns":6},{"damage":59,"enemies":"Reptomancer","floor":41,"turns":4},{"damage":13,"enemies":"Writhing Mass","floor":42,"turns":4},{"damage":0,"enemies":"Jaw Worm Horde","floor":46,"turns":2},{"damage":0,"enemies":"Transient","floor":48,"turns":6},{"damage":64,"enemies":"Time Eater","floor":50,"turns":3}],"seed_played":"-717223980794399336","potions_obtained":[{"floor":8.0,"key":"Explosive Potion"},{"floor":12.0,"key":"Block Potion"},{"floor":13.0,"key":"StancePotion"},{"floor":16.0,"key":"GamblersBrew"},{"floor":18.0,"key":"Regen Potion"},{"floor":20.0,"key":"EntropicBrew"},{"floor":22.0,"key":"Fire Potion"},{"floor":28,"key":"StancePotion"},{"floor":37,"key":"EntropicBrew"},{"floor":42,"key":"DuplicationPotion"},{"floor":46,"key":"SteroidPotion"}],"is_trial":false,"path_per_floor":["M","?","$","?","?","R","M","E","T","E","R","M","E","$","R","B",null,"M","?","M","?","M","R","E","R","T","$","E","M","?","M","R","B",null,"M","M","M","?","T","R","E","M","T","R","$","M","$","M","R","B"],"character_chosen":"WATCHER","items_purchased":["Halt","FlyingSleeves","Vault","CarveReality","ClockworkSouvenir","Ambrosia","Damaru"],"campfire_rested":3,"item_purchase_floors":[3,3,14,14,45,45,47],"current_hp_per_floor":[63,63,63,63,63,63,63,43,43,42,42,42,42,42,42,15,58,58,22,32,32,37,58,63,63,63,63,68,69,72,72,72,72,72,70,72,48,43,48,69,18,10,15,36,36,53,53,58,58,0,0],"gold":84,"neow_bonus":"ONE_RANDOM_RARE_CARD","is_daily":false,"chose_seed":false,"campfire_upgraded":6,"win_rate":0.0,"timestamp":1613693829,"path_taken":["M","?","$","?","?","R","M","E","T","E","R","?","E","$","R","BOSS","M","?","M","?","M","R","E","R","T","$","E","?","?","M","R","BOSS","M","M","?","?","?","R","E","M","T","R","$","M","$","M","R","BOSS"],"items_purchased_type":["Card","Card","Card","Card","Relic","Potion","Relic"],"build_version":"2020-12-22","purchased_purges":1,"victory":false,"max_hp_per_floor":[72,72,72,72,72,72,72,72,72,72,72,72,72,72,72,72,72,72,72,72,72,72,72,72,72,72,72,72,72,72,72,72,72,72,72,72,72,72,72,72,72,72,72,72,72,72,72,72,72,72,72],"card_choices":[{"not_picked":["FlurryOfBlows","ClearTheMind"],"picked":"BowlingBash","floor":1.0},{"not_picked":["FlurryOfBlows","FlyingSleeves"],"picked":"Consecrate","floor":7.0},{"not_picked":["SignatureMove","Wireheading","SashWhip"],"picked":"SKIP","floor":8.0},{"not_picked":["ConjureBlade","Meditate"],"picked":"CutThroughFate","floor":10.0},{"not_picked":["WreathOfFlame","FlyingSleeves"],"picked":"Crescendo","floor":12.0},{"not_picked":["BowlingBash","WindmillStrike","WaveOfTheHand"],"picked":"SKIP","floor":13.0},{"not_picked":["Brilliance","DeusExMachina"],"picked":"DevaForm","floor":16.0},{"not_picked":["EmptyMind","BowlingBash","FlurryOfBlows"],"picked":"SKIP","floor":18.0},{"not_picked":["CrushJoints","FlyingSleeves+1","JustLucky+1"],"picked":"SKIP","floor":20.0},{"not_picked":["EmptyFist","PathToVictory","Wireheading"],"picked":"SKIP","floor":22.0},{"not_picked":["FlurryOfBlows","Nirvana","Consecrate"],"picked":"SKIP","floor":24},{"not_picked":["Swivel","ClearTheMind"],"picked":"Tantrum","floor":28},{"not_picked":["Pray","CutThroughFate"],"picked":"Prostrate+1","floor":29},{"not_picked":["EmptyMind+1","PathToVictory"],"picked":"FlurryOfBlows+1","floor":31},{"not_picked":["Establishment","ConjureBlade"],"picked":"Blasphemy","floor":33},{"not_picked":["Evaluate+1","FollowUp"],"picked":"Halt","floor":35},{"not_picked":["JustLucky","Prostrate","Meditate"],"picked":"SKIP","floor":36},{"not_picked":["FlurryOfBlows","EmptyBody","Fasting2"],"picked":"SKIP","floor":37},{"not_picked":["Purity","Deep Breath"],"picked":"Discovery","floor":38},{"not_picked":["FlurryOfBlows+1","InnerPeace+1"],"picked":"Perseverance+1","floor":41},{"not_picked":["Sanctity+1","JustLucky","FlurryOfBlows"],"picked":"SKIP","floor":42},{"not_picked":["WindmillStrike+1","EmptyFist","FlyingSleeves"],"picked":"SKIP","floor":46},{"not_picked":["LessonLearned","Protect"],"picked":"DeceiveReality","floor":48}],"player_experience":237169,"relics_obtained":[{"floor":8.0,"key":"Bag of Preparation"},{"floor":9.0,"key":"Mummified Hand"},{"floor":10.0,"key":"StrikeDummy"},{"floor":13.0,"key":"Happy Flower"},{"floor":24,"key":"Centennial Puzzle"},{"floor":26,"key":"Darkstone Periapt"},{"floor":28,"key":"Toy Ornithopter"},{"floor":39,"key":"Omamori"},{"floor":41,"key":"White Beast Statue"},{"floor":41,"key":"Frozen Egg 2"},{"floor":43,"key":"Meat on the Bone"}],"event_choices":[{"damage_healed":0.0,"max_hp_gain":0.0,"max_hp_loss":0.0,"gold_gain":0.0,"event_name":"The Cleric","player_choice":"Leave","floor":2.0,"gold_loss":0.0,"damage_taken":0.0},{"damage_healed":0.0,"max_hp_gain":0.0,"max_hp_loss":0.0,"gold_gain":0.0,"event_name":"Golden Wing","player_choice":"Ignored","floor":4.0,"gold_loss":0.0,"damage_taken":0.0},{"damage_healed":0.0,"max_hp_gain":0.0,"max_hp_loss":0.0,"gold_gain":0.0,"cards_transformed":["Defend_P"],"event_name":"Transmorgrifier","player_choice":"Transformed","floor":5.0,"gold_loss":0.0,"damage_taken":0.0,"cards_obtained":["JustLucky"]},{"damage_healed":0.0,"max_hp_gain":58.0,"max_hp_loss":22.0,"gold_gain":0.0,"event_name":"betterAltar:BetterAltar","player_choice":" Idol ","floor":19.0,"potions_obtained":[],"relics_lost":[],"gold_loss":0.0,"damage_taken":36.0,"relics_obtained":["Bloody Idol"]},{"damage_healed":0.0,"max_hp_gain":0.0,"max_hp_loss":0.0,"gold_gain":0.0,"event_name":"WeMeetAgain","player_choice":"Paid Gold","floor":21.0,"gold_loss":96.0,"damage_taken":0.0,"relics_obtained":["TeardropLocket"]},{"damage_healed":0,"gold_gain":100,"player_choice":"Pray","damage_taken":0,"max_hp_gain":0,"max_hp_loss":0,"event_name":"Golden Shrine","floor":30,"gold_loss":0},{"damage_healed":0,"gold_gain":0,"player_choice":"Memory 2","damage_taken":5,"max_hp_gain":0,"max_hp_loss":0,"event_name":"SensoryStone","floor":38,"gold_loss":0}],"is_beta":false,"boss_relics":[{"not_picked":["Velvet Choker","Runic Pyramid"],"picked":"Astrolabe"},{"not_picked":["VioletLotus","Fusion Hammer"],"picked":"Black Star"}],"items_purged_floors":[45],"is_endless":false,"potions_floor_spawned":[8,12,13,16,18,20,22,28,37,42,46,48],"killed_by":"Time Eater","ascension_level":6}}