{"host":"ox77rn1xcurm2t5a","time":1613727751,"event":{"mods":["2.2 Compatiblity","AchievementEnabler","Act Like it!","Aspiration","BaseMod","Best Route Mod","Better Match","Better Note","Better Sensory Stone","Block Reminder","Colored Map","Colored Powertips","Conjunction","Conspire","Custom Start","Energized Spire","GifTheSpireLib","Gold Saver","Gremlin Skip","Halation","Highlight Path","Hubris","Infinite Spire","Minty Spire (QoL Compilation)","Pale of the Ancients","Quick Restart","Reliquary","Replay The Spire","Reworked Bosses","ShortenTheSpire","Spire Exporter","StSLib","Stuff the Spire","Wandering Minibosses"],"gold_per_floor":[119,119,135,60,60,95,95,129,129,129,129,161,25,25,45,63,63,162,162,181,181,26,46,46,74,74,104,131,131,146,146,172,172,270,270,284,284,301,110,110,110,110,110],"floor_reached":43,"language":"ENG","playtime":1229,"items_purged":["Defend_R","Defend_R","Strike_R"],"score":732,"play_id":"af282da9-449d-4c75-b228-5e1810c8f553","local_time":"20210219114231","is_ascension_mode":true,"campfire_choices":[{"floor":7,"key":"RECALL"},{"data":"Spot Weakness","floor":14,"key":"SMITH"},{"data":"Spot Weakness","floor":17,"key":"SMITH"},{"data":"Bash","floor":26,"key":"SMITH"},{"data":"Heavy Blade","floor":29,"key":"SMITH"},{"data":"Sword Boomerang","floor":31,"key":"SMITH"},{"data":"Clash","floor":34,"key":"SMITH"},{"data":"Reaper","floor":42,"key":"SMITH"}],"circlet_count":0,"master_deck":["Strike_R","Strike_R","Strike_R","Defend_R","Defend_R","Bash+1","Pommel Strike","Sword Boomerang+1","Thunderclap","Spot Weakness+1","Shrug It Off+1","Spot Weakness+1","Clash+1","Thunderclap","Disarm+1","Inflame+1","Heavy Blade+1","Thunderclap","Twin Strike+1","Reaper+1"],"relics":["Burning Blood","NeowsBlessing","Lizard Tail","ReplayFunnel","StuffTheSpire:Gunfinga","Pet Ghost","Black Star","Lantern","reliquary:Boomerang","hubris:Teleporter","halation:QuantumPhysicsTextbook","Sundial","Blood Vial","Incense Burner","aspiration:Headhunter","ReplayTheSpireMod:Lightbulb"],"acts_visited":["Exordium","TheCity","TheBeyond"],"potions_floor_usage":[8,8,12,12,25,27,35],"damage_taken":[{"damage":0,"enemies":"2 Louse","floor":1,"turns":1},{"damage":0,"enemies":"Jaw Worm","floor":3,"turns":1},{"damage":0,"enemies":"3 Sentries","floor":6,"turns":1},{"damage":8,"enemies":"Gremlin Nob","floor":8,"turns":3},{"damage":25,"enemies":"Lagavulin","floor":12,"turns":5},{"damage":0,"enemies":"Cultist","floor":15,"turns":2},{"damage":12,"enemies":"2 Fungi Beasts","floor":16,"turns":3},{"damage":17,"enemies":"Fading Forest","floor":18,"turns":11},{"damage":14,"enemies":"Spheric Guardian","floor":20,"turns":4},{"damage":6,"enemies":"conspire:FuzzyDice","floor":23,"turns":5},{"damage":42,"enemies":"Book of Stabbing","floor":25,"turns":5},{"damage":5,"enemies":"Gremlin Leader","floor":27,"turns":6},{"damage":9,"enemies":"Snecko","floor":30,"turns":5},{"damage":56,"enemies":"conspire:SneckoGhost","floor":33,"turns":7},{"damage":71,"enemies":"conspire:MysteriousRune","floor":35,"turns":5},{"damage":23,"enemies":"3 Darklings","floor":37,"turns":5},{"damage":28,"enemies":"3 Shapes","floor":39,"turns":5},{"damage":72,"enemies":"R_Hoarder","floor":43,"turns":8}],"seed_played":"4618297396704524871","potions_obtained":[{"floor":1,"key":"DuplicationPotion"},{"floor":3,"key":"Explosive Potion"},{"floor":5,"key":"SkillPotion"},{"floor":8,"key":"Fire Potion"},{"floor":23,"key":"Dexterity Potion"},{"floor":25,"key":"PowerPotion"},{"floor":27,"key":"FairyPotion"},{"floor":33,"key":"Elixir"},{"floor":37,"key":"Doom Potion"}],"is_trial":false,"path_per_floor":["M","?","M","$","?","E","R","E","T","PTL","PTL","E","$","R","M","M","R","B",null,"M","?","$","M","?","E","R","E","T","R","M","R","E","R","B",null,"M","AVR","M","$","?","R","E"],"character_chosen":"IRONCLAD","items_purchased":["Shrug It Off+1","Lantern","ReplayTheSpireMod:Lightbulb"],"campfire_rested":0,"item_purchase_floors":[13,22,40],"current_hp_per_floor":[78,78,80,80,80,80,80,78,78,78,78,59,59,59,65,59,59,64,76,68,68,68,68,68,32,32,33,33,33,30,30,22,22,15,64,65,65,65,65,65,65,0,0],"gold":110,"neow_bonus":"THREE_ENEMY_KILL","is_daily":false,"chose_seed":false,"campfire_upgraded":7,"win_rate":0.0,"timestamp":1613727751,"path_taken":["M","?","M","$","?","E","R","E","T","PTL","PTL","E","$","R","M","M","R","BOSS","M","?","$","M","?","E","R","E","T","R","?","R","E","R","BOSS","M","AVR","M","$","?","R","E"],"items_purchased_type":["Card","Relic","Relic"],"build_version":"2020-12-22","purchased_purges":3,"victory":false,"max_hp_per_floor":[80,80,80,80,80,80,80,80,80,80,80,80,80,80,80,80,80,80,80,80,80,80,80,80,80,80,80,80,80,80,80,80,80,80,80,80,80,80,80,80,80,80,80],"card_choices":[{"not_picked":["StuffTheSpire:Slingshot","StuffTheSpire:Incineration","Warcry"],"picked":"SKIP","floor":1},{"not_picked":["Burning Pact","Defy Death"],"picked":"Pommel Strike","floor":3},{"not_picked":["True Grit","Havoc"],"picked":"Sword Boomerang","floor":6},{"not_picked":["Cleave","Second Wind"],"picked":"Thunderclap","floor":8},{"not_picked":["Massacre","True Grit"],"picked":"Spot Weakness","floor":12},{"not_picked":["conspire:ExplosiveBarrier","Wild Strike"],"picked":"Spot Weakness","floor":15},{"not_picked":["Hemokinesis","Dual Wield"],"picked":"Clash","floor":16},{"not_picked":["Entrench","Wild Strike+1","Clothesline"],"picked":"SKIP","floor":20},{"not_picked":["Demonic Infusion","Headbutt"],"picked":"Disarm+1","floor":23},{"not_picked":["Headbutt","StuffTheSpire:BloodClot"],"picked":"Inflame+1","floor":25},{"not_picked":["conspire:Charge","conspire:Purge"],"picked":"Heavy Blade","floor":27},{"not_picked":["ReplayReversal","Heavy Blade"],"picked":"Thunderclap","floor":30},{"not_picked":["Dark Embrace","hubris:ReadiedAction"],"picked":"Twin Strike+1","floor":33},{"not_picked":["conspire:Purge","Barricade"],"picked":"Reaper","floor":35},{"not_picked":["Run Through+1","Headbutt","Flex"],"picked":"SKIP","floor":37},{"not_picked":["True Grit","hubris:ReadiedAction+1","StuffTheSpire:RagingBull+1"],"picked":"SKIP","floor":39}],"player_experience":3157933,"relics_obtained":[{"floor":6,"key":"Lizard Tail"},{"floor":8,"key":"ReplayFunnel"},{"floor":9,"key":"StuffTheSpire:Gunfinga"},{"floor":12,"key":"Pet Ghost"},{"floor":25,"key":"reliquary:Boomerang"},{"floor":25,"key":"hubris:Teleporter"},{"floor":27,"key":"halation:QuantumPhysicsTextbook"},{"floor":27,"key":"Sundial"},{"floor":33,"key":"Blood Vial"},{"floor":33,"key":"Incense Burner"}],"event_choices":[{"damage_healed":0,"gold_gain":0,"player_choice":"Got Potions","damage_taken":0,"max_hp_gain":0,"max_hp_loss":0,"event_name":"Lab","floor":5,"gold_loss":0},{"damage_healed":0,"gold_gain":0,"player_choice":"Copied","damage_taken":0,"max_hp_gain":0,"max_hp_loss":0,"event_name":"Duplicator","floor":21,"gold_loss":0,"cards_obtained":["Thunderclap"]},{"cards_removed":["Strike_R"],"damage_healed":0,"gold_gain":0,"player_choice":"Offered Basic","damage_taken":0,"max_hp_gain":0,"max_hp_loss":0,"event_name":"Bonfire Elementals","floor":24,"gold_loss":0},{"damage_healed":0,"gold_gain":3,"player_choice":"1","damage_taken":0,"max_hp_gain":0,"max_hp_loss":0,"event_name":"betterStone:BetterStone","floor":41,"gold_loss":0}],"is_beta":false,"boss_relics":[{"not_picked":["infinitespire:Cupcake","hubris:Stopwatch"],"picked":"Black Star"},{"not_picked":["aspiration:RunicSpoon","energizedSpire:HugeHouse","halation:PinkAlligatorPlush"]}],"items_purged_floors":[4,13,38],"is_endless":false,"potions_floor_spawned":[1,3,8,23,25,27,33,37],"killed_by":"R_Hoarder","ascension_level":8}}