{"host":"7wi4qgm5yw4j7oz0","time":1613733687,"event":{"mods":["AchievementEnabler","BaseMod","Block Reminder","Colored Map","Colored Powertips","Highlight Path","Minty Spire (QoL Compilation)","Permanent Neow","Random Character Button","StSLib","SuperFastMode","everything is the same but u backflip on backflip"],"gold_per_floor":[115,131,131,141,158,158,174,174,243,268,282,282,232,232,232,303,303,314,327,340,358,377,377,404,404,404,432,432,457,322,282,282,359,359,372,372,388,170,197,197,230,41,41,58,69,69,87,140,140,140],"floor_reached":51,"language":"KOR","playtime":3700,"items_purged":[],"score":1210,"play_id":"d2bfc3e1-6903-4f99-87c9-af4c77c355b2","local_time":"20210219202127","is_ascension_mode":true,"campfire_choices":[{"data":"Body Slam","floor":6.0,"key":"SMITH"},{"data":"True Grit","floor":8.0,"key":"SMITH"},{"data":"Uppercut","floor":15.0,"key":"SMITH"},{"data":"Rampage","floor":23.0,"key":"SMITH"},{"data":"Pommel Strike","floor":25.0,"key":"SMITH"},{"data":"Armaments","floor":32.0,"key":"SMITH"},{"data":"Flame Barrier","floor":40.0,"key":"SMITH"},{"data":"Chrysalis","floor":46.0,"key":"SMITH"},{"data":"Warcry","floor":49.0,"key":"SMITH"}],"circlet_count":0,"master_deck":["AscendersBane","Defend_R","Defend_R","Defend_R","Bash+1","Flex","Rage","Sword Boomerang","Headbutt","Shrug It Off","Body Slam+1","True Grit+1","Flame Barrier+1","Uppercut+1","Corruption+1","Shrug It Off","Cleave+1","Pommel Strike+1","Rampage+1","Dropkick","Armaments+1","Dark Shackles","Juggernaut+1","Burning Pact+1","Ghostly Armor","Double Tap","Dark Embrace+1","Chrysalis+1","Bloodletting","Shrug It Off+1","Warcry+1"],"relics":["Burning Blood","Frozen Egg 2","Charon\u0027s Ashes","Ornamental Fan","Runic Pyramid","Regal Pillow","Anchor","Paper Frog","Art of War","Empty Cage","Bronze Scales","Darkstone Periapt","Blue Candle","Champion Belt"],"acts_visited":["Exordium","TheCity","TheBeyond"],"potions_floor_usage":[50],"damage_taken":[{"damage":6.0,"enemies":"2 Louse","floor":1.0,"turns":3.0},{"damage":0.0,"enemies":"Cultist","floor":2.0,"turns":4.0},{"damage":8.0,"enemies":"Small Slimes","floor":4.0,"turns":3.0},{"damage":5.0,"enemies":"Blue Slaver","floor":5.0,"turns":4.0},{"damage":1.0,"enemies":"Lots of Slimes","floor":7.0,"turns":5.0},{"damage":34.0,"enemies":"Lagavulin","floor":10.0,"turns":9.0},{"damage":10.0,"enemies":"2 Fungi Beasts","floor":11.0,"turns":4.0},{"damage":10.0,"enemies":"Hexaghost","floor":16.0,"turns":9.0},{"damage":1.0,"enemies":"Spheric Guardian","floor":18.0,"turns":3.0},{"damage":3.0,"enemies":"Shell Parasite","floor":19.0,"turns":3.0},{"damage":0.0,"enemies":"Cultist and Chosen","floor":20.0,"turns":4.0},{"damage":5.0,"enemies":"Centurion and Healer","floor":21.0,"turns":7.0},{"damage":2.0,"enemies":"Snake Plant","floor":22.0,"turns":4.0},{"damage":14.0,"enemies":"Book of Stabbing","floor":24.0,"turns":5.0},{"damage":16.0,"enemies":"Slavers","floor":27.0,"turns":4.0},{"damage":10.0,"enemies":"Book of Stabbing","floor":29.0,"turns":5.0},{"damage":21.0,"enemies":"Champ","floor":33.0,"turns":11.0},{"damage":16.0,"enemies":"3 Shapes","floor":35.0,"turns":4.0},{"damage":11.0,"enemies":"Orb Walker","floor":37.0,"turns":4.0},{"damage":5.0,"enemies":"Giant Head","floor":41.0,"turns":7.0},{"damage":3.0,"enemies":"Maw","floor":44.0,"turns":5.0},{"damage":0.0,"enemies":"Transient","floor":45.0,"turns":5.0},{"damage":2.0,"enemies":"4 Shapes","floor":47.0,"turns":4.0},{"damage":15.0,"enemies":"2 Orb Walkers","floor":48.0,"turns":3.0},{"damage":33,"enemies":"Awakened One","floor":50,"turns":7}],"seed_played":"5337837679004003802","potions_obtained":[{"floor":1.0,"key":"BloodPotion"},{"floor":7.0,"key":"ColorlessPotion"},{"floor":11.0,"key":"DistilledChaos"},{"floor":16.0,"key":"BlessingOfTheForge"},{"floor":21.0,"key":"AttackPotion"},{"floor":24.0,"key":"DuplicationPotion"},{"floor":33.0,"key":"LiquidBronze"},{"floor":35.0,"key":"LiquidMemories"}],"is_trial":false,"path_per_floor":["M","M","?","M","M","R","M","R","T","E","M","T","?","?","R","B",null,"M","M","M","M","M","R","E","R","T","E","?","E","$","?","R","B",null,"M","$","M","$","T","R","E","$","T","M","M","R","M","?","R","B",null],"character_chosen":"IRONCLAD","items_purchased":["Armaments","Dark Shackles","Ghostly Armor","Double Tap","Chrysalis"],"campfire_rested":0,"item_purchase_floors":[30,30,38,38,42],"current_hp_per_floor":[50,56,56,54,55,55,60,60,60,47,43,43,43,43,43,39,66,71,74,75,75,75,75,67,67,67,57,57,53,53,53,53,38,66,56,56,51,51,51,51,52,52,52,55,61,61,65,56,56,29],"gold":140,"neow_bonus":"TRANSFORM_TWO_CARDS","is_daily":false,"chose_seed":false,"campfire_upgraded":9,"win_rate":0.0,"timestamp":1613733687,"path_taken":["M","M","?","M","M","R","?","R","T","E","M","?","?","?","R","BOSS","M","M","M","M","M","R","E","R","T","E","?","E","$","?","R","BOSS","M","$","M","$","?","R","E","$","T","M","?","R","M","?","R","BOSS"],"items_purchased_type":["Card","Card","Card","Card","Card"],"build_version":"2020-12-22","purchased_purges":0,"victory":true,"max_hp_per_floor":[75,75,75,75,75,75,75,75,75,75,75,75,75,75,75,75,75,75,75,75,75,75,75,75,75,75,75,75,75,75,75,75,75,75,75,75,75,75,75,75,75,75,75,75,75,75,75,75,75,75],"card_choices":[{"not_picked":["Metallicize","Headbutt"],"picked":"Sword Boomerang","floor":1.0},{"not_picked":["Clothesline","Warcry"],"picked":"Headbutt","floor":2.0},{"not_picked":["Rage","Power Through"],"picked":"Shrug It Off","floor":4.0},{"not_picked":["Sword Boomerang","Dropkick"],"picked":"Body Slam","floor":5.0},{"not_picked":["Entrench","Havoc"],"picked":"True Grit","floor":7.0},{"not_picked":["Feed","Shrug It Off"],"picked":"Flame Barrier","floor":10.0},{"not_picked":["Flex","Clash"],"picked":"Uppercut","floor":11.0},{"not_picked":["Bludgeon","Demon Form+1"],"picked":"Corruption+1","floor":16.0},{"not_picked":["Inflame+1","Clash"],"picked":"Shrug It Off","floor":18.0},{"not_picked":["Iron Wave","Bloodletting"],"picked":"Cleave","floor":19.0},{"not_picked":["Pummel","Twin Strike+1"],"picked":"Pommel Strike","floor":20.0},{"not_picked":["True Grit","Inflame+1"],"picked":"Rampage","floor":21.0},{"not_picked":["Whirlwind","Perfected Strike","Havoc"],"picked":"SKIP","floor":22.0},{"not_picked":["Whirlwind","Perfected Strike","Havoc"],"picked":"SKIP","floor":22.0},{"not_picked":["Whirlwind","Perfected Strike","Havoc"],"picked":"SKIP","floor":22.0},{"not_picked":["Flex","Exhume","Body Slam"],"picked":"SKIP","floor":24.0},{"not_picked":["Pommel Strike","Clash"],"picked":"Dropkick","floor":27.0},{"not_picked":["Inflame+1","Blood for Blood","Havoc"],"picked":"SKIP","floor":29.0},{"not_picked":["Barricade+1","Fiend Fire"],"picked":"Juggernaut+1","floor":33.0},{"not_picked":["True Grit","Bloodletting","Searing Blow"],"picked":"SKIP","floor":35.0},{"not_picked":["Thunderclap","Hemokinesis"],"picked":"Burning Pact+1","floor":37.0},{"not_picked":["Reckless Charge","Evolve+1"],"picked":"Dark Embrace+1","floor":41.0},{"not_picked":["Heavy Blade","Power Through","Flex"],"picked":"SKIP","floor":44.0},{"not_picked":["Iron Wave","Whirlwind+1"],"picked":"Bloodletting","floor":45.0},{"not_picked":["Perfected Strike","Thunderclap"],"picked":"Shrug It Off+1","floor":47.0},{"not_picked":["Fiend Fire","Wild Strike"],"picked":"Warcry","floor":48.0}],"player_experience":331716,"relics_obtained":[{"floor":9.0,"key":"Frozen Egg 2"},{"floor":10.0,"key":"Charon\u0027s Ashes"},{"floor":12.0,"key":"Ornamental Fan"},{"floor":24.0,"key":"Regal Pillow"},{"floor":26.0,"key":"Anchor"},{"floor":27.0,"key":"Paper Frog"},{"floor":29.0,"key":"Art of War"},{"floor":39.0,"key":"Bronze Scales"},{"floor":41.0,"key":"Darkstone Periapt"},{"floor":43.0,"key":"Blue Candle"},{"floor":48.0,"key":"Champion Belt"}],"event_choices":[{"cards_removed":["Strike_R"],"damage_healed":0.0,"max_hp_gain":0.0,"max_hp_loss":0.0,"gold_gain":0.0,"event_name":"Purifier","player_choice":"Purged","floor":3.0,"gold_loss":0.0,"damage_taken":0.0},{"cards_removed":["Defend_R"],"damage_healed":0.0,"max_hp_gain":0.0,"max_hp_loss":0.0,"gold_gain":0.0,"event_name":"The Cleric","player_choice":"Card Removal","floor":13.0,"gold_loss":50.0,"damage_taken":0.0},{"damage_healed":0.0,"max_hp_gain":0.0,"max_hp_loss":0.0,"gold_gain":0.0,"event_name":"Liars Game","player_choice":"Ignored","floor":14.0,"gold_loss":0.0,"damage_taken":0.0},{"damage_healed":0.0,"max_hp_gain":0.0,"max_hp_loss":0.0,"gold_gain":0.0,"event_name":"Vampires","player_choice":"Ignored","floor":28.0,"gold_loss":0.0,"damage_taken":0.0},{"damage_healed":0.0,"max_hp_gain":0.0,"max_hp_loss":0.0,"gold_gain":0.0,"event_name":"Designer","player_choice":"Upgraded Two","floor":31.0,"gold_loss":40.0,"damage_taken":0.0,"cards_upgraded":["Cleave","Bash"]},{"damage_healed":0.0,"max_hp_gain":0.0,"max_hp_loss":0.0,"gold_gain":0.0,"event_name":"Mysterious Sphere","player_choice":"Fight","floor":48.0,"gold_loss":0.0,"damage_taken":0.0}],"is_beta":false,"boss_relics":[{"not_picked":["Busted Crown","Fusion Hammer"],"picked":"Runic Pyramid"},{"not_picked":["SacredBark","Calling Bell"],"picked":"Empty Cage"}],"items_purged_floors":[],"is_endless":false,"potions_floor_spawned":[1,7,11,16,21,22,24,29,33,35,41,44,48],"ascension_level":14}}