{"host":"lxu17chzujqn8whl","time":1613771739,"event":{"mods":["BaseMod","Minty Spire (QoL Compilation)","Relic Stats","StSLib"],"gold_per_floor":[117,133,133,146,159,187,187,203,203,219,236,246,263,263,263,361,361,378,378,378],"floor_reached":19,"language":"ENG","playtime":786,"items_purged":[],"score":175,"play_id":"87b90ce9-3785-4de1-8456-d05653c6f12d","local_time":"20210219135539","is_ascension_mode":false,"campfire_choices":[{"data":"Self Repair","floor":7,"key":"SMITH"},{"data":"Sunder","floor":15,"key":"SMITH"}],"circlet_count":0,"master_deck":["Strike_B","Strike_B","Strike_B","Strike_B","Defend_B","Defend_B","Defend_B+1","Defend_B","Zap","Dualcast","Conserve Battery+1","Hologram","Conserve Battery+1","Self Repair+1","Ball Lightning","Compile Driver","Sunder+1","Hologram","Buffer"],"relics":["Cracked Core","Incense Burner","Pen Nib","Busted Crown"],"acts_visited":["Exordium","TheCity"],"potions_floor_usage":[5,8,16],"damage_taken":[{"damage":0,"enemies":"Cultist","floor":1,"turns":3},{"damage":2,"enemies":"Small Slimes","floor":2,"turns":3},{"damage":0,"enemies":"2 Louse","floor":4,"turns":2},{"damage":0,"enemies":"Red Slaver","floor":5,"turns":4},{"damage":11,"enemies":"3 Sentries","floor":6,"turns":13},{"damage":0,"enemies":"2 Fungi Beasts","floor":8,"turns":4},{"damage":0,"enemies":"3 Louse","floor":10,"turns":4},{"damage":0,"enemies":"Exordium Wildlife","floor":11,"turns":2},{"damage":0,"enemies":"Exordium Thugs","floor":12,"turns":3},{"damage":0,"enemies":"Large Slime","floor":13,"turns":5},{"damage":50,"enemies":"Hexaghost","floor":16,"turns":10},{"damage":0,"enemies":"2 Thieves","floor":18,"turns":3},{"damage":2,"enemies":"3 Byrds","floor":19,"turns":2}],"seed_played":"-2095324994789604768","potions_obtained":[{"floor":2,"key":"Block Potion"},{"floor":6,"key":"DistilledChaos"},{"floor":8,"key":"Dexterity Potion"},{"floor":10,"key":"ColorlessPotion"},{"floor":11,"key":"FairyPotion"},{"floor":16,"key":"FocusPotion"}],"is_trial":false,"path_per_floor":["M","M","?","M","M","E","R","M","T","M","M","M","M","?","R","B",null,"M","M"],"character_chosen":"DEFECT","items_purchased":[],"campfire_rested":0,"item_purchase_floors":[],"current_hp_per_floor":[82,80,64,64,64,60,60,70,70,80,80,82,82,82,82,42,82,82,80,80],"gold":378,"neow_bonus":"TEN_PERCENT_HP_BONUS","is_daily":false,"chose_seed":false,"campfire_upgraded":2,"win_rate":0.0,"timestamp":1613771739,"path_taken":["M","M","?","M","M","E","R","M","T","M","M","M","M","?","R","BOSS","M","M"],"items_purchased_type":[],"build_version":"2020-12-22","purchased_purges":0,"victory":false,"max_hp_per_floor":[82,82,82,82,82,82,82,82,82,82,82,82,82,82,82,82,82,82,82,82],"relic_stats":{"Busted Crown":2,"counters":[13,58],"Pen Nib":[4],"obtain_stats":[{"Busted Crown":17,"Pen Nib":9,"Incense Burner":6,"Cracked Core":0},{"Busted Crown":11,"Pen Nib":6,"Incense Burner":5,"Cracked Core":0},{"Busted Crown":53,"Pen Nib":29,"Incense Burner":25,"Cracked Core":0}]},"card_choices":[{"not_picked":["Hologram","Reprogram"],"picked":"Conserve Battery","floor":1},{"not_picked":["Barrage","Rebound"],"picked":"Hologram","floor":2},{"not_picked":["Ball Lightning","Double Energy"],"picked":"Conserve Battery","floor":4},{"not_picked":["Beam Cell","Leap"],"picked":"Self Repair","floor":5},{"not_picked":["White Noise","Steam","Multi-Cast"],"picked":"SKIP","floor":6},{"not_picked":["Reinforced Body","Recycle"],"picked":"Ball Lightning","floor":8},{"not_picked":["Redo","Conserve Battery"],"picked":"Compile Driver","floor":10},{"not_picked":["Beam Cell","Rebound","Conserve Battery"],"picked":"SKIP","floor":11},{"not_picked":["Double Energy","Hologram"],"picked":"Sunder","floor":12},{"not_picked":["Redo","Beam Cell"],"picked":"Hologram","floor":13},{"not_picked":["Creative AI","Biased Cognition"],"picked":"Buffer","floor":16},{"not_picked":["Steam"],"picked":"SKIP","floor":18}],"player_experience":719507,"relics_obtained":[{"floor":6,"key":"Incense Burner"},{"floor":9,"key":"Pen Nib"}],"event_choices":[{"damage_healed":0,"gold_gain":0,"player_choice":"Entered Light","damage_taken":16,"max_hp_gain":0,"max_hp_loss":0,"event_name":"Shining Light","floor":3,"gold_loss":0,"cards_upgraded":["Defend_B","Conserve Battery"]},{"damage_healed":0,"gold_gain":0,"player_choice":"Grow","damage_taken":0,"max_hp_gain":0,"max_hp_loss":0,"event_name":"Living Wall","floor":14,"gold_loss":0,"cards_upgraded":["Conserve Battery"]}],"is_beta":false,"boss_relics":[{"not_picked":["Runic Dome","Pandora\u0027s Box"],"picked":"Busted Crown"}],"items_purged_floors":[],"is_endless":false,"potions_floor_spawned":[2,6,8,10,11,16,18],"killed_by":"3 Byrds","ascension_level":0}}