{"host":"oknzaotplmnl5xaf","time":1613775161,"event":{"mods":["BaseMod","Colored Map","Highlight Path","Minty Spire (QoL Compilation)","Permanent Neow","Quick Restart","Relic Stats"],"gold_per_floor":[114,129,148,148,28,57,57,84,84,84,103,103,138,155,155,229,229,247,247,266,277,297,330,10,38,62,62,71,97,141,141,141,224,224,247,247,50,65,89,89,89],"floor_reached":40,"language":"ENG","playtime":2495,"items_purged":["Defend_B","Strike_B","Strike_B"],"score":957,"play_id":"9db99fdc-5bd0-4f9e-9326-d2ebf8a4d834","local_time":"20210219175241","is_ascension_mode":true,"campfire_choices":[{"data":"Static Discharge","floor":7,"key":"SMITH"},{"floor":12,"key":"REST"},{"data":"Go for the Eyes","floor":15,"key":"SMITH"},{"floor":27,"key":"REST"},{"floor":32,"key":"REST"}],"circlet_count":0,"master_deck":["AscendersBane","Strike_B","Strike_B+1","Defend_B","Defend_B+1","Defend_B","Zap","Dualcast+1","Self Repair","Cold Snap","Ball Lightning","Conserve Battery","Static Discharge+1","Skim","Barrage","Compile Driver","Go for the Eyes+1","Cold Snap","Echo Form","Reinforced Body+1","Heatsinks+1","Machine Learning","White Noise","Turbo","Storm","Chaos+1","Biased Cognition+1","Coolheaded+1","Core Surge","Defragment"],"relics":["Cracked Core","Mango","Sundial","Meat on the Bone","Fusion Hammer","Vajra","Sling","War Paint","CeramicFish","Orichalcum","Black Star"],"acts_visited":["Exordium","TheCity","TheBeyond"],"potions_floor_usage":[8,13,18,22,23,23,30,33,38,40],"damage_taken":[{"damage":1,"enemies":"Cultist","floor":1,"turns":4},{"damage":0,"enemies":"2 Louse","floor":2,"turns":1},{"damage":5,"enemies":"Small Slimes","floor":3,"turns":3},{"damage":14,"enemies":"Lagavulin","floor":6,"turns":6},{"damage":24,"enemies":"3 Sentries","floor":8,"turns":5},{"damage":9,"enemies":"Looter","floor":11,"turns":4},{"damage":28,"enemies":"Gremlin Nob","floor":13,"turns":4},{"damage":12,"enemies":"2 Fungi Beasts","floor":14,"turns":3},{"damage":21,"enemies":"The Guardian","floor":16,"turns":10},{"damage":26,"enemies":"Shell Parasite","floor":18,"turns":5},{"damage":10,"enemies":"Chosen","floor":20,"turns":6},{"damage":26,"enemies":"Snake Plant","floor":21,"turns":3},{"damage":28,"enemies":"3 Cultists","floor":22,"turns":6},{"damage":35,"enemies":"Gremlin Leader","floor":23,"turns":8},{"damage":33,"enemies":"Book of Stabbing","floor":25,"turns":5},{"damage":2,"enemies":"Centurion and Healer","floor":29,"turns":5},{"damage":34,"enemies":"Slavers","floor":30,"turns":5},{"damage":29,"enemies":"Champ","floor":33,"turns":19},{"damage":1,"enemies":"3 Shapes","floor":35,"turns":5},{"damage":51,"enemies":"3 Darklings","floor":38,"turns":6},{"damage":53,"enemies":"Writhing Mass","floor":39,"turns":7},{"damage":55,"enemies":"Reptomancer","floor":40,"turns":8}],"seed_played":"4105780961479435053","potions_obtained":[{"floor":1,"key":"SmokeBomb"},{"floor":6,"key":"Energy Potion"},{"floor":8,"key":"Swift Potion"},{"floor":13,"key":"SkillPotion"},{"floor":16,"key":"Fruit Juice"},{"floor":18,"key":"LiquidBronze"},{"floor":22,"key":"LiquidBronze"},{"floor":25,"key":"Dexterity Potion"},{"floor":33,"key":"BlessingOfTheForge"},{"floor":35,"key":"Dexterity Potion"}],"is_trial":false,"path_per_floor":["M","M","M","?","$","E","R","E","T","?","M","R","E","M","R","B",null,"M","?","M","M","M","E","$","E","T","R","?","M","E","?","R","B",null,"M","?","$","M","M","E"],"character_chosen":"DEFECT","items_purchased":["Static Discharge","Sling","AttackPotion","Core Surge"],"campfire_rested":3,"item_purchase_floors":[5,24,24,37],"current_hp_per_floor":[70,70,71,71,71,78,78,61,61,35,33,58,37,44,44,42,74,60,60,64,64,62,53,53,32,32,59,59,64,56,56,83,68,85,90,90,90,71,44,0,0],"gold":89,"neow_bonus":"THREE_CARDS","is_daily":false,"chose_seed":false,"campfire_upgraded":2,"win_rate":0.0,"timestamp":1613775161,"path_taken":["M","?","M","?","$","E","R","E","T","?","M","R","E","M","R","BOSS","M","?","M","M","M","E","$","E","T","R","?","?","E","?","R","BOSS","M","?","$","?","M","E"],"items_purchased_type":["Card","Relic","Potion","Card"],"build_version":"2020-12-22","purchased_purges":3,"victory":false,"max_hp_per_floor":[71,71,71,71,71,85,85,85,85,85,85,85,85,85,85,85,85,90,90,90,90,90,90,90,90,90,90,90,90,90,90,90,90,90,90,90,90,90,90,90,90],"relic_stats":{"counters":[22,128],"Sundial":[16],"CeramicFish":63,"Black Star":0,"War Paint":["Dualcast","Reinforced Body"],"Orichalcum":[96],"obtain_stats":[{"Sundial":8,"CeramicFish":26,"Vajra":23,"Mango":6,"Fusion Hammer":17,"Black Star":34,"War Paint":25,"Orichalcum":30,"Cracked Core":0,"Sling":24,"Meat on the Bone":13},{"Sundial":5,"CeramicFish":15,"Vajra":14,"Mango":4,"Fusion Hammer":9,"Black Star":18,"War Paint":15,"Orichalcum":17,"Cracked Core":0,"Sling":14,"Meat on the Bone":7},{"Sundial":19,"CeramicFish":73,"Vajra":68,"Mango":14,"Fusion Hammer":40,"Black Star":102,"War Paint":73,"Orichalcum":83,"Cracked Core":0,"Sling":68,"Meat on the Bone":27}],"Meat on the Bone":108},"card_choices":[{"not_picked":["Redo","Undo"],"picked":"Self Repair","floor":0},{"not_picked":["Rip and Tear","Chaos"],"picked":"Cold Snap","floor":1},{"not_picked":["Undo","Aggregate"],"picked":"Ball Lightning","floor":2},{"not_picked":["Heatsinks","Chill"],"picked":"Conserve Battery","floor":3},{"not_picked":["Reboot","White Noise"],"picked":"Skim","floor":6},{"not_picked":["Leap","Hyperbeam"],"picked":"Barrage","floor":8},{"not_picked":["Sunder","Heatsinks"],"picked":"Compile Driver","floor":11},{"not_picked":["Coolheaded","Reprogram"],"picked":"Go for the Eyes","floor":13},{"not_picked":["Stack","Ball Lightning"],"picked":"Cold Snap","floor":14},{"not_picked":["Buffer","Thunder Strike"],"picked":"Echo Form","floor":16},{"not_picked":["Stack","Go for the Eyes+1","Cold Snap"],"picked":"SKIP","floor":18},{"not_picked":["Ball Lightning+1","Sunder"],"picked":"Reinforced Body","floor":20},{"not_picked":["Reinforced Body","Sweeping Beam"],"picked":"Heatsinks+1","floor":21},{"not_picked":["Chaos","Beam Cell","Steam"],"picked":"SKIP","floor":22},{"not_picked":["Melter","Conserve Battery"],"picked":"Machine Learning","floor":23},{"not_picked":["Static Discharge","Coolheaded"],"picked":"White Noise","floor":25},{"not_picked":["Gash","Compile Driver"],"picked":"Storm","floor":29},{"not_picked":["Beam Cell","Steam"],"picked":"Chaos+1","floor":30},{"not_picked":["Hyperbeam","Fission"],"picked":"Biased Cognition","floor":33},{"not_picked":["Sweeping Beam+1","Streamline"],"picked":"Coolheaded+1","floor":35},{"not_picked":["Stack","Barrage+1","Leap"],"picked":"SKIP","floor":38},{"not_picked":["Skim","Leap"],"picked":"Defragment","floor":39}],"player_experience":1552534,"relics_obtained":[{"floor":6,"key":"Mango"},{"floor":8,"key":"Sundial"},{"floor":13,"key":"Meat on the Bone"},{"floor":23,"key":"Vajra"},{"floor":25,"key":"War Paint"},{"floor":26,"key":"CeramicFish"},{"floor":30,"key":"Orichalcum"}],"event_choices":[{"damage_healed":0,"gold_gain":0,"player_choice":"Leave","damage_taken":0,"max_hp_gain":0,"max_hp_loss":0,"event_name":"The Cleric","floor":4,"gold_loss":0},{"damage_healed":0,"gold_gain":0,"player_choice":"Entered Light","damage_taken":26,"max_hp_gain":0,"max_hp_loss":0,"event_name":"Shining Light","floor":10,"gold_loss":0,"cards_upgraded":["Defend_B","Strike_B"]},{"damage_healed":0,"gold_gain":0,"player_choice":"Ignored","damage_taken":0,"max_hp_gain":0,"max_hp_loss":0,"event_name":"The Mausoleum","floor":19,"gold_loss":0},{"damage_healed":0,"gold_gain":0,"player_choice":"Read","damage_taken":0,"max_hp_gain":0,"max_hp_loss":0,"event_name":"The Library","floor":28,"gold_loss":0,"cards_obtained":["Turbo"]},{"damage_healed":0,"gold_gain":0,"player_choice":"Ignored","damage_taken":0,"max_hp_gain":0,"max_hp_loss":0,"event_name":"Vampires","floor":31,"gold_loss":0},{"damage_healed":0,"gold_gain":0,"player_choice":"Upgraded","damage_taken":0,"max_hp_gain":0,"max_hp_loss":0,"event_name":"Upgrade Shrine","floor":36,"gold_loss":0,"cards_upgraded":["Biased Cognition"]}],"is_beta":false,"boss_relics":[{"not_picked":["Busted Crown","Ectoplasm"],"picked":"Fusion Hammer"},{"not_picked":["Coffee Dripper","Sozu"],"picked":"Black Star"}],"items_purged_floors":[5,24,37],"is_endless":false,"potions_floor_spawned":[1,6,8,13,16,18,20,22,25,33,35],"killed_by":"Reptomancer","ascension_level":20}}