{"host":"5raohst9sk3kvp5v","time":1613701302,"event":{"mods":["BaseMod","Colored Powertips","Highlight Path","Minty Spire (QoL Compilation)","Quick Restart","Relic Stats","StSLib"],"gold_per_floor":[110,60,73,86,97,127,127,137,137,168,168,168,183,206,206,206,206],"floor_reached":16,"language":"ENG","playtime":1107,"items_purged":[],"score":222,"play_id":"28a39b87-4351-4250-a6a8-c6c1eaf9fe09","local_time":"20210218202142","is_ascension_mode":true,"campfire_choices":[{"data":"Barricade","floor":7,"key":"SMITH"},{"floor":12,"key":"REST"},{"data":"Body Slam","floor":15,"key":"SMITH"}],"circlet_count":0,"master_deck":["AscendersBane","Strike_R","Strike_R","Strike_R","Strike_R","Strike_R","Defend_R","Defend_R","Defend_R","Defend_R","Bash","Barricade+1","Clash","Shrug It Off","Second Wind","Clash","Cleave","Juggernaut","Body Slam+1"],"relics":["Burning Blood","Ancient Tea Set","Letter Opener","Pear","Golden Idol"],"acts_visited":["Exordium"],"potions_floor_usage":[6,6],"damage_taken":[{"damage":5.0,"enemies":"Small Slimes","floor":1.0,"turns":3.0},{"damage":14.0,"enemies":"Jaw Worm","floor":3.0,"turns":4.0},{"damage":0.0,"enemies":"Cultist","floor":4.0,"turns":4.0},{"damage":3.0,"enemies":"Exordium Thugs","floor":5.0,"turns":4.0},{"damage":31,"enemies":"3 Sentries","floor":6,"turns":26},{"damage":4,"enemies":"Looter","floor":8,"turns":3},{"damage":39,"enemies":"Lagavulin","floor":10,"turns":8},{"damage":28,"enemies":"Large Slime","floor":13,"turns":7},{"damage":14,"enemies":"Exordium Wildlife","floor":14,"turns":4},{"damage":43,"enemies":"Hexaghost","floor":16,"turns":11}],"seed_played":"1063316235804943487","potions_obtained":[{"floor":3.0,"key":"PowerPotion"},{"floor":5.0,"key":"BlessingOfTheForge"},{"floor":13,"key":"FairyPotion"}],"is_trial":false,"path_per_floor":["M","$","M","M","M","E","R","M","T","E","?","R","M","M","R","B"],"character_chosen":"IRONCLAD","items_purchased":["Shrug It Off"],"campfire_rested":1,"item_purchase_floors":[2],"current_hp_per_floor":[68,68,60,66,68,43,43,45,45,22,22,43,21,13,13,0,0],"gold":206,"neow_bonus":"THREE_RARE_CARDS","is_daily":false,"chose_seed":false,"campfire_upgraded":2,"win_rate":0.0,"timestamp":1613701302,"path_taken":["M","$","M","M","M","E","R","M","T","E","?","R","M","M","R","BOSS"],"items_purchased_type":["Card"],"build_version":"2020-12-22","purchased_purges":0,"victory":false,"max_hp_per_floor":[68,68,68,68,68,68,68,68,68,78,71,71,71,71,71,71,71],"relic_stats":{"counters":[10,74],"Golden Idol":8,"Letter Opener":[5],"obtain_stats":[{"Pear":10,"Golden Idol":11,"Letter Opener":9,"Ancient Tea Set":6,"Burning Blood":0},{"Pear":7,"Golden Idol":7,"Letter Opener":6,"Ancient Tea Set":5,"Burning Blood":0},{"Pear":52,"Golden Idol":52,"Letter Opener":44,"Ancient Tea Set":41,"Burning Blood":0}],"Burning Blood":52},"card_choices":[{"not_picked":["Limit Break","Fiend Fire"],"picked":"Barricade","floor":0.0},{"not_picked":["Anger","Twin Strike"],"picked":"Clash","floor":1.0},{"not_picked":["Blood for Blood","Warcry","Dual Wield"],"picked":"SKIP","floor":3.0},{"not_picked":["Wild Strike","Armaments"],"picked":"Second Wind","floor":4.0},{"not_picked":["Wild Strike","Twin Strike"],"picked":"Clash","floor":5.0},{"not_picked":["Reckless Charge","Rage","Twin Strike"],"picked":"SKIP","floor":6},{"not_picked":["Havoc","Reckless Charge"],"picked":"Cleave","floor":8},{"not_picked":["Dual Wield","Inflame"],"picked":"Juggernaut","floor":10},{"not_picked":["Metallicize","Iron Wave","Headbutt"],"picked":"SKIP","floor":13},{"not_picked":["Hemokinesis","Cleave"],"picked":"Body Slam","floor":14}],"player_experience":1737512,"relics_obtained":[{"floor":6,"key":"Ancient Tea Set"},{"floor":9,"key":"Letter Opener"},{"floor":10,"key":"Pear"}],"event_choices":[{"damage_healed":0,"gold_gain":0,"player_choice":"Lose Max HP","damage_taken":0,"relics_obtained":["Golden Idol"],"max_hp_gain":0,"max_hp_loss":7,"event_name":"Golden Idol","floor":11,"gold_loss":0}],"is_beta":false,"boss_relics":[],"items_purged_floors":[],"is_endless":false,"potions_floor_spawned":[3,5,13],"killed_by":"Hexaghost","ascension_level":19}}