{"host":"a9gsz7kv8aebwp1f","time":1613756177,"event":{"mods":["AchievementEnabler","BaseMod","Minty Spire (QoL Compilation)"],"gold_per_floor":[117,137,212,212,225,225,243,243,243,270,270,284,304,304,304,304,304],"floor_reached":16,"language":"KOR","playtime":477,"items_purged":[],"score":163,"play_id":"a4019e6d-346b-40d3-bc9b-b8c9095b14f3","local_time":"20210220023617","is_ascension_mode":true,"campfire_choices":[{"floor":6,"key":"REST"},{"data":"Dualcast","floor":8,"key":"SMITH"},{"floor":15,"key":"REST"}],"circlet_count":0,"master_deck":["AscendersBane","Strike_B+1","Strike_B","Strike_B","Defend_B","Defend_B","Defend_B","Defend_B","Zap+1","Dualcast+1","FTL","Auto Shields","Streamline","Tempest","Turbo","Sunder","Turbo"],"relics":["Cracked Core","Ancient Tea Set","Eternal Feather","Ornamental Fan"],"acts_visited":["Exordium"],"potions_floor_usage":[],"damage_taken":[{"damage":0,"enemies":"Small Slimes","floor":1,"turns":2},{"damage":0,"enemies":"2 Louse","floor":2,"turns":1},{"damage":1,"enemies":"Cultist","floor":5,"turns":3},{"damage":0,"enemies":"2 Fungi Beasts","floor":7,"turns":2},{"damage":24,"enemies":"Lagavulin","floor":10,"turns":5},{"damage":2,"enemies":"Blue Slaver","floor":12,"turns":2},{"damage":1,"enemies":"Looter","floor":13,"turns":3},{"damage":52,"enemies":"Hexaghost","floor":16,"turns":9}],"seed_played":"1549775569706897046","potions_obtained":[{"floor":2,"key":"Strength Potion"},{"floor":7,"key":"LiquidBronze"}],"is_trial":false,"path_per_floor":["M","M","?","?","M","R","M","R","T","E","?","M","M","?","R","B"],"character_chosen":"DEFECT","items_purchased":[],"campfire_rested":2,"item_purchase_floors":[],"current_hp_per_floor":[68,68,57,39,38,60,60,60,60,36,21,19,18,18,49,0,0],"gold":304,"neow_bonus":"THREE_CARDS","is_daily":false,"chose_seed":false,"campfire_upgraded":1,"win_rate":0.0,"timestamp":1613756177,"path_taken":["M","M","?","?","M","R","M","R","T","E","?","M","M","?","R","BOSS"],"items_purchased_type":[],"build_version":"2020-12-22","purchased_purges":0,"victory":false,"max_hp_per_floor":[75,75,75,75,75,75,75,75,75,75,75,75,75,75,75,75,75],"card_choices":[{"not_picked":["Turbo","Coolheaded"],"picked":"FTL","floor":0},{"not_picked":["Sweeping Beam","Redo"],"picked":"Auto Shields","floor":1},{"not_picked":["FTL","Compile Driver"],"picked":"Streamline","floor":2},{"not_picked":["Core Surge","Gash"],"picked":"Tempest","floor":5},{"not_picked":["Scrape","Storm"],"picked":"Turbo","floor":7},{"not_picked":["Force Field","Defragment"],"picked":"Sunder","floor":10},{"not_picked":["Storm","Barrage","Ball Lightning"],"picked":"SKIP","floor":12},{"not_picked":["Genetic Algorithm","Doom and Gloom"],"picked":"Turbo","floor":13}],"player_experience":468761,"relics_obtained":[{"floor":9,"key":"Eternal Feather"},{"floor":10,"key":"Ornamental Fan"}],"event_choices":[{"damage_healed":0,"gold_gain":75,"player_choice":"Gather Gold","damage_taken":11,"max_hp_gain":0,"max_hp_loss":0,"event_name":"World of Goop","floor":3,"gold_loss":0},{"damage_healed":0,"gold_gain":0,"player_choice":"Success","damage_taken":18,"relics_obtained":["Ancient Tea Set"],"max_hp_gain":0,"max_hp_loss":0,"event_name":"Scrap Ooze","floor":4,"gold_loss":0},{"damage_healed":0,"gold_gain":0,"player_choice":"Entered Light","damage_taken":15,"max_hp_gain":0,"max_hp_loss":0,"event_name":"Shining Light","floor":11,"gold_loss":0,"cards_upgraded":["Zap","Strike_B"]},{"cards_removed":["Strike_B"],"damage_healed":0,"gold_gain":0,"player_choice":"Purged","damage_taken":0,"max_hp_gain":0,"max_hp_loss":0,"event_name":"Purifier","floor":14,"gold_loss":0}],"is_beta":false,"boss_relics":[],"items_purged_floors":[],"is_endless":false,"potions_floor_spawned":[2,7,10],"killed_by":"Hexaghost","ascension_level":12}}