{"host":"bpr07pynnqpe5ded","time":1613753009,"event":{"mods":["2.2 Compatiblity","Aspiration","BaseMod","Better Note","Better Third Choice","BetterRewards","Downfall","Infinite Spire","Jorbs\u0027s Wanderer Trilogy","Minty Spire (QoL Compilation)","Replay The Spire","Shop Mod","StSLib","The Marked","??????REMEMod"],"gold_per_floor":[99,113,113,125,136,136,160,160,187,187,198,98,248,267,287,287,287,287],"floor_reached":16,"language":"ENG","playtime":853,"items_purged":[],"score":102,"play_id":"31ae8993-9f9f-4b23-a731-736394dc0b69","local_time":"20210219164329","is_ascension_mode":false,"campfire_choices":[{"floor":1,"key":"RECALL"},{"data":"Guardian:FastForward","floor":6,"key":"SMITH"},{"floor":12,"key":"REST"}],"circlet_count":0,"master_deck":["Guardian:Strike_Guardian","Guardian:Strike_Guardian","Guardian:Strike_Guardian","Guardian:Strike_Guardian","Guardian:Defend_Guardian","Guardian:Defend_Guardian","Guardian:Defend_Guardian","Guardian:CurlUp","Guardian:TwinSlam","Guardian:FastForward+1","Guardian:TimeCapacitor","Guardian:ShieldCharger","Guardian:Recover","Guardian:Defend_Guardian","downfall:Icky","Guardian:ShieldCharger"],"relics":["Guardian:ModeShifter","REME_ComplimentaryCards","Blue Doll","Ice Cream","downfall:HeartBlessingRed"],"acts_visited":["Exordium"],"potions_floor_usage":[5,15,16],"damage_taken":[{"damage":6,"enemies":"Jaw Worm","floor":2,"turns":4},{"damage":5,"enemies":"Cultist","floor":4,"turns":4},{"damage":0,"enemies":"Small Slimes","floor":5,"turns":2},{"damage":47,"enemies":"Lagavulin","floor":9,"turns":11},{"damage":8,"enemies":"Exordium Wildlife","floor":11,"turns":7},{"damage":5,"enemies":"downfall:LooterAlt","floor":14,"turns":5},{"damage":11,"enemies":"Lots of Slimes","floor":15,"turns":5},{"damage":37,"enemies":"WA_ARCHETYPE_RETAIN","floor":16,"turns":9}],"seed_played":"8265384939298359757","potions_obtained":[{"floor":2,"key":"Regen Potion"},{"floor":4,"key":"AttackPotion"},{"floor":9,"key":"champ:CounterPotion"}],"is_trial":false,"path_per_floor":["R","M","?","M","M","R","T","?","E","?","M","R","?","M","M","B"],"character_chosen":"GUARDIAN","items_purchased":[],"campfire_rested":1,"item_purchase_floors":[],"current_hp_per_floor":[80,74,74,69,69,69,69,69,22,22,14,38,38,33,36,0,0,0],"gold":287,"neow_bonus":"ONE_RANDOM_RARE_CARD","is_daily":false,"chose_seed":false,"campfire_upgraded":1,"win_rate":0.0,"timestamp":1613753009,"path_taken":["R","M","?","?","M","R","T","?","E","?","M","R","?","M","M","BOSS"],"items_purchased_type":[],"build_version":"2020-12-22","purchased_purges":0,"victory":false,"max_hp_per_floor":[80,80,80,80,80,80,80,80,80,80,80,80,80,80,80,80,80,80],"card_choices":[{"not_picked":["Guardian:CrystalBeam","Guardian:WalkerClaw"],"picked":"Guardian:TimeCapacitor","floor":2},{"not_picked":["Guardian:CrystalBeam","Guardian:Gem_Green"],"picked":"Guardian:ShieldCharger","floor":4},{"not_picked":["Guardian:CrystalBeam","Guardian:SpikerProtocol"],"picked":"Guardian:Recover","floor":5},{"not_picked":["Guardian:ChargeCore","Guardian:GemFinder","Guardian:PrimingBeam"],"picked":"SKIP","floor":9},{"not_picked":["Guardian:Gem_Crimson","Guardian:Planning","Guardian:Gem_Cyan"],"picked":"SKIP","floor":11},{"not_picked":["Guardian:WalkerClaw","Guardian:EvasiveProtocol","Guardian:RollAttack"],"picked":"SKIP","floor":14},{"not_picked":["Guardian:TimeCapacitor","Guardian:VentSteam"],"picked":"Guardian:ShieldCharger","floor":15}],"player_experience":1160403,"relics_obtained":[{"floor":7,"key":"Blue Doll"},{"floor":9,"key":"Ice Cream"}],"event_choices":[{"damage_healed":0,"gold_gain":0,"player_choice":"Ignored","damage_taken":0,"max_hp_gain":0,"max_hp_loss":0,"event_name":"betterNote:BetterNote","floor":3,"gold_loss":0,"cards_obtained":["REME_EyeOfCthun"]},{"cards_removed":["Guardian:Defend_Guardian"],"damage_healed":0,"gold_gain":0,"player_choice":"Card Removal","damage_taken":0,"max_hp_gain":0,"max_hp_loss":0,"event_name":"The Cleric","floor":10,"gold_loss":0}],"is_beta":false,"boss_relics":[],"items_purged_floors":[],"is_endless":false,"potions_floor_spawned":[2,4,9],"killed_by":"WA_ARCHETYPE_RETAIN","ascension_level":0}}