{"host":"21o28mgl9u9ntir2","time":1613754365,"event":{"mods":["BaseMod","BetterRewards","Colored Powertips","Minty Spire (QoL Compilation)","Quick Restart","Remove Card Discount Mod","SOS（斯巴达之子）","Spicy Shops","StSLib","SuperFastMode","[IsaacMod]以撒尖塔","【遗物卡牌】REMEMod","残留之物"],"gold_per_floor":[217,517,531,98,98,98,132,142,166,131,151,180,180,214,226,340,352,378,403,415,270,286,321,321,321,321,349,349,375,392,392,392,497,497,513,532,532,546,538,573,573,598,622,654,654,654,150,167,167,167,167,167,27,59,59],"floor_reached":56,"language":"ZHS","playtime":1858,"items_purged":["PlaceholderMod:BaseStrike","PlaceholderMod:BaseStrike","PlaceholderMod:BaseDefend","PlaceholderMod:BaseDefend","PlaceholderMod:BaseStrike","PlaceholderMod:BaseStrike","PlaceholderMod:BaseDefend","PlaceholderMod:BaseDefend","PlaceholderMod:BaseDefend","PlaceholderMod:PoisonWhip","Clumsy"],"score":1777,"play_id":"691e07e3-c4c4-43a6-9fab-074762d5041c","local_time":"20210220010605","is_ascension_mode":true,"campfire_choices":[{"data":"PlaceholderMod:HardStinger","floor":6.0,"key":"SMITH"},{"data":"PlaceholderMod:HighConcentration","floor":13.0,"key":"SMITH"},{"data":"Self Repair","floor":15.0,"key":"SMITH"},{"data":"PlaceholderMod:DiffusionPoison","floor":24.0,"key":"SMITH"},{"data":"PlaceholderMod:PoisonExcitation","floor":32.0,"key":"SMITH"},{"data":"PlaceholderMod:FinalSpray","floor":41.0,"key":"SMITH"},{"floor":45,"key":"RECALL"},{"data":"PlaceholderMod:Crystal","floor":49,"key":"SMITH"},{"data":"PlaceholderMod:TriggerStrike","floor":52,"key":"SMITH"}],"circlet_count":0,"master_deck":["PlaceholderMod:Crystal+1","Self Repair+1","PlaceholderMod:HardStinger+1","PlaceholderMod:HighConcentration+1","PlaceholderMod:DiffusionPoison+1","PlaceholderMod:PoisonExcitation+1","PlaceholderMod:TriggerStrike+1","PlaceholderMod:FinalSpray+1","PlaceholderMod:PoisonAbsorb+1","PlaceholderMod:StrongAcid+1"],"relics":["PlaceholderMod:Tancle","HushsDoor","REME_ComplimentaryCards","DoctorsRemote","Meat on the Bone","Bag of Marbles","Juzu Bracelet","PreservedInsect","Centennial Puzzle","PokeGo","MawBank","Cursed Key","PlaceholderMod:Abhoth","Pen Nib","Potion Belt","YumHeart","Black Star","HowToJump","Anchor","InkBottle","Nunchaku","BloodDonationMachine","Lizard Tail","TheBible","BookofShadows","Orichalcum","Chemical X","Gambling Chip","PlaceholderMod:DeVermisMysteriis"],"acts_visited":["Exordium","TheCity","TheBeyond","TheEnding"],"potions_floor_usage":[55],"damage_taken":[{"damage":6.0,"enemies":"2 Louse","floor":1.0,"turns":4.0},{"damage":1.0,"enemies":"Cultist","floor":3.0,"turns":4.0},{"damage":20.0,"enemies":"3 Sentries","floor":7.0,"turns":8.0},{"damage":8.0,"enemies":"Small Slimes","floor":8.0,"turns":4.0},{"damage":0.0,"enemies":"2 Fungi Beasts","floor":11.0,"turns":1.0},{"damage":14.0,"enemies":"Gremlin Nob","floor":12.0,"turns":3.0},{"damage":13.0,"enemies":"3 Sentries","floor":14.0,"turns":7.0},{"damage":32.0,"enemies":"Slime Boss","floor":16.0,"turns":8.0},{"damage":0.0,"enemies":"Chosen","floor":18.0,"turns":4.0},{"damage":0.0,"enemies":"2 Thieves","floor":19.0,"turns":1.0},{"damage":16.0,"enemies":"Cultist and Chosen","floor":22.0,"turns":5.0},{"damage":2.0,"enemies":"Book of Stabbing","floor":23.0,"turns":4.0},{"damage":0.0,"enemies":"Gremlin Leader","floor":27.0,"turns":3.0},{"damage":17.0,"enemies":"Slavers","floor":29.0,"turns":4.0},{"damage":8.0,"enemies":"Snake Plant","floor":30.0,"turns":3.0},{"damage":10.0,"enemies":"Champ","floor":33.0,"turns":7.0},{"damage":0.0,"enemies":"Orb Walker","floor":35.0,"turns":3.0},{"damage":6.0,"enemies":"3 Shapes","floor":36.0,"turns":3.0},{"damage":0.0,"enemies":"3 Darklings","floor":38.0,"turns":3.0},{"damage":0.0,"enemies":"Nemesis","floor":40.0,"turns":5.0},{"damage":0.0,"enemies":"Giant Head","floor":42.0,"turns":5.0},{"damage":0,"enemies":"Nemesis","floor":44,"turns":3},{"damage":0,"enemies":"4 Shapes","floor":48,"turns":2},{"damage":0,"enemies":"Awakened One","floor":50,"turns":7},{"damage":0,"enemies":"Shield and Spear","floor":54,"turns":2},{"damage":1,"enemies":"The Heart","floor":55,"turns":6}],"seed_played":"7460755552494583195","potions_obtained":[{"floor":3.0,"key":"DuplicationPotion"},{"floor":7.0,"key":"Block Potion"},{"floor":12.0,"key":"SneckoOil"},{"floor":18.0,"key":"Block Potion"},{"floor":19.0,"key":"Swift Potion"},{"floor":38.0,"key":"Block Potion"},{"floor":42.0,"key":"LiquidBronze"},{"floor":54,"key":"SpeedPotion"}],"is_trial":false,"path_per_floor":["M","?","M","$","?","R","E","M","T","?","M","E","R","E","R","B",null,"M","M","?","$","M","E","R","?","T","E","?","E","M","?","R","B",null,"M","M","?","M","$","E","R","E","T","E","R","?","$","M","R","B",null,"R","$","E","B",null],"character_chosen":"THE_PLACEHOLDER","items_purchased":["Meat on the Bone","Bag of Marbles","Juzu Bracelet","PlaceholderMod:Abhoth","TheBible","BookofShadows","Orichalcum","Chemical X"],"campfire_rested":0,"item_purchase_floors":[4,4,4,21,47,47,53,53],"current_hp_per_floor":[78,78,78,78,83,83,70,69,69,83,83,76,76,70,70,60,83,83,83,83,83,77,83,83,83,83,83,83,76,78,83,83,83,83,83,83,83,83,83,83,83,83,83,83,83,83,83,83,83,83,83,83,83,83,83],"gold":59,"neow_bonus":"HUNDRED_GOLD","is_daily":false,"chose_seed":false,"campfire_upgraded":8,"win_rate":0.0,"timestamp":1613754365,"path_taken":["M","?","M","$","?","R","E","M","T","?","M","E","R","E","R","BOSS","M","M","?","$","M","E","R","?","T","E","?","E","M","?","R","BOSS","M","M","?","M","$","E","R","E","T","E","R","?","$","M","R","BOSS","R","$","E","BOSS"],"items_purchased_type":["Relic","Relic","Relic","Relic","Relic","Relic","Relic","Relic"],"build_version":"2020-12-22","purchased_purges":11,"victory":true,"max_hp_per_floor":[78,78,78,78,83,83,83,83,83,83,83,83,83,83,83,83,83,83,83,83,83,83,83,83,83,83,83,83,83,83,83,83,83,83,83,83,83,83,83,83,83,83,83,83,83,83,83,83,83,83,83,83,83,83,83],"card_choices":[{"not_picked":["PlaceholderMod:ThreeBenzyolStart","PlaceholderMod:CrystallizationStrike"],"picked":"PlaceholderMod:HardStinger","floor":1.0},{"not_picked":["PlaceholderMod:DissolvingSpikes","PlaceholderMod:FastReaction","PlaceholderMod:SelfCoupling"],"picked":"SKIP","floor":3.0},{"not_picked":["PlaceholderMod:AttackAsDefend","PlaceholderMod:HardStinger","PlaceholderMod:PoisonBlast"],"picked":"SKIP","floor":7.0},{"not_picked":["PlaceholderMod:SpinBlade","PlaceholderMod:HardStinger","PlaceholderMod:ProliferateStrike"],"picked":"SKIP","floor":8.0},{"not_picked":["PlaceholderMod:Internalization","PlaceholderMod:HealingAttack","PlaceholderMod:ConsolidateHit"],"picked":"SKIP","floor":11.0},{"not_picked":["PlaceholderMod:QualitativeChange","PlaceholderMod:NearChange"],"picked":"PlaceholderMod:HighConcentration","floor":12.0},{"not_picked":["PlaceholderMod:CycleAttack","PlaceholderMod:ComplexForm","PlaceholderMod:FastReaction"],"picked":"SKIP","floor":14.0},{"not_picked":["PlaceholderMod:SelfCoupling","PlaceholderMod:GrowthForm"],"picked":"PlaceholderMod:DiffusionPoison","floor":16.0},{"not_picked":["PlaceholderMod:ParasiteChange","PlaceholderMod:Turn+1"],"picked":"PlaceholderMod:PoisonExcitation","floor":18.0},{"not_picked":["PlaceholderMod:Hard","PlaceholderMod:HighConcentration"],"picked":"PlaceholderMod:TriggerStrike","floor":19.0},{"not_picked":["PlaceholderMod:SevereHeat+1","PlaceholderMod:NutritionAbsorb","PlaceholderMod:MultipleOxi"],"picked":"SKIP","floor":22.0},{"not_picked":["PlaceholderMod:DissolvingSpikes","PlaceholderMod:EvolutionSpray","PlaceholderMod:PoisonExcitation"],"picked":"SKIP","floor":23.0},{"not_picked":["PlaceholderMod:StressReaction","PlaceholderMod:EnergyAbsorb","PlaceholderMod:ConsolidateHit"],"picked":"SKIP","floor":27.0},{"not_picked":["PlaceholderMod:Package+1","PlaceholderMod:InnerStable","PlaceholderMod:TriggerStrike"],"picked":"SKIP","floor":29.0},{"not_picked":["PlaceholderMod:PoisonBlast","PlaceholderMod:StrongAcid","PlaceholderMod:CycleAttack"],"picked":"SKIP","floor":30.0},{"not_picked":["PlaceholderMod:QualitativeChange","PlaceholderMod:PericyclicReaction"],"picked":"PlaceholderMod:FinalSpray","floor":33.0},{"not_picked":["PlaceholderMod:SeverePoisonStrike","PlaceholderMod:Hard"],"picked":"PlaceholderMod:PoisonAbsorb+1","floor":35.0},{"not_picked":["PlaceholderMod:HealingAttack","PlaceholderMod:Turn+1","PlaceholderMod:TriggerStrike+1"],"picked":"SKIP","floor":36.0},{"not_picked":["PlaceholderMod:Hard+1","PlaceholderMod:NearChange","PlaceholderMod:Package"],"picked":"SKIP","floor":38.0},{"not_picked":["PlaceholderMod:ParasiteChange+1","PlaceholderMod:Turn","PlaceholderMod:Eat"],"picked":"SKIP","floor":40.0},{"not_picked":["PlaceholderMod:HardStrike+1","PlaceholderMod:NutritionAbsorb","PlaceholderMod:Polyp"],"picked":"SKIP","floor":42.0},{"not_picked":["PlaceholderMod:Colorful","PlaceholderMod:MultipleOxi+1","PlaceholderMod:DirectingGroup"],"picked":"SKIP","floor":44},{"not_picked":["PlaceholderMod:SevereHeat","PlaceholderMod:RadicalHit+1"],"picked":"PlaceholderMod:StrongAcid+1","floor":48},{"not_picked":["PlaceholderMod:Internalization","PlaceholderMod:Stable","PlaceholderMod:DiffusionChemical"],"picked":"SKIP","floor":54},{"not_picked":["PlaceholderMod:Internalization","PlaceholderMod:Stable","PlaceholderMod:DiffusionChemical"],"picked":"SKIP","floor":54}],"player_experience":748469,"relics_obtained":[{"floor":7.0,"key":"PreservedInsect"},{"floor":9.0,"key":"Centennial Puzzle"},{"floor":12.0,"key":"PokeGo"},{"floor":14.0,"key":"MawBank"},{"floor":23.0,"key":"Pen Nib"},{"floor":27.0,"key":"Potion Belt"},{"floor":29.0,"key":"YumHeart"},{"floor":40.0,"key":"HowToJump"},{"floor":40.0,"key":"Anchor"},{"floor":42.0,"key":"InkBottle"},{"floor":42.0,"key":"Nunchaku"},{"floor":44,"key":"BloodDonationMachine"},{"floor":44,"key":"Lizard Tail"},{"floor":54,"key":"Gambling Chip"},{"floor":54,"key":"PlaceholderMod:DeVermisMysteriis"}],"event_choices":[{"damage_healed":0.0,"max_hp_gain":5.0,"max_hp_loss":0.0,"gold_gain":0.0,"event_name":"Big Fish","player_choice":"Donut","floor":5.0,"gold_loss":0.0,"damage_taken":0.0},{"damage_healed":20.0,"max_hp_gain":0.0,"max_hp_loss":0.0,"gold_gain":0.0,"event_name":"The Cleric","player_choice":"Healed","floor":10.0,"gold_loss":35.0,"damage_taken":0.0},{"damage_healed":0.0,"max_hp_gain":0.0,"max_hp_loss":0.0,"gold_gain":0.0,"event_name":"Vampires","player_choice":"Ignored","floor":20.0,"gold_loss":0.0,"damage_taken":0.0},{"damage_healed":0.0,"max_hp_gain":0.0,"max_hp_loss":0.0,"gold_gain":0.0,"event_name":"Ghosts","player_choice":"Ignored","floor":25.0,"gold_loss":0.0,"damage_taken":0.0},{"damage_healed":0.0,"max_hp_gain":0.0,"max_hp_loss":0.0,"gold_gain":0.0,"event_name":"Beggar","player_choice":"Ignored","floor":28.0,"gold_loss":0.0,"damage_taken":0.0},{"damage_healed":27.0,"max_hp_gain":0.0,"max_hp_loss":0.0,"gold_gain":0.0,"event_name":"The Library","player_choice":"Heal","floor":31.0,"gold_loss":0.0,"damage_taken":0.0},{"cards_removed":["PlaceholderMod:BaseStrike"],"damage_healed":0.0,"max_hp_gain":0.0,"max_hp_loss":0.0,"gold_gain":0.0,"event_name":"Bonfire Elementals","player_choice":"Offered Basic","floor":37.0,"gold_loss":0.0,"damage_taken":0.0},{"cards_removed":["Injury"],"damage_healed":0,"gold_gain":0,"player_choice":"Purged","damage_taken":0,"max_hp_gain":0,"max_hp_loss":0,"event_name":"Purifier","floor":46,"gold_loss":0}],"is_beta":false,"boss_relics":[{"not_picked":["Empty Cage","Coffee Dripper"],"picked":"Cursed Key"},{"not_picked":[]},{"not_picked":["REME_DuelDisc","REME_LowDesire"],"picked":"Black Star"},{"not_picked":[]}],"items_purged_floors":[4,4,4,4,21,21,39,39,39,39,53],"is_endless":false,"potions_floor_spawned":[3,7,12,18,19,22,38,42,54],"ascension_level":2}}