{"host":"dth8fvkfiulu86fi","time":1613738019,"event":{"mods":["2.2 Compatiblity","AchievementEnabler","BaseMod","Better Third Choice","Colored Map","Colored Powertips","Minty Spire (QoL Compilation)","Rare Cards Sparkle","StSLib","SuperFastMode","Synergy Search"],"gold_per_floor":[144,189,234,234,279,279,369,24,49,94,94,184,34,79,79,379,379,424,424,469,469,469,469,559,559,559,658,667,667,667,712,712,1012,1012,1057,1057,1057,510,660,660,726,726,726,0,0,90,90,135,135,135],"floor_reached":51,"language":"ENG","playtime":2273,"items_purged":[],"score":842,"play_id":"fd504d83-055a-4d48-b33a-3154440e794f","local_time":"20210219133339","daily_mods":["Insanity","Blue Cards","Midas"],"is_ascension_mode":false,"campfire_choices":[{"floor":15.0,"key":"REST"},{"floor":23.0,"key":"REST"},{"floor":30,"key":"REST"},{"floor":32,"key":"REST"},{"floor":40,"key":"REST"},{"floor":42,"key":"REST"},{"floor":49,"key":"REST"}],"circlet_count":0,"master_deck":["Uppercut","Rebound","Aggregate","Streamline","Rebound","Hologram","Twin Strike","Headbutt","Coolheaded","Ball Lightning","Streamline","Go for the Eyes","Warcry","Redo","True Grit","Skim","White Noise","Flex","Disarm","Searing Blow","Gash","Battle Trance","Anger","Compile Driver","Undo","Stack","Stack","Steam","Pummel","Aggregate","Rage","Rampage","Sweeping Beam","Reprogram","Gash","Ball Lightning","Hologram","Blood for Blood","Heavy Blade","Warcry","Shrug It Off","Anger","Havoc","Rage","Inflame","Rebound","Beam Cell","Pommel Strike","Rainbow","Turbo+1","Sweeping Beam","Ghostly Armor+1","FTL","Leap+1","Shame","Perfected Strike","Heavy Blade","Thunderclap","Writhe","BootSequence+1","Impervious","Havoc+1","Flash of Steel","Dark Shackles","Blind","Writhe","Anger","Flash of Steel","Inflame","Apotheosis","Power Through+1","Heavy Blade","Turbo","Beam Cell"],"relics":["Black Blood","Mummified Hand","Lee\u0027s Waffle","Regal Pillow","Ancient Tea Set","WarpedTongs","Lantern","Juzu Bracelet","Potion Belt","Pen Nib","Letter Opener","War Paint","Shuriken","Nloth\u0027s Gift","SacredBark","Brimstone","StoneCalendar","Gambling Chip","Orichalcum","Red Mask","InkBottle"],"acts_visited":["Exordium","TheCity","TheBeyond"],"potions_floor_usage":[33,33,33,33,33,41,41,41,41,41,50,50,50],"damage_taken":[{"damage":0.0,"enemies":"Small Slimes","floor":1.0,"turns":1.0},{"damage":0.0,"enemies":"2 Louse","floor":2.0,"turns":2.0},{"damage":0.0,"enemies":"Cultist","floor":3.0,"turns":2.0},{"damage":0.0,"enemies":"2 Fungi Beasts","floor":5.0,"turns":3.0},{"damage":35.0,"enemies":"Lagavulin","floor":7.0,"turns":6.0},{"damage":4.0,"enemies":"Exordium Thugs","floor":10.0,"turns":3.0},{"damage":13.0,"enemies":"3 Sentries","floor":12.0,"turns":5.0},{"damage":0.0,"enemies":"3 Louse","floor":14.0,"turns":2.0},{"damage":11.0,"enemies":"Slime Boss","floor":16.0,"turns":9.0},{"damage":14.0,"enemies":"Shell Parasite","floor":18.0,"turns":5.0},{"damage":9.0,"enemies":"Chosen","floor":20.0,"turns":5.0},{"damage":23.0,"enemies":"Book of Stabbing","floor":24.0,"turns":5.0},{"damage":28,"enemies":"Slavers","floor":27,"turns":4},{"damage":9,"enemies":"Snake Plant","floor":31,"turns":4},{"damage":50,"enemies":"Automaton","floor":33,"turns":8},{"damage":35,"enemies":"3 Shapes","floor":35,"turns":3},{"damage":40,"enemies":"Mind Bloom Boss Battle","floor":39,"turns":5},{"damage":6,"enemies":"2 Orb Walkers","floor":41,"turns":3},{"damage":24,"enemies":"Giant Head","floor":46,"turns":7},{"damage":0,"enemies":"3 Darklings","floor":48,"turns":4},{"damage":44,"enemies":"Awakened One","floor":50,"turns":8}],"seed_played":"778547550210687013","potions_obtained":[{"floor":1.0,"key":"SpeedPotion"},{"floor":5.0,"key":"Ancient Potion"},{"floor":12.0,"key":"SteroidPotion"},{"floor":16.0,"key":"DuplicationPotion"},{"floor":20.0,"key":"SkillPotion"},{"floor":24.0,"key":"Explosive Potion"},{"floor":35,"key":"EntropicBrew"},{"floor":41,"key":"Swift Potion"},{"floor":46,"key":"Fire Potion"}],"is_trial":false,"path_per_floor":["M","M","M","?","M","?","E","$","T","M","?","E","$","M","R","B",null,"M","?","M","?","?","R","E","?","T","E","?","?","R","M","R","B",null,"M","?","?","$","?","R","?","R","T","?","?","E","?","M","R","B",null],"character_chosen":"IRONCLAD","items_purchased":["Turbo","Lee\u0027s Waffle","Regal Pillow","Juzu Bracelet","Brimstone","Anger","Flash of Steel","Inflame","AttackPotion","Apotheosis"],"campfire_rested":7,"item_purchase_floors":[8,8,8,13,38,38,38,38,38,38],"current_hp_per_floor":[80,80,80,85,85,85,56,92,92,92,92,85,85,91,92,87,92,90,90,92,92,92,92,81,81,81,65,65,65,92,92,92,54,92,69,59,82,82,54,92,92,92,92,92,92,80,80,92,92,60],"gold":135,"neow_bonus":"","is_daily":true,"chose_seed":false,"campfire_upgraded":0,"win_rate":0.0,"timestamp":1613738019,"path_taken":["M","M","M","?","M","?","E","$","T","?","?","E","$","M","R","BOSS","M","?","M","?","?","R","E","?","T","E","?","?","R","M","R","BOSS","M","?","?","$","?","R","?","R","T","?","?","E","?","M","R","BOSS"],"items_purchased_type":["Card","Relic","Relic","Relic","Relic","Card","Card","Card","Potion","Card"],"build_version":"2020-12-22","purchased_purges":0,"victory":true,"max_hp_per_floor":[80,80,80,85,85,85,85,92,92,92,92,92,92,92,92,92,92,92,92,92,92,92,92,92,92,92,92,92,92,92,92,92,92,92,92,92,92,92,92,92,92,92,92,92,92,92,92,92,92,92],"card_choices":[{"not_picked":["Consume","Undo","Reprogram"],"picked":"SKIP","floor":1.0},{"not_picked":["Cold Snap","Power Through"],"picked":"Beam Cell","floor":2.0},{"not_picked":["Ball Lightning","Body Slam"],"picked":"Pommel Strike","floor":3.0},{"not_picked":["Auto Shields","Armaments"],"picked":"Rainbow","floor":5.0},{"not_picked":["Sweeping Beam","Rebound","Heatsinks"],"picked":"SKIP","floor":7.0},{"not_picked":["Fusion","Streamline"],"picked":"Sweeping Beam","floor":10.0},{"not_picked":["Compile Driver","Defragment"],"picked":"Ghostly Armor","floor":12.0},{"not_picked":["Gash","Cold Snap"],"picked":"FTL","floor":14.0},{"not_picked":["Compile Driver","Sweeping Beam"],"picked":"Leap+1","floor":18.0},{"not_picked":["Rupture","Clash"],"picked":"Perfected Strike","floor":20.0},{"not_picked":["Carnage","Undo+1"],"picked":"Heavy Blade","floor":24.0},{"not_picked":["Rebound","Clash"],"picked":"Thunderclap","floor":27},{"not_picked":["Scrape+1","Hyperbeam"],"picked":"BootSequence+1","floor":31},{"not_picked":["Fiend Fire","Double Tap"],"picked":"Impervious","floor":33},{"not_picked":["True Grit+1","Thunderclap+1"],"picked":"Havoc+1","floor":35},{"not_picked":["Purity","Impatience"],"picked":"Flash of Steel","floor":36},{"not_picked":["Dramatic Entrance","Impatience"],"picked":"Dark Shackles","floor":36},{"not_picked":["PanicButton","Enlightenment"],"picked":"Blind","floor":36},{"not_picked":["Storm","Streamline+1"],"picked":"Power Through+1","floor":39},{"not_picked":["Pommel Strike","Armaments"],"picked":"Heavy Blade","floor":46},{"not_picked":["Cold Snap","Armaments+1"],"picked":"Beam Cell","floor":48}],"player_experience":1183338,"relics_obtained":[{"floor":7.0,"key":"Mummified Hand"},{"floor":9.0,"key":"Ancient Tea Set"},{"floor":12.0,"key":"Lantern"},{"floor":24.0,"key":"Letter Opener"},{"floor":26,"key":"CeramicFish"},{"floor":27,"key":"War Paint"},{"floor":39,"key":"StoneCalendar"},{"floor":41,"key":"Gambling Chip"},{"floor":43,"key":"Orichalcum"},{"floor":46,"key":"InkBottle"}],"event_choices":[{"damage_healed":0.0,"max_hp_gain":5.0,"max_hp_loss":0.0,"gold_gain":0.0,"event_name":"Big Fish","player_choice":"Donut","floor":4.0,"gold_loss":0.0,"damage_taken":0.0},{"cards_removed":["Evolve"],"damage_healed":0.0,"max_hp_gain":0.0,"max_hp_loss":0.0,"gold_gain":0.0,"event_name":"Bonfire Elementals","player_choice":"Offered Uncommon","floor":6.0,"gold_loss":0.0,"damage_taken":0.0},{"damage_healed":0.0,"max_hp_gain":0.0,"max_hp_loss":0.0,"gold_gain":0.0,"event_name":"Accursed Blacksmith","player_choice":"Rummage","floor":11.0,"gold_loss":0.0,"damage_taken":0.0,"relics_obtained":["WarpedTongs"],"cards_obtained":["Pain"]},{"damage_healed":0.0,"max_hp_gain":0.0,"max_hp_loss":0.0,"gold_gain":0.0,"event_name":"Addict","player_choice":"Stole Relic","floor":19.0,"gold_loss":0.0,"damage_taken":0.0,"relics_obtained":["Potion Belt"],"cards_obtained":["Shame"]},{"cards_removed":["Sweeping Beam"],"damage_healed":0.0,"max_hp_gain":0.0,"max_hp_loss":0.0,"gold_gain":0.0,"event_name":"WeMeetAgain","player_choice":"Gave Card","floor":21.0,"gold_loss":0.0,"damage_taken":0.0,"relics_obtained":["Pen Nib"]},{"damage_healed":0.0,"max_hp_gain":0.0,"max_hp_loss":0.0,"gold_gain":0.0,"event_name":"Cursed Tome","player_choice":"Ignored","floor":22.0,"gold_loss":0.0,"damage_taken":0.0},{"cards_removed":["Pain"],"damage_healed":0,"gold_gain":0,"player_choice":"Elegance","damage_taken":0,"max_hp_gain":0,"max_hp_loss":0,"event_name":"betterThird:BetterWriting","floor":25,"gold_loss":0},{"damage_healed":0,"gold_gain":0,"player_choice":"Opened","damage_taken":0,"relics_obtained":["Shuriken"],"max_hp_gain":0,"max_hp_loss":0,"event_name":"The Mausoleum","floor":28,"gold_loss":0,"cards_obtained":["Writhe"]},{"damage_healed":0,"gold_gain":0,"player_choice":"Traded Relic","damage_taken":0,"relics_obtained":["Nloth\u0027s Gift"],"max_hp_gain":0,"max_hp_loss":0,"event_name":"N\u0027loth","floor":29,"relics_lost":["CeramicFish"],"gold_loss":0},{"damage_healed":0,"gold_gain":0,"player_choice":"Memory 3","damage_taken":10,"max_hp_gain":0,"max_hp_loss":0,"event_name":"SensoryStone","floor":36,"gold_loss":0},{"damage_healed":23,"gold_gain":0,"player_choice":"Writhe","damage_taken":0,"max_hp_gain":0,"max_hp_loss":0,"event_name":"Winding Halls","floor":37,"gold_loss":0,"cards_obtained":["Writhe"]},{"damage_healed":0,"gold_gain":0,"player_choice":"Fight","damage_taken":0,"max_hp_gain":0,"max_hp_loss":0,"event_name":"MindBloom","floor":39,"gold_loss":0},{"damage_healed":0,"gold_gain":0,"player_choice":"Fight","damage_taken":0,"max_hp_gain":0,"max_hp_loss":0,"event_name":"Mysterious Sphere","floor":41,"gold_loss":0},{"damage_healed":0,"gold_gain":0,"player_choice":"Paid","damage_taken":0,"relics_obtained":["Red Mask"],"max_hp_gain":0,"max_hp_loss":0,"event_name":"Tomb of Lord Red Mask","floor":44,"gold_loss":726},{"cards_removed":["Combust"],"damage_healed":0,"gold_gain":0,"player_choice":"Removed Power","damage_taken":0,"max_hp_gain":0,"max_hp_loss":0,"event_name":"Falling","floor":45,"gold_loss":0},{"damage_healed":0,"gold_gain":0,"cards_transformed":["Melter"],"player_choice":"Transformed","damage_taken":0,"max_hp_gain":0,"max_hp_loss":0,"event_name":"Transmorgrifier","floor":47,"gold_loss":0,"cards_obtained":["Turbo"]}],"is_beta":false,"boss_relics":[{"not_picked":["Mark of Pain","Tiny House"],"picked":"Black Blood"},{"not_picked":["Philosopher\u0027s Stone","Runic Dome"],"picked":"SacredBark"}],"items_purged_floors":[],"is_endless":false,"potions_floor_spawned":[1,5,12,16,20,24,31,35,41,46],"ascension_level":0}}