{"host":"d44gy1wvr06n5dy0","time":1613695477,"event":{"mods":["BaseMod","Better Altar","Better Match","Better Note","Better Sensory Stone","Better Skull","Better Third Choice","Downfall","GifTheSpireLib","Minty Spire (QoL Compilation)","Relic Stats","StSLib","The Animator","The Construct","The Disciple","The Servant 0.9.4"],"gold_per_floor":[99,119,119,68,168,68,68,68,88,99,127,147,147,19,38,133,133,133,148,164,164,183,183,183,133,148,167,182,202,215,234,246,347,347,347,359,359,370,383,383,383,383],"floor_reached":40,"language":"ENG","playtime":2955,"items_purged":[],"score":441,"play_id":"24beedca-1697-4e33-9436-18899eeb41d1","local_time":"20210218174437","is_ascension_mode":true,"campfire_choices":[{"floor":1,"key":"RECALL"},{"data":"Slimebound:Split","floor":6,"key":"SMITH"},{"floor":13,"key":"REST"},{"floor":18,"key":"REST"},{"floor":35,"key":"REST"}],"circlet_count":0,"master_deck":["Slimebound:Strike_Slimebound","Slimebound:Strike_Slimebound","Slimebound:Strike_Slimebound","Slimebound:Tackle","Slimebound:Defend_Slimebound","Slimebound:Defend_Slimebound","Slimebound:Defend_Slimebound","Slimebound:Defend_Slimebound","Slimebound:Split+1","Slimebound:CorrosiveSpit","The Bomb","Slimebound:RollThrough","Slimebound:GoopTackle","Slimebound:BestDefense","CurseOfTheBell","CurseOfTheBell","animator:Curse_GriefSeed","Slimebound:GoopTackle","Slimebound:DisruptingSlam","Slimebound:Chomp","Slimebound:Prepare","Slimebound:GoopSpray","expansioncontent:Chronoboost+1","Slimebound:Prepare","Slimebound:SplitBruiser","Slimebound:SelfFormingGoo+1","Slimebound:SlimeSpikes","Slimebound:RollThrough+1","RitualDagger","Slimebound:AcidTongue+1","Slimebound:DivideAndConquer","Slimebound:SplitBruiser+1","Slimebound:SplitLeeching+1","Slimebound:Prepare+1","Slimebound:SlimeSpikes","Trip","Slimebound:SplitBruiser+1"],"relics":["Slimebound:AbsorbEndCombat","downfall:ExtraCursedBell","Incense Burner","Mummified Hand","Pen Nib","downfall:HeartBlessingRed","Frozen Egg 2","Singing Bowl","Fusion Hammer","Ornamental Fan","Cursed Key"],"acts_visited":["Exordium","TheCity","TheBeyond"],"potions_floor_usage":[30,32,33,40],"damage_taken":[{"damage":5,"enemies":"Jaw Worm","floor":2,"turns":4},{"damage":5,"enemies":"downfall:FleeingMerchant","floor":4,"turns":4},{"damage":2,"enemies":"2 Louse","floor":9,"turns":2},{"damage":11,"enemies":"Small Slimes","floor":10,"turns":4},{"damage":32,"enemies":"Lagavulin","floor":11,"turns":5},{"damage":4,"enemies":"Red Slaver","floor":12,"turns":2},{"damage":12,"enemies":"downfall:FleeingMerchant","floor":14,"turns":4},{"damage":1,"enemies":"Large Slime","floor":15,"turns":3},{"damage":5,"enemies":"SI_SHIV_ARCHETYPE","floor":16,"turns":6},{"damage":6,"enemies":"Shell Parasite","floor":19,"turns":4},{"damage":17,"enemies":"3 Byrds","floor":20,"turns":5},{"damage":9,"enemies":"3 Cultists","floor":22,"turns":3},{"damage":36,"enemies":"Snake Plant","floor":26,"turns":3},{"damage":8,"enemies":"Centurion and Healer","floor":27,"turns":4},{"damage":15,"enemies":"Snecko","floor":28,"turns":5},{"damage":19,"enemies":"Cultist and Chosen","floor":29,"turns":4},{"damage":12,"enemies":"Centurion and Healer","floor":30,"turns":3},{"damage":8,"enemies":"Shelled Parasite and Fungi","floor":31,"turns":4},{"damage":0,"enemies":"3 Cultists","floor":32,"turns":3},{"damage":42,"enemies":"DF_ARCHETYPE_CLAW","floor":33,"turns":6},{"damage":6,"enemies":"Orb Walker","floor":36,"turns":4},{"damage":12,"enemies":"3 Darklings","floor":38,"turns":4},{"damage":18,"enemies":"Maw","floor":39,"turns":6},{"damage":58,"enemies":"Nemesis","floor":40,"turns":4}],"seed_played":"-1547575152327532831","potions_obtained":[{"floor":2,"key":"AttackPotion"},{"floor":8,"key":"Guardian:BlockOnCardUsePotion"},{"floor":8,"key":"FearPotion"},{"floor":9,"key":"FairyPotion"},{"floor":11,"key":"FairyPotion"},{"floor":19,"key":"Weak Potion"},{"floor":29,"key":"Explosive Potion"},{"floor":30,"key":"Slimebound:SlimedPotion"},{"floor":38,"key":"ColorlessPotion"}],"is_trial":false,"path_per_floor":["R","M","?","$","?","R","T","?","M","M","E","M","R","$","M","B",null,"R","M","M","?","M","?","T","?","M","M","M","M","M","M","M","B",null,"R","M","?","M","M","E"],"character_chosen":"SLIMEBOUND","items_purchased":["Slimebound:BestDefense","expansioncontent:Chronoboost","Slimebound:Prepare"],"campfire_rested":3,"item_purchase_floors":[4,14,14],"current_hp_per_floor":[59,55,60,57,57,57,57,57,55,44,14,10,29,19,18,15,64,64,61,52,52,49,43,43,66,30,22,13,22,12,6,14,6,74,74,68,68,64,48,0,0,0],"gold":383,"neow_bonus":"RANDOM_COLORLESS_2","is_daily":false,"chose_seed":false,"campfire_upgraded":1,"win_rate":0.0,"timestamp":1613695477,"path_taken":["R","M","?","$","?","R","T","?","?","M","E","M","R","?","M","BOSS","R","M","M","?","M","?","T","?","?","M","M","?","M","M","M","BOSS","R","M","?","M","M","E"],"items_purchased_type":["Card","Card","Card"],"build_version":"2020-12-22","purchased_purges":0,"victory":false,"max_hp_per_floor":[59,59,64,64,64,64,64,64,64,64,64,64,64,64,64,64,64,64,64,64,64,66,66,66,66,66,66,68,68,70,70,72,74,74,74,74,74,76,76,76,76,76],"relic_stats":{"Singing Bowl":12,"counters":[24,94],"Mummified Hand":[35],"Ornamental Fan":[40],"Pen Nib":[13],"Cursed Key":0,"obtain_stats":[{"downfall:HeartBlessingRed":6,"Singing Bowl":11,"Mummified Hand":5,"Ornamental Fan":24,"Pen Nib":5,"Fusion Hammer":17,"Slimebound:AbsorbEndCombat":0,"Incense Burner":5,"downfall:ExtraCursedBell":5,"Frozen Egg 2":7,"Cursed Key":34},{"downfall:HeartBlessingRed":2,"Singing Bowl":5,"Mummified Hand":2,"Ornamental Fan":12,"Pen Nib":2,"Fusion Hammer":9,"Slimebound:AbsorbEndCombat":0,"Incense Burner":2,"downfall:ExtraCursedBell":2,"Frozen Egg 2":2,"Cursed Key":20},{"downfall:HeartBlessingRed":8,"Singing Bowl":19,"Mummified Hand":8,"Ornamental Fan":46,"Pen Nib":8,"Fusion Hammer":34,"Slimebound:AbsorbEndCombat":0,"Incense Burner":8,"downfall:ExtraCursedBell":8,"Frozen Egg 2":8,"Cursed Key":77}]},"card_choices":[{"not_picked":["Secret Technique","Secret Weapon"],"picked":"The Bomb","floor":0},{"not_picked":["Slimebound:SlimeSpikes","Slimebound:HauntingLick"],"picked":"Slimebound:RollThrough","floor":2},{"not_picked":["Slimebound:SplitMire","Slimebound:SpikyOuterGoop"],"picked":"Slimebound:GoopTackle","floor":4},{"not_picked":["Slimebound:SplitBruiser","Slimebound:SplitAcid"],"picked":"Slimebound:GoopTackle","floor":9},{"not_picked":["Slimebound:MegaLick","Slimebound:Equalize"],"picked":"Slimebound:DisruptingSlam","floor":10},{"not_picked":["Slimebound:SpikyOuterGoop+1","Slimebound:SplitAcid"],"picked":"Slimebound:Chomp","floor":11},{"not_picked":["Slimebound:BestDefense+1","Slimebound:SlimeTap"],"picked":"Slimebound:Prepare","floor":12},{"not_picked":["Slimebound:ForwardTackle","Slimebound:SlimeBrawl"],"picked":"Slimebound:GoopSpray","floor":14},{"not_picked":["Slimebound:ViciousTackle","Slimebound:RejuvenatingLick"],"picked":"Slimebound:SplitBruiser","floor":15},{"not_picked":["Slimebound:DouseInSlime","Slimebound:Teamwork"],"picked":"Slimebound:SelfFormingGoo+1","floor":16},{"not_picked":["Slimebound:GoopSpray+1","Slimebound:LeadByExample+1"],"picked":"Slimebound:SlimeSpikes","floor":19},{"not_picked":["Slimebound:GoopTackle+1","Slimebound:Prepare"],"picked":"Slimebound:RollThrough+1","floor":20},{"not_picked":["Slimebound:PressTheAttack","Slimebound:RollThrough","Slimebound:LeechingTouch"],"picked":"Singing Bowl","floor":22},{"not_picked":["Slimebound:FinishingTackle","Slimebound:FormOfPuddle"],"picked":"Slimebound:AcidTongue+1","floor":26},{"not_picked":["Slimebound:LivingWall","Slimebound:SlimeSpikes+1"],"picked":"Slimebound:DivideAndConquer","floor":27},{"not_picked":["Slimebound:LeechingTouch","Slimebound:ServeAndProtect","Slimebound:MinionMaster+1"],"picked":"Singing Bowl","floor":28},{"not_picked":["Slimebound:HauntingLick","Slimebound:Schlurp"],"picked":"Slimebound:SplitBruiser+1","floor":29},{"not_picked":["Slimebound:GoopTackle","Slimebound:FinishingTackle","Slimebound:ItLooksTasty+1"],"picked":"Singing Bowl","floor":30},{"not_picked":["Slimebound:SlimeBrawl","Slimebound:Prepare"],"picked":"Slimebound:SplitLeeching+1","floor":31},{"not_picked":["Slimebound:LeechingTouch","Slimebound:LeechEnergy","Slimebound:ProtectTheBoss+1"],"picked":"Singing Bowl","floor":32},{"not_picked":["Slimebound:MinionMaster+1","Slimebound:DuplicatedForm+1","Slimebound:WasteNot"],"picked":"Singing Bowl","floor":33},{"not_picked":["Slimebound:LeechingTouch+1","Slimebound:GoopTackle+1"],"picked":"Slimebound:Prepare+1","floor":36},{"not_picked":["Slimebound:Schlurp","Slimebound:HauntingLick","Slimebound:SlimeSpikes"],"picked":"Singing Bowl","floor":38},{"not_picked":["Slimebound:LeadByExample+1","Slimebound:RainOfGoop"],"picked":"Slimebound:SplitBruiser+1","floor":39}],"player_experience":391262,"relics_obtained":[{"floor":5,"key":"Incense Burner"},{"floor":5,"key":"Mummified Hand"},{"floor":5,"key":"Pen Nib"},{"floor":7,"key":"Frozen Egg 2"},{"floor":11,"key":"Singing Bowl"},{"floor":24,"key":"Ornamental Fan"}],"event_choices":[{"damage_healed":0,"gold_gain":0,"player_choice":"Donut","damage_taken":0,"max_hp_gain":5,"max_hp_loss":0,"event_name":"Big Fish","floor":3,"gold_loss":0},{"damage_healed":0,"gold_gain":0,"player_choice":"Got Potions","damage_taken":0,"max_hp_gain":0,"max_hp_loss":0,"event_name":"Lab","floor":8,"gold_loss":0},{"damage_healed":0,"gold_gain":0,"player_choice":"Ignored","damage_taken":0,"max_hp_gain":0,"max_hp_loss":0,"event_name":"Ghosts","floor":21,"gold_loss":0}],"is_beta":false,"boss_relics":[{"not_picked":["Runic Dome","construct:WeddingRing"],"picked":"Fusion Hammer"},{"not_picked":["SacredBark","Busted Crown"],"picked":"Cursed Key"}],"items_purged_floors":[],"is_endless":false,"potions_floor_spawned":[2,9,11,12,19,20,26,29,30,38],"killed_by":"Nemesis","ascension_level":1}}