{"host":"og6lam4kt3nibbw0","time":1613761094,"event":{"mods":["AchievementEnabler","BaseMod","Colored Map","DeckTracker","Highlight Path","Keyboard Shortcuts","Minty Spire (QoL Compilation)","Permanent Neow","Quick Restart","StSLib","SuperFastMode"],"gold_per_floor":[112,126,145,160,160,160,192,211,211,31,60,95,95,125,125,202,202,221,241,252,265,265,265,265],"floor_reached":23,"language":"KOR","playtime":732,"items_purged":["Strike_P"],"score":426,"play_id":"8e9e00a3-f815-440c-8286-bfdb40e99f86","local_time":"20210220035814","is_ascension_mode":true,"campfire_choices":[{"data":"Eruption","floor":6.0,"key":"SMITH"},{"data":"Ragnarok","floor":13.0,"key":"SMITH"},{"floor":15.0,"key":"REST"}],"circlet_count":0,"master_deck":["AscendersBane","Strike_P","Strike_P","Strike_P","Defend_P","Defend_P","Defend_P","Defend_P","Eruption+1","Vigilance","Ragnarok+1","FearNoEvil","Swivel","MentalFortress","WheelKick","FlurryOfBlows+1","InnerPeace","ConjureBlade","FlurryOfBlows+1","MentalFortress","Wallop+1"],"relics":["HolyWater","Mango","Meat on the Bone","Odd Mushroom","Molten Egg 2","Eternal Feather"],"acts_visited":["Exordium","TheCity"],"potions_floor_usage":[23],"damage_taken":[{"damage":0.0,"enemies":"Cultist","floor":1.0,"turns":3.0},{"damage":0.0,"enemies":"Jaw Worm","floor":2.0,"turns":3.0},{"damage":1.0,"enemies":"2 Louse","floor":3.0,"turns":3.0},{"damage":43.0,"enemies":"Gremlin Gang","floor":4.0,"turns":5.0},{"damage":14.0,"enemies":"Gremlin Nob","floor":7.0,"turns":3.0},{"damage":0.0,"enemies":"2 Fungi Beasts","floor":8.0,"turns":2.0},{"damage":0.0,"enemies":"The Mushroom Lair","floor":11.0,"turns":2.0},{"damage":7.0,"enemies":"Lagavulin","floor":12.0,"turns":6.0},{"damage":27.0,"enemies":"3 Sentries","floor":14.0,"turns":6.0},{"damage":29.0,"enemies":"Slime Boss","floor":16.0,"turns":11.0},{"damage":31.0,"enemies":"2 Thieves","floor":18.0,"turns":4.0},{"damage":44.0,"enemies":"3 Byrds","floor":19.0,"turns":5.0},{"damage":11.0,"enemies":"Snake Plant","floor":20.0,"turns":3.0},{"damage":15.0,"enemies":"Centurion and Healer","floor":21.0,"turns":3.0},{"damage":24,"enemies":"Slavers","floor":23,"turns":2}],"seed_played":"1224520027561873029","potions_obtained":[{"floor":2.0,"key":"SteroidPotion"},{"floor":11.0,"key":"PowerPotion"},{"floor":12.0,"key":"BlessingOfTheForge"},{"floor":14.0,"key":"Block Potion"},{"floor":21.0,"key":"BottledMiracle"}],"is_trial":false,"path_per_floor":["M","M","M","M","?","R","E","M","T","$","?","E","R","E","R","B",null,"M","M","M","M","?","E"],"character_chosen":"WATCHER","items_purchased":["Ambrosia"],"campfire_rested":1,"item_purchase_floors":[10],"current_hp_per_floor":[61,61,60,17,17,17,17,17,17,17,29,34,34,19,52,35,70,51,19,20,17,17,0,0],"gold":265,"neow_bonus":"ONE_RANDOM_RARE_CARD","is_daily":false,"chose_seed":false,"campfire_upgraded":2,"win_rate":0.0,"timestamp":1613761094,"path_taken":["M","M","M","?","?","R","E","M","T","$","?","E","R","E","R","BOSS","M","M","M","M","?","E"],"items_purchased_type":["Potion"],"build_version":"2020-12-22","purchased_purges":1,"victory":false,"max_hp_per_floor":[68,68,68,68,68,68,82,82,82,82,82,82,82,82,82,82,82,82,82,82,82,82,82,82],"card_choices":[{"not_picked":["Consecrate","BowlingBash"],"picked":"FearNoEvil","floor":1.0},{"not_picked":["CarveReality","BowlingBash"],"picked":"Swivel","floor":2.0},{"not_picked":["Pray","SpiritShield","Vengeance"],"picked":"SKIP","floor":3.0},{"not_picked":["FearNoEvil","Weave"],"picked":"MentalFortress","floor":4.0},{"not_picked":["Evaluate","Collect","FlyingSleeves"],"picked":"SKIP","floor":7.0},{"not_picked":["CutThroughFate","ClearTheMind"],"picked":"WheelKick","floor":8.0},{"not_picked":["Wireheading","ClearTheMind"],"picked":"FlurryOfBlows+1","floor":12.0},{"not_picked":["PathToVictory","Swivel"],"picked":"InnerPeace","floor":14.0},{"not_picked":["Omniscience","Establishment"],"picked":"ConjureBlade","floor":16.0},{"not_picked":["Protect","Evaluate"],"picked":"FlurryOfBlows+1","floor":18.0},{"not_picked":["CrushJoints+1","CarveReality+1","Worship"],"picked":"SKIP","floor":19.0},{"not_picked":["WheelKick+1","Fasting2"],"picked":"MentalFortress","floor":20.0},{"not_picked":["Nirvana","ThirdEye"],"picked":"Wallop+1","floor":21.0}],"player_experience":979563,"relics_obtained":[{"floor":7.0,"key":"Mango"},{"floor":9.0,"key":"Meat on the Bone"},{"floor":11.0,"key":"Odd Mushroom"},{"floor":12.0,"key":"Molten Egg 2"},{"floor":14.0,"key":"Eternal Feather"}],"event_choices":[{"damage_healed":0.0,"max_hp_gain":0.0,"max_hp_loss":0.0,"gold_gain":0.0,"event_name":"Scrap Ooze","player_choice":"Fled","floor":5.0,"gold_loss":0.0,"damage_taken":0.0},{"damage_healed":0.0,"max_hp_gain":0.0,"max_hp_loss":0.0,"gold_gain":0.0,"event_name":"Mushrooms","player_choice":"Fought Mushrooms","floor":11.0,"gold_loss":0.0,"damage_taken":0.0},{"damage_healed":0.0,"max_hp_gain":0.0,"max_hp_loss":0.0,"gold_gain":0.0,"event_name":"FaceTrader","player_choice":"Leave","floor":22.0,"gold_loss":0.0,"damage_taken":0.0}],"is_beta":false,"boss_relics":[{"not_picked":["Snecko Eye","Astrolabe"],"picked":"HolyWater"}],"items_purged_floors":[10],"is_endless":false,"potions_floor_spawned":[2,11,12,14,18,21],"killed_by":"Slavers","ascension_level":20}}