{"host":"yassvrowvc2yfwp2","time":1613698257,"event":{"mods":["2.2 Compatiblity","Act Like it!","BaseMod","Better Note","Curses Come First","Dota2Spire","Downfall","HololiveMod","Jorbs\u0027s Wanderer Trilogy","Minty Spire (QoL Compilation)","Prisma Mod","Rare Cards Sparkle","Reimu£®≤©¿ˆ¡È√Œ£©","Replay The Spire","Say the Spire","Spicy Shops","StSLib","The Bug Knight","The Cursed","The Servant 0.9.4"],"gold_per_floor":[99,111,111,122,142,153,153,168,128,144,144,219,219,306,321,417,417,417,427,427,427,427,438,438,438,438],"floor_reached":25,"language":"ZHS","playtime":751,"items_purged":[],"score":203,"play_id":"644d2480-0ca1-4b11-80d5-eb75190b2b4b","local_time":"20210219093057","is_ascension_mode":true,"campfire_choices":[{"data":"ManaGlint:ReiMu","floor":11.0,"key":"SMITH"},{"floor":13.0,"key":"REST"},{"data":"UniversalSpiritual:ReiMu","floor":18,"key":"SMITH"}],"circlet_count":0,"master_deck":["Strike_Lin:ReiMu","Strike_Lin:ReiMu","Strike_Lin:ReiMu","Defend_Lin:ReiMu","Defend_Lin:ReiMu","NB:ReiMu","Stagnation:ReiMu","ForcedLanding:ReiMu","SubcavityInstant:ReiMu","SafetyPray:ReiMu","NineCharacters:ReiMu","ManaGlint:ReiMu+1","PrepareRite:ReiMu","SafetyPray:ReiMu","UniversalSpiritual:ReiMu+1","KamiRite:ReiMu","Amulet:ReiMu","MikOfLucky:ReiMu","KamiRite:ReiMu","EmergencyTakeOff:ReiMu+1","downfall:Bewildered","SubAcupoint:ReiMu","LovePray:ReiMu","SafetyPray:ReiMu"],"relics":["FlyPower:ReiMu","PaintedHorse:ReiMu","Snecko Heart","sneckomod:BabySnecko","downfall:RedIOU","Golden Egg"],"acts_visited":["Exordium","TheCity"],"potions_floor_usage":[],"damage_taken":[{"damage":0.0,"enemies":"Jaw Worm","floor":2.0,"turns":3.0},{"damage":0.0,"enemies":"Cultist","floor":4.0,"turns":3.0},{"damage":1.0,"enemies":"2 Louse","floor":5.0,"turns":4.0},{"damage":17.0,"enemies":"2 Fungi Beasts","floor":6.0,"turns":3.0},{"damage":2.0,"enemies":"Blue Slaver","floor":8.0,"turns":5.0},{"damage":0.0,"enemies":"3 Louse","floor":10.0,"turns":1.0},{"damage":0.0,"enemies":"Looter","floor":15.0,"turns":4.0},{"damage":10.0,"enemies":"DF_ARCHETYPE_STREAMLINE","floor":16.0,"turns":14.0},{"damage":0,"enemies":"Chosen","floor":19,"turns":5},{"damage":23,"enemies":"3 Byrds","floor":23,"turns":5},{"damage":44,"enemies":"Slavers","floor":25,"turns":4}],"seed_played":"3162292587757428359","potions_obtained":[{"floor":5.0,"key":"Dexterity Potion"},{"floor":10.0,"key":"Doom Potion"},{"floor":23,"key":"LiquidFlight:ReiMu"}],"is_trial":false,"path_per_floor":["R","M","?","M","M","M","T","M","?","M","R","?","R","?","M","B",null,"R","M","?","?","?","M","T","E"],"character_chosen":"REIMU","items_purchased":[],"campfire_rested":1,"item_purchase_floors":[],"current_hp_per_floor":[71,71,71,71,70,53,53,51,51,51,51,40,61,61,61,51,71,71,71,71,71,71,48,48,4,4],"gold":438,"neow_bonus":"TEN_PERCENT_HP_BONUS","is_daily":false,"chose_seed":false,"campfire_upgraded":2,"win_rate":0.0,"timestamp":1613698257,"path_taken":["R","M","?","?","M","M","T","M","?","M","R","?","R","?","M","BOSS","R","M","?","?","?","M","T","E"],"items_purchased_type":[],"build_version":"2020-12-22","purchased_purges":0,"victory":false,"max_hp_per_floor":[71,71,71,71,71,71,71,71,71,71,71,71,71,71,71,71,71,71,71,71,71,71,71,71,71,71],"card_choices":[{"not_picked":["UniversalSpiritual:ReiMu","TightArray:ReiMu"],"picked":"SubcavityInstant:ReiMu","floor":2.0},{"not_picked":["TightArray:ReiMu","WonderfulDomain:ReiMu"],"picked":"SafetyPray:ReiMu","floor":4.0},{"not_picked":["AirStrike:ReiMu","AlertArray:ReiMu"],"picked":"NineCharacters:ReiMu","floor":5.0},{"not_picked":["MountainWay:ReiMu","SubAcupoint:ReiMu"],"picked":"ManaGlint:ReiMu","floor":6.0},{"not_picked":["Meditation:ReiMu","LovePray:ReiMu"],"picked":"PrepareRite:ReiMu","floor":8.0},{"not_picked":["WonderfulDomain:ReiMu","SubcavityInstant:ReiMu"],"picked":"SafetyPray:ReiMu","floor":10.0},{"not_picked":["CareerPray:ReiMu","SpringWay:ReiMu"],"picked":"UniversalSpiritual:ReiMu","floor":14.0},{"not_picked":["PassingAway:ReiMu","UpKicking:ReiMu"],"picked":"KamiRite:ReiMu","floor":14.0},{"not_picked":["SpiritualOutbreak2:ReiMu","CollectionFlower2:ReiMu"],"picked":"Amulet:ReiMu","floor":14.0},{"not_picked":["WonderfulDomain:ReiMu","MountainWay:ReiMu"],"picked":"MikOfLucky:ReiMu","floor":15.0},{"not_picked":["BlastKick2:ReiMu","PrayRite:ReiMu"],"picked":"KamiRite:ReiMu","floor":16.0},{"not_picked":["SubcavityInstant:ReiMu","AlertArray:ReiMu"],"picked":"EmergencyTakeOff:ReiMu+1","floor":19},{"not_picked":["SpreadBorder2:ReiMu","SubAcupoint:ReiMu"],"picked":"SafetyPray:ReiMu","floor":23}],"player_experience":2170516,"relics_obtained":[{"floor":7.0,"key":"Dota2Spire:CrimsonGuard"},{"floor":24,"key":"Golden Egg"}],"event_choices":[{"cards_removed":["Strike_Lin:ReiMu"],"damage_healed":0.0,"max_hp_gain":0.0,"max_hp_loss":0.0,"gold_gain":0.0,"event_name":"betterNote:BetterNote","player_choice":"Give","floor":3.0,"gold_loss":0.0,"damage_taken":0.0,"cards_obtained":["Defy"]},{"damage_healed":0.0,"max_hp_gain":0.0,"max_hp_loss":0.0,"gold_gain":0.0,"event_name":"yidonshenshe","player_choice":"»˚«Æ","floor":9.0,"gold_loss":40.0,"damage_taken":0.0,"relics_obtained":["PaintedHorse:ReiMu"]},{"damage_healed":0.0,"max_hp_gain":0.0,"max_hp_loss":0.0,"gold_gain":75.0,"event_name":"World of Goop","player_choice":"Gather Gold","floor":12.0,"gold_loss":0.0,"damage_taken":11.0},{"damage_healed":0,"gold_gain":0,"cards_transformed":["Defend_Lin:ReiMu","Strike_Lin:ReiMu"],"player_choice":"Became Test Subject","damage_taken":0,"max_hp_gain":0,"max_hp_loss":0,"event_name":"Drug Dealer","floor":21,"gold_loss":0,"cards_obtained":["SubAcupoint:ReiMu","LovePray:ReiMu"]}],"is_beta":false,"boss_relics":[{"not_picked":["Runic Pyramid","ChewingGum"],"picked":"Snecko Heart"}],"items_purged_floors":[],"is_endless":false,"potions_floor_spawned":[5,10,23],"killed_by":"Slavers","ascension_level":1}}