{"host":"ywif2ugnepgiw45s","time":1613701148,"event":{"mods":["Act Like it!","BaseMod","Better Skull","Downfall","Elementarium","GifTheSpireLib","Hermit","Lobotomy","Minty Spire (QoL Compilation)","READ ME - Guardian Mod","Shade Mod","Shop Mod","StSLib","The Cursed","The Exalted","The Jungle","The Servant 0.9.4"],"gold_per_floor":[117,42,62,82,100,100,127,27,27,27,202,202,202,229,229,331,381,399,399,182,198,64,98,98,130,157,157,157],"floor_reached":27,"language":"ENG","playtime":850,"items_purged":["hermit:Strike_Hermit","hermit:Strike_Hermit","Doubt"],"score":345,"play_id":"0d557e78-eff6-46b4-8809-8137b2658f9e","local_time":"20210218211908","is_ascension_mode":true,"campfire_choices":[{"data":"hermit:PistolWhip","floor":6,"key":"SMITH"},{"data":"hermit:Brawl","floor":10,"key":"SMITH"},{"data":"hermit:Maintenance","floor":15,"key":"SMITH"},{"floor":24,"key":"REST"}],"circlet_count":0,"master_deck":["hermit:Strike_Hermit+1","hermit:Strike_Hermit","hermit:Defend_Hermit","hermit:Defend_Hermit","hermit:Defend_Hermit","hermit:Defend_Hermit","hermit:Snapshot+1","hermit:Covet+1","hermit:Misfire","hermit:Shortfuse","hermit:PistolWhip+1","hermit:Brawl+1","hermit:Maintenance+1","hermit:HighNoon+1","Elementarium:IceblessedBlade","Sadistic Nature"],"relics":["hermit:Momento","Pear","StoneCalendar","The Courier","Turnip","Tiny House","MerchantsRug","Frozen Egg 2","White Beast Statue","Bag of Marbles"],"acts_visited":["Exordium","Exordium"],"potions_floor_usage":[16,16,27],"damage_taken":[{"damage":0,"enemies":"Cultist","floor":1,"turns":3},{"damage":0,"enemies":"Small Slimes","floor":3,"turns":4},{"damage":5,"enemies":"2 Louse","floor":4,"turns":3},{"damage":2,"enemies":"Exordium Thugs","floor":5,"turns":3},{"damage":11,"enemies":"Gremlin Nob","floor":7,"turns":3},{"damage":8,"enemies":"Lagavulin","floor":14,"turns":4},{"damage":0,"enemies":"The Guardian","floor":16,"turns":8},{"damage":3,"enemies":"Elementarium:VoidCorruption","floor":18,"turns":7},{"damage":0,"enemies":"Elementarium:Cyclone","floor":21,"turns":5},{"damage":38,"enemies":"Elementarium:ElementalPortal","floor":23,"turns":8},{"damage":17,"enemies":"Elementarium:WarGolem","floor":25,"turns":7},{"damage":59,"enemies":"Book of Stabbing","floor":27,"turns":5}],"seed_played":"2769259965912902342","potions_obtained":[{"floor":1,"key":"hexamod:SoulburnPotion"},{"floor":4,"key":"SpeedPotion"},{"floor":14,"key":"Fire Potion"},{"floor":17,"key":"JungleJuicePotion"},{"floor":18,"key":"champ:CounterPotion"}],"is_trial":false,"path_per_floor":["M","$","M","M","M","R","E","$","T","R","?","?","T","E","R","B",null,"M","?","$","M","$","E","R","E","T","?"],"character_chosen":"HERMIT","items_purchased":["MerchantsRug","Sadistic Nature"],"campfire_rested":1,"item_purchase_floors":[20,22],"current_hp_per_floor":[75,75,75,70,68,68,67,67,67,67,67,50,50,42,42,42,90,87,87,87,87,87,49,76,59,59,0,0],"gold":157,"neow_bonus":"UPGRADE_CARD","is_daily":false,"chose_seed":false,"campfire_upgraded":3,"win_rate":0.0,"timestamp":1613701148,"path_taken":["M","?","M","M","M","R","E","?","T","R","?","?","?","E","R","BOSS","M","?","$","M","$","E","R","E","T","?"],"items_purchased_type":["Relic","Card"],"build_version":"2020-12-22","purchased_purges":3,"victory":false,"max_hp_per_floor":[75,75,75,75,75,75,85,85,85,85,85,85,85,85,85,85,90,90,90,90,90,90,90,90,90,90,90,90],"card_choices":[{"not_picked":["hermit:Combo","hermit:Vantage","hermit:DeadMansHand"],"picked":"SKIP","floor":1},{"not_picked":["hermit:CalledShot","hermit:Roulette"],"picked":"hermit:Misfire","floor":3},{"not_picked":["hermit:Feint","hermit:Grudge"],"picked":"hermit:Shortfuse","floor":4},{"not_picked":["hermit:Vantage","hermit:Showdown"],"picked":"hermit:PistolWhip","floor":5},{"not_picked":["hermit:GoldenBullet","hermit:HighNoon"],"picked":"hermit:Brawl","floor":7},{"not_picked":["hermit:NoHoldsBarred","hermit:FullyLoaded"],"picked":"hermit:Maintenance","floor":14},{"not_picked":["hermit:OverwhelmingPower","hermit:RoundhouseKick"],"picked":"hermit:HighNoon","floor":16},{"not_picked":["hermit:HoleUp","hermit:Vantage+1","hermit:Desperado"],"picked":"SKIP","floor":18},{"not_picked":["hermit:Dive","hermit:BodyArmor","hermit:LuckOfTheDraw"],"picked":"SKIP","floor":21},{"not_picked":["hermit:Vantage+1","hermit:Headshot","hermit:BigShot+1"],"picked":"SKIP","floor":23},{"not_picked":["hermit:WideOpen","hermit:SprayPray+1","hermit:NoHoldsBarred+1"],"picked":"SKIP","floor":25}],"player_experience":1809962,"relics_obtained":[{"floor":7,"key":"Pear"},{"floor":9,"key":"StoneCalendar"},{"floor":13,"key":"The Courier"},{"floor":14,"key":"Turnip"},{"floor":23,"key":"Frozen Egg 2"},{"floor":25,"key":"White Beast Statue"},{"floor":26,"key":"Bag of Marbles"}],"event_choices":[{"damage_healed":0,"gold_gain":175,"player_choice":"AGREE","damage_taken":0,"max_hp_gain":0,"max_hp_loss":0,"event_name":"Liars Game","floor":11,"gold_loss":0,"cards_obtained":["Doubt"]},{"damage_healed":0,"gold_gain":0,"player_choice":"Entered Light","damage_taken":17,"max_hp_gain":0,"max_hp_loss":0,"event_name":"Shining Light","floor":12,"gold_loss":0,"cards_upgraded":["hermit:Strike_Hermit","hermit:Covet"]},{"damage_healed":0,"gold_gain":0,"player_choice":"Take","damage_taken":0,"max_hp_gain":0,"max_hp_loss":0,"event_name":"Elementarium:BladeSeller","floor":19,"gold_loss":0,"cards_obtained":["Elementarium:IceblessedBlade"]},{"damage_healed":0,"gold_gain":0,"player_choice":"Enter","damage_taken":0,"max_hp_gain":0,"max_hp_loss":0,"event_name":"Elementarium:OtherworldlyPassage","floor":27,"gold_loss":0}],"is_beta":false,"boss_relics":[{"not_picked":["hermit:BartenderGlass","Coffee Dripper"],"picked":"Tiny House"}],"items_purged_floors":[2,8,20],"is_endless":false,"potions_floor_spawned":[1,4,14,18,25],"killed_by":"Book of Stabbing","ascension_level":1}}