{"host":"bp6b47iftb3mluh0","time":1613750209,"event":{"mods":["100% Spire Juice","Act Like it!","Alarm Clock","Aspiration","Astrologer","BaseMod","Bestiary","Better Third Choice","Better Vampires","Challenge The Spire","Colored Powertips","Conspire","Curses Come First","Dota2Spire","Downfall","Friendly Minions","Gensokyo","Hallownest","Hermit","Kiyohime£®«Âºß£©","Lobotomy","LobotomyExtend","Marisa£®ÏF”Í°°ƒß¿Ì…≥£©","Marked Mod","Minty Spire (QoL Compilation)","Quick Restart","Rare Cards Sparkle","Red Circlet Mod","Relic Filter Mod","Relic Stats","Remilia£®¿Ÿ√◊¿Ú—«£©","Replay The Spire","Reworked Bosses","Ruina","Ryuuou¡˙Õı","Shop Mod","Spicy Shops","StSLib","The Bug Knight","The Invoker Mod","Uncapped","Waifu the Spire","Youmu£®ªÍ∆«—˝√Œ£©","°æ“≈ŒÔø®≈∆°øREMEMod","≤–¡Ù÷ÆŒÔ"],"gold_per_floor":[114,134,134,134,152,152,165,165,192,207,57,83,83,99,99,201,201,211,48,66,92,92,92],"floor_reached":22,"language":"ZHS","playtime":1154,"items_purged":["Regret"],"score":188,"play_id":"4b253c9a-f0bf-41e0-a752-0177557cdbdd","local_time":"20210219235649","is_ascension_mode":false,"campfire_choices":[{"data":"FlashingScatteredFlowers","floor":6.0,"key":"SMITH"},{"data":"RapidSlash","floor":8.0,"key":"SMITH"},{"data":"StrangeHalfBody","floor":15.0,"key":"SMITH"}],"circlet_count":0,"master_deck":["Strike_YM","Strike_YM","Strike_YM","Strike_YM","Defend_YM+1","Defend_YM","Defend_YM+1","Defend_YM","SlashOfPresentWorld","WheelOfPainOfLivingAndDead","Gensokyo:NewMoon","FlashingScatteredFlowers+1","HeavenGodSword","RapidSlash+1","HeavenlyHaloSlash","StrangeHalfBody+1","FastingOfTheYoungPreta","Doubt","CrescentMoonSlash+1"],"relics":["HalfPhantom","REME_ComplimentaryCards","CogitoBucket","LetterFromLob","Du-Vu Doll","Dota2Spire:EchoSabre","Dota2Spire:UrnOfShadows","Ring of Peace","ReplayTheSpireMod:Ring of Addiction","Toy Ornithopter","SacredBark","AdjustmentMirror","REME_DemonsWealth","ReplayTheSpireMod:CursedCoin","MerchantsRug","Dota2Spire:BladeMail","FencingExperience"],"acts_visited":["Exordium","Gensokyo:Gensokyoer"],"potions_floor_usage":[],"damage_taken":[{"damage":1.0,"enemies":"Jaw Worm","floor":1.0,"turns":3.0},{"damage":0.0,"enemies":"2 Louse","floor":2.0,"turns":2.0},{"damage":0.0,"enemies":"Cultist","floor":5.0,"turns":2.0},{"damage":9.0,"enemies":"3 Louse","floor":7.0,"turns":3.0},{"damage":0.0,"enemies":"2 Fungi Beasts","floor":10.0,"turns":1.0},{"damage":14.0,"enemies":"Gremlin Nob","floor":12.0,"turns":3.0},{"damage":0.0,"enemies":"Blue Slaver","floor":14.0,"turns":2.0},{"damage":24.0,"enemies":"Hexaghost","floor":16.0,"turns":9.0},{"damage":23,"enemies":"Gensokyo:AngelMirror","floor":18,"turns":4},{"damage":9,"enemies":"Gensokyo:Chomper","floor":20,"turns":4},{"damage":7,"enemies":"Gensokyo:Wraith","floor":22,"turns":5}],"seed_played":"8678389290230047275","potions_obtained":[{"floor":10.0,"key":"Fire Potion"},{"floor":12.0,"key":"SteroidPotion"},{"floor":13.0,"key":"LifebloodPotion"},{"floor":20,"key":"Fire Potion"}],"is_trial":false,"path_per_floor":["M","M","?","?","M","R","M","R","T","M","$","E","?","M","R","B",null,"M","$","M","$","M"],"character_chosen":"YOUMU","items_purchased":["Omamori","ReplayTheSpireMod:CursedCoin","MerchantsRug","Dota2Spire:BladeMail","War Paint","FencingExperience"],"campfire_rested":0,"item_purchase_floors":[11,19,19,19,19,19],"current_hp_per_floor":[74,74,75,75,75,75,66,66,66,66,66,52,52,52,52,28,73,50,50,41,41,34,34],"gold":92,"neow_bonus":"","is_daily":false,"chose_seed":false,"campfire_upgraded":3,"win_rate":0.0,"timestamp":1613750209,"path_taken":["M","M","?","?","M","R","M","R","T","M","$","E","?","M","R","BOSS","M","$","M","$","?"],"items_purchased_type":["Relic","Relic","Relic","Relic","Relic","Relic"],"build_version":"2020-12-22","purchased_purges":1,"victory":false,"max_hp_per_floor":[75,75,75,75,75,75,75,75,75,75,75,75,75,75,75,75,73,73,73,73,71,71,71],"relic_stats":{"counters":[12,39],"obtain_stats":[{"Dota2Spire:EchoSabre":9,"MerchantsRug":19,"FencingExperience":19,"Dota2Spire:UrnOfShadows":12,"ReplayTheSpireMod:CursedCoin":19,"ReplayTheSpireMod:Ring of Addiction":13,"SacredBark":13,"HalfPhantom":0,"Omamori":11,"AdjustmentMirror":14,"War Paint":19,"Du-Vu Doll":4,"CogitoBucket":0,"REME_DemonsWealth":17,"Ring of Peace":13,"Dota2Spire:BladeMail":19,"LetterFromLob":1,"Toy Ornithopter":13,"REME_ComplimentaryCards":0},{"Dota2Spire:EchoSabre":4,"MerchantsRug":10,"FencingExperience":10,"Dota2Spire:UrnOfShadows":6,"ReplayTheSpireMod:CursedCoin":10,"ReplayTheSpireMod:Ring of Addiction":6,"SacredBark":6,"HalfPhantom":0,"Omamori":5,"AdjustmentMirror":8,"War Paint":10,"Du-Vu Doll":2,"CogitoBucket":0,"REME_DemonsWealth":9,"Ring of Peace":6,"Dota2Spire:BladeMail":10,"LetterFromLob":1,"Toy Ornithopter":6,"REME_ComplimentaryCards":0},{"Dota2Spire:EchoSabre":10,"MerchantsRug":30,"FencingExperience":30,"Dota2Spire:UrnOfShadows":14,"ReplayTheSpireMod:CursedCoin":30,"ReplayTheSpireMod:Ring of Addiction":14,"SacredBark":14,"HalfPhantom":0,"Omamori":11,"AdjustmentMirror":17,"War Paint":30,"Du-Vu Doll":5,"CogitoBucket":0,"REME_DemonsWealth":26,"Ring of Peace":14,"Dota2Spire:BladeMail":30,"LetterFromLob":3,"Toy Ornithopter":14,"REME_ComplimentaryCards":0}],"Toy Ornithopter":0},"card_choices":[{"not_picked":["PhosphoricSlash","SpiritCuttingSword"],"picked":"FlashingScatteredFlowers","floor":1.0},{"not_picked":["SpiritCuttingSword","LowerRealmReflectionSlash","LifeCuttingSword"],"picked":"SKIP","floor":2.0},{"not_picked":["SwordOfBindingDesires","SpiderLilyBurial"],"picked":"HeavenGodSword","floor":5.0},{"not_picked":["SlashOfMeditation","GhostSword"],"picked":"RapidSlash","floor":7.0},{"not_picked":["FourBirthsSword","SpiritCuttingSword","PreachingAvici"],"picked":"SKIP","floor":10.0},{"not_picked":["TransmigrationSlash","DispleasureOfTheSevenHakus"],"picked":"HeavenlyHaloSlash","floor":12.0},{"not_picked":["LowerRealmReflectionSlash","CrescentMoonSlash"],"picked":"StrangeHalfBody","floor":14.0},{"not_picked":["CherryBlossomSword","HellRealmSword"],"picked":"FastingOfTheYoungPreta","floor":16.0},{"not_picked":["DispleasureOfTheSevenHakus","FlashingScatteredFlowers","HumanKnowledgeSword","ReplayTheSpireMod:Splinters"],"picked":"SKIP","floor":18},{"not_picked":["FourBirthsSword+1","PhosphoricSlash","Decay"],"picked":"CrescentMoonSlash+1","floor":20},{"not_picked":["FourBirthsSword","PhosphoricSlash+1","SpiritMediumsBind","conspire:NecroticWound"],"picked":"SKIP","floor":22}],"player_experience":216393,"relics_obtained":[{"floor":1.0,"key":"LetterFromLob"},{"floor":9.0,"key":"Dota2Spire:EchoSabre"},{"floor":12.0,"key":"Dota2Spire:UrnOfShadows"},{"floor":13.0,"key":"Ring of Peace"},{"floor":13.0,"key":"ReplayTheSpireMod:Ring of Addiction"},{"floor":13.0,"key":"Toy Ornithopter"},{"floor":13.0,"key":"SacredBark"}],"event_choices":[{"damage_healed":0.0,"max_hp_gain":0.0,"max_hp_loss":0.0,"gold_gain":0.0,"event_name":"Big Fish","player_choice":"Box","floor":4.0,"gold_loss":0.0,"damage_taken":0.0,"relics_obtained":["Du-Vu Doll"],"cards_obtained":["Regret"]}],"is_beta":false,"boss_relics":[{"not_picked":["conspire:SeveredTorchhead","conspire:SlowCooker"],"picked":"REME_DemonsWealth"}],"items_purged_floors":[19],"is_endless":false,"potions_floor_spawned":[10,12,14,20],"killed_by":"Gensokyo:Wraith","ascension_level":0}}