{"host":"u7lm8z2rvb4dg2oo","time":1613715041,"event":{"mods":["AchievementEnabler","BaseMod","Bestiary","Block Reminder","Colored Map","Colored Powertips","Curses Come First","DeckTracker","Googly Eyes","Highlight Path","Minty Spire (QoL Compilation)","Quick Restart","StSLib"],"gold_per_floor":[114,264,264,284,284,328,9,9,9,9,44,63,63,86,86,182,182,195,208,233,233,3,42,60,60,129,129,165,165,80,19,19,19,19],"floor_reached":33,"language":"ENG","playtime":1577,"items_purged":["Strike_G"],"score":585,"play_id":"a578bccf-6624-4529-8cfc-d2fbbe4d3642","local_time":"20210219011041","is_ascension_mode":true,"campfire_choices":[{"floor":8.0,"key":"REST"},{"data":"Venomology","floor":10.0,"key":"SMITH"},{"data":"Glass Knife","floor":15.0,"key":"SMITH"},{"floor":25.0,"key":"REST"},{"floor":27.0,"key":"REST"},{"floor":29.0,"key":"REST"},{"data":"Accuracy","floor":32.0,"key":"SMITH"}],"circlet_count":0,"master_deck":["AscendersBane","Strike_G","Strike_G","Strike_G","Defend_G","Defend_G","Defend_G","Defend_G","Defend_G","Survivor","Neutralize","Venomology+1","Poisoned Stab","Glass Knife+1","Phantasmal Killer","Blade Dance+1","Choke","Bandage Up","Pain","Backstab","Accuracy+1","Finisher"],"relics":["Ring of the Snake","NeowsBlessing","Golden Idol","Orichalcum","Membership Card","Incense Burner","Shuriken","Smiling Mask","Cursed Key","MealTicket","Lantern","HornCleat","Juzu Bracelet","Tiny Chest"],"acts_visited":["Exordium","TheCity"],"potions_floor_usage":[33],"damage_taken":[{"damage":0.0,"enemies":"Cultist","floor":1.0,"turns":1.0},{"damage":0.0,"enemies":"Jaw Worm","floor":4.0,"turns":1.0},{"damage":0.0,"enemies":"Lagavulin","floor":6.0,"turns":1.0},{"damage":6.0,"enemies":"3 Sentries","floor":11.0,"turns":8.0},{"damage":0.0,"enemies":"2 Louse","floor":12.0,"turns":3.0},{"damage":1.0,"enemies":"Looter","floor":14.0,"turns":2.0},{"damage":3.0,"enemies":"Slime Boss","floor":16.0,"turns":6.0},{"damage":0.0,"enemies":"Spheric Guardian","floor":18.0,"turns":1.0},{"damage":20.0,"enemies":"Shell Parasite","floor":19.0,"turns":5.0},{"damage":8.0,"enemies":"Snecko","floor":20.0,"turns":3.0},{"damage":8.0,"enemies":"Book of Stabbing","floor":23.0,"turns":4.0},{"damage":33.0,"enemies":"Chosen and Byrds","floor":24.0,"turns":5.0},{"damage":22.0,"enemies":"Gremlin Leader","floor":28.0,"turns":6.0},{"damage":78,"enemies":"Champ","floor":33,"turns":9}],"seed_played":"706613269671299647","potions_obtained":[{"floor":3.0,"key":"EntropicBrew"},{"floor":3.0,"key":"Weak Potion"},{"floor":6.0,"key":"Poison Potion"},{"floor":12.0,"key":"LiquidBronze"},{"floor":19.0,"key":"PowerPotion"},{"floor":20.0,"key":"LiquidBronze"}],"is_trial":false,"path_per_floor":["M","?","?","M","?","E","$","R","T","R","E","M","?","M","R","B",null,"M","M","M","?","$","E","M","R","T","R","E","R","?","$","R","B"],"character_chosen":"THE_SILENT","items_purchased":["Membership Card","Incense Burner","Bandage Up","Fruit Juice","MealTicket","Accuracy","Finisher"],"campfire_rested":4,"item_purchase_floors":[7,7,22,22,22,31,31],"current_hp_per_floor":[59,59,59,59,36,36,36,55,55,55,49,49,49,48,48,45,61,61,41,33,33,38,34,5,26,26,47,29,50,50,65,65,0,0],"gold":19,"neow_bonus":"THREE_ENEMY_KILL","is_daily":false,"chose_seed":false,"campfire_upgraded":3,"win_rate":0.0,"timestamp":1613715041,"path_taken":["M","?","?","?","?","E","$","R","T","R","E","M","?","M","R","BOSS","M","M","M","?","$","E","M","R","T","R","E","R","?","$","R","BOSS"],"items_purchased_type":["Relic","Relic","Card","Potion","Relic","Card","Card"],"build_version":"2020-12-22","purchased_purges":1,"victory":false,"max_hp_per_floor":[66,66,66,66,66,66,66,66,66,66,66,66,66,66,66,66,66,66,66,66,66,71,71,71,71,71,71,71,71,71,71,71,71,71],"card_choices":[{"not_picked":["Dodge and Roll","Bane","Underhanded Strike"],"picked":"SKIP","floor":1.0},{"not_picked":["Cloak And Dagger","Outmaneuver"],"picked":"Venomology","floor":4.0},{"not_picked":["Dodge and Roll","Flying Knee"],"picked":"Poisoned Stab","floor":6.0},{"not_picked":["Prepared","Quick Slash","Sucker Punch"],"picked":"SKIP","floor":11.0},{"not_picked":["Eviscerate","Cloak And Dagger"],"picked":"Glass Knife","floor":12.0},{"not_picked":["Masterful Stab","Dagger Spray","Tactician"],"picked":"SKIP","floor":14.0},{"not_picked":["Glass Knife","A Thousand Cuts"],"picked":"Phantasmal Killer","floor":16.0},{"not_picked":["Catalyst","All Out Attack","Backflip"],"picked":"SKIP","floor":18.0},{"not_picked":["Prepared","Bouncing Flask"],"picked":"Blade Dance+1","floor":19.0},{"not_picked":["Deadly Poison","Slice"],"picked":"Choke","floor":20.0},{"not_picked":["Acrobatics","Phantasmal Killer","Riddle With Holes"],"picked":"SKIP","floor":23.0},{"not_picked":["Dagger Throw+1","Prepared","Outmaneuver"],"picked":"SKIP","floor":24.0},{"not_picked":["Infinite Blades","Skewer"],"picked":"Backstab","floor":28.0}],"player_experience":1112110,"relics_obtained":[{"floor":6.0,"key":"Orichalcum"},{"floor":9.0,"key":"Shuriken"},{"floor":11.0,"key":"Smiling Mask"},{"floor":23.0,"key":"Lantern"},{"floor":26.0,"key":"HornCleat"},{"floor":28.0,"key":"Juzu Bracelet"}],"event_choices":[{"damage_healed":0.0,"max_hp_gain":0.0,"max_hp_loss":0.0,"gold_gain":150.0,"event_name":"Liars Game","player_choice":"AGREE","floor":2.0,"gold_loss":0.0,"damage_taken":0.0,"cards_obtained":["Doubt"]},{"damage_healed":0.0,"max_hp_gain":0.0,"max_hp_loss":0.0,"gold_gain":0.0,"event_name":"Lab","player_choice":"Got Potions","floor":3.0,"gold_loss":0.0,"damage_taken":0.0},{"damage_healed":0.0,"max_hp_gain":0.0,"max_hp_loss":0.0,"gold_gain":0.0,"event_name":"Golden Idol","player_choice":"Take Damage","floor":5.0,"gold_loss":0.0,"damage_taken":23.0,"relics_obtained":["Golden Idol"]},{"cards_removed":["Doubt"],"damage_healed":0.0,"max_hp_gain":0.0,"max_hp_loss":0.0,"gold_gain":0.0,"event_name":"Fountain of Cleansing","player_choice":"Removed Curses","floor":13.0,"gold_loss":0.0,"damage_taken":0.0},{"cards_removed":["Strike_G"],"damage_healed":0.0,"max_hp_gain":0.0,"max_hp_loss":0.0,"gold_gain":0.0,"event_name":"Wheel of Change","player_choice":"Card Removal","floor":21.0,"gold_loss":0.0,"damage_taken":0.0},{"damage_healed":0.0,"max_hp_gain":0.0,"max_hp_loss":0.0,"gold_gain":0.0,"event_name":"Addict","player_choice":"Obtained Relic","floor":30.0,"gold_loss":85.0,"damage_taken":0.0,"relics_obtained":["Tiny Chest"]}],"is_beta":false,"boss_relics":[{"not_picked":["HoveringKite","Tiny House"],"picked":"Cursed Key"}],"items_purged_floors":[22],"is_endless":false,"potions_floor_spawned":[6,12,14,19,20],"killed_by":"Champ","ascension_level":17}}