{"host":"51qmnr9isyv85d0p","time":1613720194,"event":{"mods":["AchievementEnabler","BaseMod","Colored Map","Colored Powertips","Curses Come First","Downfall","Minty Spire (QoL Compilation)","Red Circlet Mod","Relic Stats","Replay The Spire","StSLib","TestMod"],"gold_per_floor":[11000,11000,11093,11105,11115,11115,11150,11150,11220,10232,10250,10268,10284,9429,9429,9527,9527,9543,9543,9742,9760,9048,9073,8097,8112,8187,8197,8215,8215,8247,7351,7351,7454,7553,7566,7566,7582,6999,7016,7047,7047,6246,6246,6246,6246,6274,6290,6309,6309,6309],"floor_reached":51,"language":"ZHS","playtime":2672,"items_purged":["Defend_G","Defend_G","Defend_G","Defend_G","Defend_G","CommonCold"],"score":947,"play_id":"ca4ad22a-09e1-42ec-97ed-75e5f596d6a9","local_time":"20210219153634","is_ascension_mode":false,"campfire_choices":[{"data":"Strike_G","floor":6,"key":"SMITH"},{"data":"Strike_G","floor":15,"key":"SMITH"},{"data":"Apotheosis","floor":32,"key":"SMITH"},{"data":"Envenom","floor":49,"key":"SMITH"}],"circlet_count":0,"master_deck":["Strike_G+2","Strike_G","Strike_G+1","Strike_G","Strike_G+1","Survivor","Neutralize","Backflip","Toxin Wave","Deflect","Underhanded Strike","Backflip","Backflip+1","After Image","Footwork","Secret Weapon","ReplayTheSpireMod:Private Reserves+1","Apotheosis+1","Jack Of All Trades","testmod-SunMoon","Noxious Fumes","Envenom+1","Deep Breath","Pot Of Greed","Pot Of Greed","Pot Of Greed","After Image","Madness","Madness"],"relics":["Ring of the Snake","testmod-TestBox","testmod-HeartOfStrike","ReplayTheSpireMod:TigerMarble","Vajra","Ring of Misfortune","Ring of Peace","Darkstone Periapt","Tough Bandages","testmod-InjuryResistance","testmod-Charity","Quantum Egg","Blue Candle","Lee\u0027s Waffle","testmod-TimeTraveler","Garlic","sneckomod:BlankCard","BargainBundle","Replay:Bottled Steam","Strawberry","ReplayTheSpireMod:ShopPack","Bottled Tornado","testmod-Justice","Blood Vial","Snack Pack","Meat on the Bone","Replay:Wanted Poster","Simple Rune","ClockworkSouvenir","War Paint","Grinning Jar","Replay:Kaleidoscope","testmod-Acrobat","TheAbacus","Shuriken","testmod-ThousandKnives"],"acts_visited":["Exordium","TheCity","TheBeyond"],"potions_floor_usage":[7,16,16,23,23,24,28,31,33,33],"damage_taken":[{"damage":0,"enemies":"2 Louse","floor":1,"turns":1},{"damage":0,"enemies":"Jaw Worm","floor":4,"turns":1},{"damage":1,"enemies":"Small Slimes","floor":5,"turns":2},{"damage":0,"enemies":"Gremlin Nob","floor":7,"turns":3},{"damage":0,"enemies":"Red Slaver","floor":11,"turns":2},{"damage":0,"enemies":"2 Fungi Beasts","floor":12,"turns":2},{"damage":0,"enemies":"Large Slime","floor":13,"turns":3},{"damage":0,"enemies":"Slime Boss","floor":16,"turns":6},{"damage":0,"enemies":"Shell Parasite","floor":18,"turns":3},{"damage":0,"enemies":"Chosen","floor":21,"turns":5},{"damage":0,"enemies":"Gremlin Leader","floor":23,"turns":7},{"damage":0,"enemies":"Snake Plant","floor":25,"turns":4},{"damage":0,"enemies":"Chosen and Byrds","floor":27,"turns":6},{"damage":0,"enemies":"Shelled Parasite and Fungi","floor":28,"turns":3},{"damage":6,"enemies":"Slavers","floor":30,"turns":4},{"damage":0,"enemies":"Champ","floor":33,"turns":5},{"damage":0,"enemies":"3 Shapes","floor":35,"turns":3},{"damage":0,"enemies":"Orb Walker","floor":37,"turns":2},{"damage":0,"enemies":"Transient","floor":39,"turns":5},{"damage":0,"enemies":"R_Hoarder","floor":40,"turns":5},{"damage":0,"enemies":"Nemesis","floor":46,"turns":5},{"damage":0,"enemies":"Writhing Mass","floor":47,"turns":3},{"damage":0,"enemies":"Jaw Worm Horde","floor":48,"turns":3},{"damage":0,"enemies":"Replay:Hell Engine","floor":50,"turns":5}],"seed_played":"603285258247948598","potions_obtained":[{"floor":4,"key":"PowerPotion"},{"floor":7,"key":"Adrenaline Potion"},{"floor":12,"key":"GhostInAJar"},{"floor":25,"key":"Strength Potion"},{"floor":28,"key":"Poison Potion"},{"floor":33,"key":"LiquidMemories"}],"is_trial":false,"path_per_floor":["M","?","?","M","M","R","E","?","T","$","M","M","M","$","R","B",null,"M","?","?","M","$","E","$","M","T","M","M","?","E","$","R","B",null,"M","?","M","$","M","E","?","$","T","?","?","E","M","M","R","B",null],"character_chosen":"THE_SILENT","items_purchased":["Tough Bandages","testmod-InjuryResistance","testmod-Charity","Backflip","CunningPotion","ColorlessPotion","Quantum Egg","Blue Candle","Lee\u0027s Waffle","Flash of Steel","Garlic","sneckomod:BlankCard","BargainBundle","Footwork","Secret Weapon","Energy Potion","Strawberry","ReplayTheSpireMod:ShopPack","ReplayTheSpireMod:Private Reserves","Fruit Juice","Toxic Potion","champ:CounterPotion","Bottled Tornado","Snack Pack","Meat on the Bone","testmod-SpacePotion","Regen Potion","Poison Potion","Simple Rune","ClockworkSouvenir","War Paint","Fire Potion","Deep Breath","Replay:Kaleidoscope","testmod-Acrobat","TheAbacus"],"campfire_rested":0,"item_purchase_floors":[10,10,10,10,10,10,14,14,14,14,22,22,22,22,22,22,24,24,24,24,24,24,24,31,31,31,31,31,38,38,38,38,38,42,42,42],"current_hp_per_floor":[77,77,47,47,46,46,46,46,46,46,47,48,49,87,87,88,88,89,72,73,74,74,75,87,88,89,90,91,91,86,86,86,97,116,117,117,118,118,119,120,120,120,120,120,107,141,158,171,171,194],"gold":6309,"neow_bonus":"TEN_PERCENT_HP_BONUS","is_daily":false,"chose_seed":false,"campfire_upgraded":4,"win_rate":0.0,"timestamp":1613720194,"path_taken":["M","?","?","M","M","R","E","?","T","$","M","M","M","$","R","BOSS","M","?","?","M","$","E","$","M","T","M","?","?","E","$","R","BOSS","M","?","M","$","M","E","?","$","T","?","?","E","M","M","R","BOSS"],"items_purchased_type":["Relic","Relic","Relic","Card","Potion","Potion","Relic","Relic","Relic","Card","Relic","Relic","Relic","Card","Card","Potion","Relic","Relic","Card","Potion","Potion","Potion","Relic","Relic","Relic","Potion","Potion","Potion","Relic","Relic","Relic","Potion","Card","Relic","Relic","Relic"],"build_version":"2020-12-22","purchased_purges":6,"victory":true,"max_hp_per_floor":[77,77,77,77,77,77,77,77,77,77,78,79,80,87,87,88,88,89,94,95,96,96,97,109,110,111,112,113,113,114,114,114,115,116,117,117,118,118,119,120,120,120,120,120,120,144,158,171,171,194],"relic_stats":{"Darkstone Periapt":0,"Blood Vial":6,"Tough Bandages":[69],"Lee\u0027s Waffle":38,"TheAbacus":[42],"counters":[24,88],"Shuriken":[12],"Blue Candle":[14],"War Paint":["ReplayTheSpireMod:Private Reserves","Backflip"],"obtain_stats":[{"Darkstone Periapt":9,"testmod-HeartOfStrike":0,"sneckomod:BlankCard":22,"Vajra":7,"Bottled Tornado":24,"testmod-Charity":10,"ClockworkSouvenir":38,"Blood Vial":30,"Replay:Wanted Poster":34,"Tough Bandages":10,"testmod-InjuryResistance":10,"TheAbacus":42,"DollysMirror":44,"Ring of Peace":8,"Strawberry":24,"testmod-ThousandKnives":46,"Ring of the Snake":0,"Replay:Bottled Steam":23,"Lee\u0027s Waffle":14,"BargainBundle":22,"testmod-TestBox":0,"testmod-TimeTraveler":17,"Quantum Egg":14,"Blue Candle":14,"Replay:Kaleidoscope":42,"testmod-Justice":26,"War Paint":38,"Shuriken":43,"Ring of Misfortune":8,"testmod-Acrobat":42,"Simple Rune":38,"ReplayTheSpireMod:TigerMarble":3,"Garlic":22,"Snack Pack":31,"Grinning Jar":40,"ReplayTheSpireMod:ShopPack":24,"Meat on the Bone":31},{"Darkstone Periapt":4,"testmod-HeartOfStrike":0,"sneckomod:BlankCard":10,"Vajra":4,"Bottled Tornado":11,"testmod-Charity":4,"ClockworkSouvenir":18,"Blood Vial":15,"Replay:Wanted Poster":16,"Tough Bandages":4,"testmod-InjuryResistance":4,"TheAbacus":20,"DollysMirror":20,"Ring of Peace":4,"Strawberry":11,"testmod-ThousandKnives":21,"Ring of the Snake":0,"Replay:Bottled Steam":11,"Lee\u0027s Waffle":7,"BargainBundle":10,"testmod-TestBox":0,"testmod-TimeTraveler":8,"Quantum Egg":7,"Blue Candle":7,"Replay:Kaleidoscope":20,"testmod-Justice":12,"War Paint":18,"Shuriken":20,"Ring of Misfortune":4,"testmod-Acrobat":20,"Simple Rune":18,"ReplayTheSpireMod:TigerMarble":1,"Garlic":10,"Snack Pack":15,"Grinning Jar":20,"ReplayTheSpireMod:ShopPack":11,"Meat on the Bone":15},{"Darkstone Periapt":7,"testmod-HeartOfStrike":0,"sneckomod:BlankCard":28,"Vajra":7,"Bottled Tornado":35,"testmod-Charity":7,"ClockworkSouvenir":62,"Blood Vial":52,"Replay:Wanted Poster":57,"Tough Bandages":7,"testmod-InjuryResistance":7,"TheAbacus":72,"DollysMirror":72,"Ring of Peace":7,"Strawberry":35,"testmod-ThousandKnives":77,"Ring of the Snake":0,"Replay:Bottled Steam":35,"Lee\u0027s Waffle":14,"BargainBundle":28,"testmod-TestBox":0,"testmod-TimeTraveler":20,"Quantum Egg":14,"Blue Candle":14,"Replay:Kaleidoscope":72,"testmod-Justice":39,"War Paint":62,"Shuriken":72,"Ring of Misfortune":7,"testmod-Acrobat":72,"Simple Rune":62,"ReplayTheSpireMod:TigerMarble":1,"Garlic":28,"Snack Pack":52,"Grinning Jar":72,"ReplayTheSpireMod:ShopPack":35,"Meat on the Bone":52}],"Ring of the Snake":[49],"Meat on the Bone":0},"card_choices":[{"not_picked":["Dodge and Roll","Flechettes","Hidden Blade"],"picked":"SKIP","floor":1},{"not_picked":["PiercingWail","ReplayTheSpireMod:Scrap Shanks"],"picked":"Backflip","floor":3},{"not_picked":["ReplayTheSpireMod:Speed Training","Well Laid Plans"],"picked":"Toxin Wave","floor":3},{"not_picked":["Predator","Draining Mist","Outmaneuver"],"picked":"SKIP","floor":4},{"not_picked":["Flying Knee","Sucker Punch"],"picked":"Deflect","floor":5},{"not_picked":["Dagger Throw","Night Terror"],"picked":"Underhanded Strike","floor":7},{"not_picked":["All Out Attack","Crippling Poison","Flechettes"],"picked":"SKIP","floor":11},{"not_picked":["Sucker Punch","Sneak Up","Poisoned Stab"],"picked":"SKIP","floor":12},{"not_picked":["Flechettes","Choke","Skewer"],"picked":"SKIP","floor":13},{"not_picked":["Doppelganger","Malaise"],"picked":"After Image","floor":16},{"not_picked":["Slice","Reflex","Deflect+1"],"picked":"SKIP","floor":18},{"not_picked":["Dodge and Roll","Prepared","Dagger Throw+1"],"picked":"SKIP","floor":21},{"not_picked":["Poisoned Stab+1","Acrobatics","Blade Dance"],"picked":"SKIP","floor":23},{"not_picked":["Transmutation","testmod-AssimilatedRune"],"picked":"Apotheosis","floor":24},{"not_picked":["testmod-LifeRuler","Survey Options"],"picked":"Jack Of All Trades","floor":24},{"not_picked":["Replay:Sssssssssshield","Mind Blast"],"picked":"testmod-SunMoon","floor":24},{"not_picked":["Blur","PiercingWail+1","Choke"],"picked":"SKIP","floor":25},{"not_picked":["PiercingWail","Slice","Flying Knee+1"],"picked":"SKIP","floor":27},{"not_picked":["Dagger Throw","Dodge and Roll"],"picked":"Noxious Fumes","floor":28},{"not_picked":["Flying Knee","Dagger Spray+1","Masterful Stab"],"picked":"SKIP","floor":30},{"not_picked":["Bullet Time","Glass Knife"],"picked":"Envenom","floor":33},{"not_picked":["ReplayTheSpireMod:Tripwire","Sneak Up+1","Flying Knee"],"picked":"SKIP","floor":35},{"not_picked":["Deflect+1","Dash","Leg Sweep+1"],"picked":"SKIP","floor":37},{"not_picked":["Draining Mist","PiercingWail","ReplayTheSpireMod:Speed Training+1"],"picked":"SKIP","floor":39},{"not_picked":["Dagger Spray","Doppelganger","Backflip+1"],"picked":"SKIP","floor":40},{"not_picked":["Toxin Wave+1","Backflip+1","Dagger Spray+1"],"picked":"SKIP","floor":46},{"not_picked":["Backstab+1","Sucker Punch+1","Footwork"],"picked":"SKIP","floor":47},{"not_picked":["Poisoned Stab+1","Quick Slash+1","Dodge and Roll+1"],"picked":"SKIP","floor":48}],"player_experience":125037,"relics_obtained":[{"floor":3,"key":"ReplayTheSpireMod:TigerMarble"},{"floor":7,"key":"Vajra"},{"floor":8,"key":"Ring of Misfortune"},{"floor":8,"key":"Ring of Peace"},{"floor":9,"key":"Darkstone Periapt"},{"floor":23,"key":"Replay:Bottled Steam"},{"floor":26,"key":"testmod-Justice"},{"floor":30,"key":"Blood Vial"},{"floor":40,"key":"Grinning Jar"},{"floor":43,"key":"Shuriken"},{"floor":46,"key":"testmod-ThousandKnives"}],"event_choices":[{"damage_healed":0,"gold_gain":0,"player_choice":"Ignored","damage_taken":0,"max_hp_gain":0,"max_hp_loss":0,"event_name":"Liars Game","floor":2,"gold_loss":0},{"damage_healed":0,"gold_gain":0,"player_choice":"Shed Blood","damage_taken":22,"max_hp_gain":5,"max_hp_loss":0,"event_name":"Forgotten Altar","floor":19,"gold_loss":0},{"damage_healed":0,"gold_gain":200,"player_choice":"Gold","damage_taken":0,"max_hp_gain":0,"max_hp_loss":0,"event_name":"Wheel of Change","floor":20,"gold_loss":0},{"cards_removed":["Flash of Steel"],"damage_healed":0,"gold_gain":0,"player_choice":"Removed Attack","damage_taken":0,"max_hp_gain":0,"max_hp_loss":0,"event_name":"Falling","floor":36,"gold_loss":0},{"damage_healed":0,"gold_gain":0,"player_choice":"Ignored","damage_taken":0,"max_hp_gain":0,"max_hp_loss":0,"event_name":"Tomb of Lord Red Mask","floor":41,"gold_loss":0},{"damage_healed":0,"gold_gain":0,"player_choice":"Swap Relic","damage_taken":0,"relics_obtained":["DollysMirror"],"max_hp_gain":0,"max_hp_loss":0,"event_name":"给自己的盒子","floor":44,"relics_lost":["DollysMirror"],"gold_loss":0},{"damage_healed":0,"gold_gain":0,"player_choice":"Embrace Madness","damage_taken":15,"max_hp_gain":0,"max_hp_loss":0,"event_name":"Winding Halls","floor":45,"gold_loss":0,"cards_obtained":["Madness","Madness"]}],"is_beta":false,"boss_relics":[{"not_picked":["Honey Jar","testmod-PortableAltar"],"picked":"testmod-TimeTraveler"},{"not_picked":["Philosopher\u0027s Stone","Velvet Choker"],"picked":"Replay:Wanted Poster"}],"items_purged_floors":[10,14,22,24,31,42],"is_endless":false,"potions_floor_spawned":[4,7,12,25,27,28,33,39,40,46],"ascension_level":0}}