{"host":"snampf0t8p8psf53","time":1613723435,"event":{"mods":["AchievementEnabler","BaseMod","Bestiary","DeckTracker","Minty Spire (QoL Compilation)","Permanent Neow","SuperFastMode"],"gold_per_floor":[114,127,143,143,164,164,164,164,164,164,164],"floor_reached":10,"language":"ENG","playtime":207,"items_purged":[],"score":116,"play_id":"7cad361a-1b16-4e96-b9ea-9eece3143901","local_time":"20210219003035","daily_mods":["Red Cards","Heirloom","Time Dilation","Flight","DeadlyEvents","Elite Swarm"],"is_ascension_mode":true,"campfire_choices":[{"floor":6,"key":"DIG"},{"floor":7,"key":"DIG"},{"floor":8,"key":"DIG"}],"circlet_count":0,"master_deck":["AscendersBane","Strike_R","Strike_R","Strike_R","Strike_R","Strike_R","Defend_R","Defend_R","Defend_R","Defend_R","Bash","Berserk","Clothesline"],"relics":["Burning Blood","Shovel","Golden Idol","Frozen Egg 2","Blood Vial","Letter Opener","Darkstone Periapt"],"acts_visited":["Exordium"],"potions_floor_usage":[5],"damage_taken":[{"damage":7,"enemies":"Cultist","floor":1,"turns":4},{"damage":6,"enemies":"2 Louse","floor":2,"turns":2},{"damage":8,"enemies":"Jaw Worm","floor":3,"turns":3},{"damage":18,"enemies":"3 Louse","floor":5,"turns":4},{"damage":29,"enemies":"Lagavulin","floor":10,"turns":5}],"seed_played":"8723279745692037644","potions_obtained":[{"floor":2,"key":"SpeedPotion"},{"floor":3,"key":"Weak Potion"}],"is_trial":true,"path_per_floor":["M","M","M","?","M","R","R","R","T","E"],"character_chosen":"IRONCLAD","items_purchased":[],"campfire_rested":0,"item_purchase_floors":[],"current_hp_per_floor":[67,67,65,39,27,27,27,27,27,0,0],"gold":164,"neow_bonus":"","is_daily":false,"chose_seed":false,"campfire_upgraded":0,"win_rate":0.0,"timestamp":1613723435,"path_taken":["M","M","?","?","M","R","R","R","T","E"],"items_purchased_type":[],"build_version":"2020-12-22","purchased_purges":0,"victory":false,"max_hp_per_floor":[75,75,75,75,75,75,75,75,75,75,75],"card_choices":[{"not_picked":["Wild Strike","Thunderclap","Headbutt"],"picked":"SKIP","floor":1},{"not_picked":["Rage","Pommel Strike"],"picked":"Berserk","floor":2},{"not_picked":["True Grit","Thunderclap","Heavy Blade"],"picked":"SKIP","floor":3},{"not_picked":["True Grit","Second Wind"],"picked":"Clothesline","floor":5}],"player_experience":113498,"relics_obtained":[{"floor":6,"key":"Frozen Egg 2"},{"floor":7,"key":"Blood Vial"},{"floor":8,"key":"Letter Opener"},{"floor":9,"key":"Darkstone Periapt"}],"event_choices":[{"damage_healed":0,"gold_gain":0,"player_choice":"Take Damage","damage_taken":26,"relics_obtained":["Golden Idol"],"max_hp_gain":0,"max_hp_loss":0,"event_name":"Golden Idol","floor":4,"gold_loss":0}],"is_beta":false,"boss_relics":[],"items_purged_floors":[],"is_endless":false,"potions_floor_spawned":[2,3],"killed_by":"Lagavulin","ascension_level":20}}