{"host":"tlbbab9afexrkdtf","time":1613777505,"event":{"mods":["2.2 Compatiblity","AchievementEnabler","BaseMod","Colored Map","Colored Powertips","Minty Spire (QoL Compilation)","Rare Cards Sparkle","StSLib"],"gold_per_floor":[117,127,138,67,77,77,77,97,145,158,158,178,192,192,192,192,192],"floor_reached":16,"language":"ENG","playtime":316,"items_purged":[],"score":120,"play_id":"71ec2800-ca62-47ad-8257-0ad6a19b34fe","local_time":"20210219183145","is_ascension_mode":true,"campfire_choices":[{"floor":6,"key":"DIG"},{"floor":15,"key":"REST"}],"circlet_count":0,"master_deck":["Strike_R","Strike_R+1","Strike_R","Strike_R","Strike_R","Defend_R","Defend_R","Defend_R","Defend_R+1","Bash","Shame","Perfected Strike","Clash","Dropkick","Fire Breathing","Wild Strike","Rage","Thunderclap","Infernal Blade","Combust"],"relics":["Burning Blood","Shovel","Letter Opener","Happy Flower"],"acts_visited":["Exordium"],"potions_floor_usage":[13],"damage_taken":[{"damage":5,"enemies":"Cultist","floor":1,"turns":4},{"damage":0,"enemies":"2 Louse","floor":2,"turns":2},{"damage":7,"enemies":"Small Slimes","floor":3,"turns":3},{"damage":10,"enemies":"Exordium Thugs","floor":5,"turns":4},{"damage":17,"enemies":"Exordium Wildlife","floor":8,"turns":4},{"damage":5,"enemies":"Looter","floor":10,"turns":2},{"damage":38,"enemies":"Exordium Thugs","floor":12,"turns":6},{"damage":0,"enemies":"2 Fungi Beasts","floor":13,"turns":1},{"damage":61,"enemies":"The Guardian","floor":16,"turns":9}],"seed_played":"-5401136625225309594","potions_obtained":[{"floor":8,"key":"SpeedPotion"},{"floor":12,"key":"Explosive Potion"},{"floor":13,"key":"Ancient Potion"}],"is_trial":false,"path_per_floor":["M","M","M","$","M","R","?","M","T","M","?","M","M","?","R","B"],"character_chosen":"IRONCLAD","items_purchased":["Fire Breathing"],"campfire_rested":1,"item_purchase_floors":[4],"current_hp_per_floor":[80,80,79,79,75,75,59,48,48,49,75,43,49,37,61,0,0],"gold":192,"neow_bonus":"ONE_RARE_RELIC","is_daily":false,"chose_seed":false,"campfire_upgraded":0,"win_rate":0.0,"timestamp":1613777505,"path_taken":["M","?","M","?","M","R","?","M","T","M","?","?","M","?","R","BOSS"],"items_purchased_type":["Card"],"build_version":"2020-12-22","purchased_purges":0,"victory":false,"max_hp_per_floor":[80,80,80,80,80,80,80,80,80,80,80,80,80,80,80,80,80],"card_choices":[{"not_picked":["Sentinel","Body Slam"],"picked":"Perfected Strike","floor":1},{"not_picked":["Second Wind","Headbutt"],"picked":"Clash","floor":2},{"not_picked":["Heavy Blade","Burning Pact"],"picked":"Dropkick","floor":3},{"not_picked":["Burning Pact","Carnage"],"picked":"Wild Strike","floor":5},{"not_picked":["True Grit","Body Slam"],"picked":"Rage","floor":8},{"not_picked":["Warcry","Feel No Pain"],"picked":"Thunderclap","floor":10},{"not_picked":["Body Slam","Battle Trance"],"picked":"Infernal Blade","floor":12},{"not_picked":["Twin Strike","Anger"],"picked":"Combust","floor":13}],"player_experience":343413,"relics_obtained":[{"floor":6,"key":"Letter Opener"}],"event_choices":[{"damage_healed":0,"gold_gain":0,"player_choice":"Entered Light","damage_taken":16,"max_hp_gain":0,"max_hp_loss":0,"event_name":"Shining Light","floor":7,"gold_loss":0,"cards_upgraded":["Strike_R","Defend_R"]},{"damage_healed":26,"gold_gain":0,"player_choice":"Banana","damage_taken":0,"max_hp_gain":0,"max_hp_loss":0,"event_name":"Big Fish","floor":11,"gold_loss":0},{"damage_healed":0,"gold_gain":0,"player_choice":"Success","damage_taken":12,"relics_obtained":["Happy Flower"],"max_hp_gain":0,"max_hp_loss":0,"event_name":"Scrap Ooze","floor":14,"gold_loss":0}],"is_beta":false,"boss_relics":[],"items_purged_floors":[],"is_endless":false,"potions_floor_spawned":[8,12,13],"killed_by":"The Guardian","ascension_level":5}}