{"host":"9rqxlbwknj581inl","time":1613693024,"event":{"mods":["AchievementEnabler","BaseMod","Colored Map","Colored Powertips","Dark Map","Highlight Path","Minty Spire (QoL Compilation)","Quick Restart","Random Character Button","Random Character Mod"],"gold_per_floor":[110,110,122,141,157,157,157,157,182,182,214,214,245,245,245,342,342,360,383,395,405,10,10,35,35,35,60,60,60,60,74,74,74,74],"floor_reached":33,"language":"ENG","playtime":2697,"items_purged":["Strike_P"],"score":391,"play_id":"b1251d4e-086e-4e64-a878-b03da4f05357","local_time":"20210218170344","is_ascension_mode":false,"campfire_choices":[{"data":"Eruption","floor":6,"key":"SMITH"},{"data":"BowlingBash","floor":8,"key":"SMITH"},{"data":"Evaluate","floor":10,"key":"SMITH"},{"floor":15,"key":"REST"},{"data":"Judgement","floor":23,"key":"SMITH"},{"data":"RitualDagger","floor":30,"key":"SMITH"},{"floor":32,"key":"REST"}],"circlet_count":0,"master_deck":["Strike_P+1","Strike_P","Strike_P+1","Defend_P","Defend_P","Defend_P","Defend_P","Eruption+1","Vigilance+1","Evaluate+1","SashWhip","BowlingBash+1","Protect","DevaForm+1","ReachHeaven","Judgement+1","ThirdEye","Sanctity+1","Study+1","Thinking Ahead","DeusExMachina","RitualDagger+1","Wallop+1"],"relics":["HolyWater","Pen Nib","Art of War","Regal Pillow","Vajra","HandDrill","Pear","Singing Bowl","HornCleat","Bag of Preparation"],"acts_visited":["Exordium","TheCity"],"potions_floor_usage":[16,18,21,24,31],"damage_taken":[{"damage":0,"enemies":"Small Slimes","floor":1,"turns":2},{"damage":14,"enemies":"Jaw Worm","floor":3,"turns":2},{"damage":0,"enemies":"2 Louse","floor":4,"turns":3},{"damage":3,"enemies":"Red Slaver","floor":5,"turns":3},{"damage":13,"enemies":"3 Sentries","floor":11,"turns":6},{"damage":0,"enemies":"Lagavulin","floor":13,"turns":5},{"damage":0,"enemies":"Slime Boss","floor":16,"turns":6},{"damage":4,"enemies":"2 Thieves","floor":18,"turns":3},{"damage":0,"enemies":"3 Byrds","floor":20,"turns":5},{"damage":0,"enemies":"Shelled Parasite and Fungi","floor":21,"turns":1},{"damage":9,"enemies":"Slavers","floor":24,"turns":5},{"damage":36,"enemies":"Book of Stabbing","floor":27,"turns":4},{"damage":9,"enemies":"Snake Plant","floor":31,"turns":4},{"damage":112,"enemies":"Automaton","floor":33,"turns":6}],"seed_played":"-2507918213883114744","potions_obtained":[{"floor":3,"key":"Ancient Potion"},{"floor":4,"key":"BlessingOfTheForge"},{"floor":11,"key":"Strength Potion"},{"floor":20,"key":"Fire Potion"},{"floor":24,"key":"Explosive Potion"}],"is_trial":false,"path_per_floor":["M","?","M","M","M","R","?","R","T","R","E","?","E","?","R","B",null,"M","T","M","M","$","R","E","?","T","E","T","?","R","M","R","B"],"character_chosen":"WATCHER","items_purchased":["HandDrill","Thinking Ahead"],"campfire_rested":2,"item_purchase_floors":[22,22],"current_hp_per_floor":[79,79,65,65,62,62,62,62,62,62,49,33,33,33,71,71,79,75,75,75,75,75,75,76,70,70,36,36,36,36,27,69,0,0],"gold":74,"neow_bonus":"TEN_PERCENT_HP_BONUS","is_daily":false,"chose_seed":false,"campfire_upgraded":5,"win_rate":0.0,"timestamp":1613693024,"path_taken":["M","?","M","M","M","R","?","R","T","R","E","?","E","?","R","BOSS","M","?","M","M","$","R","E","?","T","E","?","?","R","M","R","BOSS"],"items_purchased_type":["Relic","Card"],"build_version":"2020-12-22","purchased_purges":1,"victory":false,"max_hp_per_floor":[79,79,79,79,79,79,79,79,79,79,79,79,79,79,79,79,79,79,79,79,79,79,79,89,89,89,91,91,91,91,91,91,91,91],"card_choices":[{"not_picked":["Consecrate","BowlingBash"],"picked":"Evaluate","floor":1},{"not_picked":["Perseverance","Meditate"],"picked":"SashWhip","floor":3},{"not_picked":["WreathOfFlame","Prostrate"],"picked":"BowlingBash","floor":4},{"not_picked":["FearNoEvil","CrushJoints"],"picked":"Protect","floor":5},{"not_picked":["EmptyMind","CutThroughFate"],"picked":"DevaForm","floor":11},{"not_picked":["Protect","DevaForm"],"picked":"ReachHeaven","floor":13},{"not_picked":["Ragnarok","Blasphemy"],"picked":"Judgement","floor":16},{"not_picked":["Crescendo+1","ReachHeaven"],"picked":"ThirdEye","floor":18},{"not_picked":["Evaluate","Fasting2"],"picked":"Sanctity+1","floor":20},{"not_picked":["Evaluate+1","Pray"],"picked":"Study","floor":21},{"not_picked":["PathToVictory+1","Conclude"],"picked":"DeusExMachina","floor":24},{"not_picked":["Fasting2","CutThroughFate","LikeWater+1"],"picked":"Singing Bowl","floor":27},{"not_picked":["InnerPeace","ThirdEye"],"picked":"Wallop+1","floor":31}],"player_experience":142703,"relics_obtained":[{"floor":9,"key":"Pen Nib"},{"floor":11,"key":"Art of War"},{"floor":13,"key":"Regal Pillow"},{"floor":19,"key":"Vajra"},{"floor":24,"key":"Pear"},{"floor":26,"key":"Singing Bowl"},{"floor":27,"key":"HornCleat"},{"floor":28,"key":"Bag of Preparation"}],"event_choices":[{"damage_healed":0,"gold_gain":0,"player_choice":"Ignored","damage_taken":0,"max_hp_gain":0,"max_hp_loss":0,"event_name":"Liars Game","floor":2,"gold_loss":0},{"damage_healed":0,"gold_gain":0,"player_choice":"Grow","damage_taken":0,"max_hp_gain":0,"max_hp_loss":0,"event_name":"Living Wall","floor":7,"gold_loss":0,"cards_upgraded":["Vigilance"]},{"damage_healed":0,"gold_gain":0,"player_choice":"Entered Light","damage_taken":16,"max_hp_gain":0,"max_hp_loss":0,"event_name":"Shining Light","floor":12,"gold_loss":0,"cards_upgraded":["Strike_P","Strike_P"]},{"damage_healed":0,"gold_gain":0,"player_choice":"Upgraded","damage_taken":0,"max_hp_gain":0,"max_hp_loss":0,"event_name":"Upgrade Shrine","floor":14,"gold_loss":0,"cards_upgraded":["DevaForm"]},{"damage_healed":0,"gold_gain":0,"player_choice":"Joined the Cult","damage_taken":6,"max_hp_gain":0,"max_hp_loss":0,"event_name":"Nest","floor":25,"gold_loss":0,"cards_obtained":["RitualDagger"]},{"damage_healed":0,"gold_gain":0,"player_choice":"Forge","damage_taken":0,"max_hp_gain":0,"max_hp_loss":0,"event_name":"Accursed Blacksmith","floor":29,"gold_loss":0,"cards_upgraded":["Study"]}],"is_beta":false,"boss_relics":[{"not_picked":["Empty Cage","Velvet Choker"],"picked":"HolyWater"}],"items_purged_floors":[22],"is_endless":false,"potions_floor_spawned":[3,4,11,13,20,24],"killed_by":"Automaton","ascension_level":0}}