{"host":"phniwng9zo19jwdb","time":1613694496,"event":{"mods":["AchievementEnabler","BaseMod","Colored Powertips","Dark Map","Displayed Cursed Tome","Faster Ascension Climbing","Filter the Spire","GifTheSpireLib","Minty Spire (QoL Compilation)","Permanent Neow","Rare Cards Sparkle","Relic Filter Mod","StSLib","Weighted Paths"],"gold_per_floor":[119,119,99,111,122,137,162,178,178,203,222,222,247,172,172,247,247,258,276,289,57,57,84,84,84,84],"floor_reached":25,"language":"ENG","playtime":899,"items_purged":["Strike_G"],"score":536,"play_id":"d4235c26-e8fd-456a-bb13-428bec2640de","local_time":"20210219012816","is_ascension_mode":true,"campfire_choices":[{"data":"Glass Knife","floor":12.0,"key":"SMITH"},{"data":"Night Terror","floor":15.0,"key":"SMITH"},{"data":"Cloak And Dagger","floor":24.0,"key":"SMITH"}],"circlet_count":0,"master_deck":["AscendersBane","Strike_G","Strike_G","Defend_G","Defend_G","Defend_G","Defend_G","Defend_G","Survivor","Neutralize","Choke","Night Terror+1","Dash","Deadly Poison","Deadly Poison","Calculated Gamble","Cloak And Dagger+1","Infinite Blades","Glass Knife+1","Calculated Gamble","After Image","Backflip","Escape Plan","Backflip","Shame","Blade Dance+1"],"relics":["Coffee Dripper","Kunai","Nunchaku","Snake Skull","Ninja Scroll","Black Star","TwistedFunnel","Meat on the Bone","Orichalcum","The Courier"],"acts_visited":["Exordium","TheCity"],"potions_floor_usage":[25],"damage_taken":[{"damage":2.0,"enemies":"2 Louse","floor":1.0,"turns":4.0},{"damage":0.0,"enemies":"Cultist","floor":4.0,"turns":4.0},{"damage":0.0,"enemies":"Jaw Worm","floor":5.0,"turns":4.0},{"damage":8.0,"enemies":"Exordium Wildlife","floor":6.0,"turns":5.0},{"damage":9.0,"enemies":"Gremlin Nob","floor":7.0,"turns":4.0},{"damage":0.0,"enemies":"Blue Slaver","floor":8.0,"turns":4.0},{"damage":18.0,"enemies":"Lagavulin","floor":10.0,"turns":7.0},{"damage":0.0,"enemies":"Large Slime","floor":11.0,"turns":5.0},{"damage":5.0,"enemies":"Gremlin Nob","floor":13.0,"turns":3.0},{"damage":15.0,"enemies":"The Guardian","floor":16.0,"turns":9.0},{"damage":3.0,"enemies":"Spheric Guardian","floor":18.0,"turns":4.0},{"damage":0.0,"enemies":"Chosen","floor":19.0,"turns":2.0},{"damage":21.0,"enemies":"Snake Plant","floor":20.0,"turns":3.0},{"damage":0.0,"enemies":"Gremlin Leader","floor":23.0,"turns":10.0},{"damage":40,"enemies":"Slavers","floor":25,"turns":4}],"seed_played":"-4638694127235822592","potions_obtained":[{"floor":1.0,"key":"AttackPotion"},{"floor":3.0,"key":"Energy Potion"},{"floor":7.0,"key":"DuplicationPotion"},{"floor":13.0,"key":"SteroidPotion"},{"floor":20.0,"key":"Strength Potion"}],"is_trial":false,"path_per_floor":["M","?","?","M","M","M","E","M","T","E","M","R","E","?","R","B",null,"M","M","M","$","?","E","R","E"],"character_chosen":"THE_SILENT","items_purchased":["TwistedFunnel"],"campfire_rested":0,"item_purchase_floors":[21],"current_hp_per_floor":[57,57,57,57,57,49,40,40,40,22,22,22,17,17,17,2,50,47,47,26,26,26,38,38,0,0],"gold":84,"neow_bonus":"BOSS_RELIC","is_daily":false,"chose_seed":false,"campfire_upgraded":3,"win_rate":0.0,"timestamp":1613694496,"path_taken":["M","?","?","M","M","?","E","M","T","E","M","R","E","?","R","BOSS","M","M","M","$","?","E","R","E"],"items_purchased_type":["Relic"],"build_version":"2020-12-22","purchased_purges":1,"victory":false,"max_hp_per_floor":[66,66,66,66,66,66,66,66,66,66,66,66,66,66,66,66,66,66,66,66,66,66,66,66,66,66],"card_choices":[{"not_picked":["Deflect","Dagger Throw"],"picked":"Choke","floor":1.0},{"not_picked":["Outmaneuver","Bouncing Flask"],"picked":"Dash","floor":4.0},{"not_picked":["Terror","Dagger Spray"],"picked":"Deadly Poison","floor":5.0},{"not_picked":["Flying Knee","Dagger Throw"],"picked":"Deadly Poison","floor":6.0},{"not_picked":["Sucker Punch","Cloak And Dagger"],"picked":"Calculated Gamble","floor":7.0},{"not_picked":["Terror","Bane"],"picked":"Cloak And Dagger","floor":8.0},{"not_picked":["Masterful Stab","Quick Slash"],"picked":"Infinite Blades","floor":10.0},{"not_picked":["Leg Sweep","Prepared"],"picked":"Glass Knife","floor":11.0},{"not_picked":["Dodge and Roll","Dagger Spray"],"picked":"Calculated Gamble","floor":13.0},{"not_picked":["A Thousand Cuts","Wraith Form v2"],"picked":"After Image","floor":16.0},{"not_picked":["Underhanded Strike","Prepared"],"picked":"Backflip","floor":18.0},{"not_picked":["Underhanded Strike","Blur"],"picked":"Escape Plan","floor":19.0},{"not_picked":["Poisoned Stab","Bane"],"picked":"Backflip","floor":20.0},{"not_picked":["Slice","All Out Attack"],"picked":"Blade Dance+1","floor":23.0}],"player_experience":172857,"relics_obtained":[{"floor":7.0,"key":"Kunai"},{"floor":9.0,"key":"Nunchaku"},{"floor":10.0,"key":"Snake Skull"},{"floor":13.0,"key":"Ninja Scroll"},{"floor":23.0,"key":"Orichalcum"},{"floor":23.0,"key":"The Courier"}],"event_choices":[{"damage_healed":0.0,"max_hp_gain":0.0,"max_hp_loss":0.0,"gold_gain":0.0,"cards_transformed":["Strike_G"],"event_name":"Living Wall","player_choice":"Change","floor":2.0,"gold_loss":0.0,"damage_taken":0.0,"cards_obtained":["Night Terror"]},{"damage_healed":0.0,"max_hp_gain":0.0,"max_hp_loss":0.0,"gold_gain":0.0,"event_name":"The Woman in Blue","player_choice":"Bought 1 Potion","floor":3.0,"gold_loss":0.0,"damage_taken":0.0},{"cards_removed":["Strike_G"],"damage_healed":0.0,"max_hp_gain":0.0,"max_hp_loss":0.0,"gold_gain":0.0,"event_name":"The Cleric","player_choice":"Card Removal","floor":14.0,"gold_loss":75.0,"damage_taken":0.0},{"damage_healed":0.0,"max_hp_gain":0.0,"max_hp_loss":0.0,"gold_gain":0.0,"event_name":"Addict","player_choice":"Stole Relic","floor":22.0,"gold_loss":0.0,"damage_taken":0.0,"relics_obtained":["Meat on the Bone"],"cards_obtained":["Shame"]}],"is_beta":false,"boss_relics":[{"not_picked":["WristBlade","Tiny House"],"picked":"Black Star"}],"items_purged_floors":[21],"is_endless":false,"potions_floor_spawned":[1,6,7,13,20,23],"killed_by":"Slavers","ascension_level":20}}