{"host":"050ensmz1fh1c58u","time":1613760661,"event":{"mods":["BaseMod","Downfall","Gremlin Mod","Hubris","Minty Spire (QoL Compilation)","READ ME - Guardian Mod","StSLib","The Animator","The Bug Knight","The Cursed","The Disciple","The Necromancer","The Servant 0.9.4"],"gold_per_floor":[99,109,119,133,233,243,267,167,202,212,212,226,253,269,279,279,279,279],"floor_reached":16,"language":"ENG","playtime":1185,"items_purged":[],"score":151,"play_id":"dab18750-c757-4484-9c4c-36b6cd8ca1c6","local_time":"20210219195101","is_ascension_mode":true,"campfire_choices":[{"data":"Guardian:TwinSlam","floor":1,"key":"SMITH"},{"data":"Guardian:PiercingHide","floor":8,"key":"SMITH"}],"circlet_count":0,"master_deck":["Guardian:Strike_Guardian","Guardian:Strike_Guardian","Guardian:Strike_Guardian","Guardian:Defend_Guardian","Guardian:Defend_Guardian","Guardian:Defend_Guardian","Guardian:CurlUp","Guardian:TwinSlam+1","Guardian:Orbwalk","Guardian:FloatingOrbs","Guardian:PiercingHide+1","Guardian:FloatingOrbs","Guardian:Gem_Cyan","Guardian:DonusPower","Guardian:ChargeUp"],"relics":["Guardian:ModeShifter","downfall:HeartBlessingBlue","Kunai","HollowMod:LifeEnderRelic"],"acts_visited":["Exordium"],"potions_floor_usage":[6,9,15],"damage_taken":[{"damage":7,"enemies":"Jaw Worm","floor":2,"turns":4},{"damage":1,"enemies":"Cultist","floor":3,"turns":3},{"damage":3,"enemies":"Small Slimes","floor":4,"turns":4},{"damage":2,"enemies":"Red Slaver","floor":6,"turns":4},{"damage":16,"enemies":"Gremlin Nob","floor":9,"turns":4},{"damage":10,"enemies":"Exordium Thugs","floor":10,"turns":5},{"damage":6,"enemies":"downfall:LooterAlt","floor":12,"turns":5},{"damage":16,"enemies":"3 Sentries","floor":13,"turns":7},{"damage":4,"enemies":"Exordium Wildlife","floor":14,"turns":4},{"damage":6,"enemies":"Lots of Slimes","floor":15,"turns":4},{"damage":15,"enemies":"DF_ARCHETYPE_STREAMLINE","floor":16,"turns":6}],"seed_played":"2197983962195812025","potions_obtained":[{"floor":3,"key":"ColorlessPotion"},{"floor":4,"key":"SkillPotion"},{"floor":14,"key":"PowerPotion"},{"floor":15,"key":"Guardian:BlockOnCardUsePotion"}],"is_trial":false,"path_per_floor":["R","M","M","M","?","M","T","R","E","M","?","M","E","M","M","B"],"character_chosen":"GUARDIAN","items_purchased":[],"campfire_rested":0,"item_purchase_floors":[],"current_hp_per_floor":[72,65,64,61,61,59,59,69,53,43,43,37,21,17,11,0,0,0],"gold":279,"neow_bonus":"TRANSFORM_CARD","is_daily":false,"chose_seed":false,"campfire_upgraded":2,"win_rate":0.0,"timestamp":1613760661,"path_taken":["R","M","M","M","?","?","T","R","E","M","?","M","E","M","M","BOSS"],"items_purchased_type":[],"build_version":"2020-12-22","purchased_purges":0,"victory":false,"max_hp_per_floor":[80,80,80,80,80,80,80,90,90,90,90,90,90,90,90,90,90,90],"card_choices":[{"not_picked":["Guardian:PrimingBeam","Guardian:BronzeOrb"],"picked":"Guardian:FloatingOrbs","floor":2},{"not_picked":["Guardian:TemporalStrike","Guardian:Emergency"],"picked":"Guardian:PiercingHide","floor":3},{"not_picked":["Guardian:Gem_Red","Guardian:RollAttack"],"picked":"Guardian:FloatingOrbs","floor":4},{"not_picked":["Guardian:Gem_Red","Guardian:Incinerate","Guardian:BronzeArmor"],"picked":"SKIP","floor":6},{"not_picked":["Guardian:FierceBash","Guardian:Reroute","Guardian:MultiBeam"],"picked":"SKIP","floor":9},{"not_picked":["Guardian:Harden","Guardian:ChargeCore"],"picked":"Guardian:Gem_Cyan","floor":10},{"not_picked":["Guardian:Gem_Green","Guardian:Preprogram","Guardian:RefractedBeam"],"picked":"SKIP","floor":12},{"not_picked":["Guardian:Preprogram","Guardian:Incinerate"],"picked":"Guardian:ChargeUp","floor":13},{"not_picked":["Guardian:BronzeOrb","Guardian:TemporalStrike","Guardian:ChargeCore"],"picked":"SKIP","floor":14},{"not_picked":["Guardian:Gem_Fragmented","Guardian:Gem_Lightblue","Guardian:ChargeCore"],"picked":"SKIP","floor":15}],"player_experience":1665806,"relics_obtained":[{"floor":9,"key":"Kunai"},{"floor":13,"key":"HollowMod:LifeEnderRelic"}],"event_choices":[],"is_beta":false,"boss_relics":[],"items_purged_floors":[],"is_endless":false,"potions_floor_spawned":[3,4,14,15],"killed_by":"DF_ARCHETYPE_STREAMLINE","ascension_level":6}}