{"host":"szkvl4ugkslb15zj","time":1613704081,"event":{"mods":["AchievementEnabler","BaseMod","Block Reminder","Card Forge","Colored Map","Colored Powertips","Duelist Mod","GifTheSpireLib","Hero for Fun","Marisa????????","Minty Spire (QoL Compilation)","Quick Restart","Rare Cards Sparkle","StSLib","The Animator","The Bug Knight","The Cursed","The Exalted","The Gatherer","The Judge","The Mystic","The Poker Player","The Runesmith","The Senshi","The Servant 0.9.4"],"gold_per_floor":[119,132,112,127,147,147,322,20,20,48,48,64,64,84,84,182,182,182,182,182,36,36,36,36,36,36,36,36,36,36,36,36,36,36],"floor_reached":33,"language":"ENG","playtime":1960,"items_purged":["Doubt"],"score":353,"play_id":"f0bca51c-13b9-4bc6-8bfa-ab868ec41433","local_time":"20210218190801","is_ascension_mode":true,"metric_token":1618,"campfire_choices":[{"data":"PokerPlayerMod:PoorCopy","floor":6.0,"key":"SMITH"},{"data":"PokerPlayerMod:MagicTrick","floor":11.0,"key":"SMITH"},{"floor":15.0,"key":"REST"},{"data":"PokerPlayerMod:SpadeStrike","floor":24.0,"key":"SMITH"},{"data":"PokerPlayerMod:SecretDealer","floor":28.0,"key":"SMITH"},{"floor":32.0,"key":"REST"}],"circlet_count":0,"master_deck":["PokerPlayerMod:Diamond1","PokerPlayerMod:Diamond2","PokerPlayerMod:Diamond3","PokerPlayerMod:Diamond4","PokerPlayerMod:Diamond5","PokerPlayerMod:Spade1","PokerPlayerMod:Spade2","PokerPlayerMod:Spade3","PokerPlayerMod:Spade4","PokerPlayerMod:Club1","PokerPlayerMod:Club2","PokerPlayerMod:Heart2","PokerPlayerMod:TrumpStrike","PokerPlayerMod:BadJoker","PokerPlayerMod:Mulligan","PokerPlayerMod:VarietyAttack","PokerPlayerMod:Trickery","PokerPlayerMod:DiamondStrike","PokerPlayerMod:SpadeStrike+1","PokerPlayerMod:PoorCopy+1","PokerPlayerMod:ClubDance","PokerPlayerMod:ClubShade","PokerPlayerMod:CloakAndDiamond","PokerPlayerMod:Raise","PokerPlayerMod:Raise","PokerPlayerMod:FlyingCard","PokerPlayerMod:MagicTrick+1","PokerPlayerMod:Fold","PokerPlayerMod:Heart5","PokerPlayerMod:Club10+","PokerPlayerMod:Extraction","PokerPlayerMod:CardBurn","PokerPlayerMod:ThinkingTime","PokerPlayerMod:Club10+","PokerPlayerMod:CloakAndDiamond+1","PokerPlayerMod:HotShotCut","PokerPlayerMod:SecretDealer+1","PokerPlayerMod:Club5","PokerPlayerMod:JackOfSpades"],"relics":["PokerPlayerMod:DeckCase","Hammer of Thor","Seething Fire","Anvil of the Gods","Orrery","Bromod:ArcaneAvenger","Bromod:ArcanePistoleer","MealTicket","Ectoplasm","Red Mask","DollysMirror","Bottled Flame","HornCleat","Bag of Marbles"],"acts_visited":["Exordium","TheCity"],"potions_floor_usage":[],"damage_taken":[{"damage":0.0,"enemies":"Cultist","floor":1.0,"turns":2.0},{"damage":0.0,"enemies":"Jaw Worm","floor":2.0,"turns":2.0},{"damage":0.0,"enemies":"2 Louse","floor":4.0,"turns":2.0},{"damage":10.0,"enemies":"Red Slaver","floor":5.0,"turns":2.0},{"damage":6.0,"enemies":"Gremlin Nob","floor":10.0,"turns":3.0},{"damage":4.0,"enemies":"Large Slime","floor":12.0,"turns":4.0},{"damage":3.0,"enemies":"3 Louse","floor":14.0,"turns":3.0},{"damage":8.0,"enemies":"Hexaghost","floor":16.0,"turns":8.0},{"damage":0.0,"enemies":"Spheric Guardian","floor":18.0,"turns":1.0},{"damage":0.0,"enemies":"Masked Bandits","floor":19.0,"turns":2.0},{"damage":10.0,"enemies":"Shell Parasite","floor":22.0,"turns":4.0},{"damage":16.0,"enemies":"Slavers","floor":23.0,"turns":5.0},{"damage":0.0,"enemies":"theDuelist:KaibaA2","floor":25.0,"turns":4.0},{"damage":24.0,"enemies":"Centurion and Healer","floor":29.0,"turns":6.0},{"damage":12.0,"enemies":"Snecko","floor":30.0,"turns":4.0},{"damage":4.0,"enemies":"Snake Plant","floor":31.0,"turns":2.0},{"damage":0,"enemies":"Collector","floor":33,"turns":1}],"seed_played":"-95950910112084258","potions_obtained":[{"floor":2.0,"key":"EssenceOfSteel"},{"floor":3.0,"key":"LiquidBronze"},{"floor":12.0,"key":"FearPotion"},{"floor":14.0,"key":"LiquidMemories"},{"floor":16.0,"key":"Fire Potion"},{"floor":22.0,"key":"SmokeBomb"},{"floor":23.0,"key":"CultistPotion"},{"floor":29.0,"key":"Fire Potion"}],"is_trial":false,"path_per_floor":["M","M","?","M","M","R","?","$","T","E","R","M","?","M","R","B",null,"M","?","?","$","M","E","R","E","T","?","R","M","M","M","R","B"],"character_chosen":"THE_POKER_PLAYER","items_purchased":["PokerPlayerMod:ClubDance","Orrery","DollysMirror"],"campfire_rested":2,"item_purchase_floors":[8,8,21],"current_hp_per_floor":[52,52,52,52,42,42,42,42,42,38,38,38,38,41,52,47,52,52,52,52,52,42,35,35,45,45,45,45,25,19,17,32,32,32],"gold":36,"neow_bonus":"ONE_RANDOM_RARE_CARD","is_daily":false,"chose_seed":false,"campfire_upgraded":4,"win_rate":0.0,"timestamp":1613704081,"path_taken":["M","M","?","?","M","R","?","$","T","E","R","M","?","?","R","BOSS","M","?","?","$","M","E","R","E","T","?","R","M","M","M","R","BOSS"],"items_purchased_type":["Card","Relic","Relic"],"build_version":"2020-12-22","purchased_purges":1,"victory":false,"max_hp_per_floor":[52,52,52,52,52,52,52,52,52,52,52,52,52,52,52,52,52,52,52,52,52,52,52,52,52,52,52,52,52,52,52,52,52,52],"card_choices":[{"not_picked":["PokerPlayerMod:ClubsClub","PokerPlayerMod:Spade1"],"picked":"PokerPlayerMod:Trickery","floor":1.0},{"not_picked":["PokerPlayerMod:Club5","PokerPlayerMod:Heart9"],"picked":"PokerPlayerMod:DiamondStrike","floor":2.0},{"not_picked":["PokerPlayerMod:Configure","PokerPlayerMod:Diamond3"],"picked":"PokerPlayerMod:SpadeStrike","floor":4.0},{"not_picked":["PokerPlayerMod:ClubShade","PokerPlayerMod:Diamond4"],"picked":"PokerPlayerMod:PoorCopy","floor":5.0},{"not_picked":["PokerPlayerMod:Trickery","PokerPlayerMod:Diamond2"],"picked":"PokerPlayerMod:ClubShade","floor":8.0},{"not_picked":["PokerPlayerMod:Spade1","PokerPlayerMod:Diamond3"],"picked":"PokerPlayerMod:CloakAndDiamond","floor":8.0},{"not_picked":["PokerPlayerMod:Spade5","PokerPlayerMod:Diamond4"],"picked":"PokerPlayerMod:Raise","floor":8.0},{"not_picked":["PokerPlayerMod:ClubDance","PokerPlayerMod:Diamond1"],"picked":"PokerPlayerMod:Raise","floor":8.0},{"not_picked":["PokerPlayerMod:Spade6","PokerPlayerMod:Heart4"],"picked":"PokerPlayerMod:FlyingCard","floor":8.0},{"not_picked":["PokerPlayerMod:Diamond1","PokerPlayerMod:SpadeStrike"],"picked":"PokerPlayerMod:MagicTrick","floor":10.0},{"not_picked":["PokerPlayerMod:Spade4","PokerPlayerMod:Club1"],"picked":"PokerPlayerMod:Fold","floor":12.0},{"not_picked":["PokerPlayerMod:Diamond1","PokerPlayerMod:Club2"],"picked":"PokerPlayerMod:Heart5","floor":14.0},{"not_picked":["PokerPlayerMod:SecretDealer","PokerPlayerMod:Diamond10+"],"picked":"PokerPlayerMod:Club10+","floor":16.0},{"not_picked":["PokerPlayerMod:CloakAndDiamond","PokerPlayerMod:Fold"],"picked":"PokerPlayerMod:Extraction","floor":18.0},{"not_picked":["PokerPlayerMod:ClubsClub+1","PokerPlayerMod:Fold"],"picked":"PokerPlayerMod:CardBurn","floor":19.0},{"not_picked":["PokerPlayerMod:Club2","PokerPlayerMod:SpadeStrike"],"picked":"PokerPlayerMod:CloakAndDiamond+1","floor":22.0},{"not_picked":["PokerPlayerMod:RoyalStrike","PokerPlayerMod:Diamond7"],"picked":"PokerPlayerMod:HotShotCut","floor":23.0},{"not_picked":["PokerPlayerMod:Spade3","PokerPlayerMod:ClubShade"],"picked":"PokerPlayerMod:SecretDealer","floor":25.0},{"not_picked":["PokerPlayerMod:Club3","PokerPlayerMod:Diamond1"],"picked":"PokerPlayerMod:Club5","floor":29.0},{"not_picked":["PokerPlayerMod:SpadeStrike","PokerPlayerMod:Diamond1"],"picked":"PokerPlayerMod:JackOfSpades","floor":30.0},{"not_picked":["PokerPlayerMod:Diamond2","PokerPlayerMod:Spade3","PokerPlayerMod:Raise"],"picked":"SKIP","floor":31.0}],"player_experience":254196,"relics_obtained":[{"floor":9.0,"key":"Bromod:ArcaneAvenger"},{"floor":10.0,"key":"Bromod:ArcanePistoleer"},{"floor":13.0,"key":"MealTicket"},{"floor":19.0,"key":"Red Mask"},{"floor":23.0,"key":"Bottled Flame"},{"floor":25.0,"key":"HornCleat"},{"floor":26.0,"key":"Bag of Marbles"}],"event_choices":[{"damage_healed":0.0,"max_hp_gain":0.0,"max_hp_loss":0.0,"gold_gain":0.0,"event_name":"The Woman in Blue","player_choice":"Bought 1 Potion","floor":3.0,"gold_loss":0.0,"damage_taken":0.0},{"damage_healed":0.0,"max_hp_gain":0.0,"max_hp_loss":0.0,"gold_gain":175.0,"event_name":"Liars Game","player_choice":"AGREE","floor":7.0,"gold_loss":0.0,"damage_taken":0.0,"cards_obtained":["Doubt"]},{"damage_healed":0.0,"max_hp_gain":0.0,"max_hp_loss":0.0,"gold_gain":0.0,"event_name":"Wheel of Change","player_choice":"Relic","floor":13.0,"gold_loss":0.0,"damage_taken":0.0},{"damage_healed":0.0,"max_hp_gain":0.0,"max_hp_loss":0.0,"gold_gain":0.0,"event_name":"Masked Bandits","player_choice":"Fought Bandits","floor":19.0,"gold_loss":0.0,"damage_taken":0.0},{"damage_healed":0.0,"max_hp_gain":0.0,"max_hp_loss":0.0,"gold_gain":0.0,"event_name":"PokerPlayerMod:Vampires","player_choice":"Think Hard","floor":20.0,"gold_loss":0.0,"damage_taken":0.0,"cards_obtained":["PokerPlayerMod:ThinkingTime"]}],"is_beta":false,"boss_relics":[{"not_picked":["Astrolabe","SacredBark"],"picked":"Ectoplasm"}],"items_purged_floors":[8],"is_endless":false,"potions_floor_spawned":[2,12,14,16,22,23,29,30],"killed_by":"Collector","ascension_level":1}}