{"host":"w4b7hmige5bnqipq","time":1613733208,"event":{"mods":["2.2 Compatiblity","BaseMod","Colored Map","DeckTracker","Keyboard Shortcuts","Minty Spire (QoL Compilation)","Permanent Neow","Rare Cards Sparkle","SuperFastMode","everything is the same but u backflip on backflip","slay the spire mod where everything is the same but ironclad has a cowboy hat"],"gold_per_floor":[115,115,128,141,141,141,156,156,225,225,57,73,73,73,73,150,150,167,10,10,10,23,23,23,34,111,125,141,141,158,83,83,83,83],"floor_reached":33,"language":"KOR","playtime":958,"items_purged":["Strike_G"],"score":474,"play_id":"a7e47791-9cc7-424c-b4dc-d6ec122a7917","local_time":"20210219191328","is_ascension_mode":true,"campfire_choices":[{"data":"Quick Slash","floor":6,"key":"SMITH"},{"floor":8,"key":"REST"},{"data":"Neutralize","floor":10,"key":"SMITH"},{"data":"Poisoned Stab","floor":13,"key":"SMITH"},{"data":"Backflip","floor":15,"key":"SMITH"},{"data":"Corpse Explosion","floor":23,"key":"SMITH"},{"data":"Reflex","floor":29,"key":"SMITH"},{"floor":32,"key":"REST"}],"circlet_count":0,"master_deck":["AscendersBane","Strike_G","Defend_G","Defend_G","Defend_G","Defend_G","Defend_G","Survivor","Neutralize+1","Quick Slash+1","Backflip+1","Reflex+1","Acrobatics","Poisoned Stab+1","Corpse Explosion+1","Eviscerate+1","Prepared+1","Calculated Gamble+1","Wraith Form v2"],"relics":["Empty Cage","Lizard Tail","Ninja Scroll","TheAbacus","Sozu","Snake Skull","Toxic Egg 2"],"acts_visited":["TheCity"],"potions_floor_usage":[3,7,16,16],"damage_taken":[{"damage":19,"enemies":"Cultist","floor":1,"turns":8},{"damage":4,"enemies":"Jaw Worm","floor":3,"turns":8},{"damage":1,"enemies":"Small Slimes","floor":4,"turns":4},{"damage":30,"enemies":"Exordium Thugs","floor":7,"turns":8},{"damage":0,"enemies":"2 Fungi Beasts","floor":12,"turns":3},{"damage":34,"enemies":"Hexaghost","floor":16,"turns":12},{"damage":10,"enemies":"Spheric Guardian","floor":18,"turns":4},{"damage":9,"enemies":"Shell Parasite","floor":22,"turns":4},{"damage":8,"enemies":"Snecko","floor":25,"turns":5},{"damage":6,"enemies":"Cultist and Chosen","floor":27,"turns":5},{"damage":6,"enemies":"3 Cultists","floor":28,"turns":3},{"damage":15,"enemies":"Centurion and Healer","floor":30,"turns":4},{"damage":40,"enemies":"Champ","floor":33,"turns":12}],"seed_played":"2982325078806373656","potions_obtained":[{"floor":1,"key":"EntropicBrew"},{"floor":7,"key":"Regen Potion"}],"is_trial":false,"path_per_floor":["M","T","M","M","?","R","M","R","T","R","$","M","R","?","R","B",null,"M","$","?","?","M","R","?","M","T","M","M","R","M","$","R","B"],"character_chosen":"THE_SILENT","items_purchased":["TheAbacus","Snake Skull"],"campfire_rested":2,"item_purchase_floors":[11,19],"current_hp_per_floor":[40,40,36,35,31,31,1,20,20,20,20,20,20,13,13,27,56,46,46,46,46,37,37,37,29,29,23,17,17,2,2,21,0,0],"gold":83,"neow_bonus":"BOSS_RELIC","is_daily":false,"chose_seed":false,"campfire_upgraded":6,"win_rate":0.0,"timestamp":1613733208,"path_taken":["M","?","M","?","?","R","M","R","T","R","?","M","R","?","R","BOSS","M","$","?","?","M","R","?","?","T","M","M","R","M","?","R","BOSS"],"items_purchased_type":["Relic","Relic"],"build_version":"2020-12-22","purchased_purges":1,"victory":false,"max_hp_per_floor":[66,66,66,66,66,66,66,66,66,66,66,66,66,66,66,66,66,66,66,66,66,66,66,66,66,66,66,66,66,66,66,66,66,66],"card_choices":[{"not_picked":["Deadly Poison","Flying Knee"],"picked":"Quick Slash","floor":1},{"not_picked":["Concentrate","Infinite Blades"],"picked":"Backflip","floor":3},{"not_picked":["Backstab","Outmaneuver"],"picked":"Reflex","floor":4},{"not_picked":["Prepared","Outmaneuver"],"picked":"Acrobatics","floor":7},{"not_picked":["Catalyst","Reflex"],"picked":"Poisoned Stab","floor":12},{"not_picked":["Wraith Form v2","A Thousand Cuts"],"picked":"Corpse Explosion","floor":16},{"not_picked":["Dagger Spray","Backflip"],"picked":"Eviscerate+1","floor":18},{"not_picked":["Bane","Backflip","Sucker Punch"],"picked":"SKIP","floor":22},{"not_picked":["Sucker Punch","Underhanded Strike","Cloak And Dagger"],"picked":"SKIP","floor":25},{"not_picked":["Blur+1","Acrobatics+1"],"picked":"Prepared+1","floor":27},{"not_picked":["Crippling Poison+1","Dagger Spray"],"picked":"Calculated Gamble+1","floor":28},{"not_picked":["Slice","Reflex+1"],"picked":"Wraith Form v2","floor":30}],"player_experience":783750,"relics_obtained":[{"floor":2,"key":"Lizard Tail"},{"floor":9,"key":"Ninja Scroll"},{"floor":26,"key":"Toxic Egg 2"}],"event_choices":[{"damage_healed":0,"gold_gain":0,"player_choice":"Bought 0 Potions","damage_taken":0,"max_hp_gain":0,"max_hp_loss":0,"event_name":"The Woman in Blue","floor":5,"gold_loss":0},{"cards_removed":["Strike_G"],"damage_healed":0,"gold_gain":0,"player_choice":"Card Removal","damage_taken":7,"max_hp_gain":0,"max_hp_loss":0,"event_name":"Golden Wing","floor":14,"gold_loss":0},{"damage_healed":0,"gold_gain":0,"player_choice":"Ignored","damage_taken":0,"max_hp_gain":0,"max_hp_loss":0,"event_name":"Vampires","floor":21,"gold_loss":0},{"damage_healed":0,"gold_gain":0,"player_choice":"Got Potions","damage_taken":0,"max_hp_gain":0,"max_hp_loss":0,"event_name":"Lab","floor":24,"gold_loss":0}],"is_beta":false,"boss_relics":[{"not_picked":["SlaversCollar","Ectoplasm"],"picked":"Sozu"}],"items_purged_floors":[31],"is_endless":false,"potions_floor_spawned":[1,4,7,22,27,28,30],"killed_by":"Champ","ascension_level":20}}