{"host":"2fgwwnzqc97k7iys","time":1613766689,"event":{"mods":["BaseMod","Colored Map","Minty Spire (QoL Compilation)","Quick Restart","Relic Stats"],"gold_per_floor":[116,128,138,138,155,155,180,180,480,480,72,82,82,109,109,206,206,225,242,142,142,142],"floor_reached":21,"language":"ENG","playtime":999,"items_purged":["Strike_P","Strike_P"],"score":396,"play_id":"92a4529c-1e54-4030-9406-845c5b2edcb3","local_time":"20210219143129","is_ascension_mode":true,"campfire_choices":[{"data":"Eruption","floor":6,"key":"SMITH"},{"data":"Judgement","floor":8,"key":"SMITH"},{"data":"EmptyFist","floor":10,"key":"SMITH"},{"data":"Adaptation","floor":15,"key":"SMITH"}],"circlet_count":0,"master_deck":["AscendersBane","Strike_P","Strike_P","Defend_P","Defend_P","Defend_P","Defend_P","Eruption+1","Vigilance","EmptyFist+1","Wireheading","CutThroughFate","ThirdEye","Judgement+1","BowlingBash","Adaptation+1","Tantrum","CutThroughFate","DeusExMachina","CurseOfTheBell","JustLucky"],"relics":["PureWater","NeowsBlessing","CloakClasp","Old Coin","Matryoshka","Pantograph","Calling Bell","Vajra","Meat on the Bone","Mango"],"acts_visited":["TheCity"],"potions_floor_usage":[7,16],"damage_taken":[{"damage":0,"enemies":"Cultist","floor":1,"turns":1},{"damage":0,"enemies":"Jaw Worm","floor":2,"turns":1},{"damage":0,"enemies":"2 Louse","floor":3,"turns":1},{"damage":7,"enemies":"2 Fungi Beasts","floor":5,"turns":3},{"damage":15,"enemies":"Lagavulin","floor":7,"turns":7},{"damage":0,"enemies":"Looter","floor":12,"turns":2},{"damage":0,"enemies":"3 Sentries","floor":14,"turns":4},{"damage":0,"enemies":"Slime Boss","floor":16,"turns":4},{"damage":4,"enemies":"Chosen","floor":18,"turns":3},{"damage":8,"enemies":"Shell Parasite","floor":19,"turns":3},{"damage":79,"enemies":"Snake Plant","floor":21,"turns":4}],"seed_played":"5737692719248958105","potions_obtained":[{"floor":2,"key":"SneckoOil"},{"floor":3,"key":"Fruit Juice"},{"floor":14,"key":"FearPotion"},{"floor":18,"key":"BottledMiracle"}],"is_trial":false,"path_per_floor":["M","M","M","?","M","R","E","R","T","R","$","M","?","E","R","B",null,"M","M","$","M"],"character_chosen":"WATCHER","items_purchased":["BowlingBash","Adaptation","Matryoshka"],"campfire_rested":0,"item_purchase_floors":[11,11,11],"current_hp_per_floor":[65,65,65,65,58,58,43,43,43,43,43,43,43,43,43,68,85,81,73,73,0,0],"gold":142,"neow_bonus":"THREE_ENEMY_KILL","is_daily":false,"chose_seed":false,"campfire_upgraded":4,"win_rate":0.0,"timestamp":1613766689,"path_taken":["M","?","M","?","M","R","E","R","T","R","$","M","?","E","R","BOSS","M","M","$","?"],"items_purchased_type":["Card","Card","Relic"],"build_version":"2020-12-22","purchased_purges":2,"victory":false,"max_hp_per_floor":[72,72,72,72,72,72,72,72,72,72,72,72,72,72,72,72,86,86,86,86,86,86],"relic_stats":{"counters":[11,33],"Pantograph":25,"CloakClasp":[48],"obtain_stats":[{"Calling Bell":17,"Matryoshka":11,"NeowsBlessing":0,"Pantograph":14,"Vajra":17,"Mango":17,"CloakClasp":7,"PureWater":0,"Old Coin":9,"Meat on the Bone":17},{"Calling Bell":8,"Matryoshka":5,"NeowsBlessing":0,"Pantograph":7,"Vajra":8,"Mango":8,"CloakClasp":5,"PureWater":0,"Old Coin":5,"Meat on the Bone":8},{"Calling Bell":23,"Matryoshka":13,"NeowsBlessing":0,"Pantograph":19,"Vajra":23,"Mango":23,"CloakClasp":13,"PureWater":0,"Old Coin":13,"Meat on the Bone":23}],"Meat on the Bone":0},"card_choices":[{"not_picked":["EmptyBody","EmptyMind"],"picked":"EmptyFist","floor":1},{"not_picked":["PathToVictory","Worship"],"picked":"Wireheading","floor":2},{"not_picked":["PathToVictory","Nirvana"],"picked":"CutThroughFate","floor":3},{"not_picked":["Indignation","CutThroughFate"],"picked":"ThirdEye","floor":5},{"not_picked":["Wish","Pray"],"picked":"Judgement","floor":7},{"not_picked":["EmptyBody","SignatureMove"],"picked":"Tantrum","floor":12},{"not_picked":["Prostrate","PathToVictory"],"picked":"CutThroughFate","floor":14},{"not_picked":["LessonLearned","Establishment"],"picked":"DeusExMachina","floor":16},{"not_picked":["Wireheading","Fasting2","EmptyFist"],"picked":"SKIP","floor":18},{"not_picked":["ThirdEye","BowlingBash"],"picked":"JustLucky","floor":19}],"player_experience":627973,"relics_obtained":[{"floor":7,"key":"CloakClasp"},{"floor":9,"key":"Old Coin"},{"floor":14,"key":"Pantograph"},{"floor":17,"key":"Vajra"},{"floor":17,"key":"Meat on the Bone"},{"floor":17,"key":"Mango"}],"event_choices":[{"damage_healed":0,"gold_gain":0,"player_choice":"Ignored","damage_taken":0,"max_hp_gain":0,"max_hp_loss":0,"event_name":"Liars Game","floor":4,"gold_loss":0},{"damage_healed":0,"gold_gain":0,"player_choice":"0 cards matched","damage_taken":0,"max_hp_gain":0,"max_hp_loss":0,"event_name":"Match and Keep!","floor":13,"gold_loss":0,"cards_obtained":[]}],"is_beta":false,"boss_relics":[{"not_picked":["SacredBark","Snecko Eye"],"picked":"Calling Bell"}],"items_purged_floors":[11,20],"is_endless":false,"potions_floor_spawned":[2,3,14,18],"killed_by":"Snake Plant","ascension_level":10}}