{"host":"6152go0anyt7mc9e","time":1613733780,"event":{"mods":["BaseMod","Colored Map","Minty Spire (QoL Compilation)","StSLib"],"gold_per_floor":[144,189,189,234,279,279,369,44,69,114,114,204,104,149,149,449,449,494,186,231,146,146,236,281,281,281,371,416,461,311,356,356,665,665,719,779,779,454,364,454,499,499,499,544,544,634,659,713,713,713],"floor_reached":51,"language":"ZHT","playtime":1823,"items_purged":["Searing Blow","Pain","Redo","Compile Driver","Warcry"],"score":857,"play_id":"f6751b0a-c698-4a49-89b8-bcf2de4c91aa","local_time":"20210219192300","daily_mods":["Insanity","Blue Cards","Midas"],"is_ascension_mode":false,"campfire_choices":[{"floor":15.0,"key":"REST"},{"floor":32.0,"key":"REST"},{"floor":42.0,"key":"REST"},{"floor":49.0,"key":"REST"}],"circlet_count":0,"master_deck":["Uppercut","Rebound","Aggregate","Streamline","Melter","Rebound","Hologram","Twin Strike","Headbutt","Coolheaded","Ball Lightning","Streamline","Go for the Eyes","True Grit","Skim","White Noise","Flex","Disarm","Sweeping Beam+1","Gash","Battle Trance+1","Anger+1","Undo","Stack","Stack+1","Steam","Pummel","Aggregate","Rage","Rampage","Sweeping Beam","Reprogram","Gash","Ball Lightning+1","Hologram","Blood for Blood","Heavy Blade","Shrug It Off","Anger","Havoc","Rage","Combust","Inflame","Rebound","Brutality+1","Inflame+1","Offering","Havoc+1","Armaments+1"],"relics":["Black Blood","Mummified Hand","Frozen Egg 2","Ancient Tea Set","WarpedTongs","Lantern","Brimstone","Potion Belt","Pen Nib","CeramicFish","Letter Opener","SacredBark","StoneCalendar","Whetstone","War Paint","Orichalcum","Shuriken","PreservedInsect"],"acts_visited":["Exordium","TheCity","TheBeyond"],"potions_floor_usage":[50,50,50,50,50],"damage_taken":[{"damage":0.0,"enemies":"Small Slimes","floor":1.0,"turns":1.0},{"damage":0.0,"enemies":"2 Louse","floor":2.0,"turns":2.0},{"damage":0.0,"enemies":"Cultist","floor":4.0,"turns":2.0},{"damage":7.0,"enemies":"2 Fungi Beasts","floor":5.0,"turns":3.0},{"damage":13.0,"enemies":"Lagavulin","floor":7.0,"turns":6.0},{"damage":0.0,"enemies":"Exordium Thugs","floor":10.0,"turns":3.0},{"damage":13.0,"enemies":"3 Sentries","floor":12.0,"turns":3.0},{"damage":0.0,"enemies":"3 Louse","floor":14.0,"turns":1.0},{"damage":26.0,"enemies":"Slime Boss","floor":16.0,"turns":4.0},{"damage":20.0,"enemies":"Shell Parasite","floor":18.0,"turns":4.0},{"damage":14.0,"enemies":"Chosen","floor":20.0,"turns":3.0},{"damage":3.0,"enemies":"Book of Stabbing","floor":23.0,"turns":4.0},{"damage":36.0,"enemies":"Snake Plant","floor":24.0,"turns":3.0},{"damage":37.0,"enemies":"Slavers","floor":27.0,"turns":3.0},{"damage":9.0,"enemies":"Centurion and Healer","floor":28.0,"turns":3.0},{"damage":3.0,"enemies":"Cultist and Chosen","floor":29.0,"turns":4.0},{"damage":3.0,"enemies":"3 Cultists","floor":31.0,"turns":3.0},{"damage":21.0,"enemies":"Automaton","floor":33.0,"turns":4.0},{"damage":28.0,"enemies":"3 Shapes","floor":35.0,"turns":2.0},{"damage":30.0,"enemies":"2 Orb Walkers","floor":36.0,"turns":3.0},{"damage":13.0,"enemies":"Giant Head","floor":40.0,"turns":6.0},{"damage":8.0,"enemies":"3 Darklings","floor":41.0,"turns":2.0},{"damage":13.0,"enemies":"Writhing Mass","floor":44.0,"turns":2.0},{"damage":26.0,"enemies":"Reptomancer","floor":46.0,"turns":5.0},{"damage":4.0,"enemies":"Transient","floor":48.0,"turns":5.0},{"damage":60,"enemies":"Awakened One","floor":50,"turns":5}],"seed_played":"778547550210687013","potions_obtained":[{"floor":1.0,"key":"SpeedPotion"},{"floor":5.0,"key":"Ancient Potion"},{"floor":12.0,"key":"SteroidPotion"},{"floor":16.0,"key":"DuplicationPotion"},{"floor":20.0,"key":"Block Potion"},{"floor":23.0,"key":"PowerPotion"},{"floor":28.0,"key":"ElixirPotion"},{"floor":33.0,"key":"Energy Potion"},{"floor":40.0,"key":"Swift Potion"}],"is_trial":false,"path_per_floor":["M","M","?","M","M","?","E","$","T","M","?","E","$","M","R","B",null,"M","$","M","?","$","E","M","?","T","E","M","M","$","M","R","B",null,"M","?","?","$","?","E","M","R","T","M","?","E","T","M","R","B",null],"character_chosen":"IRONCLAD","items_purchased":["Frozen Egg 2","Brimstone","Inflame+1","Whetstone"],"campfire_rested":4,"item_purchase_floors":[8,19,19,38],"current_hp_per_floor":[80,80,85,85,84,85,78,78,78,84,84,77,77,83,85,65,85,77,77,75,75,75,84,60,85,85,60,63,72,72,81,85,76,85,69,51,51,51,51,50,54,79,79,78,78,64,64,72,81,33],"gold":713,"neow_bonus":"","is_daily":true,"chose_seed":false,"campfire_upgraded":0,"win_rate":0.0,"timestamp":1613733780,"path_taken":["M","M","?","M","M","?","E","$","T","?","?","E","$","M","R","BOSS","M","$","M","?","$","E","M","?","T","E","?","M","$","M","R","BOSS","M","?","?","$","?","E","M","R","T","?","?","E","?","M","R","BOSS"],"items_purchased_type":["Relic","Relic","Card","Relic"],"build_version":"2020-12-22","purchased_purges":5,"victory":true,"max_hp_per_floor":[80,80,85,85,85,85,85,85,85,85,85,85,85,85,85,85,85,85,85,85,85,85,85,85,85,85,85,85,85,85,85,85,85,85,85,85,85,85,85,85,85,85,85,85,81,81,81,81,81,81],"card_choices":[{"not_picked":["Consume","Undo","Reprogram"],"picked":"SKIP","floor":1.0},{"not_picked":["Beam Cell","Cold Snap","Power Through"],"picked":"SKIP","floor":2.0},{"not_picked":["Beam Cell","Cold Snap","Power Through"],"picked":"SKIP","floor":2.0},{"not_picked":["Ball Lightning","Pommel Strike","Body Slam"],"picked":"SKIP","floor":4.0},{"not_picked":["Auto Shields","Armaments","Rainbow"],"picked":"SKIP","floor":5.0},{"not_picked":["Sweeping Beam","Rebound","Heatsinks"],"picked":"SKIP","floor":7.0},{"not_picked":["Fusion","Streamline","Sweeping Beam"],"picked":"SKIP","floor":10.0},{"not_picked":["Ghostly Armor","Compile Driver","Defragment+1"],"picked":"SKIP","floor":12.0},{"not_picked":["Gash","Cold Snap","FTL"],"picked":"SKIP","floor":14.0},{"not_picked":["Barricade+1","Berserk+1"],"picked":"Brutality+1","floor":16.0},{"not_picked":["Compile Driver","Sweeping Beam","Leap+1"],"picked":"SKIP","floor":18.0},{"not_picked":["Dropkick","Hemokinesis+1","Glacier+1"],"picked":"SKIP","floor":20.0},{"not_picked":["Seeing Red","Turbo","Berserk+1"],"picked":"SKIP","floor":23.0},{"not_picked":["BootSequence","Rebound","Shrug It Off"],"picked":"SKIP","floor":24.0},{"not_picked":["Turbo+1","Compile Driver+1","Searing Blow"],"picked":"SKIP","floor":27.0},{"not_picked":["Flex","Carnage","Leap"],"picked":"SKIP","floor":28.0},{"not_picked":["Loop+1","Ball Lightning","Blizzard+1"],"picked":"SKIP","floor":29.0},{"not_picked":["Redo","Leap","Flex"],"picked":"SKIP","floor":31.0},{"not_picked":["Electrodynamics+1","Berserk+1"],"picked":"Offering","floor":33.0},{"not_picked":["True Grit+1","Thunderclap+1"],"picked":"Havoc+1","floor":35.0},{"not_picked":["Compile Driver+1","Streamline+1","Rupture+1"],"picked":"SKIP","floor":40.0},{"not_picked":["Storm+1","Power Through+1","Streamline+1"],"picked":"SKIP","floor":41.0},{"not_picked":["True Grit","Iron Wave","Rebound+1"],"picked":"SKIP","floor":44.0},{"not_picked":["Pommel Strike","Heavy Blade","Armaments"],"picked":"SKIP","floor":46.0},{"not_picked":["Cold Snap","Beam Cell"],"picked":"Armaments+1","floor":48.0}],"player_experience":1550896,"relics_obtained":[{"floor":7.0,"key":"Mummified Hand"},{"floor":9.0,"key":"Ancient Tea Set"},{"floor":12.0,"key":"Lantern"},{"floor":23.0,"key":"Pen Nib"},{"floor":26.0,"key":"CeramicFish"},{"floor":27.0,"key":"Letter Opener"},{"floor":36.0,"key":"StoneCalendar"},{"floor":40.0,"key":"War Paint"},{"floor":43.0,"key":"Orichalcum"},{"floor":46.0,"key":"Shuriken"},{"floor":47.0,"key":"PreservedInsect"}],"event_choices":[{"damage_healed":0.0,"max_hp_gain":5.0,"max_hp_loss":0.0,"gold_gain":0.0,"event_name":"Big Fish","player_choice":"Donut","floor":3.0,"gold_loss":0.0,"damage_taken":0.0},{"cards_removed":["Evolve"],"damage_healed":1.0,"max_hp_gain":0.0,"max_hp_loss":0.0,"gold_gain":0.0,"event_name":"Bonfire Elementals","player_choice":"Offered Uncommon","floor":6.0,"gold_loss":0.0,"damage_taken":0.0},{"damage_healed":0.0,"max_hp_gain":0.0,"max_hp_loss":0.0,"gold_gain":0.0,"event_name":"Accursed Blacksmith","player_choice":"Rummage","floor":11.0,"gold_loss":0.0,"damage_taken":0.0,"relics_obtained":["WarpedTongs"],"cards_obtained":["Pain"]},{"damage_healed":0.0,"max_hp_gain":0.0,"max_hp_loss":0.0,"gold_gain":0.0,"event_name":"Addict","player_choice":"Obtained Relic","floor":21.0,"gold_loss":85.0,"damage_taken":0.0,"relics_obtained":["Potion Belt"]},{"damage_healed":25.0,"max_hp_gain":0.0,"max_hp_loss":0.0,"gold_gain":0.0,"event_name":"Wheel of Change","player_choice":"Full Heal","floor":25.0,"gold_loss":0.0,"damage_taken":0.0},{"damage_healed":0.0,"max_hp_gain":0.0,"max_hp_loss":0.0,"gold_gain":0.0,"event_name":"Mysterious Sphere","player_choice":"Fight","floor":36.0,"gold_loss":0.0,"damage_taken":0.0},{"damage_healed":0.0,"max_hp_gain":0.0,"max_hp_loss":0.0,"gold_gain":0.0,"event_name":"Tomb of Lord Red Mask","player_choice":"Ignored","floor":37.0,"gold_loss":0.0,"damage_taken":0.0},{"cards_removed":["Warcry"],"damage_healed":0.0,"max_hp_gain":0.0,"max_hp_loss":0.0,"gold_gain":0.0,"event_name":"Designer","player_choice":"Upgrade and Remove","floor":39.0,"gold_loss":90.0,"damage_taken":0.0,"cards_upgraded":["Anger"]},{"damage_healed":0.0,"max_hp_gain":0.0,"max_hp_loss":4.0,"gold_gain":0.0,"event_name":"Winding Halls","player_choice":"Max HP","floor":45.0,"gold_loss":0.0,"damage_taken":0.0}],"is_beta":false,"boss_relics":[{"not_picked":["Mark of Pain","Tiny House"],"picked":"Black Blood"},{"not_picked":["Philosopher\u0027s Stone","Runic Dome"],"picked":"SacredBark"}],"items_purged_floors":[8,13,19,30,38],"is_endless":false,"potions_floor_spawned":[1,5,12,16,20,23,28,33,40,41,46,48],"ascension_level":0}}