{"host":"jz4ul6vrcxqkcr33","time":1613767114,"event":{"mods":["BaseMod","Minty Spire (QoL Compilation)","StSLib"],"gold_per_floor":[110,110,210,224,242,242,275,287,311,311,311],"floor_reached":10,"language":"ENG","playtime":356,"items_purged":[],"score":105,"play_id":"3560c8e9-6840-4577-8df9-b253a11a6460","local_time":"20210219153834","is_ascension_mode":true,"campfire_choices":[{"data":"Core Surge","floor":6,"key":"SMITH"}],"circlet_count":0,"master_deck":["AscendersBane","Strike_B","Strike_B","Strike_B","Defend_B","Defend_B","Defend_B","Defend_B","Zap","Dualcast","Gash","Core Surge+1","Leap","Cold Snap","White Noise","Barrage"],"relics":["Sozu","Centennial Puzzle","Orichalcum"],"acts_visited":["Exordium"],"potions_floor_usage":[],"damage_taken":[{"damage":4,"enemies":"Jaw Worm","floor":1,"turns":4},{"damage":6,"enemies":"Cultist","floor":4,"turns":4},{"damage":8,"enemies":"Small Slimes","floor":5,"turns":3},{"damage":32,"enemies":"3 Sentries","floor":7,"turns":17},{"damage":1,"enemies":"2 Fungi Beasts","floor":8,"turns":3},{"damage":17,"enemies":"Gremlin Nob","floor":10,"turns":4}],"seed_played":"-5801082352412581930","potions_obtained":[],"is_trial":false,"path_per_floor":["M","?","?","M","M","R","E","M","T","E"],"character_chosen":"DEFECT","items_purchased":[],"campfire_rested":0,"item_purchase_floors":[],"current_hp_per_floor":[64,64,64,58,50,50,18,17,17,0,0],"gold":311,"neow_bonus":"BOSS_RELIC","is_daily":false,"chose_seed":false,"campfire_upgraded":1,"win_rate":0.0,"timestamp":1613767114,"path_taken":["M","?","?","M","M","R","E","M","T","E"],"items_purchased_type":[],"build_version":"2020-12-13","purchased_purges":0,"victory":false,"max_hp_per_floor":[75,75,75,75,75,75,75,75,75,75,75],"card_choices":[{"not_picked":["Loop","Hologram"],"picked":"Gash","floor":1},{"not_picked":["Barrage","Blizzard"],"picked":"Leap","floor":4},{"not_picked":["Loop","Reinforced Body"],"picked":"Cold Snap","floor":5},{"not_picked":["Turbo","Reinforced Body"],"picked":"White Noise","floor":7},{"not_picked":["Stack","Redo"],"picked":"Barrage","floor":8}],"player_experience":256942,"relics_obtained":[{"floor":7,"key":"Centennial Puzzle"},{"floor":9,"key":"Orichalcum"}],"event_choices":[{"damage_healed":0,"gold_gain":0,"cards_transformed":["Strike_B"],"player_choice":"Change","damage_taken":0,"max_hp_gain":0,"max_hp_loss":0,"event_name":"Living Wall","floor":2,"gold_loss":0,"cards_obtained":["Core Surge"]},{"damage_healed":0,"gold_gain":100,"player_choice":"Pray","damage_taken":0,"max_hp_gain":0,"max_hp_loss":0,"event_name":"Golden Shrine","floor":3,"gold_loss":0}],"is_beta":false,"boss_relics":[],"items_purged_floors":[],"is_endless":false,"potions_floor_spawned":[5,7],"killed_by":"Gremlin Nob","ascension_level":11}}