{"host":"snd6571rw3150vxe","time":1613763251,"event":{"mods":["AchievementEnabler","BaseMod","Bestiary","Colored Powertips","Highlight Path","Minty Spire (QoL Compilation)","Quick Restart","Random Character Button","Relic Stats","StSLib","slay the spire mod where everything is the same but ironclad has a cowboy hat"],"gold_per_floor":[116,116,116,136,136,168,168,187,187,202,213,23,37,54,54,156,156,167,182,132,312,199,199,124,124,151,151,168,181,93,93,93,93,93],"floor_reached":33,"language":"ENG","playtime":1058,"items_purged":["Strike_R","Strike_R","Defend_R","Defend_R","Strike_R"],"score":272,"play_id":"f8f76490-6bc6-4f06-9e2f-fbbaef20cb5d","local_time":"20210219213411","is_ascension_mode":false,"campfire_choices":[{"data":"Dropkick","floor":7,"key":"SMITH"},{"data":"Bash","floor":15,"key":"SMITH"},{"floor":23,"key":"REST"},{"floor":25,"key":"REST"},{"floor":32,"key":"REST"}],"circlet_count":0,"master_deck":["Strike_R","Strike_R","Defend_R","Defend_R","Bash+1","Dropkick+1","Iron Wave"],"relics":["Burning Blood","NeowsBlessing","Du-Vu Doll","CaptainsWheel","Membership Card","Black Star","Tiny Chest"],"acts_visited":["Exordium","TheCity"],"potions_floor_usage":[16,29,33],"damage_taken":[{"damage":0.0,"enemies":"Cultist","floor":1.0,"turns":1.0},{"damage":0.0,"enemies":"Jaw Worm","floor":4.0,"turns":1.0},{"damage":0,"enemies":"3 Sentries","floor":6,"turns":2},{"damage":7,"enemies":"Small Slimes","floor":8,"turns":3},{"damage":21,"enemies":"Exordium Thugs","floor":10,"turns":6},{"damage":1,"enemies":"Exordium Wildlife","floor":11,"turns":3},{"damage":17,"enemies":"3 Louse","floor":13,"turns":4},{"damage":7,"enemies":"Exordium Thugs","floor":14,"turns":4},{"damage":46,"enemies":"The Guardian","floor":16,"turns":14},{"damage":5,"enemies":"Chosen","floor":18,"turns":4},{"damage":34,"enemies":"Shell Parasite","floor":19,"turns":5},{"damage":47,"enemies":"Centurion and Healer","floor":28,"turns":7},{"damage":10,"enemies":"Snecko","floor":29,"turns":4},{"damage":92,"enemies":"Champ","floor":33,"turns":13}],"seed_played":"-9152770535339308987","potions_obtained":[{"floor":6,"key":"Strength Potion"},{"floor":10,"key":"BlessingOfTheForge"},{"floor":11,"key":"Dexterity Potion"},{"floor":18,"key":"Dexterity Potion"}],"is_trial":false,"path_per_floor":["M","$","?","M","$","E","R","M","T","M","M","$","M","M","R","B",null,"M","M","$","?","$","R","$","R","T","?","M","M","$","?","R","B"],"character_chosen":"IRONCLAD","items_purchased":["Membership Card","FairyPotion"],"campfire_rested":3,"item_purchase_floors":[12,22],"current_hp_per_floor":[80,80,80,80,80,80,80,79,79,64,69,69,58,57,57,17,80,80,52,52,33,33,57,57,80,80,80,39,35,35,20,45,0,0],"gold":93,"neow_bonus":"THREE_ENEMY_KILL","is_daily":false,"chose_seed":false,"campfire_upgraded":2,"win_rate":0.0,"timestamp":1613763251,"path_taken":["M","?","?","M","$","E","R","M","T","M","?","$","M","M","R","BOSS","M","M","$","?","?","R","?","R","T","?","M","?","$","?","R","BOSS"],"items_purchased_type":["Relic","Potion"],"build_version":"2020-12-22","purchased_purges":5,"victory":false,"max_hp_per_floor":[80,80,80,80,80,80,80,80,80,80,80,80,80,80,80,80,80,80,80,80,80,80,80,80,80,80,80,80,80,80,85,85,85,85],"relic_stats":{"counters":[14,71],"Tiny Chest":0,"Black Star":0,"obtain_stats":[{"Du-Vu Doll":6,"CaptainsWheel":9,"NeowsBlessing":0,"Tiny Chest":26,"Black Star":17,"Membership Card":12,"Burning Blood":0},{"Du-Vu Doll":3,"CaptainsWheel":4,"NeowsBlessing":0,"Tiny Chest":11,"Black Star":9,"Membership Card":6,"Burning Blood":0},{"Du-Vu Doll":4,"CaptainsWheel":7,"NeowsBlessing":0,"Tiny Chest":47,"Black Star":38,"Membership Card":16,"Burning Blood":0}],"Burning Blood":59},"card_choices":[{"not_picked":["Shrug It Off","Infernal Blade","Heavy Blade"],"picked":"SKIP","floor":1.0},{"not_picked":["Feel No Pain","Body Slam","Flame Barrier"],"picked":"SKIP","floor":4},{"not_picked":["Burning Pact","Pommel Strike"],"picked":"Dropkick","floor":6},{"not_picked":["Shrug It Off","Sword Boomerang","Clash"],"picked":"SKIP","floor":8},{"not_picked":["Havoc","Headbutt","Rupture"],"picked":"SKIP","floor":10},{"not_picked":["Sentinel","Wild Strike","Anger"],"picked":"SKIP","floor":11},{"not_picked":["Rupture","Disarm","Clothesline"],"picked":"SKIP","floor":13},{"not_picked":["Warcry","Flex","Barricade"],"picked":"SKIP","floor":14},{"not_picked":["Clash","Clothesline","Armaments"],"picked":"SKIP","floor":18},{"not_picked":["Power Through+1","Clash+1","Sentinel"],"picked":"SKIP","floor":19},{"not_picked":["Intimidate","Hemokinesis","Headbutt"],"picked":"SKIP","floor":28},{"not_picked":["Warcry","Cleave+1","Rupture"],"picked":"SKIP","floor":29}],"player_experience":369844,"relics_obtained":[{"floor":6,"key":"Du-Vu Doll"},{"floor":9,"key":"CaptainsWheel"},{"floor":26,"key":"Tiny Chest"}],"event_choices":[{"damage_healed":0.0,"max_hp_gain":0.0,"max_hp_loss":0.0,"gold_gain":0.0,"event_name":"WeMeetAgain","player_choice":"Ignored","floor":3.0,"gold_loss":0.0,"damage_taken":0.0},{"damage_healed":0,"gold_gain":180,"player_choice":"GOLD GOLD ","damage_taken":19,"max_hp_gain":0,"max_hp_loss":0,"event_name":"Knowing Skull","floor":21,"potions_obtained":[],"gold_loss":0,"cards_obtained":[]},{"damage_healed":0,"gold_gain":0,"player_choice":"Read","damage_taken":0,"max_hp_gain":0,"max_hp_loss":0,"event_name":"The Library","floor":27,"gold_loss":0,"cards_obtained":["Iron Wave"]},{"damage_healed":0,"gold_gain":0,"player_choice":"Shed Blood","damage_taken":20,"max_hp_gain":5,"max_hp_loss":0,"event_name":"Forgotten Altar","floor":31,"gold_loss":0}],"is_beta":false,"boss_relics":[{"not_picked":["Ectoplasm","Philosopher\u0027s Stone"],"picked":"Black Star"}],"items_purged_floors":[12,20,22,24,30],"is_endless":false,"potions_floor_spawned":[6,10,11,18],"killed_by":"Champ","ascension_level":0}}