{"host":"eny0bxnatoru6fum","time":1613693442,"event":{"mods":["100% Spire Juice","A Magickal Journey","AchievementEnabler","AlwaysNeverKeys","Aspiration","BaseMod","Beaked The Cultist","Better Note","BetterRewards","Colored Map","Colored Powertips","Conspire","Curses Come First","DeckTracker","Duelist Mod","Energized Spire","Glutton Mod","Halation","Hubris","Infinite Spire","Jedi Mod","Lobotomy","LobotomyExtend","Marisa????????","Minty Spire (QoL Compilation)","Permanent Neow","Relic Sorter","Replay The Spire","Shop Mod","Spicy Shops","Spikes Relics","StSLib","Synergy Search","The Alterego","The Animator","The Blue Laboratory","The Bug Knight","The Cursed","The Hierophant","The Jungle","The Problem Sleuth","The Runesmith","The Sage","The Servant 0.9.4","The Spell Scribe","Waifu the Spire"],"gold_per_floor":[10,30,49,49,49,78,78,78,101,121,121,151,170,216,96,195,75,63,63,75,90,110,137,137,137,167,47,47,47,47,47,59,87,87,186,66,36,36,56,68,159,188,188,239,264,297,192,205,234,244,244,244,244,244,81,107,107],"floor_reached":58,"language":"ENG","playtime":10885,"items_purged":["Moonworks:Strike","Regret"],"score":1417,"play_id":"ec6a59de-617f-4283-afa4-6a8f46132180","local_time":"20210218181042","is_ascension_mode":false,"campfire_choices":[{"floor":8.0,"key":"REST"},{"floor":11.0,"key":"REST"},{"floor":15.0,"key":"RECALL"},{"data":"Moonworks:Bloodlust","floor":27.0,"key":"SMITH"},{"data":"Moonworks:Dinner","floor":31.0,"key":"SMITH"},{"data":"Moonworks:MiracleWalker","floor":34.0,"key":"SMITH"},{"floor":43.0,"key":"REST"},{"floor":54,"key":"REST"}],"circlet_count":0,"master_deck":["Moonworks:Strike","Moonworks:Strike","Moonworks:Defend","Moonworks:Defend","Moonworks:Defend","Moonworks:Defend","Moonworks:Ambush","Moonworks:LongDistanceShot","Moonworks:JonathanRush","Moonworks:JonathanRush","Moonworks:MiracleWalker+1","Moonworks:WindyEnchantment","Moonworks:Dinner+1","Moonworks:NicePresent","Moonworks:AngelHand","Moonworks:HolyNight","Moonworks:RedAndBlue","alterego_mod:Rake","Moonworks:JonathanRush","Moonworks:EvilSpyWorkPreparation+1","Moonworks:EvilSpyWorkPreparation","Moonworks:Bloodlust+1","Moonworks:SealedMemories+1","Moonworks:NicePresent","infinitespire:NeuralNetwork","Moonworks:CrystalBarrier","Moonworks:NicePresent+1","Moonworks:AwakeningOfTalent+1","Moonworks:Encore","Moonworks:CloudOfSeagulls","Moonworks:EvilSpyWorkPreparation","Moonworks:BackdoorTrade+1","Moonworks:JonathanRush+1","Moonworks:NicePresent","Moonworks:JonathanRush+1","Moonworks:ReflectiveShell","Moonworks:MiracleWalker"],"relics":["Moonworks:BrokenBomb","Moonworks:Homemark","hubris:Icosahedron","LetterFromLob","aspiration:TomeofQuesting","infinitespire:FocusingShard","Runesmith:Nanobots","MealTicket","Ring of Chaos","SnailShell","infinitespire:PuzzleCube","hubris:FunFungus","aspiration:EmptySkull","Fusion Hammer","conspire:GiftBox","CosmicIsotope","conspire:GlowingRock","halation:PenCase","aspiration:ChemicalBlood","jedi:shrinkray","aspiration:Lifesprig","ReplayTheSpireMod:CursedCoin","ReplayTheSpireMod:Ninjato","BlackRope"],"acts_visited":["Exordium","TheCity","TheBeyond","TheEnding"],"potions_floor_usage":[56,57,57,57,57],"damage_taken":[{"damage":6.0,"enemies":"Jaw Worm","floor":1.0,"turns":4.0},{"damage":2.0,"enemies":"2 Louse","floor":2.0,"turns":4.0},{"damage":10.0,"enemies":"Small Slimes","floor":3.0,"turns":3.0},{"damage":13.0,"enemies":"3 Sentries","floor":6.0,"turns":8.0},{"damage":0.0,"enemies":"3 Louse","floor":10.0,"turns":2.0},{"damage":16.0,"enemies":"Gremlin Nob","floor":12.0,"turns":5.0},{"damage":8.0,"enemies":"Exordium Thugs","floor":13.0,"turns":4.0},{"damage":47.0,"enemies":"The Guardian","floor":16.0,"turns":11.0},{"damage":8.0,"enemies":"2 Thieves","floor":18.0,"turns":4.0},{"damage":1.0,"enemies":"Chosen","floor":20.0,"turns":7.0},{"damage":0.0,"enemies":"conspire:HollyBat","floor":21.0,"turns":7.0},{"damage":20.0,"enemies":"Cultist and Chosen","floor":22.0,"turns":7.0},{"damage":23.0,"enemies":"Gremlin Leader","floor":23.0,"turns":8.0},{"damage":20.0,"enemies":"Nightmare","floor":26.0,"turns":10.0},{"damage":19.0,"enemies":"Chosen and Byrds","floor":32.0,"turns":6.0},{"damage":19.0,"enemies":"theDuelist:KaibaA2","floor":33.0,"turns":5.0},{"damage":38.0,"enemies":"Champ","floor":35.0,"turns":9.0},{"damage":7.0,"enemies":"3 Shapes","floor":37.0,"turns":4.0},{"damage":1.0,"enemies":"Orb Walker","floor":39.0,"turns":3.0},{"damage":23.0,"enemies":"Writhing Mass","floor":40.0,"turns":7.0},{"damage":52.0,"enemies":"Reptomancer","floor":42.0,"turns":6.0},{"damage":11.0,"enemies":"2 Orb Walkers","floor":44.0,"turns":5.0},{"damage":35.0,"enemies":"beaked:SuperParasite","floor":46.0,"turns":6.0},{"damage":12.0,"enemies":"3 Darklings","floor":47.0,"turns":4.0},{"damage":6.0,"enemies":"Sphere and 2 Shapes","floor":48.0,"turns":4.0},{"damage":0.0,"enemies":"Giant Head","floor":49.0,"turns":5.0},{"damage":34.0,"enemies":"Writhing Mass","floor":50.0,"turns":6.0},{"damage":6.0,"enemies":"hubris:GrandSnecko","floor":52.0,"turns":12.0},{"damage":21,"enemies":"Shield and Spear","floor":56,"turns":4},{"damage":53,"enemies":"The Heart","floor":57,"turns":6}],"seed_played":"-872517853948239899","potions_obtained":[{"floor":1.0,"key":"blueLaboratory:ForbiddenFruitJuice"},{"floor":2.0,"key":"blueLaboratory:AbyssPotion"},{"floor":10.0,"key":"EssenceOfSteel"},{"floor":16.0,"key":"Explosive Potion"},{"floor":18.0,"key":"PowerPotion"},{"floor":20.0,"key":"blueLaboratory:AbyssPotion"},{"floor":22.0,"key":"blueLaboratory:NullPotion"},{"floor":23.0,"key":"SmokeBomb"},{"floor":33.0,"key":"blueLaboratory:SavagePotion"},{"floor":40.0,"key":"CultistPotion"},{"floor":42.0,"key":"AttackPotion"},{"floor":50.0,"key":"GamblersBrew"},{"floor":52.0,"key":"blueLaboratory:ImpenetrablePotion"}],"is_trial":false,"path_per_floor":["M","M","M","?","?","E","$","R","T","M","R","E","M","T","R","B",null,"M","?","M","M","M","E","PTL","PTL","NM","R","T","$","?","R","M","E","R","B",null,"M","AVR","M","M","?","E","R","?","T","E","M","M","E","M","R_BF","B",null,"R","$","E","B",null],"character_chosen":"THE_STARBREAKER","items_purchased":["ReplayTheSpireMod:CursedCoin","ReplayTheSpireMod:Ninjato"],"campfire_rested":4,"item_purchase_floors":[55,55],"current_hp_per_floor":[66,64,54,29,29,16,16,37,37,37,58,52,50,50,50,9,72,69,69,72,72,52,35,35,35,44,44,44,59,59,59,70,69,69,47,72,72,72,72,72,54,33,54,70,70,69,72,72,72,70,70,72,72,72,72,72,40],"gold":107,"neow_bonus":"TWENTY_PERCENT_HP_BONUS","is_daily":false,"chose_seed":false,"campfire_upgraded":3,"win_rate":0.0,"timestamp":1613693442,"path_taken":["M","M","M","?","?","E","$","R","T","M","R","E","M","?","R","BOSS","M","?","M","M","M","E","PTL","PTL","NM","R","T","?","?","R","M","E","R","BOSS","M","AVR","M","M","?","E","R","?","T","E","M","?","E","?","R_BF","BOSS","R","$","E","BOSS"],"items_purchased_type":["Relic","Relic"],"build_version":"2020-12-22","purchased_purges":2,"victory":true,"max_hp_per_floor":[72,72,72,72,72,72,72,72,72,72,72,72,72,72,72,72,72,72,72,72,72,72,72,72,72,72,72,72,72,72,72,72,72,72,72,72,72,72,72,72,72,72,72,72,72,72,72,72,72,72,72,72,72,72,72,72,72],"card_choices":[{"not_picked":["Moonworks:BigMagnum","Moonworks:IndiscriminateFireSupport"],"picked":"Moonworks:JonathanRush","floor":1.0},{"not_picked":["Moonworks:IndiscriminateFireSupport","Moonworks:Assault"],"picked":"Moonworks:JonathanRush","floor":2.0},{"not_picked":["Moonworks:ImOnFire","Moonworks:LulusLuckyEgg"],"picked":"Moonworks:MiracleWalker","floor":3.0},{"not_picked":["Moonworks:LulusLuckyEgg","Moonworks:x16BigRocket"],"picked":"Moonworks:WindyEnchantment","floor":6.0},{"not_picked":["Moonworks:ScrambledEve","Moonworks:SubspaceTunnel"],"picked":"Moonworks:Dinner","floor":10.0},{"not_picked":["Moonworks:Assault","Moonworks:ImOnFire"],"picked":"Moonworks:NicePresent","floor":12.0},{"not_picked":["Moonworks:DeployBits","Moonworks:Assault"],"picked":"Moonworks:AngelHand","floor":13.0},{"not_picked":["Moonworks:EvilMastermind","Moonworks:Wanted"],"picked":"Moonworks:HolyNight","floor":16.0},{"not_picked":["Moonworks:BigMagnum","Moonworks:AngelHand"],"picked":"Moonworks:RedAndBlue","floor":18.0},{"not_picked":["Moonworks:Assault","Moonworks:ImOnFire"],"picked":"Moonworks:JonathanRush","floor":20.0},{"not_picked":["Moonworks:BeyondHell","Moonworks:LulusLuckyEgg"],"picked":"Moonworks:EvilSpyWorkPreparation+1","floor":21.0},{"not_picked":["Moonworks:Assault","Moonworks:ImmovableObject"],"picked":"Moonworks:EvilSpyWorkPreparation","floor":22.0},{"not_picked":["Moonworks:Heat300Percent","Moonworks:EvilSpyWorkPreparation"],"picked":"Moonworks:Bloodlust","floor":23.0},{"not_picked":["Moonworks:SakisCookie","Moonworks:ImOnFire"],"picked":"Moonworks:SealedMemories+1","floor":26.0},{"not_picked":["Moonworks:x16BigRocket","Moonworks:Assault","Moonworks:SakisCookie"],"picked":"SKIP","floor":32.0},{"not_picked":["Moonworks:DeployBits","Moonworks:CastOff"],"picked":"Moonworks:NicePresent","floor":33.0},{"not_picked":["Moonworks:ImOnFire","Moonworks:CookingTime+1","Moonworks:CloudOfSeagulls"],"picked":"SKIP","floor":37.0},{"not_picked":["Moonworks:FinalBattle","Moonworks:OutOfAmmo"],"picked":"Moonworks:CrystalBarrier","floor":38.0},{"not_picked":["Moonworks:CompletionReward","Moonworks:BigMagnum+1"],"picked":"Moonworks:NicePresent+1","floor":39.0},{"not_picked":["Moonworks:CloudOfSeagulls","Moonworks:SakisCookie+1","Moonworks:IndiscriminateFireSupport"],"picked":"SKIP","floor":40.0},{"not_picked":["Moonworks:SakisCookie","Moonworks:Dinner+1"],"picked":"Moonworks:AwakeningOfTalent+1","floor":41.0},{"not_picked":["Moonworks:SakisCookie+1","Moonworks:ImOnFire+1"],"picked":"Moonworks:Encore","floor":41.0},{"not_picked":["Moonworks:DeployBits","Moonworks:AwakeningOfTalent"],"picked":"Moonworks:CloudOfSeagulls","floor":41.0},{"not_picked":["Moonworks:MiracleRedBeanIceCream","Moonworks:IndiscriminateFireSupport+1"],"picked":"Moonworks:EvilSpyWorkPreparation","floor":42.0},{"not_picked":["Moonworks:ImmovableObject","Moonworks:ForcedRevival+1","Moonworks:BigBangBell"],"picked":"SKIP","floor":46.0},{"not_picked":["Moonworks:DeployBits+1","Moonworks:Dash"],"picked":"Moonworks:BackdoorTrade+1","floor":47.0},{"not_picked":["Moonworks:SakisCookie","Moonworks:BigMagnum+1"],"picked":"Moonworks:JonathanRush+1","floor":48.0},{"not_picked":["Moonworks:DeployBits","Moonworks:AngelHand+1"],"picked":"Moonworks:NicePresent","floor":49.0},{"not_picked":["Moonworks:IndiscriminateFireSupport","Moonworks:SakisCookie+1"],"picked":"Moonworks:JonathanRush+1","floor":50.0},{"not_picked":["Moonworks:BigMagnum+1","Moonworks:IndiscriminateFireSupport+1"],"picked":"Moonworks:MiracleWalker","floor":56}],"player_experience":615652,"relics_obtained":[{"floor":1.0,"key":"LetterFromLob"},{"floor":6.0,"key":"infinitespire:FocusingShard"},{"floor":12.0,"key":"Runesmith:Nanobots"},{"floor":14.0,"key":"MealTicket"},{"floor":23.0,"key":"SnailShell"},{"floor":26.0,"key":"infinitespire:PuzzleCube"},{"floor":28.0,"key":"hubris:FunFungus"},{"floor":33.0,"key":"aspiration:EmptySkull"},{"floor":42.0,"key":"conspire:GlowingRock"},{"floor":44.0,"key":"halation:PenCase"},{"floor":45.0,"key":"aspiration:ChemicalBlood"},{"floor":46.0,"key":"jedi:shrinkray"},{"floor":49.0,"key":"aspiration:Lifesprig"},{"floor":56,"key":"BlackRope"}],"event_choices":[{"damage_healed":0.0,"max_hp_gain":0.0,"max_hp_loss":0.0,"gold_gain":0.0,"event_name":"Scrap Ooze","player_choice":"Success","floor":4.0,"gold_loss":0.0,"damage_taken":25.0,"relics_obtained":["aspiration:TomeofQuesting"]},{"damage_healed":0.0,"max_hp_gain":0.0,"max_hp_loss":0.0,"gold_gain":0.0,"event_name":"conspire:Investor","player_choice":"Leave","floor":5.0,"gold_loss":0.0,"damage_taken":0.0},{"cards_removed":["Moonworks:Strike"],"damage_healed":0.0,"max_hp_gain":0.0,"max_hp_loss":0.0,"gold_gain":0.0,"event_name":"betterNote:BetterNote","player_choice":"Take \u0026 Give","floor":19.0,"gold_loss":0.0,"damage_taken":0.0,"cards_obtained":["alterego_mod:Rake"]},{"damage_healed":0.0,"max_hp_gain":0.0,"max_hp_loss":0.0,"gold_gain":0.0,"event_name":"Mysterious Sphere","player_choice":"Fight","floor":44.0,"gold_loss":0.0,"damage_taken":0.0}],"is_beta":false,"boss_relics":[{"not_picked":["hubris:HollowSoul","aspiration:RitualDagger"],"picked":"Ring of Chaos"},{"not_picked":["Replay:Cursed D8","jedi:hotpepper"],"picked":"Fusion Hammer"}],"items_purged_floors":[38,55],"is_endless":false,"potions_floor_spawned":[1,2,10,16,18,20,22,23,33,40,42,44],"ascension_level":0}}