{"host":"glqsg3p5q4u9u1ra","time":1613752736,"event":{"mods":["Act Like it!","Arknights","BaseMod","Better Third Choice","BetterRewards","Colored Map","Downfall","Friendly Minions","GifTheSpireLib","Hallownest","Highlight Path","Infinite Spire","Lobotomy","LobotomyExtend","Mimic Mod","Minty Spire (QoL Compilation)","Pale of the Ancients","Reliquary","Replay The Spire","Ruina","Spicy Shops","Spire Birthday Party","StSLib","The Blue Laboratory","The Bug Knight","The Exalted","The Servant 0.9.4","Wandering Minibosses"],"gold_per_floor":[117,192,192,206,206,206,239,239,239,239,226,241,241,3,3,80,80,44,44,44,44,44,44],"floor_reached":22,"language":"ENG","playtime":514,"items_purged":["Strike_G"],"score":360,"play_id":"58846649-6830-4056-bb66-9709080a5075","local_time":"20210219083856","is_ascension_mode":true,"campfire_choices":[{"data":"Neutralize","floor":6,"key":"SMITH"},{"floor":8,"key":"REST"},{"data":"Deadly Poison","floor":10,"key":"SMITH"},{"floor":15,"key":"REST"}],"circlet_count":0,"master_deck":["AscendersBane","Strike_G","Strike_G","Strike_G","Strike_G+1","Defend_G","Defend_G","Defend_G","Defend_G","Defend_G","Survivor+1","Neutralize+1","Deadly Poison","Deadly Poison+1","After Image","Noxious Fumes","Backflip","Corpse Explosion","ruina:GoldRush","Pain"],"relics":["StoneCalendar","LetterFromLob","reliquary:RadioactivePellet","Sozu","Bromod:ArcaneAvenger"],"acts_visited":["Exordium","Exordium"],"potions_floor_usage":[7,16,22],"damage_taken":[{"damage":6,"enemies":"Cultist","floor":1,"turns":4},{"damage":1,"enemies":"Jaw Worm","floor":4,"turns":6},{"damage":32,"enemies":"3 Sentries","floor":7,"turns":7},{"damage":7,"enemies":"Small Slimes","floor":11,"turns":6},{"damage":5,"enemies":"3 Louse","floor":12,"turns":5},{"damage":14,"enemies":"Slime Boss","floor":16,"turns":7},{"damage":14,"enemies":"ruina:3_Bats","floor":18,"turns":6},{"damage":43,"enemies":"ruina:BadWolf","floor":22,"turns":5}],"seed_played":"-8116466177855336026","potions_obtained":[{"floor":4,"key":"blueLaboratory:FruitPreserves"},{"floor":11,"key":"Poison Potion"},{"floor":16,"key":"SteroidPotion"}],"is_trial":false,"path_per_floor":["M","?","?","M","?","R","E","R","T","R","M","M","?","$","R","B",null,"M","$","?","?","M"],"character_chosen":"THE_SILENT","items_purchased":["Noxious Fumes","Backflip"],"campfire_rested":2,"item_purchase_floors":[14,14],"current_hp_per_floor":[38,27,7,6,28,28,1,20,20,20,13,8,8,8,27,13,53,39,39,39,39,0,0],"gold":44,"neow_bonus":"ONE_RARE_RELIC","is_daily":false,"chose_seed":false,"campfire_upgraded":2,"win_rate":0.0,"timestamp":1613752736,"path_taken":["M","?","?","M","?","R","E","R","T","R","M","M","?","?","R","BOSS","M","$","?","?","M"],"items_purchased_type":["Card","Card"],"build_version":"2020-12-22","purchased_purges":1,"victory":false,"max_hp_per_floor":[66,66,66,66,66,66,66,66,66,66,66,66,66,66,66,66,66,66,66,60,60,60,60],"card_choices":[{"not_picked":["Eviscerate","Cloak And Dagger","Underhanded Strike"],"picked":"SKIP","floor":1},{"not_picked":["Prepared","Escape Plan"],"picked":"Deadly Poison","floor":4},{"not_picked":["Caltrops","ReplayTheSpireMod:Scrap Shanks"],"picked":"Deadly Poison","floor":7},{"not_picked":["Reflex","Dash"],"picked":"After Image","floor":11},{"not_picked":["Hidden Blade","Bane","Calculated Gamble"],"picked":"SKIP","floor":12},{"not_picked":["Die Die Die","Grand Finale"],"picked":"Corpse Explosion","floor":16},{"not_picked":["Sucker Punch","Expertise","Quick Slash"],"picked":"SKIP","floor":18},{"not_picked":["ruina:SwordSharpened","ruina:CrimsonScar"],"picked":"ruina:GoldRush","floor":20}],"player_experience":1159397,"relics_obtained":[{"floor":1,"key":"LetterFromLob"},{"floor":7,"key":"reliquary:RadioactivePellet"},{"floor":9,"key":"reliquary:TatteredRug"}],"event_choices":[{"damage_healed":0,"gold_gain":75,"player_choice":"Gold","damage_taken":11,"max_hp_gain":0,"max_hp_loss":0,"event_name":"betterThird:BetterGoop","floor":2,"gold_loss":0},{"damage_healed":27,"gold_gain":0,"player_choice":"Upgrade","damage_taken":20,"max_hp_gain":0,"max_hp_loss":66,"event_name":"betterThird:BetterShining","floor":3,"gold_loss":0,"cards_upgraded":["Strike_G","Survivor"]},{"damage_healed":22,"gold_gain":0,"player_choice":"Banana","damage_taken":0,"max_hp_gain":0,"max_hp_loss":0,"event_name":"Big Fish","floor":5,"gold_loss":0}],"is_beta":false,"boss_relics":[{"not_picked":["Coffee Dripper","Busted Crown"],"picked":"Sozu"}],"items_purged_floors":[14],"is_endless":false,"potions_floor_spawned":[4,11,16,18],"killed_by":"ruina:BadWolf","ascension_level":20}}