{"host":"i0avyit1s6jb1siw","time":1613757996,"event":{"mods":["BaseMod","DeckTracker","Dota2Spire","Highlight Path","Minty Spire (QoL Compilation)","Quick Restart","StSLib","SuperFastMode"],"gold_per_floor":[116,116,41,55,55,55,69,95,95,95,95,138,138,48,82,82,120,120,120,207,270,285,96,125,50,50,50,50,50],"floor_reached":28,"language":"ENG","playtime":595,"items_purged":["Strike_G","Strike_G","Storm of Steel"],"score":464,"play_id":"206c0649-d7c7-43cf-b7cc-0a784221df43","local_time":"20210219190636","is_ascension_mode":true,"campfire_choices":[{"data":"Glass Knife","floor":6.0,"key":"SMITH"},{"floor":9.0,"key":"REST"},{"floor":13.0,"key":"REST"},{"data":"Footwork","floor":18.0,"key":"SMITH"},{"data":"Deadly Poison","floor":19.0,"key":"SMITH"},{"floor":27.0,"key":"REST"}],"circlet_count":0,"master_deck":["AscendersBane","Survivor","Neutralize","Glass Knife+1","Predator+1","Flying Knee","Terror","Deflect","Deadly Poison+1","Footwork+1","Backstab","Malaise","Blade Dance","Catalyst","Burst","Blur","Leg Sweep","Dash"],"relics":["Ring of the Snake","The Courier","CeramicFish","Dota2Spire:PowerTreads","Prayer Wheel","Dota2Spire:EtherealBlade","Pandora\u0027s Box","Membership Card","Nilry\u0027s Codex"],"acts_visited":["Exordium","TheCity"],"potions_floor_usage":[28],"damage_taken":[{"damage":0.0,"enemies":"Cultist","floor":1.0,"turns":3.0},{"damage":0.0,"enemies":"Jaw Worm","floor":4.0,"turns":2.0},{"damage":0.0,"enemies":"Small Slimes","floor":7.0,"turns":2.0},{"damage":32.0,"enemies":"Gremlin Nob","floor":8.0,"turns":4.0},{"damage":15.0,"enemies":"Lagavulin","floor":12.0,"turns":5.0},{"damage":8.0,"enemies":"Gremlin Nob","floor":15.0,"turns":3.0},{"damage":7.0,"enemies":"Exordium Wildlife","floor":17.0,"turns":3.0},{"damage":2.0,"enemies":"Hexaghost","floor":20.0,"turns":9.0},{"damage":11.0,"enemies":"Shell Parasite","floor":22.0,"turns":4.0},{"damage":10.0,"enemies":"Spheric Guardian","floor":24.0,"turns":5.0},{"damage":31,"enemies":"Gremlin Leader","floor":28,"turns":6}],"seed_played":"-571457924449628629","potions_obtained":[{"floor":1.0,"key":"Weak Potion"},{"floor":8.0,"key":"AttackPotion"},{"floor":15.0,"key":"Dexterity Potion"}],"is_trial":false,"path_per_floor":["M","?","$","M","?","R","M","E","R","T","T","E","R","$","E","T","M","R","R","B",null,"M","$","M","?","?","R","E"],"character_chosen":"THE_SILENT","items_purchased":["Deflect","Membership Card"],"campfire_rested":3,"item_purchase_floors":[14,23],"current_hp_per_floor":[59,59,59,59,52,52,52,20,38,38,38,23,41,41,33,33,26,26,26,24,51,40,40,30,30,9,27,0,0],"gold":50,"neow_bonus":"THREE_RARE_CARDS","is_daily":false,"chose_seed":false,"campfire_upgraded":3,"win_rate":0.0,"timestamp":1613757996,"path_taken":["M","?","$","M","?","R","M","E","R","T","T","E","R","$","E","?","?","R","R","BOSS","M","$","M","?","?","R","E"],"items_purchased_type":["Card","Relic"],"build_version":"2020-12-22","purchased_purges":3,"victory":false,"max_hp_per_floor":[60,60,60,60,60,60,60,60,60,60,60,60,60,60,60,60,60,60,60,60,60,60,60,60,60,60,60,60,60],"card_choices":[{"not_picked":["Venomology","Burst"],"picked":"Glass Knife","floor":0.0},{"not_picked":["Flechettes","Calculated Gamble"],"picked":"Predator","floor":1.0},{"not_picked":["Dagger Spray","Acrobatics","Infinite Blades"],"picked":"SKIP","floor":4.0},{"not_picked":["Poisoned Stab","Choke"],"picked":"Flying Knee","floor":7.0},{"not_picked":["Riddle With Holes","Acrobatics","Underhanded Strike"],"picked":"SKIP","floor":8.0},{"not_picked":["Slice","Blur"],"picked":"Terror","floor":12.0},{"not_picked":["Crippling Poison","Heel Hook"],"picked":"Deadly Poison","floor":15.0},{"not_picked":["Accuracy","Blade Dance"],"picked":"Footwork","floor":17.0},{"not_picked":["Storm of Steel","Quick Slash"],"picked":"Backstab","floor":17.0},{"not_picked":["Burst","Unload"],"picked":"Malaise","floor":20.0},{"not_picked":["Dagger Spray","Slice","Bane"],"picked":"SKIP","floor":22.0},{"not_picked":["Reflex","Bane","Eviscerate"],"picked":"SKIP","floor":22.0},{"not_picked":["Accuracy","Choke"],"picked":"Dash","floor":24.0},{"not_picked":["Dagger Throw","Skewer","Acrobatics+1"],"picked":"SKIP","floor":24.0}],"player_experience":2468765,"relics_obtained":[{"floor":8.0,"key":"The Courier"},{"floor":10.0,"key":"CeramicFish"},{"floor":12.0,"key":"Dota2Spire:PowerTreads"},{"floor":15.0,"key":"Prayer Wheel"},{"floor":16.0,"key":"Dota2Spire:EtherealBlade"},{"floor":26.0,"key":"Nilry\u0027s Codex"}],"event_choices":[{"damage_healed":0.0,"max_hp_gain":0.0,"max_hp_loss":0.0,"gold_gain":0.0,"event_name":"Living Wall","player_choice":"Grow","floor":2.0,"gold_loss":0.0,"damage_taken":0.0,"cards_upgraded":["Predator"]},{"cards_removed":["Strike_G"],"damage_healed":0.0,"max_hp_gain":0.0,"max_hp_loss":0.0,"gold_gain":0.0,"event_name":"Golden Wing","player_choice":"Card Removal","floor":5.0,"gold_loss":0.0,"damage_taken":7.0},{"cards_removed":["Caltrops"],"damage_healed":0.0,"max_hp_gain":0.0,"max_hp_loss":0.0,"gold_gain":0.0,"event_name":"Beggar","player_choice":"Gave Gold","floor":25.0,"gold_loss":75.0,"damage_taken":0.0},{"damage_healed":0.0,"max_hp_gain":0.0,"max_hp_loss":0.0,"gold_gain":0.0,"event_name":"Cursed Tome","player_choice":"Obtained Book","floor":26.0,"gold_loss":0.0,"damage_taken":21.0}],"is_beta":false,"boss_relics":[{"not_picked":["Runic Dome","Ectoplasm"],"picked":"Pandora\u0027s Box"}],"items_purged_floors":[3,14,23],"is_endless":false,"potions_floor_spawned":[1,8,15,20],"killed_by":"Gremlin Leader","ascension_level":20}}