{"host":"plzv31qd94m7lu76","time":1613714682,"event":{"mods":["BaseMod","Downfall","GifTheSpireLib","Minty Spire (QoL Compilation)","Random Character Button","Replay The Spire","StSLib","Stuff the Spire","Unceasing Turn Reminder"],"gold_per_floor":[112,192,212,230,35,69,121,147,147,147,3,17,40,65,65,178,178,203,261,286,308,330,367,392,392,463,463,486,509,171,197,197,303,303,327,355,380,401,41,76,97,97,97,124,124,1,41,41,41,41],"floor_reached":51,"language":"ENG","playtime":1482,"items_purged":["Defend_R","ReplayReversal"],"score":993,"play_id":"e24a41d9-93eb-4636-b00a-bc6c59b0e3a9","local_time":"20210219070442","is_ascension_mode":false,"campfire_choices":[{"floor":10,"key":"REST"},{"floor":15,"key":"REST"},{"floor":25,"key":"REST"},{"floor":27,"key":"REST"},{"floor":32,"key":"REST"},{"data":"Limit Break","floor":45,"key":"SMITH"},{"data":"Inflame","floor":49,"key":"SMITH"}],"circlet_count":0,"master_deck":["Strike_R","Strike_R","Strike_R","Strike_R","Strike_R","Defend_R","Defend_R","Defend_R","Bash","Run Through","ReplayTheSpireMod:LeadingStrike","Armaments","Inflame+1","Twin Strike","ReplayTheSpireMod:Limb From Limb","Swift Strike","Perfected Strike","Shrug It Off","Offering","Replay:Undeath\u0027s Touch","Havoc","ReplayTheSpireMod:Muscle Training+1","Infernal Blade+1","Pommel Strike","ReplayTheSpireMod:LeadingStrike","Limit Break+1","Perfected Strike","ReplayTheSpireMod:LeadingStrike+1","Armaments","ReplayTheSpireMod:LeadingStrike","Wild Strike","Fiend Fire","Uppercut+1","Pommel Strike+1","Perfected Strike+1","Perfected Strike","Shrug It Off","Flex","Twin Strike","Heavy Blade","Twin Strike+1"],"relics":["Black Blood","NeowsBlessing","Pantograph","BargainBundle","Bottled Tornado","Torii","Letter Opener","CeramicFish","Honey Jar","Replay:Bottled Snecko","Art of War","Question Card","Membership Card","Toy Ornithopter","Bag of Preparation","Replay:Grab Bag","Philosopher\u0027s Stone","Mark of Pain","Regal Pillow","StuffTheSpire:Mouthbags","StuffTheSpire:Barrel","HandDrill","ReplayTheSpireMod:Shallot","Garlic","StuffTheSpire:ForceGauntlet","Pet Ghost"],"acts_visited":["Exordium","TheCity","TheBeyond"],"potions_floor_usage":[8,16,16,20,20,22,22,22,22,23,23,23,33,38,40,40,40,40,47,47,50,50],"damage_taken":[{"damage":0,"enemies":"Cultist","floor":1,"turns":1},{"damage":0,"enemies":"Small Slimes","floor":3,"turns":1},{"damage":0,"enemies":"Jaw Worm","floor":4,"turns":1},{"damage":20,"enemies":"Gremlin Nob","floor":6,"turns":4},{"damage":31,"enemies":"Lagavulin","floor":8,"turns":4},{"damage":9,"enemies":"Red Slaver","floor":12,"turns":3},{"damage":7,"enemies":"Gremlin Gang","floor":13,"turns":4},{"damage":16,"enemies":"Large Slime","floor":14,"turns":3},{"damage":0,"enemies":"Slime Boss","floor":16,"turns":6},{"damage":6,"enemies":"Chosen","floor":18,"turns":3},{"damage":6,"enemies":"Shell Parasite","floor":20,"turns":1},{"damage":9,"enemies":"Cultist and Chosen","floor":21,"turns":4},{"damage":6,"enemies":"Snecko","floor":22,"turns":2},{"damage":10,"enemies":"Book of Stabbing","floor":23,"turns":3},{"damage":16,"enemies":"Centurion and Healer","floor":24,"turns":4},{"damage":7,"enemies":"Sentry and Sphere","floor":28,"turns":3},{"damage":18,"enemies":"3 Cultists","floor":29,"turns":3},{"damage":15,"enemies":"Snake Plant","floor":31,"turns":2},{"damage":34,"enemies":"Collector","floor":33,"turns":9},{"damage":19,"enemies":"3 Shapes","floor":35,"turns":3},{"damage":12,"enemies":"Orb Walker","floor":36,"turns":2},{"damage":25,"enemies":"Spire Growth","floor":38,"turns":3},{"damage":1,"enemies":"Nemesis","floor":40,"turns":3},{"damage":0,"enemies":"4 Shapes","floor":41,"turns":3},{"damage":1,"enemies":"Sphere and 2 Shapes","floor":44,"turns":4},{"damage":0,"enemies":"Giant Head","floor":47,"turns":4},{"damage":64,"enemies":"Donu and Deca","floor":50,"turns":6}],"seed_played":"8255181818986513857","potions_obtained":[{"floor":4,"key":"CultistPotion"},{"floor":8,"key":"Elixir"},{"floor":16,"key":"EntropicBrew"},{"floor":18,"key":"Swift Potion"},{"floor":19,"key":"Dexterity Potion"},{"floor":21,"key":"SteroidPotion"},{"floor":23,"key":"Reflective Coating"},{"floor":33,"key":"Fire Potion"},{"floor":36,"key":"champ:CounterPotion"},{"floor":38,"key":"GamblersBrew"},{"floor":44,"key":"Adrenaline Potion"}],"is_trial":false,"path_per_floor":["M","T","M","M","$","E","?","E","T","R","$","M","M","M","R","B",null,"M","?","M","M","M","E","M","R","T","R","M","M","$","M","R","B",null,"M","M","T","M","$","E","M","?","T","M","R","$","E","?","R","B",null],"character_chosen":"IRONCLAD","items_purchased":["BargainBundle","Inflame","Twin Strike","ReplayTheSpireMod:Limb From Limb","SkillPotion","Energy Potion","PowerPotion","Swift Strike","CeramicFish","Membership Card","Toy Ornithopter","Bag of Preparation","Armaments","ReplayTheSpireMod:LeadingStrike","StuffTheSpire:Mouthbags","StuffTheSpire:Barrel","HandDrill","Shrug It Off","Flex","EntropicBrew","StuffTheSpire:ForceGauntlet"],"campfire_rested":5,"item_purchase_floors":[5,5,5,5,5,5,5,5,11,30,30,30,30,30,39,39,39,39,39,39,46],"current_hp_per_floor":[80,80,80,80,80,66,66,41,41,65,65,62,61,51,75,80,80,80,48,48,45,45,41,31,55,55,79,78,66,66,57,80,52,80,73,73,73,65,65,80,80,80,80,80,80,80,80,80,80,36],"gold":41,"neow_bonus":"THREE_ENEMY_KILL","is_daily":false,"chose_seed":false,"campfire_upgraded":2,"win_rate":0.0,"timestamp":1613714682,"path_taken":["M","?","?","M","$","E","?","E","T","R","$","M","M","M","R","BOSS","M","?","?","M","M","E","M","R","T","R","M","M","$","?","R","BOSS","M","M","?","?","?","E","M","?","T","?","R","$","E","?","R","BOSS"],"items_purchased_type":["Relic","Card","Card","Card","Potion","Potion","Potion","Card","Relic","Relic","Relic","Relic","Card","Card","Relic","Relic","Relic","Card","Card","Potion","Relic"],"build_version":"2020-12-22","purchased_purges":2,"victory":true,"max_hp_per_floor":[80,80,80,80,80,80,80,80,80,80,80,80,80,80,80,80,80,80,80,80,80,80,80,80,80,80,80,80,80,80,80,80,80,80,80,80,80,80,80,80,80,80,80,80,80,80,80,80,80,80],"card_choices":[{"not_picked":["StuffTheSpire:Slingshot","Clothesline"],"picked":"Run Through","floor":1},{"not_picked":["Twin Strike","Wild Strike"],"picked":"ReplayTheSpireMod:LeadingStrike","floor":3},{"not_picked":["Defy Death","Combust"],"picked":"Armaments","floor":4},{"not_picked":["Double Tap","Metallicize"],"picked":"Perfected Strike","floor":6},{"not_picked":["Sever Soul","Body Slam"],"picked":"ReplayReversal","floor":8},{"not_picked":["Cleave","ReplayReversal","StuffTheSpire:Slingshot"],"picked":"SKIP","floor":12},{"not_picked":["ReplayTheSpireMod:Strike From Hell","StuffTheSpire:Pyroclast"],"picked":"Perfected Strike","floor":13},{"not_picked":["Wild Strike","Sword Boomerang"],"picked":"Shrug It Off","floor":14},{"not_picked":["Immolate","Reaper"],"picked":"Offering","floor":16},{"not_picked":["Massacre","Cleave","StuffTheSpire:BloodClot"],"picked":"Replay:Undeath\u0027s Touch","floor":18},{"not_picked":["StuffTheSpire:Incineration","Blood for Blood","Body Slam"],"picked":"Havoc","floor":19},{"not_picked":["Dual Wield","Anger","StuffTheSpire:RockThrow"],"picked":"ReplayTheSpireMod:Muscle Training+1","floor":20},{"not_picked":["Cleave+1","ReplayReversal+1","Rupture"],"picked":"Infernal Blade+1","floor":21},{"not_picked":["StuffTheSpire:Slingshot","Replay:Undeath\u0027s Touch","ReplayTheSpireMod:Muscle Training"],"picked":"Pommel Strike","floor":22},{"not_picked":["Disarm","ReplayTheSpireMod:Corrosion Curse","StuffTheSpire:RockThrow"],"picked":"ReplayTheSpireMod:LeadingStrike","floor":23},{"not_picked":["Bloodletting","Combust","Feel No Pain"],"picked":"Limit Break","floor":24},{"not_picked":["Warcry","ReplayReversal","Thunderclap","Burning Pact"],"picked":"Perfected Strike","floor":28},{"not_picked":["ReplayTheSpireMod:Stacked","Run Through","Clothesline+1","Fire Breathing+1"],"picked":"ReplayTheSpireMod:LeadingStrike+1","floor":29},{"not_picked":["Massacre","Havoc","Evolve","StuffTheSpire:Incineration"],"picked":"Wild Strike","floor":31},{"not_picked":["Barricade","StuffTheSpire:TitanForm","Corruption","Eclipse"],"picked":"Fiend Fire","floor":33},{"not_picked":["ReplayReversal+1","Run Through","Shockwave+1","Battle Trance+1"],"picked":"Uppercut+1","floor":35},{"not_picked":["ReplayTheSpireMod:Strike From Hell+1","Anger+1","Warcry","Armaments+1"],"picked":"Pommel Strike+1","floor":36},{"not_picked":["Warcry","True Grit","Juggernaut","Hemokinesis+1"],"picked":"Perfected Strike+1","floor":38},{"not_picked":["Metallicize","Clash","Hemogenesis","ReplayReversal+1"],"picked":"Twin Strike","floor":40},{"not_picked":["Thunderclap","StuffTheSpire:Incineration+1","True Grit","Run Through+1"],"picked":"Heavy Blade","floor":41},{"not_picked":["Offering","Thunderclap+1","Shockwave+1","Ghostly Armor"],"picked":"Twin Strike+1","floor":44},{"not_picked":["StuffTheSpire:Incineration","Fire Breathing+1","Defy Death","StuffTheSpire:RockThrow"],"picked":"Warcry+1","floor":47}],"player_experience":618792,"relics_obtained":[{"floor":2,"key":"Pantograph"},{"floor":6,"key":"Bottled Tornado"},{"floor":8,"key":"Torii"},{"floor":9,"key":"Letter Opener"},{"floor":19,"key":"Replay:Bottled Snecko"},{"floor":23,"key":"Art of War"},{"floor":26,"key":"Question Card"},{"floor":37,"key":"Regal Pillow"},{"floor":40,"key":"ReplayTheSpireMod:Shallot"},{"floor":43,"key":"Garlic"},{"floor":47,"key":"Pet Ghost"}],"event_choices":[{"damage_healed":0,"gold_gain":52,"player_choice":"Gained Gold","damage_taken":0,"max_hp_gain":0,"max_hp_loss":0,"event_name":"Golden Wing","floor":7,"gold_loss":0},{"damage_healed":0,"gold_gain":0,"player_choice":"Ignored","damage_taken":0,"max_hp_gain":0,"max_hp_loss":0,"event_name":"NoteForYourself","floor":42,"gold_loss":0},{"cards_removed":["Warcry"],"damage_healed":5,"gold_gain":0,"player_choice":"Offered Common","damage_taken":0,"max_hp_gain":0,"max_hp_loss":0,"event_name":"Bonfire Elementals","floor":48,"gold_loss":0},{"cards_removed":["Warcry"],"damage_healed":5,"gold_gain":0,"player_choice":"Offered Special","damage_taken":0,"max_hp_gain":0,"max_hp_loss":0,"event_name":"Bonfire Elementals","floor":48,"gold_loss":0}],"is_beta":false,"boss_relics":[{"not_picked":["Velvet Choker","StuffTheSpire:Kangaroo"],"picked":"Honey Jar"},{"not_picked":["Ooze Armor","StuffTheSpire:ModemDavis"],"picked":"Replay:Grab Bag"},{"not_picked":["ReplayTheSpireMod:DimensionalGlitch","Busted Crown"],"picked":"Philosopher\u0027s Stone"},{"not_picked":["Fusion Hammer","Electric Blood"],"picked":"Mark of Pain"},{"not_picked":["Astrolabe","Kintsugi"],"picked":"Black Blood"}],"items_purged_floors":[5,39],"is_endless":false,"potions_floor_spawned":[4,6,8,14,16,18,21,23,33,36,38,44],"ascension_level":0}}