{"host":"684z1xpuwaoqmmh1","time":1613731115,"event":{"mods":["A Magickal Journey","BaseMod","Downfall","Hermit","Jorbs\u0027s Wanderer Trilogy","Marisa????????","Minty Spire (QoL Compilation)","Robot Space Explorer","Shade Mod","StSLib","The Bug Knight","The Dragon Tamer","The Elementalist","The Hayseed","The Hierophant","The Marked","The Mystic","The Runesmith","The Saiyan","The Senshi","The Spell Scribe","The Vixen","TheBandit","TheFirefly"],"gold_per_floor":[116,130,130,145,145,145,165,209,232,247,247,267,267,267],"floor_reached":13,"language":"ENG","playtime":598,"items_purged":[],"score":174,"play_id":"811810d5-b0de-48d9-8fae-28eb19d54b74","local_time":"20210219123835","is_ascension_mode":true,"campfire_choices":[{"data":"theSenshi:MoonKick","floor":6,"key":"SMITH"},{"floor":11,"key":"REST"}],"circlet_count":0,"master_deck":["AscendersBane","theSenshi:SailorKick","theSenshi:SailorKick","theSenshi:SailorKick","theSenshi:SailorBlock","theSenshi:SailorBlock","theSenshi:SailorBlock","theSenshi:SailorBlock","theSenshi:RoseThrow","theSenshi:MoonPrismPowerMakeUp","theSenshi:LunasBite","theSenshi:TallSilhouette","theSenshi:SaturnsMystery","theSenshi:MoonKick+1","theSenshi:SailorV","theSenshi:MoonCosmicPowerMakeUp"],"relics":["theSenshi:TransformationBroochRelic","Golden Idol","Bronze Scales","Bag of Marbles"],"acts_visited":["Exordium"],"potions_floor_usage":[8,13],"damage_taken":[{"damage":6,"enemies":"Small Slimes","floor":1,"turns":4},{"damage":12,"enemies":"2 Louse","floor":2,"turns":3},{"damage":2,"enemies":"Cultist","floor":4,"turns":5},{"damage":1,"enemies":"Blue Slaver","floor":7,"turns":6},{"damage":68,"enemies":"3 Sentries","floor":8,"turns":14},{"damage":10,"enemies":"Looter","floor":10,"turns":4},{"damage":0,"enemies":"Exordium Wildlife","floor":12,"turns":5},{"damage":61,"enemies":"Gremlin Nob","floor":13,"turns":4}],"seed_played":"7064235199582590046","potions_obtained":[{"floor":7,"key":"SkillPotion"},{"floor":8,"key":"SteroidPotion"}],"is_trial":false,"path_per_floor":["M","M","?","M","?","R","M","E","T","M","R","M","E"],"character_chosen":"THE_SENSHI","items_purchased":[],"campfire_rested":1,"item_purchase_floors":[],"current_hp_per_floor":[69,57,57,55,55,55,62,6,6,11,33,48,0,0],"gold":267,"neow_bonus":"TEN_PERCENT_HP_BONUS","is_daily":false,"chose_seed":false,"campfire_upgraded":1,"win_rate":0.0,"timestamp":1613731115,"path_taken":["M","M","?","M","?","R","?","E","T","M","R","M","E"],"items_purchased_type":[],"build_version":"2020-12-22","purchased_purges":0,"victory":false,"max_hp_per_floor":[82,82,74,74,74,74,74,74,74,74,74,74,74,74],"card_choices":[{"not_picked":["theSenshi:Sidestep","theSenshi:YouCanTalk"],"picked":"theSenshi:LunasBite","floor":1},{"not_picked":["theSenshi:MoonPower","theSenshi:SchoolBag"],"picked":"theSenshi:TallSilhouette","floor":2},{"not_picked":["theSenshi:SailorVenusAssists","theSenshi:TuxedoSmokingBomber"],"picked":"theSenshi:SaturnsMystery","floor":4},{"not_picked":["theSenshi:SupersonicWaves","theSenshi:MoonPower","theSenshi:SailorStarFighterAssists"],"picked":"SKIP","floor":7},{"not_picked":["theSenshi:SchoolBag","theSenshi:TuxedoSmokingBomber"],"picked":"theSenshi:SailorV","floor":8},{"not_picked":["theSenshi:OdangoHead","theSenshi:TuxedoSmokingBomber","theSenshi:LateForSchool"],"picked":"SKIP","floor":10},{"not_picked":["theSenshi:MoonPower","theSenshi:SailorChibiMoonAssists"],"picked":"theSenshi:MoonCosmicPowerMakeUp","floor":12}],"player_experience":3335372,"relics_obtained":[{"floor":8,"key":"Bronze Scales"},{"floor":9,"key":"Bag of Marbles"}],"event_choices":[{"damage_healed":0,"gold_gain":0,"player_choice":"Lose Max HP","damage_taken":0,"relics_obtained":["Golden Idol"],"max_hp_gain":0,"max_hp_loss":8,"event_name":"Golden Idol","floor":3,"gold_loss":0},{"damage_healed":0,"gold_gain":0,"cards_transformed":["theSenshi:SailorKick"],"player_choice":"Transformed","damage_taken":0,"max_hp_gain":0,"max_hp_loss":0,"event_name":"Transmorgrifier","floor":5,"gold_loss":0,"cards_obtained":["theSenshi:MoonKick"]}],"is_beta":false,"boss_relics":[],"items_purged_floors":[],"is_endless":false,"potions_floor_spawned":[7,8],"killed_by":"Gremlin Nob","ascension_level":20}}