{"host":"vtau6v10kn9bsk8e","time":1613745725,"event":{"mods":["Always Whale","BaseMod","Minty Spire (QoL Compilation)","StSLib","SuperFastMode","¡¾ÒÅÎï¿¨ÅÆ¡¿REMEMod"],"gold_per_floor":[115,115,127,145,157,186,186,220,220,220,319,319,7,58,58,207,207,246,103,103,120,146,176,176,240,240,270,300,318,328,372,384,493,505,529,555,598,621,633,658,698,743,755,767,816,841,885,910,922,943],"floor_reached":51,"language":"ZHS","playtime":2699,"items_purged":[],"score":1346,"play_id":"7553049b-225b-444b-bbf7-3074b7c2c833","local_time":"20210219224205","daily_mods":["Shiny","Vintage","Heirloom","Time Dilation","Flight"],"is_ascension_mode":false,"campfire_choices":[{"data":"Feed","floor":7,"key":"SMITH"},{"data":"DevaForm","floor":12,"key":"SMITH"},{"data":"Echo Form","floor":15,"key":"SMITH"},{"floor":32,"key":"DIG"},{"floor":49,"key":"DIG"}],"circlet_count":0,"master_deck":["Demon Form","Wraith Form v2","Echo Form+1","DevaForm+1","Double Tap","Demon Form","REME_ACTH","Fiend Fire","Berserk","Impervious","Juggernaut","Brutality","Exhume+1","Offering+1","REME_Fury+1","Bludgeon","Feed+1","Limit Break","Corruption","Barricade","REME_TheLastStrike+1","Reaper","Immolate+1","REME_ACTH","Offering","Exhume","REME_Fury","Offering","Havoc","Reaper","Evolve","Madness","Madness"],"relics":["Burning Blood","REME_ComplimentaryCards","Du-Vu Doll","Centennial Puzzle","Letter Opener","Boot","Toy Ornithopter","Shovel","REME_ArchaeologicalTools","Bottled Flame","War Paint","REME_IWantAll","Ancient Tea Set","SlaversCollar","Meat on the Bone","REME_OnlineShoppingPlatform","Mango","Happy Flower","Bottled Lightning","MutagenicStrength","Mummified Hand","Dream Catcher","Lantern","Whetstone","Red Skull","MawBank","REME_PuzzleBoxRelic","MealTicket","Orichalcum","Anchor","Prayer Wheel","Vajra","Pocketwatch","White Beast Statue","Singing Bowl","Question Card","Toxic Egg 2","Pantograph","PreservedInsect","REME_HandOfSuture"],"acts_visited":["Exordium","TheCity","TheBeyond"],"potions_floor_usage":[],"damage_taken":[{"damage":6,"enemies":"Cultist","floor":1,"turns":2},{"damage":6,"enemies":"2 Louse","floor":3,"turns":2},{"damage":18,"enemies":"Jaw Worm","floor":4,"turns":2},{"damage":12,"enemies":"3 Louse","floor":5,"turns":2},{"damage":6,"enemies":"Gremlin Nob","floor":6,"turns":2},{"damage":9,"enemies":"Lagavulin","floor":8,"turns":3},{"damage":12,"enemies":"3 Sentries","floor":11,"turns":1},{"damage":27,"enemies":"Exordium Wildlife","floor":14,"turns":4},{"damage":8,"enemies":"Hexaghost","floor":16,"turns":4},{"damage":20,"enemies":"Chosen","floor":18,"turns":3},{"damage":25,"enemies":"3 Byrds","floor":21,"turns":4},{"damage":14,"enemies":"Cultist and Chosen","floor":22,"turns":3},{"damage":53,"enemies":"Slavers","floor":23,"turns":3},{"damage":72,"enemies":"Book of Stabbing","floor":25,"turns":7},{"damage":7,"enemies":"Gremlin Leader","floor":27,"turns":4},{"damage":6,"enemies":"Slavers","floor":28,"turns":1},{"damage":21,"enemies":"Centurion and Healer","floor":29,"turns":4},{"damage":7,"enemies":"Snake Plant","floor":30,"turns":3},{"damage":30,"enemies":"Cultist and Chosen","floor":31,"turns":4},{"damage":3,"enemies":"Champ","floor":33,"turns":1},{"damage":13,"enemies":"Orb Walker","floor":35,"turns":2},{"damage":1,"enemies":"3 Darklings","floor":36,"turns":1},{"damage":13,"enemies":"Transient","floor":37,"turns":5},{"damage":1,"enemies":"Spire Growth","floor":38,"turns":1},{"damage":2,"enemies":"Jaw Worm Horde","floor":40,"turns":1},{"damage":18,"enemies":"Nemesis","floor":41,"turns":1},{"damage":12,"enemies":"Giant Head","floor":42,"turns":1},{"damage":6,"enemies":"Reptomancer","floor":45,"turns":1},{"damage":18,"enemies":"Sphere and 2 Shapes","floor":46,"turns":1},{"damage":1,"enemies":"Nemesis","floor":47,"turns":1},{"damage":3,"enemies":"Spire Growth","floor":48,"turns":2},{"damage":5,"enemies":"Awakened One","floor":50,"turns":2}],"seed_played":"-2728632792133477610","potions_obtained":[{"floor":1,"key":"Weak Potion"},{"floor":5,"key":"Strength Potion"},{"floor":6,"key":"BlessingOfTheForge"},{"floor":14,"key":"Strength Potion"}],"is_trial":true,"path_per_floor":["M","$","M","M","M","E","R","E","T","?","E","R","$","M","R","B",null,"M","$","?","M","M","E","?","E","T","E","E","M","M","M","R","B",null,"M","M","M","M","$","M","E","E","T","?","E","M","E","M","R","B",null],"character_chosen":"IRONCLAD","items_purchased":["REME_IWantAll","REME_OnlineShoppingPlatform"],"campfire_rested":0,"item_purchase_floors":[13,19],"current_hp_per_floor":[80,80,80,68,75,75,75,76,76,76,84,84,84,67,67,80,102,106,106,106,125,136,109,109,77,77,134,155,154,163,166,166,171,171,164,171,173,175,175,183,187,193,193,169,199,201,209,213,213,221],"gold":955,"neow_bonus":"","is_daily":false,"chose_seed":false,"campfire_upgraded":3,"win_rate":0.0,"timestamp":1613745725,"path_taken":["M","$","M","M","M","E","R","E","T","?","E","R","$","M","R","BOSS","M","$","?","M","M","E","?","E","T","E","E","M","M","M","R","BOSS","M","M","M","M","$","M","E","E","T","?","E","M","E","M","R","BOSS"],"items_purchased_type":["Relic","Relic"],"build_version":"2020-12-22","purchased_purges":0,"victory":true,"max_hp_per_floor":[80,80,80,80,83,83,83,87,87,87,91,91,91,95,95,102,102,106,106,106,132,136,144,144,144,144,151,155,159,163,167,167,171,171,171,171,175,175,175,183,187,193,193,193,199,207,209,213,213,221],"card_choices":[{"not_picked":["Uppercut","Intimidate","Warcry"],"picked":"SKIP","floor":6},{"not_picked":["Clash","Rage"],"picked":"Offering","floor":8},{"not_picked":["Warcry","Armaments","Disarm"],"picked":"SKIP","floor":11},{"not_picked":["Exhume","REME_Fury","Offering"],"picked":"Singing Bowl","floor":16},{"not_picked":["Cleave+1","Thunderclap","Heavy Blade"],"picked":"SKIP","floor":23},{"not_picked":["Armaments","Clothesline","Body Slam"],"picked":"SKIP","floor":25},{"not_picked":["Havoc","Reaper","Evolve"],"picked":"Singing Bowl","floor":27},{"not_picked":["True Grit","Perfected Strike","Cleave"],"picked":"SKIP","floor":28},{"not_picked":["Blood for Blood","Double Tap","Warcry+1"],"picked":"SKIP","floor":41},{"not_picked":["Whirlwind+1","Pummel","Blood for Blood"],"picked":"Singing Bowl","floor":42},{"not_picked":["Disarm+1","Feel No Pain","Whirlwind+1","True Grit+1"],"picked":"Singing Bowl","floor":45},{"not_picked":["Body Slam+1","Shrug It Off+1","Fire Breathing+1","Heavy Blade+1"],"picked":"Singing Bowl","floor":47}],"player_experience":238844,"relics_obtained":[{"floor":1,"key":"Centennial Puzzle"},{"floor":3,"key":"Letter Opener"},{"floor":4,"key":"Boot"},{"floor":5,"key":"Toy Ornithopter"},{"floor":6,"key":"Shovel"},{"floor":8,"key":"REME_ArchaeologicalTools"},{"floor":9,"key":"Bottled Flame"},{"floor":11,"key":"War Paint"},{"floor":14,"key":"Ancient Tea Set"},{"floor":18,"key":"Meat on the Bone"},{"floor":21,"key":"Mango"},{"floor":22,"key":"Happy Flower"},{"floor":23,"key":"Bottled Lightning"},{"floor":25,"key":"Mummified Hand"},{"floor":26,"key":"Dream Catcher"},{"floor":27,"key":"Lantern"},{"floor":28,"key":"Whetstone"},{"floor":29,"key":"Red Skull"},{"floor":30,"key":"MawBank"},{"floor":31,"key":"REME_PuzzleBoxRelic"},{"floor":32,"key":"MealTicket"},{"floor":35,"key":"Orichalcum"},{"floor":36,"key":"Anchor"},{"floor":37,"key":"Prayer Wheel"},{"floor":38,"key":"Vajra"},{"floor":40,"key":"Pocketwatch"},{"floor":41,"key":"White Beast Statue"},{"floor":42,"key":"Singing Bowl"},{"floor":43,"key":"Question Card"},{"floor":45,"key":"Toxic Egg 2"},{"floor":46,"key":"Pantograph"},{"floor":47,"key":"PreservedInsect"},{"floor":49,"key":"REME_HandOfSuture"}],"event_choices":[{"damage_healed":0,"gold_gain":0,"player_choice":"Forge","damage_taken":0,"max_hp_gain":0,"max_hp_loss":0,"event_name":"Accursed Blacksmith","floor":10,"gold_loss":0,"cards_upgraded":["REME_Fury"]},{"damage_healed":0,"gold_gain":0,"player_choice":"Ignored","damage_taken":0,"max_hp_gain":0,"max_hp_loss":0,"event_name":"The Mausoleum","floor":20,"gold_loss":0},{"damage_healed":0,"gold_gain":0,"player_choice":"Inject Mutagens","damage_taken":0,"relics_obtained":["MutagenicStrength"],"max_hp_gain":0,"max_hp_loss":0,"event_name":"Drug Dealer","floor":24,"gold_loss":0},{"damage_healed":0,"gold_gain":0,"player_choice":"Embrace Madness","damage_taken":24,"max_hp_gain":0,"max_hp_loss":0,"event_name":"Winding Halls","floor":44,"gold_loss":0,"cards_obtained":["Madness","Madness"]}],"is_beta":false,"boss_relics":[{"not_picked":["Astrolabe","Ectoplasm"],"picked":"SlaversCollar"},{"not_picked":["Sozu","Runic Cube","Busted Crown"]}],"items_purged_floors":[],"is_endless":false,"potions_floor_spawned":[1,5,6,8,14,18,22,27,28,33,36,37,38,42,45,46,47,48],"ascension_level":0}}