{"host":"fbdlh90rovbiajun","time":1613760072,"event":{"mods":["AchievementEnabler","BaseMod","Colored Map","Keyboard Shortcuts","Minty Spire (QoL Compilation)","SuperFastMode"],"gold_per_floor":[13,13,28,28,40,40,53,78,78,89,123,123,123,141,141,245,245,264,264,264,189,200,200,100,100,126,126,154,166,196,222,234,344,356,382,394,419,431,30,59,59,93,120,120,120,130,149,176,176,176,176,176,28,60,60],"floor_reached":56,"language":"KOR","playtime":2507,"items_purged":["Strike_P","Strike_P","Defend_P"],"score":1789,"play_id":"59ed1a28-b1a0-435a-afc7-71f3500c9c68","local_time":"20210220034112","is_ascension_mode":true,"campfire_choices":[{"data":"Eruption","floor":6,"key":"SMITH"},{"data":"Consecrate","floor":13,"key":"SMITH"},{"data":"MentalFortress","floor":15,"key":"SMITH"},{"data":"TalkToTheHand","floor":23,"key":"SMITH"},{"data":"Vault","floor":25,"key":"SMITH"},{"data":"InnerPeace","floor":27,"key":"SMITH"},{"data":"Vigilance","floor":29,"key":"SMITH"},{"floor":32,"key":"RECALL"},{"floor":41,"key":"REST"},{"floor":45,"key":"REST"},{"floor":49,"key":"REST"},{"floor":52,"key":"REST"}],"circlet_count":0,"master_deck":["Eruption+1","Vigilance+1","Consecrate+1","MentalFortress+1","InnerPeace+1","Vault+1","TalkToTheHand+1","Adaptation+1","Doubt"],"relics":["PureWater","Boot","Frozen Egg 2","Incense Burner","CloakClasp","SacredBark","Enchiridion","Whetstone","MawBank","Cursed Key","Calipers","Gremlin Horn","Thread and Needle","TeardropLocket","Medical Kit","Toy Ornithopter"],"acts_visited":["Exordium","TheCity","TheBeyond","TheEnding"],"potions_floor_usage":[8,11,55,55],"damage_taken":[{"damage":5,"enemies":"Small Slimes","floor":1,"turns":4},{"damage":0,"enemies":"2 Louse","floor":3,"turns":2},{"damage":0,"enemies":"Cultist","floor":5,"turns":3},{"damage":9,"enemies":"Looter","floor":7,"turns":3},{"damage":5,"enemies":"Lagavulin","floor":8,"turns":6},{"damage":0,"enemies":"Exordium Thugs","floor":10,"turns":5},{"damage":23,"enemies":"3 Sentries","floor":11,"turns":5},{"damage":0,"enemies":"Large Slime","floor":14,"turns":3},{"damage":0,"enemies":"Slime Boss","floor":16,"turns":9},{"damage":10,"enemies":"Chosen","floor":18,"turns":5},{"damage":0,"enemies":"2 Thieves","floor":22,"turns":3},{"damage":0,"enemies":"Slavers","floor":28,"turns":2},{"damage":0,"enemies":"Snake Plant","floor":30,"turns":3},{"damage":0,"enemies":"Cultist and Chosen","floor":31,"turns":3},{"damage":0,"enemies":"Collector","floor":33,"turns":2},{"damage":0,"enemies":"3 Darklings","floor":35,"turns":3},{"damage":0,"enemies":"Orb Walker","floor":37,"turns":3},{"damage":4,"enemies":"Reptomancer","floor":40,"turns":2},{"damage":0,"enemies":"Giant Head","floor":42,"turns":2},{"damage":0,"enemies":"Jaw Worm Horde","floor":46,"turns":2},{"damage":0,"enemies":"4 Shapes","floor":47,"turns":2},{"damage":0,"enemies":"Reptomancer","floor":48,"turns":2},{"damage":0,"enemies":"Time Eater","floor":50,"turns":16},{"damage":0,"enemies":"Shield and Spear","floor":54,"turns":1},{"damage":5,"enemies":"The Heart","floor":55,"turns":5}],"seed_played":"1289299886215320384","potions_obtained":[{"floor":1,"key":"DuplicationPotion"},{"floor":7,"key":"EssenceOfSteel"},{"floor":8,"key":"ColorlessPotion"},{"floor":16,"key":"ColorlessPotion"},{"floor":28,"key":"FearPotion"},{"floor":54,"key":"DuplicationPotion"}],"is_trial":false,"path_per_floor":["M","?","M","?","M","R","M","E","T","M","E","?","R","M","R","B",null,"M","?","?","$","M","R","$","R","T","R","E","R","M","M","R","B",null,"M","?","M","?","$","E","R","E","T","$","R","M","M","E","R","B",null,"R","$","E","B",null],"character_chosen":"WATCHER","items_purchased":["Calipers","Medical Kit"],"campfire_rested":4,"item_purchase_floors":[39,53],"current_hp_per_floor":[67,67,67,67,67,67,58,53,53,53,30,30,30,30,30,30,72,62,46,46,46,46,46,46,46,46,46,46,46,46,46,46,46,72,72,72,72,72,72,68,72,72,72,72,72,72,72,72,72,72,72,72,72,72,72],"gold":60,"neow_bonus":"TRANSFORM_TWO_CARDS","is_daily":false,"chose_seed":false,"campfire_upgraded":7,"win_rate":0.0,"timestamp":1613760072,"path_taken":["M","?","M","?","?","R","M","E","T","M","E","?","R","M","R","BOSS","M","?","?","$","M","R","$","R","T","R","E","R","M","M","R","BOSS","M","?","M","?","?","E","R","E","T","$","R","?","?","E","R","BOSS","R","$","E","BOSS"],"items_purchased_type":["Relic","Relic"],"build_version":"2020-12-22","purchased_purges":3,"victory":true,"max_hp_per_floor":[72,72,72,72,72,72,72,72,72,72,72,72,72,72,72,72,72,72,72,72,72,72,72,72,72,72,72,72,72,72,72,72,72,72,72,72,72,72,72,72,72,72,72,72,72,72,72,72,72,72,72,72,72,72,72],"card_choices":[{"not_picked":["Collect","JustLucky","BowlingBash"],"picked":"SKIP","floor":1},{"not_picked":["ClearTheMind","JustLucky","EmptyFist"],"picked":"SKIP","floor":3},{"not_picked":["Meditate","PathToVictory","InnerPeace"],"picked":"SKIP","floor":5},{"not_picked":["CrushJoints","Consecrate","SignatureMove"],"picked":"SKIP","floor":7},{"not_picked":["CarveReality","FlyingSleeves"],"picked":"Vault","floor":8},{"not_picked":["Protect","Collect"],"picked":"TalkToTheHand","floor":10},{"not_picked":["Perseverance","ThirdEye","Swivel"],"picked":"SKIP","floor":11},{"not_picked":["Perseverance","ThirdEye","Swivel"],"picked":"SKIP","floor":11},{"not_picked":["ClearTheMind","SashWhip","Study+1"],"picked":"SKIP","floor":14},{"not_picked":["Halt","Crescendo+1"],"picked":"Adaptation+1","floor":18},{"not_picked":["PathToVictory","FlurryOfBlows","FlyingSleeves+1"],"picked":"SKIP","floor":22},{"not_picked":["Meditate","ForeignInfluence","Protect+1"],"picked":"SKIP","floor":28},{"not_picked":["Meditate","ForeignInfluence","Protect+1"],"picked":"SKIP","floor":28},{"not_picked":["CrushJoints","Prostrate","JustLucky+1"],"picked":"SKIP","floor":30},{"not_picked":["FollowUp+1","FlurryOfBlows","Devotion+1"],"picked":"SKIP","floor":31},{"not_picked":["FollowUp","SignatureMove+1","CrushJoints"],"picked":"SKIP","floor":35},{"not_picked":["FollowUp","SignatureMove+1","CrushJoints"],"picked":"SKIP","floor":35},{"not_picked":["FlurryOfBlows","FlyingSleeves+1","SandsOfTime"],"picked":"SKIP","floor":37},{"not_picked":["PathToVictory+1","CarveReality+1","Indignation+1"],"picked":"SKIP","floor":40},{"not_picked":["EmptyFist","Conclude+1","Crescendo+1"],"picked":"SKIP","floor":42},{"not_picked":["FlurryOfBlows","Crescendo","Judgement"],"picked":"SKIP","floor":46},{"not_picked":["ThirdEye+1","PathToVictory+1","WheelKick+1"],"picked":"SKIP","floor":47},{"not_picked":["Prostrate","CutThroughFate","Brilliance"],"picked":"SKIP","floor":48},{"not_picked":["Alpha","CrushJoints","Collect"],"picked":"SKIP","floor":54}],"player_experience":97293,"relics_obtained":[{"floor":8,"key":"Boot"},{"floor":9,"key":"Frozen Egg 2"},{"floor":11,"key":"Incense Burner"},{"floor":12,"key":"CloakClasp"},{"floor":19,"key":"Enchiridion"},{"floor":26,"key":"Whetstone"},{"floor":28,"key":"MawBank"},{"floor":40,"key":"Gremlin Horn"},{"floor":42,"key":"Thread and Needle"},{"floor":48,"key":"TeardropLocket"},{"floor":54,"key":"Toy Ornithopter"}],"event_choices":[{"damage_healed":0,"gold_gain":0,"cards_transformed":["Strike_P"],"player_choice":"Change","damage_taken":0,"max_hp_gain":0,"max_hp_loss":0,"event_name":"Living Wall","floor":2,"gold_loss":0,"cards_obtained":["InnerPeace"]},{"cards_removed":["Defend_P"],"damage_healed":0,"gold_gain":0,"player_choice":"Purged","damage_taken":0,"max_hp_gain":0,"max_hp_loss":0,"event_name":"Purifier","floor":4,"gold_loss":0},{"damage_healed":0,"gold_gain":0,"player_choice":"Relic","damage_taken":0,"max_hp_gain":0,"max_hp_loss":0,"event_name":"Wheel of Change","floor":12,"gold_loss":0},{"damage_healed":0,"gold_gain":0,"player_choice":"Obtained Book","damage_taken":16,"max_hp_gain":0,"max_hp_loss":0,"event_name":"Cursed Tome","floor":19,"gold_loss":0},{"cards_removed":["Defend_P"],"damage_healed":0,"gold_gain":0,"player_choice":"Elegance","damage_taken":0,"max_hp_gain":0,"max_hp_loss":0,"event_name":"Back to Basics","floor":20,"gold_loss":0},{"damage_healed":0,"gold_gain":0,"player_choice":"Ignored","damage_taken":0,"max_hp_gain":0,"max_hp_loss":0,"event_name":"Tomb of Lord Red Mask","floor":36,"gold_loss":0},{"damage_healed":0,"gold_gain":0,"player_choice":"Memory 1","damage_taken":0,"max_hp_gain":0,"max_hp_loss":0,"event_name":"SensoryStone","floor":38,"gold_loss":0}],"is_beta":false,"boss_relics":[{"not_picked":["HolyWater","Runic Dome"],"picked":"SacredBark"},{"not_picked":["Pandora\u0027s Box","Velvet Choker"],"picked":"Cursed Key"}],"items_purged_floors":[21,24,39],"is_endless":false,"potions_floor_spawned":[1,7,8,16,28,30,35,40,54],"ascension_level":2}}