{"host":"if46sxignvy4ka0k","time":1613720289,"event":{"mods":["BaseMod","Minty Spire (QoL Compilation)","StSLib","The Cursed"],"gold_per_floor":[109,125,125,8,23,48,48,63,63,90,106,106,116,129,129,226,226,237,237,248,173,185,185,185],"floor_reached":23,"language":"ENG","playtime":1217,"items_purged":[],"score":230,"play_id":"b68118b8-02ba-4cf1-888f-33b83761c65d","local_time":"20210219013809","is_ascension_mode":false,"campfire_choices":[{"data":"TheCursedMod:CircleOfCorruption","floor":7,"key":"SMITH"},{"floor":12,"key":"REST"},{"floor":15,"key":"REST"}],"circlet_count":0,"master_deck":["TheCursedMod:Defend_TheCursed","TheCursedMod:Defend_TheCursed","TheCursedMod:Defend_TheCursed","TheCursedMod:CursedWand","TheCursedMod:CleanUpWorkshop","TheCursedMod:Dregs","TheCursedMod:Stigma","TheCursedMod:Hemoplague","TheCursedMod:Stretching","TheCursedMod:CircleOfCorruption+1","TheCursedMod:RapidMovement","TheCursedMod:CursedBoomerang","TheCursedMod:VitalStrike","TheCursedMod:DarkBarrier","TheCursedMod:Torture","TheCursedMod:CircleOfAbyss","TheCursedMod:FleshFromBone+1","Bite","Bite","Bite","Bite","TheCursedMod:SurpriseAttack","TheCursedMod:HellfireBreathing"],"relics":["TheCursedMod:BlackMagic101","GremlinMask","Shuriken","Unceasing Top","Cursed Key"],"acts_visited":["Exordium","TheCity"],"potions_floor_usage":[5,16,16,23],"damage_taken":[{"damage":0,"enemies":"2 Louse","floor":1,"turns":2},{"damage":9,"enemies":"Cultist","floor":2,"turns":4},{"damage":8,"enemies":"Small Slimes","floor":5,"turns":3},{"damage":10,"enemies":"Lagavulin","floor":6,"turns":8},{"damage":0,"enemies":"Exordium Wildlife","floor":8,"turns":4},{"damage":28,"enemies":"Gremlin Nob","floor":10,"turns":5},{"damage":0,"enemies":"Blue Slaver","floor":11,"turns":3},{"damage":11,"enemies":"Exordium Thugs","floor":13,"turns":4},{"damage":4,"enemies":"Large Slime","floor":14,"turns":4},{"damage":39,"enemies":"Slime Boss","floor":16,"turns":12},{"damage":17,"enemies":"3 Byrds","floor":18,"turns":3},{"damage":23,"enemies":"Spheric Guardian","floor":20,"turns":4},{"damage":23,"enemies":"Chosen and Byrds","floor":22,"turns":6},{"damage":28,"enemies":"Slavers","floor":23,"turns":3}],"seed_played":"-6971522448460485835","potions_obtained":[{"floor":2,"key":"Fruit Juice"},{"floor":5,"key":"CultistPotion"},{"floor":10,"key":"LiquidMemories"},{"floor":13,"key":"DuplicationPotion"},{"floor":16,"key":"EntropicBrew"}],"is_trial":false,"path_per_floor":["M","M","?","$","M","E","R","M","T","E","M","R","M","M","R","B",null,"M","?","M","?","M","E"],"character_chosen":"THE_CURSED","items_purchased":["TheCursedMod:Hemoplague","TheCursedMod:Stretching"],"campfire_rested":2,"item_purchase_floors":[4,4],"current_hp_per_floor":[68,59,59,59,56,46,46,46,46,18,18,39,28,24,45,6,73,56,51,35,35,22,0,0],"gold":185,"neow_bonus":"REMOVE_TWO","is_daily":false,"chose_seed":false,"campfire_upgraded":1,"win_rate":0.0,"timestamp":1613720289,"path_taken":["M","M","?","$","?","E","R","M","T","E","M","R","?","M","R","BOSS","M","?","M","?","M","E"],"items_purchased_type":["Card","Card"],"build_version":"2020-12-22","purchased_purges":0,"victory":false,"max_hp_per_floor":[68,68,68,68,73,73,73,73,73,73,73,73,73,73,73,73,73,73,51,51,51,51,51,51],"card_choices":[{"not_picked":["TheCursedMod:WearCloak","TheCursedMod:Evocation"],"picked":"TheCursedMod:Stigma","floor":1},{"not_picked":["TheCursedMod:SpitefulStrike","TheCursedMod:SoulReap","TheCursedMod:CursedAmulet"],"picked":"SKIP","floor":2},{"not_picked":["TheCursedMod:StingEye","TheCursedMod:SoulCrush"],"picked":"TheCursedMod:CircleOfCorruption","floor":5},{"not_picked":["TheCursedMod:Stigma","TheCursedMod:ForbiddenAlchemy"],"picked":"TheCursedMod:RapidMovement","floor":6},{"not_picked":["TheCursedMod:Grudge","TheCursedMod:CursedArmor","TheCursedMod:RavingStaff"],"picked":"SKIP","floor":8},{"not_picked":["TheCursedMod:RavingStaff","TheCursedMod:ReleasedKnowledge"],"picked":"TheCursedMod:CursedBoomerang","floor":10},{"not_picked":["TheCursedMod:SpitefulStrike","TheCursedMod:CursedMace"],"picked":"TheCursedMod:VitalStrike","floor":11},{"not_picked":["TheCursedMod:CircleOfCorruption","TheCursedMod:ManaBullet"],"picked":"TheCursedMod:DarkBarrier","floor":13},{"not_picked":["TheCursedMod:ManaBullet","TheCursedMod:CursedBlade"],"picked":"TheCursedMod:Torture","floor":14},{"not_picked":["TheCursedMod:ShockAndAwe","TheCursedMod:AntiAging"],"picked":"TheCursedMod:CircleOfAbyss","floor":16},{"not_picked":["TheCursedMod:TacticalStrike","TheCursedMod:DoubleShield"],"picked":"TheCursedMod:FleshFromBone+1","floor":18},{"not_picked":["TheCursedMod:Wield+1","TheCursedMod:CursedBlade"],"picked":"TheCursedMod:SurpriseAttack","floor":20},{"not_picked":["TheCursedMod:TacticalStrike+1","TheCursedMod:FuryStrike+1"],"picked":"TheCursedMod:HellfireBreathing","floor":22}],"player_experience":2159860,"relics_obtained":[{"floor":6,"key":"Shuriken"},{"floor":10,"key":"Unceasing Top"}],"event_choices":[{"damage_healed":0,"gold_gain":0,"player_choice":"Trade","damage_taken":0,"relics_obtained":["GremlinMask"],"max_hp_gain":0,"max_hp_loss":0,"event_name":"FaceTrader","floor":3,"gold_loss":0},{"damage_healed":0,"gold_gain":0,"player_choice":"Became a vampire","damage_taken":0,"max_hp_gain":0,"max_hp_loss":22,"event_name":"Vampires","floor":19,"gold_loss":0,"cards_obtained":["Bite","Bite","Bite","Bite","Bite"]},{"cards_removed":["Bite"],"damage_healed":0,"gold_gain":0,"player_choice":"Gave Gold","damage_taken":0,"max_hp_gain":0,"max_hp_loss":0,"event_name":"Beggar","floor":21,"gold_loss":75}],"is_beta":false,"boss_relics":[{"not_picked":["Velvet Choker","Tiny House"],"picked":"Cursed Key"}],"items_purged_floors":[],"is_endless":false,"potions_floor_spawned":[2,5,10,13,14,16],"killed_by":"Slavers","ascension_level":0}}