{"host":"tqx2hwjda5x2l78j","time":1613708721,"event":{"mods":["2.2 Compatiblity","Act Like it!","BaseMod","Better Match","Better Third Choice","BetterRewards","Block Reminder","Bossed Relics","Card Filter","Colored Map","Dark Map","Downfall","GifTheSpireLib","Gremlin Skip","Hubris","Marisa????????","Minty Spire (QoL Compilation)","Quick Restart","Rare Cards Sparkle","StSLib","Stuff the Spire","The Alterego","The Animator","The Jungle","Unceasing Turn Reminder"],"gold_per_floor":[99,114,134,44,56,69,96,118,118,35,70,88,88,102,113,215,215,215,226,239,250,270,270,323,323,323,335,349,349,349,349],"floor_reached":29,"language":"ENG","playtime":2796,"items_purged":["champ:Strike"],"score":231,"play_id":"ab78596f-6337-4a7b-b374-16c054643e4e","local_time":"20210218222521","is_ascension_mode":false,"campfire_choices":[{"data":"champ:Taunt","floor":1.0,"key":"SMITH"},{"data":"champ:FocusedBerserking","floor":9,"key":"SMITH"},{"data":"champ:HoldFirm","floor":13,"key":"SMITH"},{"data":"champ:IronFortress","floor":18,"key":"SMITH"},{"data":"champ:GladiatorForm","floor":23,"key":"SMITH"},{"data":"champ:Lariat","floor":26,"key":"SMITH"}],"circlet_count":0,"master_deck":["champ:Strike","champ:Strike","champ:Strike","champ:Defend","champ:Defend","champ:Defend","champ:Defend","champ:Execute","champ:Taunt+1","champ:FancyFootwork","champ:GutPunch","champ:FocusedBerserking+1","champ:BerserkersShout","champ:EnGarde","champ:ArenaPreparation","champ:FancyFootwork","champ:HoldFirm+1","champ:IronFortress+1","champ:FalseCounter","champ:Lariat+1","champ:VampiricStrike","champ:RisingSlash","champ:GladiatorForm+1","champ:VampiricStrike"],"relics":["champ:ChampionCrown","Odd Mushroom","hubris:ToyBattleship","SlaversCollar","Pen Nib","Nloth\u0027s Gift"],"acts_visited":["Exordium","TheCity"],"potions_floor_usage":[8,16,21,22],"damage_taken":[{"damage":22,"enemies":"Small Slimes","floor":2,"turns":4},{"damage":12,"enemies":"2 Louse","floor":3,"turns":3},{"damage":15,"enemies":"downfall:FleeingMerchant","floor":4,"turns":4},{"damage":10,"enemies":"Cultist","floor":5,"turns":3},{"damage":31,"enemies":"3 Louse","floor":6,"turns":5},{"damage":20,"enemies":"The Mushroom Lair","floor":8,"turns":5},{"damage":55,"enemies":"downfall:FleeingMerchant","floor":10,"turns":4},{"damage":68,"enemies":"3 Sentries","floor":11,"turns":8},{"damage":26,"enemies":"2 Fungi Beasts","floor":12,"turns":4},{"damage":24,"enemies":"Blue Slaver","floor":14,"turns":3},{"damage":10,"enemies":"3 Louse","floor":15,"turns":3},{"damage":80,"enemies":"WA_ARCHETYPE_RETAIN","floor":16,"turns":8},{"damage":65,"enemies":"3 Byrds","floor":19,"turns":7},{"damage":67,"enemies":"Shell Parasite","floor":20,"turns":6},{"damage":81,"enemies":"Snecko","floor":21,"turns":6},{"damage":70,"enemies":"Shelled Parasite and Fungi","floor":22,"turns":8},{"damage":69,"enemies":"Snake Plant","floor":27,"turns":5},{"damage":71,"enemies":"Snecko","floor":28,"turns":8},{"damage":11,"enemies":"downfall:FleeingMerchant","floor":29,"turns":2}],"seed_played":"-4691503457757518364","potions_obtained":[{"floor":2,"key":"DuplicationPotion"},{"floor":3,"key":"FearPotion"},{"floor":6,"key":"Explosive Potion"},{"floor":14,"key":"SteroidPotion"},{"floor":15,"key":"hexamod:SoulburnPotion"},{"floor":19,"key":"Ancient Potion"}],"is_trial":false,"path_per_floor":["R","M","M","$","M","M","T","?","R","$","E","M","R","M","M","B",null,"R","M","M","M","M","R","T","?","R","M","M","$"],"character_chosen":"THE_CHAMP","items_purchased":["champ:HoldFirm"],"campfire_rested":0,"item_purchase_floors":[10],"current_hp_per_floor":[99,97,95,90,90,79,79,79,79,69,55,54,54,50,50,35,99,99,94,82,76,71,71,71,71,71,62,11,0,0,0],"gold":349,"neow_bonus":"TEN_PERCENT_HP_BONUS","is_daily":false,"chose_seed":false,"campfire_upgraded":6,"win_rate":0.0,"timestamp":1613708721,"path_taken":["R","M","M","$","M","M","T","?","R","$","E","M","R","M","M","BOSS","R","M","M","M","M","R","T","?","R","M","?","$"],"items_purchased_type":["Card"],"build_version":"2020-12-22","purchased_purges":1,"victory":false,"max_hp_per_floor":[99,99,99,99,99,99,99,99,99,99,99,99,99,99,99,99,99,99,99,99,99,99,99,99,99,99,99,99,99,99,99],"card_choices":[{"not_picked":["champ:BladeFlurry","champ:PreemptiveStrike"],"picked":"champ:FancyFootwork","floor":2},{"not_picked":["champ:CrookedStrike","champ:CrownThrow"],"picked":"champ:GutPunch","floor":3},{"not_picked":["champ:CrookedStrike","champ:PreciseThrust"],"picked":"champ:FocusedBerserking","floor":4},{"not_picked":["champ:Lariat","champ:FocusedDefense"],"picked":"champ:BerserkersShout","floor":5},{"not_picked":["champ:Shatter","champ:SetATrap"],"picked":"champ:EnGarde","floor":6},{"not_picked":["champ:EndlessRage","champ:AdrenalArmor"],"picked":"champ:ArenaPreparation","floor":8},{"not_picked":["champ:GutPunch","champ:EnGarde"],"picked":"champ:FancyFootwork","floor":10},{"not_picked":["champ:Shatter","champ:EnGarde"],"picked":"champ:IronFortress","floor":11},{"not_picked":["champ:DefensiveShout","champ:EnGarde"],"picked":"champ:FalseCounter","floor":12},{"not_picked":["champ:ArenaPreparation","champ:Backstep","champ:FocusedBerserking"],"picked":"SKIP","floor":14},{"not_picked":["champ:BerserkersShout","champ:PreemptiveStrike"],"picked":"champ:Lariat","floor":15},{"not_picked":["champ:ShieldThrow","champ:IgnorePain"],"picked":"champ:VampiricStrike","floor":16},{"not_picked":["champ:BladeFlurry","champ:PreciseThrust"],"picked":"champ:RisingSlash","floor":19},{"not_picked":["champ:Haymaker","champ:FancyFootwork","champ:EnragedBash"],"picked":"SKIP","floor":20},{"not_picked":["champ:Shatter","champ:DefensiveShout","champ:Backstep+1"],"picked":"SKIP","floor":21},{"not_picked":["champ:Haymaker+1","champ:FlashCut"],"picked":"champ:GladiatorForm","floor":22},{"not_picked":["champ:EnGarde+1","champ:DefensiveShout","champ:Duel+1"],"picked":"SKIP","floor":27},{"not_picked":["champ:StanceDance","champ:Haymaker"],"picked":"champ:VampiricStrike","floor":28}],"player_experience":355421,"relics_obtained":[{"floor":7,"key":"Nunchaku"},{"floor":8,"key":"Odd Mushroom"},{"floor":11,"key":"hubris:ToyBattleship"},{"floor":24,"key":"Pen Nib"}],"event_choices":[{"damage_healed":0,"gold_gain":0,"player_choice":"Fought Mushrooms","damage_taken":0,"max_hp_gain":0,"max_hp_loss":0,"event_name":"Mushrooms","floor":8,"gold_loss":0}],"is_beta":false,"boss_relics":[{"not_picked":["StuffTheSpire:ModemDavis","Philosopher\u0027s Stone"],"picked":"SlaversCollar"}],"items_purged_floors":[4],"is_endless":false,"potions_floor_spawned":[2,3,6,14,15,19,20],"killed_by":"downfall:FleeingMerchant","ascension_level":0}}