{"host":"lklj3eidp7g5an38","time":1613777947,"event":{"mods":["AchievementEnabler","BaseMod","Colored Map","Colored Powertips","Curses Come First","DeckTracker","Highlight Path","Minty Spire (QoL Compilation)","Relic Stats","StSLib"],"gold_per_floor":[113,38,313,323,323,323,323],"floor_reached":6,"language":"ENG","playtime":468,"items_purged":[],"score":63,"play_id":"db9782c7-bd96-4b8f-9020-b6c0fda598de","local_time":"20210219233907","is_ascension_mode":true,"campfire_choices":[],"circlet_count":0,"master_deck":["AscendersBane","Strike_B","Strike_B","Strike_B","Defend_B","Defend_B","Defend_B","Defend_B","Zap","Dualcast","Reprogram","Regret","Coolheaded"],"relics":["Cracked Core","Regal Pillow"],"acts_visited":["Exordium"],"potions_floor_usage":[6],"damage_taken":[{"damage":1,"enemies":"2 Louse","floor":1,"turns":2},{"damage":6,"enemies":"Small Slimes","floor":4,"turns":5},{"damage":64,"enemies":"3 Sentries","floor":6,"turns":13}],"seed_played":"671018810461712101","potions_obtained":[{"floor":1,"key":"PotionOfCapacity"}],"is_trial":false,"path_per_floor":["M","?","?","M","?","E"],"character_chosen":"DEFECT","items_purchased":[],"campfire_rested":0,"item_purchase_floors":[],"current_hp_per_floor":[63,63,63,57,62,0,0],"gold":323,"neow_bonus":"RANDOM_COMMON_RELIC","is_daily":false,"chose_seed":false,"campfire_upgraded":0,"win_rate":0.0,"timestamp":1613777947,"path_taken":["M","?","?","?","?","E"],"items_purchased_type":[],"build_version":"2020-12-22","purchased_purges":0,"victory":false,"max_hp_per_floor":[71,71,71,71,76,76,76],"relic_stats":{"Regal Pillow":0,"counters":[3,20],"obtain_stats":[{"Regal Pillow":0,"Cracked Core":0},{"Regal Pillow":0,"Cracked Core":0},{"Regal Pillow":0,"Cracked Core":0}]},"card_choices":[{"not_picked":["Leap","Cold Snap"],"picked":"Reprogram","floor":1},{"not_picked":["Beam Cell","Tempest"],"picked":"Coolheaded","floor":4}],"player_experience":959392,"relics_obtained":[],"event_choices":[{"cards_removed":["Strike_B"],"damage_healed":0,"gold_gain":0,"player_choice":"Card Removal","damage_taken":0,"max_hp_gain":0,"max_hp_loss":0,"event_name":"The Cleric","floor":2,"gold_loss":75},{"damage_healed":0,"gold_gain":275,"player_choice":"Desecrate","damage_taken":0,"max_hp_gain":0,"max_hp_loss":0,"event_name":"Golden Shrine","floor":3,"gold_loss":0,"cards_obtained":["Regret"]},{"damage_healed":0,"gold_gain":0,"player_choice":"Donut","damage_taken":0,"max_hp_gain":5,"max_hp_loss":0,"event_name":"Big Fish","floor":5,"gold_loss":0}],"is_beta":false,"boss_relics":[],"items_purged_floors":[],"is_endless":false,"potions_floor_spawned":[1],"killed_by":"3 Sentries","ascension_level":17}}