{"host":"z37g2hkgkh2zjyzk","time":1613694730,"event":{"mods":["2.2 Compatiblity","AchievementEnabler","BaseMod","Bestiary","Colored Map","Colored Powertips","Curses Come First","Keyboard Shortcuts","Minty Spire (QoL Compilation)","Relic Stats","StSLib","SuperFastMode"],"gold_per_floor":[114,134,134,24,24,24,58,58,58,102,122,122,166,180,180,305,305,328,71,66,90,104,104,104],"floor_reached":23,"language":"ENG","playtime":1800,"items_purged":["Strike_R"],"score":264,"play_id":"4b35f872-f2cf-4dac-8859-3bef6d601e86","local_time":"20210219013210","is_ascension_mode":true,"campfire_choices":[{"data":"Evolve","floor":6,"key":"SMITH"},{"data":"Cleave","floor":8,"key":"SMITH"},{"data":"Feel No Pain","floor":15,"key":"SMITH"}],"circlet_count":0,"master_deck":["Strike_R","Strike_R","Strike_R","Strike_R","Defend_R+1","Defend_R","Defend_R+1","Defend_R+1","Bash","Wild Strike+1","Dark Embrace","Evolve+1","Cleave+1","Brutality","Feel No Pain+1","Power Through","Whirlwind","Fiend Fire","Feel No Pain+1","Power Through"],"relics":["Black Blood","War Paint","Golden Idol","Bag of Preparation","Singing Bowl","Ornamental Fan","FossilizedHelix","Eternal Feather"],"acts_visited":["Exordium","TheCity"],"potions_floor_usage":[7,13,16,16,16,23],"damage_taken":[{"damage":4,"enemies":"Jaw Worm","floor":1,"turns":3},{"damage":0,"enemies":"2 Louse","floor":2,"turns":2},{"damage":9,"enemies":"Gremlin Nob","floor":7,"turns":4},{"damage":18,"enemies":"3 Sentries","floor":10,"turns":6},{"damage":0,"enemies":"Small Slimes","floor":11,"turns":3},{"damage":22,"enemies":"Lagavulin","floor":13,"turns":6},{"damage":0,"enemies":"Red Slaver","floor":14,"turns":4},{"damage":17,"enemies":"Hexaghost","floor":16,"turns":12},{"damage":13,"enemies":"Shell Parasite","floor":18,"turns":5},{"damage":1,"enemies":"2 Thieves","floor":20,"turns":4},{"damage":30,"enemies":"Centurion and Healer","floor":21,"turns":9},{"damage":17,"enemies":"Snake Plant","floor":22,"turns":4},{"damage":64,"enemies":"Gremlin Leader","floor":23,"turns":6}],"seed_played":"-3408042151722445747","potions_obtained":[{"floor":1,"key":"SpeedPotion"},{"floor":7,"key":"SteroidPotion"},{"floor":10,"key":"SkillPotion"},{"floor":12,"key":"HeartOfIron"},{"floor":12,"key":"Weak Potion"},{"floor":13,"key":"HeartOfIron"},{"floor":22,"key":"Dexterity Potion"}],"is_trial":false,"path_per_floor":["M","M","?","$","?","R","E","R","T","E","M","?","E","M","R","B",null,"M","$","M","M","M","E"],"character_chosen":"IRONCLAD","items_purchased":["Evolve","Eternal Feather"],"campfire_rested":0,"item_purchase_floors":[4,19],"current_hp_per_floor":[80,80,60,60,44,44,41,41,41,29,35,35,19,25,25,14,64,65,65,76,58,55,0,0],"gold":104,"neow_bonus":"RANDOM_COMMON_RELIC","is_daily":false,"chose_seed":false,"campfire_upgraded":3,"win_rate":0.0,"timestamp":1613694730,"path_taken":["M","M","?","?","?","R","E","R","T","E","M","?","E","?","R","BOSS","M","$","M","M","M","E"],"items_purchased_type":["Card","Relic"],"build_version":"2020-12-22","purchased_purges":1,"victory":false,"max_hp_per_floor":[80,80,80,80,80,80,80,80,80,80,80,80,80,80,80,80,80,82,82,82,82,84,84,84],"relic_stats":{"Singing Bowl":4,"counters":[13,68],"Golden Idol":75,"Ornamental Fan":[28],"Black Blood":88,"Eternal Feather":0,"Bag of Preparation":[20],"War Paint":["Defend_R","Defend_R"],"obtain_stats":[{"Singing Bowl":9,"Golden Idol":3,"Ornamental Fan":10,"Black Blood":17,"Eternal Feather":19,"Bag of Preparation":7,"War Paint":0,"Burning Blood":0,"FossilizedHelix":13},{"Singing Bowl":3,"Golden Idol":2,"Ornamental Fan":4,"Black Blood":8,"Eternal Feather":9,"Bag of Preparation":3,"War Paint":0,"Burning Blood":0,"FossilizedHelix":6},{"Singing Bowl":9,"Golden Idol":5,"Ornamental Fan":15,"Black Blood":40,"Eternal Feather":45,"Bag of Preparation":9,"War Paint":0,"Burning Blood":0,"FossilizedHelix":24}]},"card_choices":[{"not_picked":["Armaments","Heavy Blade"],"picked":"Wild Strike","floor":1},{"not_picked":["Wild Strike","Burning Pact"],"picked":"Dark Embrace","floor":2},{"not_picked":["Metallicize","Battle Trance"],"picked":"Cleave","floor":7},{"not_picked":["Headbutt","Entrench"],"picked":"Brutality","floor":10},{"not_picked":["Anger","Cleave"],"picked":"Feel No Pain","floor":11},{"not_picked":["Thunderclap","Clash"],"picked":"Power Through","floor":13},{"not_picked":["Cleave","Shrug It Off"],"picked":"Whirlwind","floor":14},{"not_picked":["Reaper","Feed"],"picked":"Fiend Fire","floor":16},{"not_picked":["Evolve","Sword Boomerang+1","Perfected Strike"],"picked":"Singing Bowl","floor":18},{"not_picked":["Heavy Blade","Havoc"],"picked":"Feel No Pain+1","floor":20},{"not_picked":["Clash","Clothesline"],"picked":"Power Through","floor":21},{"not_picked":["Armaments","True Grit","Cleave+1"],"picked":"Singing Bowl","floor":22}],"player_experience":112607,"relics_obtained":[{"floor":7,"key":"Bag of Preparation"},{"floor":9,"key":"Singing Bowl"},{"floor":10,"key":"Ornamental Fan"},{"floor":13,"key":"FossilizedHelix"}],"event_choices":[{"damage_healed":0,"gold_gain":0,"player_choice":"Take Damage","damage_taken":20,"relics_obtained":["Golden Idol"],"max_hp_gain":0,"max_hp_loss":0,"event_name":"Golden Idol","floor":3,"gold_loss":0},{"damage_healed":0,"gold_gain":0,"player_choice":"Entered Light","damage_taken":16,"max_hp_gain":0,"max_hp_loss":0,"event_name":"Shining Light","floor":5,"gold_loss":0,"cards_upgraded":["Defend_R","Wild Strike"]},{"damage_healed":0,"gold_gain":0,"player_choice":"Got Potions","damage_taken":0,"max_hp_gain":0,"max_hp_loss":0,"event_name":"Lab","floor":12,"gold_loss":0}],"is_beta":false,"boss_relics":[{"not_picked":["Sozu","Tiny House"],"picked":"Black Blood"}],"items_purged_floors":[4],"is_endless":false,"potions_floor_spawned":[1,7,10,13,22],"killed_by":"Gremlin Leader","ascension_level":5}}