{"host":"iggyqwhh1tk9qczq","time":1613721437,"event":{"mods":["BaseMod","Downfall","Googly Eyes","Minty Spire (QoL Compilation)","StSLib","The Disciple","The Mystic","The Necromancer","The Runesmith","The Servant 0.9.4","Together in Spire","Yuri Mod"],"gold_per_floor":[115,134,134,134,144,176,176,176,222,222,237,237,268,287,287,389,389,403,146,163,263,273,273,284,317,317,317,327,327,327,344,344,439,439,458,213,313,326,49,63,80,80,80],"floor_reached":42,"language":"ENG","playtime":3899,"items_purged":["yuri:yuriStrike","yuri:Suicide","yuri:yuriStrike"],"score":480,"play_id":"66ae75b0-2827-499e-9c29-0395ca2e320e","local_time":"20210218235717","is_ascension_mode":false,"campfire_choices":[{"floor":10.0,"key":"REST"},{"data":"yuri:WickedSlash","floor":12.0,"key":"SMITH"},{"floor":15.0,"key":"REST"},{"data":"yuri:HeavierStrike","floor":23,"key":"SMITH"},{"data":"yuri:Virus","floor":27,"key":"SMITH"},{"data":"yuri:SeeingDouble","floor":29,"key":"SMITH"},{"floor":32,"key":"REST"}],"circlet_count":0,"master_deck":["yuri:yuriStrike+1","yuri:yuriDefend+1","yuri:yuriDefend","yuri:yuriDefend","yuri:yuriDefend","yuri:yuriDefend","yuri:Oolong+1","yuri:yuriStab","yuri:Stalk+1","yuri:TPose","yuri:BookPurple","yuri:Stalk","yuri:ThornRemove","yuri:WickedSlash+1","yuri:SeeingDouble","yuri:SeeingDouble+1","yuri:Virus+1","yuri:HoldBack+1","yuri:SturdyUniform","yuri:GlitchedStrike","yuri:HeavierStrike+1","yuri:HeavierStrike","yuri:TeaSet+1","downfall:Haunted","downfall:Haunted","yuri:RhapsodyCurse","yuri:DragonForm","yuri:MirrorInsanity","yuri:DebugCard","yuri:ThrowingKnives+1","yuri:yuriHeavyStrike","yuri:InsanityDefense"],"relics":["yuri:yuriKnife","NeowsBlessing","Oddly Smooth Stone","Shuriken","Potion Belt","yuri:GlassOfWater","Sozu","War Paint","Vajra","HornCleat","Darkstone Periapt","Busted Crown","yuri:GlassOfWine","Lee\u0027s Waffle"],"acts_visited":["Exordium","TheCity","TheBeyond"],"potions_floor_usage":[24],"damage_taken":[{"damage":0.0,"enemies":"Jaw Worm","floor":1.0,"turns":1.0},{"damage":0.0,"enemies":"2 Louse","floor":2.0,"turns":1.0},{"damage":1.0,"enemies":"Small Slimes","floor":5.0,"turns":2.0},{"damage":12.0,"enemies":"Gremlin Nob","floor":6.0,"turns":4.0},{"damage":7.0,"enemies":"3 Louse","floor":11.0,"turns":5.0},{"damage":31.0,"enemies":"Lagavulin","floor":13.0,"turns":7.0},{"damage":2.0,"enemies":"Gremlin Gang","floor":14.0,"turns":3.0},{"damage":50.0,"enemies":"Slime Boss","floor":16.0,"turns":11.0},{"damage":23,"enemies":"3 Byrds","floor":18,"turns":7},{"damage":4,"enemies":"Spheric Guardian","floor":20,"turns":6},{"damage":10,"enemies":"Shelled Parasite and Fungi","floor":22,"turns":7},{"damage":14,"enemies":"Snake Plant","floor":24,"turns":3},{"damage":22,"enemies":"Book of Stabbing","floor":25,"turns":5},{"damage":6,"enemies":"Centurion and Healer","floor":28,"turns":5},{"damage":23,"enemies":"Cultist and Chosen","floor":31,"turns":7},{"damage":54,"enemies":"Automaton","floor":33,"turns":8},{"damage":34,"enemies":"3 Darklings","floor":35,"turns":9},{"damage":21,"enemies":"3 Shapes","floor":38,"turns":3},{"damage":51,"enemies":"Writhing Mass","floor":40,"turns":5},{"damage":56,"enemies":"Transient","floor":41,"turns":5},{"damage":12,"enemies":"Jaw Worm Horde","floor":42,"turns":2}],"seed_played":"-4404766978871921013","potions_obtained":[{"floor":11.0,"key":"ColorlessPotion"},{"floor":13.0,"key":"sneckomod:MuddlingPotion"},{"floor":14.0,"key":"SneckoOil"},{"floor":16.0,"key":"ColorlessPotion"}],"is_trial":false,"path_per_floor":["M","M","?","?","M","E","?","?","T","R","M","R","E","M","R","B",null,"M","$","M","?","M","R","M","E","T","R","M","R","?","M","R","B",null,"M","$","?","M","$","M","M","M"],"character_chosen":"YURI","items_purchased":["yuri:SturdyUniform","War Paint","yuri:GlassOfWine","Lee\u0027s Waffle"],"campfire_rested":3,"item_purchase_floors":[19,19,36,39],"current_hp_per_floor":[80,80,62,55,54,46,30,30,30,54,54,54,30,28,52,9,80,64,64,67,67,64,64,57,42,42,42,43,43,61,45,74,27,98,71,71,71,50,105,61,12,0,0],"gold":80,"neow_bonus":"THREE_ENEMY_KILL","is_daily":false,"chose_seed":false,"campfire_upgraded":4,"win_rate":0.0,"timestamp":1613721437,"path_taken":["M","M","?","?","?","E","?","?","T","R","M","R","E","M","R","BOSS","M","$","M","?","?","R","M","E","T","R","M","R","?","M","R","BOSS","M","$","?","M","$","M","?","M"],"items_purchased_type":["Card","Relic","Relic","Relic"],"build_version":"2020-12-22","purchased_purges":3,"victory":false,"max_hp_per_floor":[80,80,80,80,80,80,80,80,80,80,80,80,80,80,80,80,80,80,80,80,80,80,80,80,80,80,80,80,80,98,98,98,98,98,98,98,98,98,105,105,105,105,105],"card_choices":[{"not_picked":["yuri:GlitchedStrike","yuri:Stare"],"picked":"yuri:Stalk","floor":1.0},{"not_picked":["yuri:DebugCard","yuri:yuriHeavyStrike"],"picked":"yuri:TPose","floor":2.0},{"not_picked":["yuri:ThornRemove","yuri:Skip"],"picked":"yuri:BookPurple","floor":5.0},{"not_picked":["yuri:Torment","yuri:ThrowBook"],"picked":"yuri:Stalk","floor":6.0},{"not_picked":["yuri:Parry","yuri:RecklessStrike"],"picked":"yuri:WickedSlash","floor":11.0},{"not_picked":["yuri:StealPen","yuri:yuriHeavyStrike"],"picked":"yuri:SeeingDouble","floor":13.0},{"not_picked":["yuri:Stare","yuri:RecklessStrike"],"picked":"yuri:SeeingDouble","floor":14.0},{"not_picked":["yuri:NoEscape","yuri:RemoveSafetyChecks"],"picked":"yuri:Virus","floor":16.0},{"not_picked":["yuri:ThrowingKnives","yuri:MPose"],"picked":"yuri:HoldBack+1","floor":18},{"not_picked":["yuri:RepairCode","yuri:InduceGlitch"],"picked":"yuri:GlitchedStrike","floor":20},{"not_picked":["yuri:yuriQuickStrike","yuri:SturdyUniform"],"picked":"yuri:HeavierStrike","floor":22},{"not_picked":["yuri:Spin","yuri:TPose+1","yuri:SelfHarm"],"picked":"SKIP","floor":24},{"not_picked":["yuri:Stalk+1","yuri:ReactiveMadness"],"picked":"yuri:HeavierStrike","floor":25},{"not_picked":["yuri:HeavierStrike","yuri:DeepBreathing"],"picked":"yuri:TeaSet+1","floor":28},{"not_picked":["yuri:HeavierStrike","yuri:Skip","yuri:yuriHeavyStrike"],"picked":"SKIP","floor":31},{"not_picked":["yuri:MagneticKnives","yuri:DistillInsanity"],"picked":"yuri:Suicide","floor":33},{"not_picked":[],"picked":"yuri:ThrowingKnives+1","floor":35},{"not_picked":["yuri:Stare"],"picked":"SKIP","floor":38},{"not_picked":["yuri:CalmingAura"],"picked":"SKIP","floor":40},{"not_picked":["yuri:RepairCode"],"picked":"SKIP","floor":41}],"player_experience":129441,"relics_obtained":[{"floor":6.0,"key":"Shuriken"},{"floor":9.0,"key":"Potion Belt"},{"floor":13.0,"key":"yuri:GlassOfWater"},{"floor":25,"key":"Vajra"},{"floor":26,"key":"HornCleat"}],"event_choices":[{"damage_healed":0.0,"max_hp_gain":0.0,"max_hp_loss":0.0,"gold_gain":0.0,"event_name":"Scrap Ooze","player_choice":"Success","floor":3.0,"gold_loss":0.0,"damage_taken":18.0,"relics_obtained":["Oddly Smooth Stone"]},{"cards_removed":["yuri:yuriStrike"],"damage_healed":0.0,"max_hp_gain":0.0,"max_hp_loss":0.0,"gold_gain":0.0,"event_name":"Golden Wing","player_choice":"Card Removal","floor":4.0,"gold_loss":0.0,"damage_taken":7.0},{"damage_healed":0.0,"max_hp_gain":0.0,"max_hp_loss":0.0,"gold_gain":0.0,"event_name":"Shining Light","player_choice":"Entered Light","floor":7.0,"gold_loss":0.0,"damage_taken":16.0,"cards_upgraded":["yuri:yuriStrike","yuri:Oolong"]},{"damage_healed":0.0,"max_hp_gain":0.0,"max_hp_loss":0.0,"gold_gain":0.0,"cards_transformed":["yuri:yuriStrike"],"event_name":"Living Wall","player_choice":"Change","floor":8.0,"gold_loss":0.0,"damage_taken":0.0,"cards_obtained":["yuri:ThornRemove"]},{"damage_healed":0,"gold_gain":100,"player_choice":"Pray","damage_taken":0,"max_hp_gain":0,"max_hp_loss":0,"event_name":"Golden Shrine","floor":21,"gold_loss":0},{"damage_healed":0,"gold_gain":100,"player_choice":"Pray","damage_taken":0,"max_hp_gain":0,"max_hp_loss":0,"event_name":"Golden Shrine","floor":37,"gold_loss":0}],"is_beta":false,"boss_relics":[{"not_picked":["Cursed Key","yuri:PortraitOfMarkov"],"picked":"Sozu"},{"not_picked":["Runic Dome","Astrolabe"],"picked":"Busted Crown"}],"items_purged_floors":[19,36,39],"is_endless":false,"potions_floor_spawned":[11,13,14,16,18,24,28,31,38,40],"killed_by":"Jaw Worm Horde","ascension_level":0}}