{"host":"ronyeowk3fr4dw6n","time":1613725682,"event":{"mods":["AchievementEnabler","BaseMod","Bestiary","Better Note","DeckTracker","Minty Spire (QoL Compilation)","Permanent Neow","Quick Restart","Relic Stats","StSLib","SuperFastMode"],"gold_per_floor":[110,122,141,67,67,67,78,103,172,203,42,42,60,88,88,188,188,201,201,201],"floor_reached":19,"language":"ENG","playtime":1284,"items_purged":[],"score":271,"play_id":"e0bad289-9716-4806-9d5f-c892b97e1c14","local_time":"20210219160802","is_ascension_mode":true,"campfire_choices":[{"data":"Streamline","floor":6.0,"key":"SMITH"},{"data":"Doom and Gloom","floor":12.0,"key":"SMITH"},{"data":"Go for the Eyes","floor":15.0,"key":"SMITH"}],"circlet_count":0,"master_deck":["Zap","Dualcast","Stack","Stack","Cold Snap","Streamline+1","Genetic Algorithm","Compile Driver","Ball Lightning","Doom and Gloom+1","Self Repair","Go for the Eyes+1","Genetic Algorithm","Biased Cognition","Thunder Strike","Fission","Capacitor","White Noise","Reprogram","Leap","Blizzard","Gash","BootSequence+1"],"relics":["Runic Pyramid","Mango","Gremlin Horn","Oddly Smooth Stone","Ancient Tea Set","Pandora\u0027s Box"],"acts_visited":["Exordium","TheCity"],"potions_floor_usage":[],"damage_taken":[{"damage":1.0,"enemies":"Cultist","floor":1.0,"turns":4.0},{"damage":1.0,"enemies":"2 Louse","floor":2.0,"turns":3.0},{"damage":0.0,"enemies":"Jaw Worm","floor":3.0,"turns":5.0},{"damage":4.0,"enemies":"Blue Slaver","floor":7.0,"turns":4.0},{"damage":10.0,"enemies":"3 Sentries","floor":8.0,"turns":8.0},{"damage":11.0,"enemies":"Lagavulin","floor":10.0,"turns":8.0},{"damage":0.0,"enemies":"Red Slaver","floor":13.0,"turns":3.0},{"damage":4.0,"enemies":"Gremlin Nob","floor":14.0,"turns":3.0},{"damage":14,"enemies":"Slime Boss","floor":16,"turns":9},{"damage":16,"enemies":"Shell Parasite","floor":18,"turns":5},{"damage":18,"enemies":"Spheric Guardian","floor":19,"turns":5}],"seed_played":"4919737208414958161","potions_obtained":[{"floor":8.0,"key":"BlessingOfTheForge"},{"floor":10.0,"key":"FearPotion"},{"floor":13.0,"key":"SteroidPotion"},{"floor":18,"key":"Ancient Potion"}],"is_trial":false,"path_per_floor":["M","M","M","$","?","R","M","E","T","E","$","R","M","E","R","B",null,"M","M"],"character_chosen":"DEFECT","items_purchased":["Genetic Algorithm","Doom and Gloom","Self Repair","Go for the Eyes"],"campfire_rested":0,"item_purchase_floors":[4,11,11,11],"current_hp_per_floor":[67,66,66,66,51,51,47,51,51,40,40,40,40,43,43,36,76,67,49,49],"gold":201,"neow_bonus":"BOSS_RELIC","is_daily":false,"chose_seed":false,"campfire_upgraded":3,"win_rate":0.0,"timestamp":1613725682,"path_taken":["M","M","M","?","?","R","M","E","T","E","$","R","M","E","R","BOSS","M","M"],"items_purchased_type":["Card","Card","Card","Card"],"build_version":"2020-12-22","purchased_purges":0,"victory":false,"max_hp_per_floor":[75,75,75,75,75,75,75,89,89,89,89,89,89,89,89,89,89,89,89,89],"relic_stats":{"Gremlin Horn":[2,2],"counters":[11,57],"Pandora\u0027s Box":["Thunder Strike","Fission","Capacitor","White Noise","Reprogram","Leap","Blizzard","Gash"],"obtain_stats":[{"Gremlin Horn":9,"Oddly Smooth Stone":10,"Mango":8,"Pandora\u0027s Box":17,"Cracked Core":0,"Ancient Tea Set":14,"Runic Pyramid":0},{"Gremlin Horn":5,"Oddly Smooth Stone":6,"Mango":5,"Pandora\u0027s Box":9,"Cracked Core":0,"Ancient Tea Set":8,"Runic Pyramid":0},{"Gremlin Horn":24,"Oddly Smooth Stone":32,"Mango":24,"Pandora\u0027s Box":47,"Cracked Core":0,"Ancient Tea Set":38,"Runic Pyramid":0}]},"card_choices":[{"not_picked":["Steam","Conserve Battery"],"picked":"Stack","floor":1.0},{"not_picked":["Steam","Conserve Battery"],"picked":"Stack","floor":1.0},{"not_picked":["Static Discharge","Glacier"],"picked":"Cold Snap","floor":2.0},{"not_picked":["Steam","Gash"],"picked":"Streamline","floor":3.0},{"not_picked":["Amplify","Rip and Tear"],"picked":"Compile Driver","floor":7.0},{"not_picked":["Heatsinks","Blizzard","Hologram"],"picked":"SKIP","floor":8.0},{"not_picked":["Steam Power","Conserve Battery"],"picked":"Ball Lightning","floor":10.0},{"not_picked":["Gash","Leap","Beam Cell"],"picked":"SKIP","floor":13.0},{"not_picked":["Compile Driver","Conserve Battery"],"picked":"Genetic Algorithm","floor":14.0},{"not_picked":["Thunder Strike","Meteor Strike"],"picked":"Biased Cognition","floor":16},{"not_picked":["Hologram","Stack"],"picked":"BootSequence+1","floor":18}],"player_experience":246634,"relics_obtained":[{"floor":8.0,"key":"Mango"},{"floor":9.0,"key":"Gremlin Horn"},{"floor":10.0,"key":"Oddly Smooth Stone"},{"floor":14.0,"key":"Ancient Tea Set"}],"event_choices":[{"damage_healed":0.0,"max_hp_gain":0.0,"max_hp_loss":0.0,"gold_gain":0.0,"event_name":"Shining Light","player_choice":"Entered Light","floor":5.0,"gold_loss":0.0,"damage_taken":15.0,"cards_upgraded":["Strike_B","Defend_B"]}],"is_beta":false,"boss_relics":[{"not_picked":["Calling Bell","Runic Dome"],"picked":"Pandora\u0027s Box"}],"items_purged_floors":[],"is_endless":false,"potions_floor_spawned":[8,10,13,18],"killed_by":"Spheric Guardian","ascension_level":9}}