{"host":"s2r1rxbkdpbi8qfh","time":1613769742,"event":{"mods":["2.2 Compatiblity","Act Like it!","Astrologer","BaseMod","Better Altar","Better Note","Better Sensory Stone","Better Skull","Better Third Choice","Colored Map","Conspire","Elementarium","Hallownest","Hermit","Hubris","Jorbs\u0027s Wanderer Trilogy","Minty Spire (QoL Compilation)","Reliquary","Shade Mod","Smile Girya","Spire Arcade","StSLib","The Bug Knight","The Cursed","The Disciple","The Hierophant","The Mystic","TheFirefly","TheVacant","Wandering Minibosses","everything is the same but u backflip on backflip"],"gold_per_floor":[109,109,144,156,168,206,231,270,295,295,318,357,357,398,398,512,512,537,553,562,590,612,644,672,292,301,336,336,367,391,408,408,513,513,526,526,526,526,548,564,586,612,652,672,207,227,227,227,227],"floor_reached":51,"language":"ENG","playtime":4537,"items_purged":["conspire:GhostlyDefend","conspire:GhostlyStrike"],"score":898,"play_id":"5ffd9c63-6778-467d-be6a-aef197a6b096","local_time":"20210219162222","is_ascension_mode":false,"campfire_choices":[{"floor":10.0,"key":"REST"},{"data":"Shade:AnimateDead","floor":13.0,"key":"SMITH"},{"data":"Shade:Trample","floor":15.0,"key":"SMITH"},{"data":"Shade:AuraOfUnlife","floor":28.0,"key":"SMITH"},{"data":"Shade:FleshToFlesh","floor":32.0,"key":"SMITH"},{"data":"Shade:GoDigging","floor":49,"key":"SMITH"}],"circlet_count":0,"master_deck":["conspire:GhostlyStrike","conspire:GhostlyStrike","conspire:GhostlyStrike","conspire:GhostlyDefend","conspire:GhostlyDefend","conspire:GhostlyDefend","Shade:AnimateDead+1","Shade:CarefulCut","Shade:FuneraryJewels","Shade:OpenGraves","Shade:FleshToFlesh+1","Shade:Bonestorm","Shade:SoulToxin","Shade:GraveStillness","Shade:Trample+1","Shade:FleshToFlesh+1","Shade:StitchTogether","Shade:OneIsEnough","Shade:CoffinDance","hubris:Insight+1","Shade:WallOfFlesh","Shade:FleshOffering","Shade:WallOfFlesh","Shade:AuraOfUnlife+1","Shade:StitchTogether","Shade:GreaterAnimation+1","Shade:Bonestorm+1","Shade:GraveStillness+1","Shade:GoDigging+1","Shade:SkeletonArmy+1","Shade:OpenGraves","Shade:Carnophage"],"relics":["Shade:YorickSkull","hubris:Teleporter","CeramicFish","reliquary:TatteredRug","hubris:OldNail","Orichalcum","Singing Bowl","Cursed Key","Blue Candle","PreservedInsect","Bag of Marbles","War Paint","reliquary:TuningFork","Regal Pillow","Elementarium:ElementariumTrophy","SacredBark","reliquary:WeakTea","wanderingMiniBosses:CarrionFlame","reliquary:Spinner","ClockworkSouvenir","Nunchaku"],"acts_visited":["Exordium","Exordium","TheBeyond"],"potions_floor_usage":[50],"damage_taken":[{"damage":0.0,"enemies":"Small Slimes","floor":1.0,"turns":3.0},{"damage":7.0,"enemies":"conspire:MimicChest","floor":3.0,"turns":5.0},{"damage":0.0,"enemies":"Cultist","floor":4.0,"turns":4.0},{"damage":0.0,"enemies":"2 Louse","floor":5.0,"turns":3.0},{"damage":32.0,"enemies":"Gremlin Nob","floor":6.0,"turns":5.0},{"damage":3.0,"enemies":"Blue Slaver","floor":7.0,"turns":4.0},{"damage":0.0,"enemies":"3 Sentries","floor":8.0,"turns":6.0},{"damage":1.0,"enemies":"Looter","floor":11.0,"turns":3.0},{"damage":0.0,"enemies":"Lagavulin","floor":12.0,"turns":6.0},{"damage":0.0,"enemies":"HollowMod:MossKnight","floor":14.0,"turns":8.0},{"damage":3.0,"enemies":"Hexaghost","floor":16.0,"turns":10.0},{"damage":7.0,"enemies":"Elementarium:Cyclone","floor":18.0,"turns":7.0},{"damage":2.0,"enemies":"Elementarium:2_ELEMENTALS","floor":19.0,"turns":4.0},{"damage":0.0,"enemies":"Elementarium:VoidBeast","floor":21.0,"turns":5.0},{"damage":0.0,"enemies":"Elementarium:3_ELEMENTALS","floor":22.0,"turns":5.0},{"damage":20.0,"enemies":"Elementarium:ElementalPortal","floor":23.0,"turns":11.0},{"damage":3.0,"enemies":"Elementarium:Hydrostalker","floor":24.0,"turns":8.0},{"damage":10.0,"enemies":"Elementarium:FIRE_NOBILITY","floor":27.0,"turns":6.0},{"damage":0.0,"enemies":"Elementarium:WarGolem","floor":29.0,"turns":4.0},{"damage":3.0,"enemies":"Elementarium:CYCLONE_AND_LIVING_STORMCLOUD","floor":30.0,"turns":6.0},{"damage":0.0,"enemies":"Elementarium:RubyGolem","floor":31.0,"turns":5.0},{"damage":64.0,"enemies":"Elementarium:GoldenDragon","floor":33.0,"turns":14.0},{"damage":0.0,"enemies":"3 Shapes","floor":35.0,"turns":5.0},{"damage":1.0,"enemies":"3 Darklings","floor":39.0,"turns":6.0},{"damage":25.0,"enemies":"Jaw Worm Horde","floor":40.0,"turns":8.0},{"damage":74.0,"enemies":"Maw","floor":41.0,"turns":10.0},{"damage":0.0,"enemies":"Writhing Mass","floor":42.0,"turns":7.0},{"damage":22.0,"enemies":"Nemesis","floor":44.0,"turns":9.0},{"damage":8.0,"enemies":"Jaw Worm Horde","floor":45.0,"turns":3.0},{"damage":0.0,"enemies":"Writhing Mass","floor":47.0,"turns":8.0},{"damage":22,"enemies":"Awakened One","floor":50,"turns":20}],"seed_played":"6107754002233183245","potions_obtained":[{"floor":3.0,"key":"SmokeBomb"},{"floor":4.0,"key":"DistilledChaos"},{"floor":6.0,"key":"Energy Potion"},{"floor":7.0,"key":"Dexterity Potion"},{"floor":14.0,"key":"Swift Potion"},{"floor":16.0,"key":"Block Potion"},{"floor":18.0,"key":"conspire:TimeTravelPotion"},{"floor":29.0,"key":"Fruit Juice"},{"floor":30.0,"key":"Block Potion"},{"floor":31.0,"key":"Fruit Juice"},{"floor":39.0,"key":"Block Potion"},{"floor":44.0,"key":"Fire Potion"},{"floor":45.0,"key":"Block Potion"}],"is_trial":false,"path_per_floor":["M","?","?","M","M","E","M","E","T","R","M","E","R","E","R","B",null,"M","M","?","M","M","E","M","$","T","E","R","E","M","M","R","B",null,"M","?","?","NS","M","M","M","M","E","M","$","M","?","R","B",null],"character_chosen":"SHADE","items_purchased":["PreservedInsect","Bag of Marbles","ClockworkSouvenir","Nunchaku","Shade:OpenGraves"],"campfire_rested":1,"item_purchase_floors":[25,25,46,46,46],"current_hp_per_floor":[71,71,64,64,64,32,29,29,29,50,49,49,49,49,49,53,71,66,73,75,75,75,57,61,61,61,58,58,60,69,71,71,21,86,88,88,88,88,98,89,77,91,83,77,77,91,91,91,83],"gold":227,"neow_bonus":"TEN_PERCENT_HP_BONUS","is_daily":false,"chose_seed":false,"campfire_upgraded":5,"win_rate":0.0,"timestamp":1613769742,"path_taken":["M","?","?","M","M","E","M","E","T","R","?","E","R","E","R","BOSS","M","M","?","M","M","E","M","$","T","E","R","E","M","M","R","BOSS","M","?","?","NS","M","M","M","?","E","M","$","M","?","R","BOSS"],"items_purchased_type":["Relic","Relic","Relic","Relic","Card"],"build_version":"2020-12-22","purchased_purges":2,"victory":true,"max_hp_per_floor":[71,71,71,71,71,71,71,71,71,71,71,71,71,71,71,71,71,71,73,75,75,75,77,77,77,77,77,77,79,84,86,86,86,86,88,88,88,88,98,100,100,100,100,102,102,102,102,102,102],"card_choices":[{"not_picked":["Shade:Trample","Shade:FreshBones"],"picked":"Shade:FuneraryJewels","floor":1.0},{"not_picked":["Shade:GraveStillness","Shade:PoundOfFlesh"],"picked":"Shade:OpenGraves","floor":3.0},{"not_picked":["Shade:StitchTogether","Shade:ExtraLimbs"],"picked":"Shade:FleshToFlesh","floor":4.0},{"not_picked":["Shade:ExtraLimbs","Shade:CallOfTheGrave","Shade:OfferingToTheBeyond"],"picked":"SKIP","floor":5.0},{"not_picked":["Shade:RitualOffering","Shade:FreshBones"],"picked":"Shade:Bonestorm","floor":6.0},{"not_picked":["Shade:Frenzy","Shade:FeralStrike"],"picked":"Shade:SoulToxin","floor":7.0},{"not_picked":["Shade:AncientSpear","Shade:SensePrey"],"picked":"Shade:GraveStillness","floor":8.0},{"not_picked":["Shade:Brains","Shade:BoneShards"],"picked":"Shade:Trample","floor":11.0},{"not_picked":["Shade:GreaterAnimation","Shade:Excise"],"picked":"Shade:FleshToFlesh","floor":12.0},{"not_picked":["Shade:Brains","Shade:FeralStrike"],"picked":"Shade:StitchTogether","floor":14.0},{"not_picked":["Shade:LastGasp","Shade:OfferingToTheBeyond"],"picked":"Shade:OneIsEnough","floor":16.0},{"not_picked":["Shade:Premonition","Shade:FuneraryArmor+1"],"picked":"Shade:CoffinDance","floor":18.0},{"not_picked":["Shade:CommandSoldier","Shade:FeralStrike","Shade:RavenousHorde"],"picked":"Singing Bowl","floor":19.0},{"not_picked":["Swift Strike","Deep Breath","Chrysalis"],"picked":"Singing Bowl","floor":20.0},{"not_picked":["PanicButton","Trip"],"picked":"hubris:Insight","floor":20.0},{"not_picked":["Shade:GreyBargain","Shade:Bonestorm"],"picked":"Shade:WallOfFlesh","floor":21.0},{"not_picked":["Shade:Bite_Shade","Shade:Bonestorm+1"],"picked":"Shade:FleshOffering","floor":22.0},{"not_picked":["Shade:GreyBargain","Shade:OminousRitual","Shade:Awaken+1"],"picked":"Singing Bowl","floor":23.0},{"not_picked":["Shade:SkeletonHug","Shade:BoneShards"],"picked":"Shade:WallOfFlesh","floor":24.0},{"not_picked":["Shade:FeralStrike","Shade:DangerousRitual"],"picked":"Shade:AuraOfUnlife","floor":27.0},{"not_picked":["Shade:Patience","Shade:Consume","Shade:AblativeArmor+1"],"picked":"Singing Bowl","floor":29.0},{"not_picked":["Shade:Brains","Shade:CommandSoldier+1"],"picked":"Shade:StitchTogether","floor":30.0},{"not_picked":["Shade:GreyBargain+1","Shade:CallWraith","Shade:CommandSoldier"],"picked":"Singing Bowl","floor":31.0},{"not_picked":["Shade:LoseControl","Shade:OfferingToTheBeyond"],"picked":"Shade:GreaterAnimation","floor":33.0},{"not_picked":["Shade:Bonestorm","Shade:AblativeArmor","Shade:FleshToFlesh"],"picked":"Singing Bowl","floor":35.0},{"not_picked":["Shade:WallOfFlesh","Shade:AncientSpear+1"],"picked":"Shade:Bonestorm+1","floor":39.0},{"not_picked":["Shade:GreyBargain","Shade:OneIsEnough","Shade:FuneraryArmor"],"picked":"Singing Bowl","floor":40.0},{"not_picked":["Shade:SensePrey+1","Shade:ClawBack"],"picked":"Shade:GraveStillness+1","floor":41.0},{"not_picked":["Shade:FleshToFlesh","Shade:AncientSpear+1"],"picked":"Shade:GoDigging","floor":42.0},{"not_picked":["Shade:ExtraLimbs+1","Shade:FingerOfDeath"],"picked":"Shade:SkeletonArmy+1","floor":44.0},{"not_picked":["Shade:SpectralStrikes","Shade:ExtraLimbs","Shade:CommandSoldier"],"picked":"Singing Bowl","floor":45.0},{"not_picked":["Shade:PotionOfRestlessness+1","Shade:Consume"],"picked":"Shade:Carnophage","floor":47.0}],"player_experience":756176,"relics_obtained":[{"floor":3.0,"key":"hubris:Teleporter"},{"floor":6.0,"key":"CeramicFish"},{"floor":8.0,"key":"reliquary:TatteredRug"},{"floor":9.0,"key":"hubris:OldNail"},{"floor":12.0,"key":"Orichalcum"},{"floor":14.0,"key":"Singing Bowl"},{"floor":23.0,"key":"Blue Candle"},{"floor":26.0,"key":"War Paint"},{"floor":27.0,"key":"reliquary:TuningFork"},{"floor":29.0,"key":"Regal Pillow"},{"floor":37.0,"key":"reliquary:WeakTea"},{"floor":41.0,"key":"wanderingMiniBosses:CarrionFlame"},{"floor":44.0,"key":"reliquary:Spinner"}],"event_choices":[{"damage_healed":0.0,"max_hp_gain":0.0,"max_hp_loss":0.0,"gold_gain":0.0,"event_name":"conspire:LoneGhost","player_choice":"Agree","floor":2.0,"gold_loss":0.0,"damage_taken":0.0},{"damage_healed":0.0,"max_hp_gain":0.0,"max_hp_loss":0.0,"gold_gain":2.0,"event_name":"betterStone:BetterStone","player_choice":"1","floor":20.0,"gold_loss":0.0,"damage_taken":0.0},{"damage_healed":0.0,"max_hp_gain":0.0,"max_hp_loss":0.0,"gold_gain":0.0,"event_name":"Elementarium:ChestOfTheGoldenMirage","player_choice":"Ignored","floor":36.0,"gold_loss":0.0,"damage_taken":0.0},{"damage_healed":0.0,"max_hp_gain":0.0,"max_hp_loss":0.0,"gold_gain":0.0,"event_name":"Elementarium:ChestOfTheGoldenMirage","player_choice":"Ignored","floor":36.0,"gold_loss":0.0,"damage_taken":0.0},{"damage_healed":0.0,"max_hp_gain":0.0,"max_hp_loss":0.0,"gold_gain":0.0,"event_name":"Wheel of Change","player_choice":"Relic","floor":37.0,"gold_loss":0.0,"damage_taken":0.0}],"is_beta":false,"boss_relics":[{"not_picked":["Empty Cage","Coffee Dripper"],"picked":"Cursed Key"},{"not_picked":["Busted Crown","Calling Bell"],"picked":"SacredBark"}],"items_purged_floors":[25,46],"is_endless":false,"potions_floor_spawned":[3,4,6,7,14,16,18,23,29,30,31,39,44,45],"ascension_level":0}}