{"host":"y4a3sxyjdefykvlo","time":1613709532,"event":{"mods":["AchievementEnabler","BaseMod","Colored Map","Colored Powertips","Downfall","Googly Eyes","Hermit","Highlight Path","Minty Spire (QoL Compilation)","StSLib"],"gold_per_floor":[99,116,116,131,231,251,296,13,13,13,45,45,64,76,94,194,194,194,214,234,234,253,453,503,503,503,513,524,552,452,100,116,217,217,217,232,248,248,259,259,259,96,106,120,130,130,142,183,196,196,196,196],"floor_reached":50,"language":"ENG","playtime":5708,"items_purged":["Slimebound:Defend_Slimebound"],"score":545,"play_id":"a2784919-e51b-45ee-b424-bb67a6edfbbb","local_time":"20210218223852","is_ascension_mode":false,"campfire_choices":[{"data":"Slimebound:Split","floor":1,"key":"SMITH"},{"floor":9,"key":"REST"},{"data":"Slimebound:Teamwork","floor":18,"key":"SMITH"},{"data":"Slimebound:AcidTongue","floor":23,"key":"SMITH"},{"data":"Slimebound:SlimeBrawl","floor":26,"key":"SMITH"},{"data":"Slimebound:LivingWall","floor":30,"key":"SMITH"},{"data":"Slimebound:SlimeBarrage","floor":35,"key":"SMITH"},{"data":"Slimebound:MassFeed","floor":46,"key":"SMITH"}],"circlet_count":0,"master_deck":["Slimebound:Tackle","Slimebound:Defend_Slimebound","Slimebound:Defend_Slimebound","Slimebound:Split+1","Slimebound:CorrosiveSpit","Slimebound:LevelUp+1","Slimebound:LivingWall+1","Slimebound:Schlurp","Slimebound:SlimeBrawl+1","expansioncontent:AwakenDeath","Slimebound:RollThrough","Slimebound:Dissolve","Slimebound:LevelUp","Slimebound:DisruptingSlam","Slimebound:LeechEnergy","Slimebound:Teamwork+1","Slimebound:AcidTongue+1","Slimebound:GoopSpray","Bite","Bite","Bite","Bite","Bite","Slimebound:FlameTackle","Slimebound:Grow","Slimebound:LivingWall+1","Slimebound:SplitBruiser+1","Slimebound:SlimeBarrage+1","Slimebound:Repurpose+1","Slimebound:SplitMire+1","Slimebound:PrepareCrush+1","Slimebound:GoopTackle+1","Slimebound:MassFeed+1","Slimebound:Replication+1","Slimebound:Teamwork+1","Slimebound:LeadByExample+1","Slimebound:SlimeSpikes+1","Slimebound:GoopSpray+1","Slimebound:FlameTackle+1","Slimebound:SplitAcid+1","Slimebound:FormOfPuddle+1","Slimebound:LevelUp+1","Slimebound:SlimeSpikes+1"],"relics":["Slimebound:AbsorbEndCombat","downfall:GremlinWheel","Anchor","Slimebound:AggressiveSlimeRelic","Mercury Hourglass","Black Star","Pen Nib","Vajra","Toxic Egg 2","downfall:HeartBlessingGreen","HornCleat","Velvet Choker","Frozen Egg 2","Meat on the Bone","Chemical X"],"acts_visited":["Exordium","TheCity","TheBeyond"],"potions_floor_usage":[2,6,15,16,29,29,44],"damage_taken":[{"damage":2,"enemies":"2 Louse","floor":2,"turns":3},{"damage":4,"enemies":"Cultist","floor":4,"turns":3},{"damage":57,"enemies":"Cultist","floor":5,"turns":5},{"damage":14,"enemies":"Jaw Worm","floor":6,"turns":3},{"damage":0,"enemies":"downfall:FleeingMerchant","floor":8,"turns":4},{"damage":15,"enemies":"Lagavulin","floor":11,"turns":7},{"damage":1,"enemies":"Blue Slaver","floor":13,"turns":4},{"damage":4,"enemies":"Gremlin Gang","floor":14,"turns":4},{"damage":3,"enemies":"Large Slime","floor":15,"turns":4},{"damage":42,"enemies":"DF_ARCHETYPE_STREAMLINE","floor":16,"turns":9},{"damage":17,"enemies":"downfall:LooterAlt2","floor":19,"turns":4},{"damage":8,"enemies":"Shell Parasite","floor":20,"turns":5},{"damage":0,"enemies":"3 Cultists","floor":22,"turns":3},{"damage":24,"enemies":"Centurion and Healer","floor":27,"turns":5},{"damage":1,"enemies":"Cultist and Chosen","floor":28,"turns":5},{"damage":16,"enemies":"Book of Stabbing","floor":29,"turns":5},{"damage":0,"enemies":"downfall:FleeingMerchant","floor":31,"turns":4},{"damage":0,"enemies":"Shelled Parasite and Fungi","floor":32,"turns":7},{"damage":76,"enemies":"WA_ARCHETYPE_CALM","floor":33,"turns":11},{"damage":21,"enemies":"3 Darklings","floor":36,"turns":5},{"damage":0,"enemies":"Orb Walker","floor":37,"turns":4},{"damage":1,"enemies":"Jaw Worm Horde","floor":39,"turns":3},{"damage":4,"enemies":"downfall:FleeingMerchant","floor":42,"turns":4},{"damage":0,"enemies":"Spire Growth","floor":43,"turns":4},{"damage":10,"enemies":"4 Shapes","floor":44,"turns":4},{"damage":0,"enemies":"Jaw Worm Horde","floor":45,"turns":4},{"damage":19,"enemies":"Writhing Mass","floor":47,"turns":4},{"damage":0,"enemies":"downfall:FleeingMerchant","floor":48,"turns":3},{"damage":9,"enemies":"Transient","floor":49,"turns":5},{"damage":340,"enemies":"SI_POISON_ARCHETYPE","floor":50,"turns":7}],"seed_played":"6174365866148436900","potions_obtained":[{"floor":2,"key":"EntropicBrew"},{"floor":6,"key":"LiquidBronze"},{"floor":19,"key":"hexamod:SoulburnPotion"},{"floor":27,"key":"Fire Potion"},{"floor":33,"key":"Fire Potion"},{"floor":39,"key":"Explosive Potion"},{"floor":44,"key":"Ancient Potion"},{"floor":49,"key":"FairyPotion"}],"is_trial":false,"path_per_floor":["R","M","?","M","?","M","T","$","R","?","E","?","M","M","M","B",null,"R","M","M","?","M","R","T","?","R","M","M","E","R","$","M","B",null,"R","M","M","?","M","T","T","?","M","M","M","R","M","$","M","B"],"character_chosen":"SLIMEBOUND","items_purchased":["Slimebound:AggressiveSlimeRelic","expansioncontent:AwakenDeath","Slimebound:RollThrough","Slimebound:Repurpose+1","HornCleat","Slimebound:Teamwork+1","Slimebound:LeadByExample+1","Chemical X","Slimebound:LevelUp+1"],"campfire_rested":1,"item_purchase_floors":[8,8,8,31,31,42,42,48,48],"current_hp_per_floor":[71,69,74,72,21,9,9,13,35,35,26,26,27,23,26,13,76,76,59,57,53,53,53,53,53,53,33,44,36,36,40,50,14,53,53,40,46,46,53,53,53,53,53,46,56,56,47,51,52,0,0,0],"gold":196,"neow_bonus":"TEN_PERCENT_HP_BONUS","is_daily":false,"chose_seed":false,"campfire_upgraded":7,"win_rate":0.0,"timestamp":1613709532,"path_taken":["R","M","?","M","?","?","T","$","R","?","E","?","M","M","M","BOSS","R","M","?","?","M","R","T","?","R","M","M","E","R","$","M","BOSS","R","M","M","?","M","?","T","?","M","M","?","R","M","$","M","BOSS"],"items_purchased_type":["Relic","Card","Card","Card","Relic","Card","Card","Relic","Card"],"build_version":"2020-12-22","purchased_purges":1,"victory":false,"max_hp_per_floor":[71,71,76,76,76,76,76,76,76,76,76,76,76,76,76,76,76,76,76,76,53,53,53,53,53,53,53,53,53,53,53,53,53,53,53,53,53,53,53,53,53,53,53,56,56,56,60,60,60,60,60,60],"card_choices":[{"not_picked":["Slimebound:FormOfPuddle","Slimebound:Nibble"],"picked":"Slimebound:LevelUp","floor":2},{"not_picked":["Slimebound:SlimeSpikes","Slimebound:HauntingLick"],"picked":"Slimebound:LivingWall","floor":4},{"not_picked":["Slimebound:LeechingTouch","Slimebound:RollThrough"],"picked":"Slimebound:Schlurp","floor":6},{"not_picked":["Slimebound:LeechingTouch","Slimebound:SamplingLick"],"picked":"Slimebound:SlimeBrawl","floor":8},{"not_picked":["Slimebound:SplitAcid","Slimebound:SlimeSpikes"],"picked":"Slimebound:Dissolve","floor":11},{"not_picked":["Slimebound:RejuvenatingLick","Slimebound:Prepare"],"picked":"Slimebound:LevelUp","floor":13},{"not_picked":["Slimebound:SplitBruiser","Slimebound:SlimeBrawl"],"picked":"Slimebound:DisruptingSlam","floor":14},{"not_picked":["Slimebound:ProtectTheBoss","Slimebound:LeechingTouch"],"picked":"Slimebound:LeechEnergy","floor":15},{"not_picked":["Slimebound:LeechLife","Slimebound:OneTwoCombo"],"picked":"Slimebound:Teamwork","floor":16},{"not_picked":["Slimebound:SamplingLick","Slimebound:RollThrough+1"],"picked":"Slimebound:AcidTongue","floor":19},{"not_picked":["Slimebound:SplitAcid","Slimebound:SplitLeeching"],"picked":"Slimebound:GoopSpray","floor":20},{"not_picked":["Slimebound:LeechingTouch","Slimebound:SplitMire"],"picked":"Slimebound:FlameTackle","floor":22},{"not_picked":["Slimebound:SplitAcid+1","Slimebound:Nibble"],"picked":"Slimebound:LivingWall+1","floor":27},{"not_picked":["Slimebound:SlimeTap","Slimebound:SplitAcid","Slimebound:Prepare"],"picked":"SKIP","floor":28},{"not_picked":["Slimebound:BestDefense","Slimebound:SplitAcid+1"],"picked":"Slimebound:SplitBruiser+1","floor":29},{"not_picked":["Slimebound:SelfFormingGoo","Slimebound:RollThrough"],"picked":"Slimebound:SlimeBarrage","floor":31},{"not_picked":["Slimebound:SplitBruiser+1","Slimebound:Gluttony"],"picked":"Slimebound:SplitMire+1","floor":32},{"not_picked":["Slimebound:LeechLife","Slimebound:SlimeSlap"],"picked":"Slimebound:PrepareCrush+1","floor":33},{"not_picked":["Slimebound:ViciousTackle+1","Slimebound:LeechingTouch+1"],"picked":"Slimebound:GoopTackle+1","floor":36},{"not_picked":["Slimebound:FinishingTackle+1","Slimebound:SplitLeeching+1","Slimebound:LeechEnergy+1"],"picked":"SKIP","floor":37},{"not_picked":["Slimebound:AcidTongue","Slimebound:Schlurp+1"],"picked":"Slimebound:MassFeed","floor":39},{"not_picked":["Slimebound:SlimeSpikes+1","Slimebound:LeechLife"],"picked":"Slimebound:Replication+1","floor":42},{"not_picked":["Slimebound:FinishingTackle+1","Slimebound:SplitMire+1"],"picked":"Slimebound:SlimeSpikes+1","floor":43},{"not_picked":["Slimebound:SplitAcid+1","Slimebound:LeechLife"],"picked":"Slimebound:GoopSpray+1","floor":44},{"not_picked":["Slimebound:SplitAcid+1","Slimebound:HauntingLick+1"],"picked":"Slimebound:FlameTackle+1","floor":45},{"not_picked":["Slimebound:FinishingTackle+1","Slimebound:Schlurp+1"],"picked":"Slimebound:SplitAcid+1","floor":47},{"not_picked":["Slimebound:DouseInSlime+1","Slimebound:WasteNot+1"],"picked":"Slimebound:FormOfPuddle+1","floor":48},{"not_picked":["Slimebound:Dissolve+1","Slimebound:SplitAcid+1"],"picked":"Slimebound:SlimeSpikes+1","floor":49}],"player_experience":115695,"relics_obtained":[{"floor":5,"key":"downfall:GremlinWheel"},{"floor":7,"key":"Anchor"},{"floor":11,"key":"Mercury Hourglass"},{"floor":24,"key":"Pen Nib"},{"floor":29,"key":"Vajra"},{"floor":29,"key":"Toxic Egg 2"},{"floor":40,"key":"Frozen Egg 2"},{"floor":41,"key":"Meat on the Bone"}],"event_choices":[{"damage_healed":0,"gold_gain":0,"player_choice":"Donut","damage_taken":0,"max_hp_gain":5,"max_hp_loss":0,"event_name":"Big Fish","floor":3,"gold_loss":0},{"damage_healed":0,"gold_gain":0,"player_choice":"Became a vampire","damage_taken":0,"max_hp_gain":0,"max_hp_loss":23,"event_name":"Vampires","floor":21,"gold_loss":0,"cards_obtained":["Bite","Bite","Bite","Bite","Bite"]},{"damage_healed":0,"gold_gain":200,"player_choice":"Gold","damage_taken":0,"max_hp_gain":0,"max_hp_loss":0,"event_name":"Wheel of Change","floor":23,"gold_loss":0}],"is_beta":false,"boss_relics":[{"not_picked":["Sozu","Fusion Hammer"],"picked":"Black Star"},{"not_picked":["Cursed Key","Slimebound:AbsorbEndCombatUpgraded"],"picked":"Velvet Choker"}],"items_purged_floors":[48],"is_endless":false,"potions_floor_spawned":[2,6,11,13,14,19,27,33,39,43,44,45,47,49],"killed_by":"SI_POISON_ARCHETYPE","ascension_level":0}}