{"host":"ufhw4cf0hh51lveu","time":1613727449,"event":{"mods":["BaseMod","DeckTracker","Lobotomy","Minty Spire (QoL Compilation)","SuperFastMode"],"gold_per_floor":[120,72,83,83,83,83,83,115,115,115,127,137,154,103,103,103,103],"floor_reached":16,"language":"KOR","playtime":413,"items_purged":[],"score":125,"play_id":"4ef61737-7611-41a5-83e8-c9fa3623cd1f","local_time":"20210219183729","is_ascension_mode":false,"campfire_choices":[],"circlet_count":0,"master_deck":["SpecialBullet","SpecialBullet","SpecialBullet","SpecialBullet","SpecialBullet","SpecialBullet","SpecialBullet","SpecialBullet","InformationCode","SecurityCode","WelfareCode","CherryBlossoms","Penitence","Scorched","UniverseFragment","Penitence","InTheNameOfLoveAndHate","Laetitia","Horn","Soda","CentralCode"],"relics":["CogitoBucket","NeowsBlessing","Bronze Scales","Nunchaku","SkinProphecy"],"acts_visited":["Exordium"],"potions_floor_usage":[12,16],"damage_taken":[{"damage":0,"enemies":"Small Slimes","floor":1,"turns":1},{"damage":0,"enemies":"2 Louse","floor":3,"turns":1},{"damage":0,"enemies":"Lagavulin","floor":8,"turns":1},{"damage":3,"enemies":"Jaw Worm","floor":11,"turns":2},{"damage":8,"enemies":"Gremlin Gang","floor":12,"turns":3},{"damage":10,"enemies":"Exordium Thugs","floor":13,"turns":2},{"damage":80,"enemies":"Slime Boss","floor":16,"turns":8}],"seed_played":"-3465107815657143030","potions_obtained":[{"floor":3,"key":"SpeedPotion"},{"floor":8,"key":"Explosive Potion"}],"is_trial":false,"path_per_floor":["M","$","M","?","?","R","?","E","T","R","M","M","M","$","R","B"],"character_chosen":"Angela","items_purchased":["Penitence","Soda"],"campfire_rested":0,"item_purchase_floors":[2,14],"current_hp_per_floor":[70,70,70,70,75,75,75,75,75,75,75,75,75,75,75,0,0],"gold":103,"neow_bonus":"THREE_ENEMY_KILL","is_daily":false,"chose_seed":false,"campfire_upgraded":0,"win_rate":0.0,"timestamp":1613727449,"path_taken":["M","$","M","?","?","R","?","E","T","R","M","M","M","$","R","BOSS"],"items_purchased_type":["Card","Card"],"build_version":"2020-12-22","purchased_purges":0,"victory":false,"max_hp_per_floor":[70,70,70,70,75,75,75,75,75,75,75,75,75,75,75,77,77],"card_choices":[{"not_picked":["VoidDream","Murderer"],"picked":"CherryBlossoms","floor":1},{"not_picked":["CherryBlossom","Regret_ego"],"picked":"SKIP","floor":1},{"not_picked":["Rudolta","PunishingBird"],"picked":"Scorched","floor":3},{"not_picked":["Loneliness","Pleasure"],"picked":"SKIP","floor":3},{"not_picked":["FieryBird","OldLady"],"picked":"UniverseFragment","floor":8},{"not_picked":["WristCuter"],"picked":"Penitence","floor":8},{"not_picked":["WristCuter"],"picked":"InTheNameOfLoveAndHate","floor":11},{"not_picked":["Regret_ego","CUTE"],"picked":"SKIP","floor":12},{"not_picked":["Yin","HeroicMonk"],"picked":"Laetitia","floor":13},{"not_picked":["CherryBlossom"],"picked":"Horn","floor":13}],"player_experience":60705,"relics_obtained":[{"floor":8,"key":"Bronze Scales"},{"floor":9,"key":"Nunchaku"}],"event_choices":[{"damage_healed":0,"gold_gain":0,"player_choice":"Ignored","damage_taken":0,"max_hp_gain":0,"max_hp_loss":0,"event_name":"Golden Wing","floor":4,"gold_loss":0},{"damage_healed":0,"gold_gain":0,"player_choice":"Donut","damage_taken":0,"max_hp_gain":5,"max_hp_loss":0,"event_name":"Big Fish","floor":5,"gold_loss":0},{"damage_healed":0,"gold_gain":0,"player_choice":"Leave","damage_taken":0,"max_hp_gain":0,"max_hp_loss":0,"event_name":"The Cleric","floor":7,"gold_loss":0}],"is_beta":false,"boss_relics":[],"items_purged_floors":[],"is_endless":false,"potions_floor_spawned":[3,8],"killed_by":"Slime Boss","ascension_level":0}}