{"host":"flm17o2q7bfjyna6","time":1613758176,"event":{"mods":["2.2 Compatiblity","Act Like it!","BaseMod","Better Altar","Better Match","Better Note","Better Sensory Stone","Better Skull","Better Third Choice","Better Vampires","Colored Map","Colored Powertips","DeckTracker","Downfall","Fox Events","Minty Spire (QoL Compilation)","Quick Restart","Replay The Spire","Reworked Bosses","Spicy Shops","StSLib","TheSwordswoman","Wandering Minibosses"],"gold_per_floor":[99,113,113,213,228,263,311,311,340,340,440,471,471,107,117,214,214,214,225,237,237,247,247,247,8,35,20,20,190,219,219,229,229,229,229],"floor_reached":33,"language":"ENG","playtime":3719,"items_purged":["Pain","champ:Strike"],"score":324,"play_id":"8eb0320f-01f5-495a-b648-c80043024677","local_time":"20210219130936","is_ascension_mode":false,"campfire_choices":[{"data":"champ:Execute","floor":1,"key":"SMITH"},{"data":"champ:FancyFootwork","floor":8,"key":"SMITH"},{"data":"champ:FanOfKnives","floor":10,"key":"SMITH"},{"data":"champ:IronFortress","floor":13,"key":"SMITH"},{"data":"expansioncontent:QuickStudy","floor":18,"key":"SMITH"},{"data":"champ:Improvising","floor":28,"key":"SMITH"}],"circlet_count":0,"master_deck":["champ:Defend+1","champ:Defend+1","champ:Defend+1","champ:Execute+1","champ:Taunt+1","champ:RisingSlash","champ:PreciseThrust","champ:FancyFootwork+1","champ:FanOfKnives+1","champ:IronFortress+1","champ:CalledShot","champ:CheapShot","expansioncontent:QuickStudy+1","champ:EnGarde","champ:FlashCut","champ:DancingMaster","champ:StanceDance+1","champ:ShieldSlam+1","champ:Haymaker+1","champ:GutPunch","champ:CrookedStrike","champ:GladiatorStyle+1","champ:Improvising+1","champ:CheapShot","champ:FocusedDefense+1","champ:TornadoPunch","champ:LastStand","downfall:Bewildered","champ:Backstep"],"relics":["champ:ChampionCrown","InkBottle","Nunchaku","Ice Cream","Champion Belt","Lee\u0027s Waffle","Astrolabe","downfall:RedIOU","Gambling Chip","ReplayTheSpireMod:CursedCoin","Counterbalance","Replay:Bottled Eggs","Happy Flower","Orichalcum","sneckomod:BabySnecko"],"acts_visited":["Exordium","TheCity"],"potions_floor_usage":[11,26,26,26,33],"damage_taken":[{"damage":10,"enemies":"Jaw Worm","floor":2,"turns":4},{"damage":14,"enemies":"2 Louse","floor":5,"turns":2},{"damage":58,"enemies":"Gremlin Nob","floor":6,"turns":4},{"damage":40,"enemies":"Replay:BlueRogue","floor":9,"turns":5},{"damage":20,"enemies":"Replay:BlueRogue","floor":11,"turns":3},{"damage":39,"enemies":"Lagavulin","floor":12,"turns":6},{"damage":25,"enemies":"downfall:FleeingMerchant","floor":14,"turns":4},{"damage":0,"enemies":"Small Slimes","floor":15,"turns":2},{"damage":45,"enemies":"WA_ARCHETYPE_RETAIN","floor":16,"turns":5},{"damage":0,"enemies":"Chosen","floor":19,"turns":4},{"damage":25,"enemies":"3 Byrds","floor":20,"turns":4},{"damage":8,"enemies":"Shelled Parasite and Fungi","floor":22,"turns":3},{"damage":15,"enemies":"downfall:FleeingMerchant","floor":25,"turns":4},{"damage":35,"enemies":"Slavers","floor":26,"turns":4},{"damage":12,"enemies":"downfall:FleeingMerchant","floor":27,"turns":5},{"damage":7,"enemies":"downfall:FleeingMerchant","floor":29,"turns":4},{"damage":38,"enemies":"Gremlin Leader","floor":30,"turns":7},{"damage":2,"enemies":"Centurion and Healer","floor":32,"turns":6},{"damage":30,"enemies":"DF_ARCHETYPE_CLAW","floor":33,"turns":3}],"seed_played":"4084393933457312370","potions_obtained":[{"floor":2,"key":"champ:UltimateStancePotion"},{"floor":5,"key":"Regen Potion"},{"floor":12,"key":"Doom Potion"},{"floor":15,"key":"Explosive Potion"},{"floor":22,"key":"Regen Potion"},{"floor":26,"key":"Reflective Coating"},{"floor":32,"key":"Adrenaline Potion"}],"is_trial":false,"path_per_floor":["R","M","?","?","M","E","T","R","E","R","?","E","R","$","M","B",null,"R","M","M","?","M","?","T","$","E","$","R","$","E","?","M","B"],"character_chosen":"THE_CHAMP","items_purchased":["Lee\u0027s Waffle","expansioncontent:QuickStudy","champ:EnGarde","ReplayTheSpireMod:CursedCoin","Counterbalance","Happy Flower"],"campfire_rested":0,"item_purchase_floors":[14,14,14,25,25,29],"current_hp_per_floor":[90,90,90,90,86,58,58,58,43,43,52,33,33,97,97,87,97,97,97,97,97,89,89,89,89,73,66,66,59,31,31,29,0,0,0],"gold":229,"neow_bonus":"UPGRADE_CARD","is_daily":false,"chose_seed":false,"campfire_upgraded":6,"win_rate":0.0,"timestamp":1613758176,"path_taken":["R","M","?","?","M","E","T","R","E","R","?","E","R","$","M","BOSS","R","M","M","?","M","?","T","$","E","$","R","$","E","?","M","BOSS"],"items_purchased_type":["Relic","Card","Card","Relic","Relic","Relic"],"build_version":"2020-12-22","purchased_purges":2,"victory":false,"max_hp_per_floor":[90,90,90,90,90,90,90,90,90,90,90,90,90,97,97,97,97,97,97,97,97,97,97,97,97,97,97,97,97,97,97,97,97,97,97],"card_choices":[{"not_picked":["champ:ShieldSlam","champ:Circumvent"],"picked":"champ:RisingSlash","floor":2},{"not_picked":["champ:StanceDance","champ:ShieldWall"],"picked":"champ:PreciseThrust","floor":5},{"not_picked":["champ:PreciseThrust","champ:ShieldWall"],"picked":"champ:FancyFootwork","floor":6},{"not_picked":["champ:CalledShot","champ:ShieldSlam"],"picked":"champ:FanOfKnives","floor":9},{"not_picked":["champ:GutPunch","champ:Shatter"],"picked":"champ:IronFortress","floor":11},{"not_picked":["champ:RecklessLeap","champ:PerfectedStrike"],"picked":"champ:CalledShot","floor":12},{"not_picked":["champ:Haymaker","champ:AdrenalArmor"],"picked":"champ:CheapShot","floor":14},{"not_picked":["champ:DefensiveShout","champ:AdrenalArmor"],"picked":"champ:FlashCut","floor":15},{"not_picked":["champ:UltimateStance","champ:CheapShot"],"picked":"champ:DancingMaster","floor":16},{"not_picked":["champ:PreciseThrust","champ:AdrenalArmor"],"picked":"champ:GutPunch","floor":19},{"not_picked":["champ:Circumvent","champ:FanOfKnives"],"picked":"champ:CrookedStrike","floor":20},{"not_picked":["champ:AdrenalArmor","champ:Endure"],"picked":"champ:GladiatorStyle+1","floor":22},{"not_picked":["champ:EnGarde","champ:Parry+1"],"picked":"champ:Improvising","floor":25},{"not_picked":["champ:RisingSlash","champ:GutPunch"],"picked":"champ:CheapShot","floor":26},{"not_picked":["champ:FlashCut","champ:BladeFlurry+1"],"picked":"champ:FocusedDefense+1","floor":27},{"not_picked":["champ:PreciseThrust","champ:FocusedBerserking"],"picked":"champ:TornadoPunch","floor":29},{"not_picked":["champ:BringItOn","champ:PreemptiveStrike"],"picked":"champ:LastStand","floor":30},{"not_picked":["champ:GutPunch","champ:Haymaker"],"picked":"champ:Backstep","floor":32}],"player_experience":1954151,"relics_obtained":[{"floor":6,"key":"InkBottle"},{"floor":7,"key":"Nunchaku"},{"floor":9,"key":"Ice Cream"},{"floor":11,"key":"Champion Belt"},{"floor":12,"key":"hexamod:BolsterEngine"},{"floor":24,"key":"Gambling Chip"},{"floor":26,"key":"Replay:Bottled Eggs"},{"floor":30,"key":"Orichalcum"}],"event_choices":[{"cards_removed":["champ:Strike"],"damage_healed":0,"gold_gain":0,"player_choice":"Give","damage_taken":0,"max_hp_gain":0,"max_hp_loss":0,"event_name":"betterNote:BetterNote","floor":21,"gold_loss":0,"cards_obtained":["Guardian:Strike_Guardian"]}],"is_beta":false,"boss_relics":[{"not_picked":["Snecko Eye","ReplayTheSpireMod:DimensionalGlitch"],"picked":"Astrolabe"}],"items_purged_floors":[25,29],"is_endless":false,"potions_floor_spawned":[2,5,12,15,20,22,26,32],"killed_by":"DF_ARCHETYPE_CLAW","ascension_level":0}}