{"host":"fmtvje4mks8zli8e","time":1613757703,"event":{"mods":["AchievementEnabler","AlwaysNeverKeys","BaseMod","BetterRewards","Challenge The Spire","Minty Spire (QoL Compilation)","READ ME - Guardian Mod","Remove Card Discount Mod","StSLib","The Cursed","The Druid","The Servant 0.9.4","The Wild Card"],"gold_per_floor":[120,144,153,183,130,166,196,223,223,271,245,289,289,9,9,142,142,171,180,180,204,204,249,249,249,249,293,323,376,408,458,458,597,597,621,639,639,659,15,62,62,112,112,112,151,151,190,204,204,204,204,204,9,47,47],"floor_reached":56,"language":"ENG","playtime":2842,"items_purged":["Strike_B","Injury","Defend_B","Defend_B","Strike_B","Strike_B","Defend_B","Strike_B"],"score":2568,"play_id":"e93a179a-e2d5-40e3-b0ca-a20d919101a5","local_time":"20210219120143","is_ascension_mode":true,"campfire_choices":[{"data":"Zap","floor":15,"key":"SMITH"},{"data":"Dualcast","floor":32,"key":"SMITH"},{"data":"Machine Learning","floor":41,"key":"SMITH"},{"data":"Ball Lightning","floor":44,"key":"SMITH"},{"data":"Core Surge","floor":46,"key":"SMITH"},{"data":"Ball Lightning","floor":49,"key":"SMITH"},{"data":"Flash of Steel","floor":52,"key":"SMITH"}],"circlet_count":0,"master_deck":["Zap+1","Dualcast+1","Ball Lightning+1","White Noise+1","Lockon+1","Leap","Leap","Ball Lightning+1","Go for the Eyes+1","Turbo+1","Redo+1","Blind+1","Machine Learning+1","Beam Cell","Redo+1","Steam+1","Go for the Eyes","White Noise+1","White Noise+1","Heatsinks+1","Self Repair","Core Surge+1","Madness+1","Madness+1","Flash of Steel+1","Go for the Eyes","Ball Lightning+1","Redo+1","Gash+1","Beam Cell+1","Deep Breath+1"],"relics":["Cracked Core","CeramicFish","Centennial Puzzle","Bag of Marbles","OrangePellets","Art of War","Shuriken","ClockworkSouvenir","War Paint","Golden Idol","Unceasing Top","The Courier","Toxic Egg 2","Sundial","Membership Card","PreservedInsect","Pen Nib","Coffee Dripper","Nilry\u0027s Codex","Whetstone","Omamori","Pocketwatch","Oddly Smooth Stone","Lantern","Prayer Wheel","Black Star","Ice Cream","Turnip","Bottled Lightning","Potion Belt","Mercury Hourglass","Bag of Preparation","HornCleat","MealTicket","Toy Ornithopter","InkBottle","Du-Vu Doll","TungstenRod","Vajra","Molten Egg 2","Nunchaku","Medical Kit","Blue Candle","Strawberry","DataDisk"],"acts_visited":["Exordium","TheCity","TheBeyond","TheEnding"],"potions_floor_usage":[2,8,27,55,55,55],"damage_taken":[{"damage":0,"enemies":"Cultist","floor":1,"turns":3},{"damage":0,"enemies":"Small Slimes","floor":2,"turns":2},{"damage":0,"enemies":"2 Louse","floor":4,"turns":2},{"damage":13,"enemies":"3 Sentries","floor":6,"turns":5},{"damage":0,"enemies":"Blue Slaver","floor":7,"turns":2},{"damage":0,"enemies":"Looter","floor":8,"turns":1},{"damage":5,"enemies":"Gremlin Nob","floor":10,"turns":3},{"damage":0,"enemies":"Lagavulin","floor":12,"turns":4},{"damage":0,"enemies":"Hexaghost","floor":16,"turns":6},{"damage":2,"enemies":"2 Thieves","floor":18,"turns":2},{"damage":0,"enemies":"Chosen","floor":21,"turns":2},{"damage":0,"enemies":"Slavers","floor":23,"turns":2},{"damage":0,"enemies":"Book of Stabbing","floor":27,"turns":1},{"damage":0,"enemies":"Snecko","floor":28,"turns":3},{"damage":0,"enemies":"Gremlin Leader","floor":29,"turns":2},{"damage":0,"enemies":"3 Cultists","floor":30,"turns":1},{"damage":0,"enemies":"Slavers","floor":31,"turns":1},{"damage":0,"enemies":"Automaton","floor":33,"turns":3},{"damage":0,"enemies":"3 Shapes","floor":35,"turns":2},{"damage":0,"enemies":"3 Darklings","floor":38,"turns":2},{"damage":0,"enemies":"Giant Head","floor":40,"turns":2},{"damage":0,"enemies":"Reptomancer","floor":42,"turns":2},{"damage":0,"enemies":"Nemesis","floor":45,"turns":1},{"damage":0,"enemies":"Spire Growth","floor":47,"turns":1},{"damage":0,"enemies":"4 Shapes","floor":48,"turns":2},{"damage":0,"enemies":"Donu and Deca","floor":50,"turns":2},{"damage":0,"enemies":"Shield and Spear","floor":54,"turns":1},{"damage":0,"enemies":"The Heart","floor":55,"turns":3}],"seed_played":"8412919137403491895","potions_obtained":[{"floor":1,"key":"AttackPotion"},{"floor":2,"key":"BlessingOfTheForge"},{"floor":10,"key":"DuplicationPotion"},{"floor":21,"key":"ColorlessPotion"},{"floor":27,"key":"PowerPotion"},{"floor":30,"key":"DuplicationPotion"},{"floor":33,"key":"FocusPotion"},{"floor":40,"key":"EssenceOfDarkness"},{"floor":47,"key":"EssenceOfSteel"}],"is_trial":false,"path_per_floor":["M","M","?","M","$","E","M","M","T","E","?","E","?","$","R","B",null,"M","?","?","M","?","E","?","T","T","E","M","E","M","E","R","B",null,"M","?","?","M","$","E","R","E","T","R","E","R","M","M","R","B",null,"R","$","E","B",null],"character_chosen":"DEFECT","items_purchased":["CeramicFish","Centennial Puzzle","Ball Lightning","Bag of Marbles","OrangePellets","Art of War","White Noise","Shuriken","ClockworkSouvenir","War Paint","Ball Lightning","Membership Card","PreservedInsect","Pen Nib","Blind+1","Turnip","Bottled Lightning","Potion Belt","Mercury Hourglass","Bag of Preparation","HornCleat","MealTicket","Flash of Steel","Medical Kit","Blue Candle","Beam Cell+1","Deep Breath+1"],"campfire_rested":0,"item_purchase_floors":[0,0,0,0,0,0,0,0,0,0,5,14,14,14,14,39,39,39,39,39,39,39,39,53,53,53,53],"current_hp_per_floor":[21,21,21,21,21,8,8,8,8,3,3,3,3,3,3,3,57,55,55,55,55,39,39,39,39,39,39,39,39,39,39,39,46,68,75,66,66,73,73,75,75,75,75,75,75,75,75,75,75,75,75,75,75,82,82],"gold":47,"neow_bonus":"","is_daily":false,"chose_seed":false,"campfire_upgraded":7,"win_rate":0.0,"timestamp":1613757703,"path_taken":["M","M","?","M","$","E","M","M","T","E","?","E","?","?","R","BOSS","M","?","?","?","?","E","?","?","T","E","M","E","M","E","R","BOSS","M","?","?","?","?","E","R","E","T","R","E","R","M","M","R","BOSS","R","$","E","BOSS"],"items_purchased_type":["Relic","Relic","Card","Relic","Relic","Relic","Card","Relic","Relic","Relic","Card","Relic","Relic","Relic","Card","Relic","Relic","Relic","Relic","Relic","Relic","Relic","Card","Relic","Relic","Card","Card"],"build_version":"2020-12-22","purchased_purges":8,"victory":true,"max_hp_per_floor":[75,75,75,75,75,75,75,75,75,75,75,75,75,75,75,75,75,75,75,75,75,75,75,75,75,75,75,75,75,75,75,75,75,75,75,75,75,75,75,75,75,75,75,75,75,75,75,75,75,75,75,75,75,82,82],"card_choices":[{"not_picked":["Coolheaded","Beam Cell"],"picked":"Lockon","floor":1},{"not_picked":["Undo","Steam"],"picked":"Leap","floor":2},{"not_picked":["Gash","Hologram"],"picked":"Leap","floor":4},{"not_picked":["Hologram","Stack","Hyperbeam"],"picked":"SKIP","floor":6},{"not_picked":["Storm","Compile Driver"],"picked":"Go for the Eyes","floor":7},{"not_picked":["Coolheaded","Storm"],"picked":"Leap","floor":8},{"not_picked":["Scrape","Sweeping Beam"],"picked":"Turbo+1","floor":10},{"not_picked":["Gash","Ball Lightning"],"picked":"Redo+1","floor":12},{"not_picked":["Thunder Strike","Multi-Cast+1"],"picked":"Machine Learning","floor":16},{"not_picked":["Sweeping Beam","Chill+1"],"picked":"Beam Cell","floor":18},{"not_picked":["Force Field+1","Hologram+1"],"picked":"Steam+1","floor":21},{"not_picked":["Sunder","Sweeping Beam+1"],"picked":"Go for the Eyes","floor":23},{"not_picked":["Rebound","Auto Shields+1","Hologram+1"],"picked":"SKIP","floor":27},{"not_picked":["Reinforced Body+1","Rip and Tear"],"picked":"White Noise+1","floor":28},{"not_picked":["Loop","Rip and Tear"],"picked":"White Noise+1","floor":29},{"not_picked":["Rebound","Streamline"],"picked":"Heatsinks+1","floor":30},{"not_picked":["Steam+1","Buffer"],"picked":"Self Repair","floor":31},{"not_picked":["Creative AI","Seek+1"],"picked":"Core Surge","floor":33},{"not_picked":["Stack+1","Scrape+1","Reprogram+1"],"picked":"SKIP","floor":35},{"not_picked":["Turbo+1","Hologram+1","Lockon+1"],"picked":"SKIP","floor":35},{"not_picked":["Hologram+1","Consume+1","Doom and Gloom"],"picked":"SKIP","floor":38},{"not_picked":["Darkness+1","Hologram+1","Thunder Strike"],"picked":"SKIP","floor":38},{"not_picked":["Leap+1","Steam+1"],"picked":"Go for the Eyes","floor":40},{"not_picked":["Leap+1","Stack+1"],"picked":"Ball Lightning+1","floor":42},{"not_picked":["Amplify+1","Streamline+1","Undo+1"],"picked":"SKIP","floor":45},{"not_picked":["Sweeping Beam+1","Ball Lightning+1"],"picked":"Redo+1","floor":47},{"not_picked":["Compile Driver+1","Tempest+1"],"picked":"Gash+1","floor":47},{"not_picked":["Coolheaded+1","Cold Snap+1","Barrage+1"],"picked":"SKIP","floor":48},{"not_picked":["Creative AI","Auto Shields+1","Rebound+1"],"picked":"SKIP","floor":48},{"not_picked":["Compile Driver+1","Rebound+1","Hologram+1"],"picked":"SKIP","floor":54}],"player_experience":3067006,"relics_obtained":[{"floor":6,"key":"Unceasing Top"},{"floor":9,"key":"The Courier"},{"floor":10,"key":"Toxic Egg 2"},{"floor":12,"key":"Sundial"},{"floor":22,"key":"Nilry\u0027s Codex"},{"floor":23,"key":"Whetstone"},{"floor":25,"key":"Omamori"},{"floor":26,"key":"Pocketwatch"},{"floor":27,"key":"Oddly Smooth Stone"},{"floor":29,"key":"Lantern"},{"floor":31,"key":"Prayer Wheel"},{"floor":40,"key":"Toy Ornithopter"},{"floor":40,"key":"InkBottle"},{"floor":42,"key":"Du-Vu Doll"},{"floor":42,"key":"TungstenRod"},{"floor":43,"key":"Vajra"},{"floor":45,"key":"Molten Egg 2"},{"floor":45,"key":"Nunchaku"},{"floor":54,"key":"Strawberry"},{"floor":54,"key":"DataDisk"}],"event_choices":[{"damage_healed":0,"gold_gain":0,"player_choice":"Take Wound","damage_taken":0,"relics_obtained":["Golden Idol"],"max_hp_gain":0,"max_hp_loss":0,"event_name":"Golden Idol","floor":3,"gold_loss":0,"cards_obtained":["Injury"]},{"damage_healed":0,"gold_gain":0,"player_choice":"Left Gold","damage_taken":0,"max_hp_gain":0,"max_hp_loss":0,"event_name":"World of Goop","floor":11,"gold_loss":26},{"damage_healed":0,"gold_gain":0,"player_choice":"Fled","damage_taken":0,"max_hp_gain":0,"max_hp_loss":0,"event_name":"Scrap Ooze","floor":13,"gold_loss":0},{"damage_healed":0,"gold_gain":0,"player_choice":"Read","damage_taken":0,"max_hp_gain":0,"max_hp_loss":0,"event_name":"The Library","floor":19,"gold_loss":0,"cards_obtained":["Redo"]},{"cards_removed":["Defend_B"],"damage_healed":0,"gold_gain":0,"player_choice":"Offered Basic","damage_taken":0,"max_hp_gain":0,"max_hp_loss":0,"event_name":"Bonfire Elementals","floor":20,"gold_loss":0},{"damage_healed":0,"gold_gain":0,"player_choice":"Obtained Book","damage_taken":16,"max_hp_gain":0,"max_hp_loss":0,"event_name":"Cursed Tome","floor":22,"gold_loss":0},{"cards_removed":["Leap"],"damage_healed":0,"gold_gain":0,"player_choice":"Elegance","damage_taken":0,"max_hp_gain":0,"max_hp_loss":0,"event_name":"Back to Basics","floor":24,"gold_loss":0},{"damage_healed":0,"gold_gain":0,"player_choice":"Embrace Madness","damage_taken":9,"max_hp_gain":0,"max_hp_loss":0,"event_name":"Winding Halls","floor":36,"gold_loss":0,"cards_obtained":["Madness","Madness"]},{"damage_healed":0,"gold_gain":0,"player_choice":"Gave Potion","damage_taken":0,"relics_obtained":["Ice Cream"],"max_hp_gain":0,"max_hp_loss":0,"event_name":"WeMeetAgain","floor":37,"gold_loss":0}],"is_beta":false,"boss_relics":[{"not_picked":["Tiny House","Ectoplasm"],"picked":"Coffee Dripper"},{"not_picked":["SlaversCollar","Astrolabe"],"picked":"Black Star"}],"items_purged_floors":[0,5,5,5,5,5,14,14],"is_endless":false,"potions_floor_spawned":[1,2,10,21,27,30,33,40,47],"ascension_level":6}}