{"host":"6e4d2nejd5141r00","time":1613737722,"event":{"mods":["Act Like it!","BaseMod","Better Synergies","Better Third Choice","BetterRewards","CapriCore","Colored Map","Colored Powertips","GifTheSpireLib","Infinite Spire","Minty Spire (QoL Compilation)","Relic Stats","Replay The Spire","Spire Arcade","StSLib","Wandering Minibosses"],"gold_per_floor":[117,117,133,152,34,68,79,97,97,109,32,42,69,88,88,193,193,203,203,203,203,203,214,243,258,258,258,258],"floor_reached":27,"language":"ENG","playtime":975,"items_purged":[],"score":247,"play_id":"9a7d8630-ae60-4075-8dfb-1d0b105e03c0","local_time":"20210219132842","is_ascension_mode":false,"campfire_choices":[{"floor":15,"key":"REST"}],"circlet_count":0,"master_deck":["Strike_G","Strike_G","Strike_G","Strike_G","Strike_G","Defend_G","Defend_G","Defend_G","Defend_G","Defend_G","Survivor","Neutralize","Backflip","Backflip","After Image","After Image","Bane","Backstab","Terror","Noxious Fumes","Toxin Wave","Poisoned Stab","Atom Bomb","Dagger Spray","Catalyst"],"relics":["Ring of the Snake","NeowsBlessing","Replay:PocketPolymizer","ReplayTheSpireMod:TigerMarble","Orichalcum","infinitespire:Cupcake","MutagenicStrength","Question Card","Replay:Bottled Snecko"],"acts_visited":["Exordium","TheCity"],"potions_floor_usage":[6,6,12,12,16,23,23,27],"damage_taken":[{"damage":0,"enemies":"Small Slimes","floor":1,"turns":1},{"damage":0,"enemies":"Cultist","floor":3,"turns":1},{"damage":0,"enemies":"2 Louse","floor":4,"turns":1},{"damage":16,"enemies":"Gremlin Nob","floor":6,"turns":6},{"damage":6,"enemies":"Blue Slaver","floor":7,"turns":7},{"damage":5,"enemies":"Looter","floor":8,"turns":4},{"damage":14,"enemies":"Lots of Slimes","floor":10,"turns":6},{"damage":0,"enemies":"Large Slime","floor":12,"turns":7},{"damage":19,"enemies":"Replay:BlueRogue","floor":13,"turns":5},{"damage":0,"enemies":"2 Fungi Beasts","floor":14,"turns":3},{"damage":6,"enemies":"Hexaghost","floor":16,"turns":9},{"damage":17,"enemies":"Chosen","floor":18,"turns":6},{"damage":0,"enemies":"Shell Parasite","floor":23,"turns":2},{"damage":32,"enemies":"Gremlin Leader","floor":24,"turns":7},{"damage":10,"enemies":"Sentry and Sphere","floor":25,"turns":4},{"damage":11,"enemies":"Replay:Snechameleon","floor":27,"turns":6}],"seed_played":"-204148816414219241","potions_obtained":[{"floor":1,"key":"Elixir"},{"floor":3,"key":"GhostInAJar"},{"floor":4,"key":"Fire Potion"},{"floor":8,"key":"SteroidPotion"},{"floor":10,"key":"CunningPotion"},{"floor":12,"key":"Toxic Potion"},{"floor":16,"key":"SpeedPotion"},{"floor":18,"key":"PowerPotion"}],"is_trial":false,"path_per_floor":["M","?","M","M","$","E","M","M","T","M","$","M","E","M","R","B",null,"M","?","$","?","T","M","E","M","T","E"],"character_chosen":"THE_SILENT","items_purchased":["After Image","Noxious Fumes"],"campfire_rested":1,"item_purchase_floors":[5,11],"current_hp_per_floor":[70,63,63,63,63,47,41,36,36,22,22,22,3,3,24,18,70,53,53,53,53,53,53,21,11,11,0,0],"gold":258,"neow_bonus":"THREE_ENEMY_KILL","is_daily":false,"chose_seed":false,"campfire_upgraded":0,"win_rate":0.0,"timestamp":1613737722,"path_taken":["M","?","?","M","?","E","M","M","T","M","?","M","E","M","R","BOSS","M","?","?","?","?","M","E","M","T","E"],"items_purchased_type":["Card","Card"],"build_version":"2020-12-22","purchased_purges":0,"victory":false,"max_hp_per_floor":[70,70,70,70,70,70,70,70,70,70,70,70,70,70,70,70,70,70,70,70,70,70,70,70,70,70,70,70],"relic_stats":{"counters":[16,74],"Orichalcum":[6],"Question Card":4,"obtain_stats":[{"Replay:PocketPolymizer":6,"NeowsBlessing":0,"MutagenicStrength":21,"ReplayTheSpireMod:TigerMarble":9,"Replay:Bottled Snecko":24,"Orichalcum":13,"Question Card":22,"Ring of the Snake":0,"infinitespire:Cupcake":17},{"Replay:PocketPolymizer":4,"NeowsBlessing":0,"MutagenicStrength":12,"ReplayTheSpireMod:TigerMarble":6,"Replay:Bottled Snecko":14,"Orichalcum":9,"Question Card":12,"Ring of the Snake":0,"infinitespire:Cupcake":11},{"Replay:PocketPolymizer":9,"NeowsBlessing":0,"MutagenicStrength":56,"ReplayTheSpireMod:TigerMarble":20,"Replay:Bottled Snecko":65,"Orichalcum":38,"Question Card":56,"Ring of the Snake":0,"infinitespire:Cupcake":50}],"Ring of the Snake":[32]},"card_choices":[{"not_picked":["Endless Agony","Flying Knee","Dagger Throw"],"picked":"SKIP","floor":1},{"not_picked":["Acrobatics","Slice"],"picked":"Backflip","floor":3},{"not_picked":["Cloak And Dagger","Outmaneuver"],"picked":"Backflip","floor":4},{"not_picked":["Prepared","Reflex"],"picked":"Bane","floor":6},{"not_picked":["ReplayTheSpireMod:Shiv Toss","Slice"],"picked":"Backstab","floor":7},{"not_picked":["Poison Darts","Blur"],"picked":"Terror","floor":8},{"not_picked":["Sucker Punch","Quick Slash","Well Laid Plans"],"picked":"SKIP","floor":10},{"not_picked":["Dash","Eviscerate"],"picked":"Toxin Wave","floor":12},{"not_picked":["Blur","ReplayTheSpireMod:Exploit Weakness"],"picked":"Poisoned Stab","floor":13},{"not_picked":["Dodge and Roll","Quick Slash","ReplayTheSpireMod:The Works"],"picked":"SKIP","floor":14},{"not_picked":["Malaise","Doppelganger"],"picked":"Atom Bomb","floor":16},{"not_picked":["Sneak Up+1","Flechettes+1"],"picked":"Dagger Spray","floor":18},{"not_picked":["ReplayTheSpireMod:Scrap Shanks","Dagger Spray","Riddle With Holes","Distraction"],"picked":"SKIP","floor":23},{"not_picked":["Blade Dance","Crippling Poison","Blur","Tactician+1"],"picked":"SKIP","floor":24},{"not_picked":["Quick Slash","Dodge and Roll","Hidden Blade"],"picked":"Catalyst","floor":25}],"player_experience":85203,"relics_obtained":[{"floor":6,"key":"Replay:PocketPolymizer"},{"floor":9,"key":"ReplayTheSpireMod:TigerMarble"},{"floor":13,"key":"Orichalcum"},{"floor":22,"key":"Question Card"},{"floor":24,"key":"Replay:Bottled Snecko"}],"event_choices":[{"damage_healed":0,"gold_gain":0,"player_choice":"Damaged","damage_taken":7,"max_hp_gain":0,"max_hp_loss":0,"event_name":"Wheel of Change","floor":2,"gold_loss":0},{"damage_healed":0,"gold_gain":0,"player_choice":"Bought 0 Potions","damage_taken":0,"max_hp_gain":0,"max_hp_loss":0,"event_name":"The Woman in Blue","floor":19,"gold_loss":0},{"damage_healed":0,"gold_gain":0,"player_choice":"Inject Mutagens","damage_taken":0,"relics_obtained":["MutagenicStrength"],"max_hp_gain":0,"max_hp_loss":0,"event_name":"Drug Dealer","floor":21,"gold_loss":0}],"is_beta":false,"boss_relics":[{"not_picked":["HoveringKite","Ring of Chaos"],"picked":"infinitespire:Cupcake"}],"items_purged_floors":[],"is_endless":false,"potions_floor_spawned":[1,3,4,8,10,12,16,18],"killed_by":"Replay:Snechameleon","ascension_level":0}}