{"host":"o8mks5sgurcby9u2","time":1613712330,"event":{"mods":["Act Like it!","BaseMod","Better Third Choice","GifTheSpireLib","Minty Spire (QoL Compilation)","StSLib","The Construct"],"gold_per_floor":[119,119,4,24,36,36,47,12,12,41,41,56,71,246,246,344,344,364,60,71,98,108,108,136,136,161,161,186,186,186],"floor_reached":29,"language":"ENG","playtime":1132,"items_purged":["construct:Defend_Gold","Writhe"],"score":268,"play_id":"85716c55-29c0-416f-b98b-626a9b148b15","local_time":"20210219142530","is_ascension_mode":false,"campfire_choices":[{"data":"construct:ForceCore","floor":6,"key":"SMITH"},{"data":"construct:PointDefense","floor":11,"key":"SMITH"},{"data":"construct:Enhance","floor":15,"key":"SMITH"},{"floor":23,"key":"REST"},{"data":"construct:SpinDrive","floor":25,"key":"SMITH"}],"circlet_count":0,"master_deck":["construct:Strike_Gold","construct:Strike_Gold","construct:Strike_Gold","construct:Defend_Gold","construct:Defend_Gold+1","construct:Defend_Gold","construct:Defend_Gold+1","construct:AttackMode+1","construct:DefenseMode","construct:ForceCore+1","construct:PointDefense+1","construct:SyphonStrike","construct:ScopeCore","construct:Enhance+1","construct:LaserCore","construct:SweepLaser","construct:SpinDrive+1","construct:PointDefense+1","construct:ElectricArmor+1","construct:SweepLaser","construct:Autoturret","construct:Tumble","construct:CripplingShot+1","Necronomicurse"],"relics":["construct:Cogwheel","Matryoshka","Gambling Chip","Astrolabe","TheAbacus","Red Mask","Molten Egg 2","StrikeDummy","Art of War","Necronomicon","Bronze Scales","Regal Pillow"],"acts_visited":["Exordium","TheCity"],"potions_floor_usage":[13,13,21,21,21,24],"damage_taken":[{"damage":1,"enemies":"Jaw Worm","floor":1,"turns":5},{"damage":0,"enemies":"2 Louse","floor":4,"turns":3},{"damage":5,"enemies":"Small Slimes","floor":5,"turns":2},{"damage":0,"enemies":"Blue Slaver","floor":7,"turns":4},{"damage":0,"enemies":"Lagavulin","floor":10,"turns":4},{"damage":11,"enemies":"Red Slaver","floor":12,"turns":3},{"damage":11,"enemies":"3 Louse","floor":13,"turns":3},{"damage":35,"enemies":"Hexaghost","floor":16,"turns":7},{"damage":32,"enemies":"3 Byrds","floor":18,"turns":5},{"damage":5,"enemies":"Spheric Guardian","floor":20,"turns":4},{"damage":8,"enemies":"Masked Bandits","floor":21,"turns":4},{"damage":14,"enemies":"Snecko","floor":22,"turns":5},{"damage":33,"enemies":"Book of Stabbing","floor":24,"turns":5},{"damage":7,"enemies":"Shelled Parasite and Fungi","floor":29,"turns":1}],"seed_played":"-6480790907087915916","potions_obtained":[{"floor":1,"key":"Dexterity Potion"},{"floor":5,"key":"Explosive Potion"},{"floor":10,"key":"BlessingOfTheForge"},{"floor":18,"key":"SneckoOil"},{"floor":20,"key":"DistilledChaos"},{"floor":22,"key":"Swift Potion"}],"is_trial":false,"path_per_floor":["M","?","$","M","M","R","M","?","T","E","R","M","M","?","R","B",null,"M","$","M","?","M","R","E","R","T","?","T","M"],"character_chosen":"THE_CONSTRUCT_MOD","items_purchased":["construct:PointDefense","TheAbacus","construct:Autoturret"],"campfire_rested":1,"item_purchase_floors":[3,19,19],"current_hp_per_floor":[84,67,67,67,62,62,62,83,83,83,83,72,61,61,61,26,85,53,53,48,40,26,51,18,18,18,2,2,0,0],"gold":186,"neow_bonus":"UPGRADE_CARD","is_daily":false,"chose_seed":false,"campfire_upgraded":4,"win_rate":0.0,"timestamp":1613712330,"path_taken":["M","?","$","M","M","R","M","?","T","E","R","M","M","?","R","BOSS","M","$","M","?","M","R","E","R","T","?","?","?"],"items_purchased_type":["Card","Relic","Card"],"build_version":"2020-12-22","purchased_purges":2,"victory":false,"max_hp_per_floor":[85,85,85,85,85,85,85,85,85,85,85,85,85,85,85,85,85,85,85,85,85,85,85,85,85,85,85,85,85,85],"card_choices":[{"not_picked":["construct:Hazardproof","construct:ReactiveShield"],"picked":"construct:ForceCore","floor":1},{"not_picked":["construct:SaveState","construct:HardReboot"],"picked":"construct:SyphonStrike","floor":4},{"not_picked":["construct:Accumulate","construct:ScrapCannon"],"picked":"construct:ScopeCore","floor":5},{"not_picked":["construct:ScrapCannon","construct:ClusterMines"],"picked":"construct:Enhance","floor":7},{"not_picked":["construct:HyperBeam","construct:Electrocute","construct:Backup"],"picked":"SKIP","floor":10},{"not_picked":["construct:Analyze","construct:Autoturret"],"picked":"construct:LaserCore","floor":12},{"not_picked":["construct:SyphonStrike","construct:ScopeCore"],"picked":"construct:SweepLaser","floor":13},{"not_picked":["construct:MassProduction","construct:LongRangeLance"],"picked":"construct:SpinDrive","floor":16},{"not_picked":["construct:Construct_Overclock","construct:Impenetrable"],"picked":"construct:SweepLaser","floor":18},{"not_picked":["construct:Accumulate","construct:Anticipate"],"picked":"construct:Tumble","floor":20},{"not_picked":["construct:ClusterMines","construct:ModeShift","construct:MetalShell"],"picked":"SKIP","floor":22},{"not_picked":["construct:ShiftingStance","construct:Dampening"],"picked":"construct:CripplingShot+1","floor":24}],"player_experience":417231,"relics_obtained":[{"floor":9,"key":"Matryoshka"},{"floor":10,"key":"Gambling Chip"},{"floor":21,"key":"Red Mask"},{"floor":24,"key":"Molten Egg 2"},{"floor":26,"key":"StrikeDummy"},{"floor":26,"key":"Art of War"},{"floor":27,"key":"Necronomicon"},{"floor":28,"key":"Bronze Scales"},{"floor":28,"key":"Regal Pillow"}],"event_choices":[{"damage_healed":84,"gold_gain":0,"player_choice":"Upgrade","damage_taken":17,"max_hp_gain":0,"max_hp_loss":85,"event_name":"betterThird:BetterShining","floor":2,"gold_loss":0,"cards_upgraded":["construct:Defend_Gold","construct:Defend_Gold"]},{"damage_healed":21,"gold_gain":0,"player_choice":"Healed","damage_taken":0,"max_hp_gain":0,"max_hp_loss":0,"event_name":"The Cleric","floor":8,"gold_loss":35},{"damage_healed":0,"gold_gain":175,"player_choice":"AGREE","damage_taken":71,"max_hp_gain":0,"max_hp_loss":0,"event_name":"betterThird:BetterSerpent","floor":14,"gold_loss":0},{"damage_healed":0,"gold_gain":0,"player_choice":"Fought Bandits","damage_taken":0,"max_hp_gain":0,"max_hp_loss":0,"event_name":"Masked Bandits","floor":21,"gold_loss":0},{"damage_healed":0,"gold_gain":0,"player_choice":"Obtained Book","damage_taken":16,"max_hp_gain":0,"max_hp_loss":0,"event_name":"Cursed Tome","floor":27,"gold_loss":0}],"is_beta":false,"boss_relics":[{"not_picked":["Cursed Key","Runic Pyramid"],"picked":"Astrolabe"}],"items_purged_floors":[3,19],"is_endless":false,"potions_floor_spawned":[1,5,10,18,20,22],"killed_by":"Shelled Parasite and Fungi","ascension_level":0}}