{"host":"ve9aztkoyqeblvav","time":1613729317,"event":{"mods":["Act Like it!","Aspiration","BaseMod","Colored Map","Colored Powertips","Highlight Path","Marked Mod","Minty Spire (QoL Compilation)","Pale of the Ancients","Quick Restart","Reorder Act Four","StSLib","The Hierophant","Waifu the Spire"],"gold_per_floor":[109,34,34,34,34,34,63,63,116,144,160,177,207,227,227,301,301,311,311,236,236,252,252,281,300,300,335,355,384,115,115,115,187,187,207,207,46,46,63,94,94,120,146,157,167,197,197,214,214,214,214,225,245,245,31,31,51,51,75,75,75],"floor_reached":62,"language":"ZHS","playtime":2214,"items_purged":["Strike_G","Strike_G","Strike_G"],"score":3514,"play_id":"620d0ab9-188e-4d81-86d3-a0e757e34210","local_time":"20210219180837","is_ascension_mode":true,"campfire_choices":[{"data":"Neutralize","floor":6.0,"key":"SMITH"},{"data":"Blade Dance","floor":8.0,"key":"SMITH"},{"data":"Blade Dance","floor":15.0,"key":"SMITH"},{"data":"Storm of Steel","floor":23,"key":"SMITH"},{"data":"Terror","floor":32,"key":"SMITH"},{"floor":49,"key":"RECALL"},{"data":"After Image","floor":56,"key":"SMITH"},{"data":"Acrobatics","floor":58,"key":"SMITH"}],"circlet_count":0,"master_deck":["AscendersBane","Defend_G","Defend_G","Defend_G+1","Defend_G","Survivor+1","Neutralize+1","Skewer","Blade Dance+1","Malaise","Blade Dance+1","Acrobatics+1","Storm of Steel+1","Terror+1","Acrobatics+1","After Image+1","Dramatic Entrance","Bandage Up","Blur","Prepared+1","Tactician+1","Finisher","Underhanded Strike"],"relics":["Ring of the Snake","NeowsBlessing","Singing Bowl","Oddly Smooth Stone","Dead Branch","Pen Nib","Runic Dome","Question Card","CaptainsWheel","aspiration:Stabinomicon","Pear","aspiration:Nostalgia","PureWater","Enchiridion","Black Star","Membership Card","Smiling Mask","Juzu Bracelet","Ice Cream","aspiration:StickyExplosives_weak","Bottled Flame","aspiration:AnachronicSnailShell","Happy Flower","paleoftheancients:Timepiece","paleoftheancients:KeyRelic","Bronze Scales","CultistMask","paleoftheancients:SoulOfTheGuardian","aspiration:SeaSaltIceCream","PureWater","War Paint"],"acts_visited":["Exordium","TheCity","TheBeyond","paleoftheancients:PaleOfTheAncients"],"potions_floor_usage":[22,24,50,61,61],"damage_taken":[{"damage":0.0,"enemies":"Cultist","floor":1.0,"turns":1.0},{"damage":0.0,"enemies":"Lagavulin","floor":7.0,"turns":1.0},{"damage":0.0,"enemies":"Gremlin Nob","floor":10.0,"turns":1.0},{"damage":0.0,"enemies":"2 Louse","floor":11.0,"turns":1.0},{"damage":0.0,"enemies":"Small Slimes","floor":12.0,"turns":4.0},{"damage":10.0,"enemies":"3 Sentries","floor":13.0,"turns":3.0},{"damage":0.0,"enemies":"Exordium Wildlife","floor":14.0,"turns":4.0},{"damage":2.0,"enemies":"Hexaghost","floor":16.0,"turns":6.0},{"damage":0.0,"enemies":"Chosen","floor":18.0,"turns":1.0},{"damage":0,"enemies":"2 Thieves","floor":22,"turns":3},{"damage":7,"enemies":"Slavers","floor":24,"turns":2},{"damage":1,"enemies":"Shelled Parasite and Fungi","floor":25,"turns":2},{"damage":0,"enemies":"Book of Stabbing","floor":27,"turns":2},{"damage":0,"enemies":"Snake Plant","floor":28,"turns":1},{"damage":0,"enemies":"Gremlin Leader","floor":29,"turns":2},{"damage":7,"enemies":"Champ","floor":33,"turns":3},{"damage":0,"enemies":"3 Shapes","floor":35,"turns":2},{"damage":0,"enemies":"3 Darklings","floor":39,"turns":1},{"damage":0,"enemies":"Nemesis","floor":40,"turns":1},{"damage":1,"enemies":"Reptomancer","floor":42,"turns":2},{"damage":0,"enemies":"Transient","floor":44,"turns":2},{"damage":0,"enemies":"Spire Growth","floor":45,"turns":1},{"damage":0,"enemies":"Giant Head","floor":46,"turns":1},{"damage":0,"enemies":"Sphere and 2 Shapes","floor":48,"turns":1},{"damage":7,"enemies":"Awakened One","floor":50,"turns":6},{"damage":0,"enemies":"Donu and Deca","floor":51,"turns":3},{"damage":0,"enemies":"Donu and Deca","floor":52,"turns":2},{"damage":1,"enemies":"Donu and Deca","floor":53,"turns":2},{"damage":0,"enemies":"Donu and Deca","floor":57,"turns":1},{"damage":12,"enemies":"paleoftheancients:N","floor":61,"turns":3}],"seed_played":"-9165513209004382755","potions_obtained":[{"floor":1.0,"key":"Block Potion"},{"floor":10.0,"key":"LiquidMemories"},{"floor":22,"key":"PowerPotion"},{"floor":24,"key":"FairyPotion"},{"floor":42,"key":"CultistPotion"},{"floor":53,"key":"Fire Potion"},{"floor":54,"key":"LiquidMemories"}],"is_trial":false,"path_per_floor":["M","?","?","$","?","R","E","R","T","E","M","M","E","M","R","B",null,"M","?","$","?","M","R","E","M","T","E","M","E","$","?","R","B",null,"M","?","$","?","M","E","?","E","T","M","M","E","?","M","R","B","B","M","M","?","$","R","M","R","T","?","B",null],"character_chosen":"THE_SILENT","items_purchased":["aspiration:Nostalgia","Membership Card","aspiration:SeaSaltIceCream","Underhanded Strike"],"campfire_rested":0,"item_purchase_floors":[30,37,55,55],"current_hp_per_floor":[59,59,59,59,59,59,59,59,59,59,61,61,51,53,53,51,65,67,47,47,41,43,43,36,37,37,39,39,51,51,30,30,23,77,79,79,79,71,73,75,75,78,78,84,84,90,90,90,90,87,99,104,104,104,104,104,106,106,106,106,100],"gold":75,"neow_bonus":"THREE_ENEMY_KILL","is_daily":false,"chose_seed":false,"campfire_upgraded":7,"win_rate":0.0,"timestamp":1613729317,"path_taken":["M","?","?","$","?","R","E","R","T","E","M","M","E","?","R","BOSS","M","?","$","?","M","R","E","M","T","E","?","E","$","?","R","BOSS","M","?","$","?","M","E","?","E","T","M","M","E","?","M","R","BOSS","BOSS","M","M","?","$","R","M","R","T","?","BOSS"],"items_purchased_type":["Relic","Relic","Relic","Card"],"build_version":"2020-12-22","purchased_purges":3,"victory":true,"max_hp_per_floor":[66,66,66,66,66,66,66,66,66,66,68,68,68,70,70,70,70,72,77,77,77,79,79,79,81,81,83,83,95,95,95,95,95,95,97,92,92,94,96,98,98,98,98,100,100,102,102,102,102,102,102,104,104,104,104,104,106,106,106,106,106],"card_choices":[{"not_picked":["Underhanded Strike","Endless Agony"],"picked":"Skewer","floor":1.0},{"not_picked":["Caltrops","Sucker Punch"],"picked":"Blade Dance","floor":7.0},{"not_picked":["Riddle With Holes","Well Laid Plans"],"picked":"Malaise","floor":10.0},{"not_picked":["Poisoned Stab","Flying Knee","Deadly Poison"],"picked":"Singing Bowl","floor":11.0},{"not_picked":["Noxious Fumes","Slice"],"picked":"Blade Dance","floor":12.0},{"not_picked":["Tactician","Outmaneuver"],"picked":"Acrobatics","floor":13.0},{"not_picked":["Infinite Blades","Outmaneuver","Leg Sweep"],"picked":"Singing Bowl","floor":14.0},{"not_picked":["Adrenaline","After Image"],"picked":"Storm of Steel","floor":16.0},{"not_picked":["Setup","Catalyst+1","Bouncing Flask"],"picked":"Singing Bowl","floor":18.0},{"not_picked":["Quick Slash+1","Deflect","Infinite Blades"],"picked":"Singing Bowl","floor":22},{"not_picked":["Footwork","Slice"],"picked":"Terror","floor":24},{"not_picked":["Heel Hook","Doppelganger","Quick Slash","Blade Dance"],"picked":"Singing Bowl","floor":25},{"not_picked":["Slice","Burst","Quick Slash+1","Blade Dance"],"picked":"Singing Bowl","floor":27},{"not_picked":["Deadly Poison","Dagger Spray","Dash"],"picked":"Acrobatics+1","floor":28},{"not_picked":["Flying Knee","Riddle With Holes","Masterful Stab","All Out Attack+1"],"picked":"Singing Bowl","floor":29},{"not_picked":["Glass Knife","aspiration:Lunge","Tools of the Trade"],"picked":"After Image","floor":33},{"not_picked":["Deadly Poison","Bouncing Flask+1","Bane","Backflip"],"picked":"Singing Bowl","floor":35},{"not_picked":["Mind Blast","Blind","Swift Strike","Impatience"],"picked":"Singing Bowl","floor":38},{"not_picked":["Forethought","Discovery","Apotheosis"],"picked":"Dramatic Entrance","floor":38},{"not_picked":["Good Instincts","Trip","Blind"],"picked":"Bandage Up","floor":38},{"not_picked":["Outmaneuver","Backflip","Blur","Riddle With Holes"],"picked":"Singing Bowl","floor":39},{"not_picked":["Bane","Quick Slash+1","Sucker Punch+1","Cloak And Dagger+1"],"picked":"Singing Bowl","floor":40},{"not_picked":["Well Laid Plans","Reflex","Finisher"],"picked":"Blur","floor":42},{"not_picked":["Quick Slash+1","Slice","PiercingWail+1","Riddle With Holes"],"picked":"Singing Bowl","floor":44},{"not_picked":["Concentrate","Acrobatics","Die Die Die"],"picked":"Prepared+1","floor":45},{"not_picked":["Backflip","Dagger Spray","Catalyst+1","Blur"],"picked":"Singing Bowl","floor":46},{"not_picked":["Catalyst","Dagger Spray","Bane"],"picked":"Tactician+1","floor":48},{"not_picked":["Blade Dance","Sucker Punch","Corpse Explosion","Deflect+1"],"picked":"Singing Bowl","floor":52},{"not_picked":["Underhanded Strike+1","Dagger Spray","Masterful Stab+1"],"picked":"Finisher","floor":53},{"not_picked":["Sucker Punch+1","Flechettes","Corpse Explosion","Acrobatics"],"picked":"Singing Bowl","floor":57}],"player_experience":1667974,"relics_obtained":[{"floor":7.0,"key":"Singing Bowl"},{"floor":9.0,"key":"Oddly Smooth Stone"},{"floor":10.0,"key":"Dead Branch"},{"floor":13.0,"key":"Pen Nib"},{"floor":24,"key":"Question Card"},{"floor":26,"key":"CaptainsWheel"},{"floor":27,"key":"aspiration:Stabinomicon"},{"floor":29,"key":"Pear"},{"floor":31,"key":"Enchiridion"},{"floor":40,"key":"Smiling Mask"},{"floor":40,"key":"Juzu Bracelet"},{"floor":42,"key":"aspiration:StickyExplosives_weak"},{"floor":42,"key":"Bottled Flame"},{"floor":46,"key":"aspiration:AnachronicSnailShell"},{"floor":46,"key":"Happy Flower"},{"floor":52,"key":"paleoftheancients:SoulOfTheGuardian"},{"floor":59,"key":"War Paint"}],"event_choices":[{"cards_removed":["Strike_G"],"damage_healed":0.0,"max_hp_gain":0.0,"max_hp_loss":0.0,"gold_gain":0.0,"event_name":"The Cleric","player_choice":"Card Removal","floor":2.0,"gold_loss":75.0,"damage_taken":0.0},{"cards_removed":["Strike_G"],"damage_healed":0.0,"max_hp_gain":0.0,"max_hp_loss":0.0,"gold_gain":0.0,"event_name":"Living Wall","player_choice":"Forget","floor":3.0,"gold_loss":0.0,"damage_taken":0.0},{"damage_healed":0.0,"max_hp_gain":0.0,"max_hp_loss":0.0,"gold_gain":0.0,"event_name":"Liars Game","player_choice":"Ignored","floor":5.0,"gold_loss":0.0,"damage_taken":0.0},{"damage_healed":0.0,"max_hp_gain":5.0,"max_hp_loss":0.0,"gold_gain":0.0,"event_name":"Forgotten Altar","player_choice":"Shed Blood","floor":19.0,"gold_loss":0.0,"damage_taken":25.0},{"damage_healed":0,"gold_gain":0,"player_choice":"","damage_taken":6,"max_hp_gain":0,"max_hp_loss":0,"event_name":"Knowing Skull","floor":21,"potions_obtained":[],"gold_loss":0,"cards_obtained":[]},{"damage_healed":0,"gold_gain":0,"player_choice":"Obtained Book","damage_taken":21,"max_hp_gain":0,"max_hp_loss":0,"event_name":"Cursed Tome","floor":31,"gold_loss":0},{"damage_healed":0,"gold_gain":0,"player_choice":"Max HP","damage_taken":0,"max_hp_gain":0,"max_hp_loss":5,"event_name":"Winding Halls","floor":36,"gold_loss":0},{"damage_healed":0,"gold_gain":0,"player_choice":"Memory 3","damage_taken":10,"max_hp_gain":0,"max_hp_loss":0,"event_name":"SensoryStone","floor":38,"gold_loss":0},{"damage_healed":0,"gold_gain":0,"player_choice":"Gave Potion","damage_taken":0,"relics_obtained":["Ice Cream"],"max_hp_gain":0,"max_hp_loss":0,"event_name":"WeMeetAgain","floor":41,"gold_loss":0},{"cards_removed":["Defend_G"],"damage_healed":0,"gold_gain":0,"player_choice":"Removed Skill","damage_taken":0,"max_hp_gain":0,"max_hp_loss":0,"event_name":"Falling","floor":47,"gold_loss":0},{"damage_healed":0,"gold_gain":0,"player_choice":"Got Potions","damage_taken":0,"max_hp_gain":0,"max_hp_loss":0,"event_name":"Lab","floor":54,"gold_loss":0}],"is_beta":false,"boss_relics":[{"not_picked":["SacredBark","Empty Cage"],"picked":"Runic Dome"},{"not_picked":["aspiration:RitualDagger","aspiration:PoetsPen_weak"],"picked":"Black Star"}],"items_purged_floors":[20,30,55],"is_endless":false,"potions_floor_spawned":[1,10,14,22,24,25,35,39,42,45,46,53,57],"ascension_level":20}}