{"host":"md5cvv9kqfkr27d4","time":1613714546,"event":{"mods":["Act Like it!","BaseMod","Colored Map","Colored Powertips","Hallownest","Minty Spire (QoL Compilation)","StSLib","The Bug Knight"],"gold_per_floor":[99,99,99,99,99,99,99,99,99,99,99,99,99],"floor_reached":12,"language":"ZHS","playtime":716,"items_purged":[],"score":80,"play_id":"8c64c642-9917-46fb-b16b-99e2d858c5ff","local_time":"20210219140226","is_ascension_mode":false,"campfire_choices":[{"floor":7,"key":"RECALL"}],"circlet_count":0,"master_deck":["HollowMod:NailStrikeStart","HollowMod:NailStrikeStart","HollowMod:NailStrikeStart","HollowMod:NailStrikeStart","HollowMod:QuickDashStart","HollowMod:QuickDashStart","HollowMod:QuickDashStart","HollowMod:QuickDashStart","HollowMod:FocusHealStart+1","HollowMod:PogoStrike","HollowMod:BlackTendrils","HollowMod:AbyssShriek","HollowMod:SharpenedNail","HollowMod:WraithStrike","HollowMod:HuntersJournal","HollowMod:VengefulVoid"],"relics":["Ectoplasm","Ice Cream","Dream Catcher","Du-Vu Doll"],"acts_visited":["Exordium"],"potions_floor_usage":[6],"damage_taken":[{"damage":0,"enemies":"Hallownest:monsterHuskWarrior","floor":1,"turns":4},{"damage":0,"enemies":"Hallownest:monsterHuskGuard","floor":2,"turns":3},{"damage":3,"enemies":"Hallownest:2_Tiktiks_and_1_Crawlid","floor":5,"turns":1},{"damage":9,"enemies":"Hallownest:eliteCrystalGuardian","floor":6,"turns":5},{"damage":7,"enemies":"Hallownest:MossCreep_and_Mosskin","floor":8,"turns":3},{"damage":18,"enemies":"Hallownest:Guard_and_Warrior","floor":10,"turns":4},{"damage":9,"enemies":"Hallownest:eliteVengeflyKing","floor":12,"turns":2}],"seed_played":"6367796625739267957","potions_obtained":[{"floor":1,"key":"DistilledChaos"},{"floor":8,"key":"Ancient Potion"},{"floor":10,"key":"LiquidMemories"}],"is_trial":false,"path_per_floor":["M","M","?","?","M","E","R","M","T","M","?","E"],"character_chosen":"THE_BUGKNIGHT","items_purchased":[],"campfire_rested":0,"item_purchase_floors":[],"current_hp_per_floor":[75,75,75,66,63,56,56,51,51,35,7,0,0],"gold":99,"neow_bonus":"BOSS_RELIC","is_daily":false,"chose_seed":false,"campfire_upgraded":0,"win_rate":0.0,"timestamp":1613714546,"path_taken":["M","M","?","?","M","E","R","M","T","M","?","E"],"items_purchased_type":[],"build_version":"2020-12-22","purchased_purges":0,"victory":false,"max_hp_per_floor":[75,75,75,75,75,75,75,75,75,75,75,75,75],"card_choices":[{"not_picked":["HollowMod:SoulShaman","HollowMod:CycloneSlash"],"picked":"HollowMod:BlackTendrils","floor":1},{"not_picked":["HollowMod:ShapeofUnn","HollowMod:VengefulSpirit"],"picked":"HollowMod:AbyssShriek","floor":2},{"not_picked":["HollowMod:NewJinnsSoul","HollowMod:BrokenVessel"],"picked":"HollowMod:SharpenedNail","floor":5},{"not_picked":["HollowMod:HowlingWraiths","HollowMod:GreatSlash"],"picked":"HollowMod:WraithStrike","floor":6},{"not_picked":["HollowMod:PureNailStrike","HollowMod:QuirrelsAssistance"],"picked":"HollowMod:HuntersJournal","floor":8},{"not_picked":["HollowMod:MothsMistake","HollowMod:LifebloodCocoon"],"picked":"HollowMod:VengefulVoid","floor":10}],"player_experience":232787,"relics_obtained":[{"floor":6,"key":"Ice Cream"}],"event_choices":[],"is_beta":false,"boss_relics":[],"items_purged_floors":[],"is_endless":false,"potions_floor_spawned":[1,8,10],"killed_by":"Hallownest:eliteVengeflyKing","ascension_level":0}}