{"host":"lkve521c3unthi3l","time":1613760237,"event":{"mods":["BaseMod","Better Third Choice","BetterRewards","Duelist Mod","Marisa（霧雨　魔理沙）","Minty Spire (QoL Compilation)","Reliquary","Replay The Spire","StSLib","The Animator","The Cursed","The Marked"],"gold_per_floor":[121,67,142,166,166,166,166],"floor_reached":6,"language":"ENG","playtime":790,"items_purged":[],"score":34,"play_id":"65b67d00-85cb-46e4-911f-92aba91828c3","local_time":"20210219134357","is_ascension_mode":false,"campfire_choices":[],"circlet_count":0,"master_deck":["animator:Strike_Konosuba","animator:Defend_Konosuba","animator:Strike","animator:Strike","animator:Strike","animator:Defend+1","animator:Defend","animator:Defend","animator:Kazuma","animator:Aqua","animator:ElricEdward","animator:Mitsurugi+1","animator:Darkness"],"relics":["animator:LivingPicture","animator:TheMissingPiece"],"acts_visited":["Exordium"],"potions_floor_usage":[6],"damage_taken":[{"damage":0.0,"enemies":"Small Slimes","floor":1.0,"turns":3.0},{"damage":0.0,"enemies":"Jaw Worm","floor":4.0,"turns":5.0},{"damage":77,"enemies":"Gremlin Nob","floor":6,"turns":5}],"seed_played":"8396200418410032667","potions_obtained":[{"floor":4,"key":"DuplicationPotion"}],"is_trial":false,"path_per_floor":["M","$","?","M","?","E"],"character_chosen":"THE_ANIMATOR","items_purchased":["animator:Mitsurugi"],"campfire_rested":0,"item_purchase_floors":[2],"current_hp_per_floor":[72,72,61,63,49,0,0],"gold":166,"neow_bonus":"TEN_PERCENT_HP_BONUS","is_daily":false,"chose_seed":false,"campfire_upgraded":0,"win_rate":0.0,"timestamp":1613760237,"path_taken":["M","$","?","M","?","E"],"items_purchased_type":["Card"],"build_version":"2020-12-22","purchased_purges":0,"victory":false,"max_hp_per_floor":[72,72,72,72,72,72,72],"card_choices":[{"not_picked":["animator:MaesHughes","animator:Tatsumaki"],"picked":"animator:ElricEdward","floor":1.0},{"not_picked":["animator:Jibril","animator:DolaRiku"],"picked":"animator:Darkness","floor":4}],"player_experience":57999,"relics_obtained":[],"event_choices":[{"damage_healed":0.0,"max_hp_gain":0.0,"max_hp_loss":0.0,"gold_gain":75.0,"event_name":"betterThird:BetterGoop","player_choice":"Gold","floor":3.0,"gold_loss":0.0,"damage_taken":11.0},{"damage_healed":63,"gold_gain":0,"player_choice":"Upgrade","damage_taken":14,"max_hp_gain":0,"max_hp_loss":72,"event_name":"betterThird:BetterShining","floor":5,"gold_loss":0,"cards_upgraded":["animator:Defend","animator:Mitsurugi"]}],"is_beta":false,"boss_relics":[],"items_purged_floors":[],"is_endless":false,"potions_floor_spawned":[4],"killed_by":"Gremlin Nob","ascension_level":0}}