{"host":"qc268ltokmxwqyrx","time":1613769069,"event":{"mods":["BaseMod","Colored Map","Minty Spire (QoL Compilation)","Relic Stats","Slay the Relics Exporter","StSLib","ojb\u0027s Info Mod"],"gold_per_floor":[117,192,207,23,37,37,64,82,82,82,100,110,138,138,138,215,215,232,232,250,262,281,281,316,335,335,335,348,367,367,367],"floor_reached":30,"language":"ENG","playtime":1378,"items_purged":["Strike_G"],"score":532,"play_id":"b2d49ba9-02c5-46de-ad3b-77a9be96aa7c","local_time":"20210219151109","is_ascension_mode":true,"campfire_choices":[{"data":"Acrobatics","floor":6.0,"key":"SMITH"},{"data":"Riddle With Holes","floor":10.0,"key":"SMITH"},{"data":"Well Laid Plans","floor":15.0,"key":"SMITH"},{"data":"Tools of the Trade","floor":23,"key":"SMITH"},{"floor":27,"key":"REST"}],"circlet_count":0,"master_deck":["AscendersBane","Strike_G+1","Strike_G+1","Strike_G+1","Strike_G+1","Defend_G+1","Defend_G+1","Defend_G+1","Defend_G+1","Defend_G+1","Survivor","Neutralize","Poisoned Stab","Riddle With Holes+1","Acrobatics+1","Underhanded Strike","Underhanded Strike","Well Laid Plans+1","Flying Knee","Doppelganger+1","Tools of the Trade+1","Blade Dance","Corpse Explosion","Masterful Stab+1","Dodge and Roll","Sucker Punch","Footwork","PiercingWail+1"],"relics":["HoveringKite","Shuriken","Letter Opener","Runic Pyramid","Toxic Egg 2"],"acts_visited":["Exordium","TheCity"],"potions_floor_usage":[22,24,30],"damage_taken":[{"damage":8.0,"enemies":"Cultist","floor":1.0,"turns":5.0},{"damage":0.0,"enemies":"Small Slimes","floor":3.0,"turns":5.0},{"damage":1.0,"enemies":"2 Louse","floor":5.0,"turns":3.0},{"damage":5.0,"enemies":"Gremlin Nob","floor":7.0,"turns":3.0},{"damage":0.0,"enemies":"Large Slime","floor":8.0,"turns":4.0},{"damage":1.0,"enemies":"2 Fungi Beasts","floor":11.0,"turns":3.0},{"damage":0.0,"enemies":"Exordium Wildlife","floor":12.0,"turns":3.0},{"damage":12.0,"enemies":"Lagavulin","floor":13.0,"turns":5.0},{"damage":19.0,"enemies":"Slime Boss","floor":16.0,"turns":8.0},{"damage":13,"enemies":"Spheric Guardian","floor":18,"turns":4},{"damage":6,"enemies":"Shell Parasite","floor":20,"turns":4},{"damage":10,"enemies":"Snake Plant","floor":21,"turns":4},{"damage":0,"enemies":"Cultist and Chosen","floor":22,"turns":5},{"damage":14,"enemies":"Book of Stabbing","floor":24,"turns":5},{"damage":7,"enemies":"Snecko","floor":25,"turns":4},{"damage":1,"enemies":"Sentry and Sphere","floor":28,"turns":3},{"damage":30,"enemies":"Shelled Parasite and Fungi","floor":29,"turns":4},{"damage":6,"enemies":"Slavers","floor":30,"turns":1}],"seed_played":"-6539879778975883056","potions_obtained":[{"floor":3.0,"key":"Poison Potion"},{"floor":8.0,"key":"AttackPotion"},{"floor":11.0,"key":"Energy Potion"},{"floor":18,"key":"Energy Potion"},{"floor":21,"key":"Regen Potion"},{"floor":22,"key":"Block Potion"}],"is_trial":false,"path_per_floor":["M","?","M","$","M","R","E","M","T","R","M","M","E","?","R","B",null,"M","?","M","M","M","R","E","M","T","R","M","M","E"],"character_chosen":"THE_SILENT","items_purchased":["Acrobatics","Underhanded Strike"],"campfire_rested":1,"item_purchase_floors":[4,4],"current_hp_per_floor":[51,40,40,40,39,39,34,34,34,34,33,33,21,21,21,2,50,37,37,31,21,35,35,21,14,14,33,32,2,0,0],"gold":367,"neow_bonus":"BOSS_RELIC","is_daily":false,"chose_seed":false,"campfire_upgraded":4,"win_rate":0.0,"timestamp":1613769069,"path_taken":["M","?","M","$","M","R","E","M","T","R","M","M","E","?","R","BOSS","M","?","M","M","M","R","E","M","T","R","M","M","E"],"items_purchased_type":["Card","Card"],"build_version":"2020-12-22","purchased_purges":1,"victory":false,"max_hp_per_floor":[66,66,66,66,66,66,66,66,66,66,66,66,66,66,66,66,66,66,66,66,66,66,66,66,66,66,66,66,66,66,66],"relic_stats":{"counters":[18,73],"Shuriken":[31],"HoveringKite":[36],"Letter Opener":[67],"obtain_stats":[{"Shuriken":7,"HoveringKite":0,"Letter Opener":13,"Toxic Egg 2":26,"Ring of the Snake":0,"Runic Pyramid":17},{"Shuriken":4,"HoveringKite":0,"Letter Opener":8,"Toxic Egg 2":15,"Ring of the Snake":0,"Runic Pyramid":9},{"Shuriken":16,"HoveringKite":0,"Letter Opener":31,"Toxic Egg 2":65,"Ring of the Snake":0,"Runic Pyramid":39}]},"card_choices":[{"not_picked":["Sucker Punch","Acrobatics"],"picked":"Poisoned Stab","floor":1.0},{"not_picked":["Dodge and Roll","Bouncing Flask"],"picked":"Riddle With Holes","floor":3.0},{"not_picked":["Eviscerate","Infinite Blades"],"picked":"Underhanded Strike","floor":5.0},{"not_picked":["Caltrops","Distraction","Blur"],"picked":"SKIP","floor":7.0},{"not_picked":["Infinite Blades","Dodge and Roll","Underhanded Strike"],"picked":"SKIP","floor":8.0},{"not_picked":["Deflect","Dodge and Roll"],"picked":"Well Laid Plans","floor":11.0},{"not_picked":["Finisher","Predator"],"picked":"Flying Knee","floor":12.0},{"not_picked":["Cloak And Dagger","Outmaneuver"],"picked":"Doppelganger","floor":13.0},{"not_picked":["Bullet Time","Malaise"],"picked":"Tools of the Trade","floor":16.0},{"not_picked":["Slice","Poisoned Stab"],"picked":"Blade Dance","floor":18},{"not_picked":["Dodge and Roll","Backflip"],"picked":"Corpse Explosion","floor":20},{"not_picked":["Riddle With Holes+1","Expertise"],"picked":"Masterful Stab+1","floor":21},{"not_picked":["Catalyst","Distraction"],"picked":"Dodge and Roll","floor":22},{"not_picked":["Predator","Dodge and Roll"],"picked":"Sucker Punch","floor":24},{"not_picked":["Cloak And Dagger","Quick Slash"],"picked":"Footwork","floor":25},{"not_picked":["Die Die Die","Infinite Blades"],"picked":"PiercingWail+1","floor":28},{"not_picked":["Masterful Stab","Bouncing Flask+1","Quick Slash"],"picked":"SKIP","floor":29}],"player_experience":1879405,"relics_obtained":[{"floor":7.0,"key":"Shuriken"},{"floor":13.0,"key":"Letter Opener"},{"floor":26,"key":"Toxic Egg 2"}],"event_choices":[{"damage_healed":0.0,"max_hp_gain":0.0,"max_hp_loss":0.0,"gold_gain":75.0,"event_name":"World of Goop","player_choice":"Gather Gold","floor":2.0,"gold_loss":0.0,"damage_taken":11.0},{"damage_healed":0.0,"max_hp_gain":0.0,"max_hp_loss":0.0,"gold_gain":0.0,"event_name":"Living Wall","player_choice":"Grow","floor":14.0,"gold_loss":0.0,"damage_taken":0.0,"cards_upgraded":["Doppelganger"]},{"damage_healed":0,"gold_gain":0,"player_choice":"Simplicity","damage_taken":0,"max_hp_gain":0,"max_hp_loss":0,"event_name":"Back to Basics","floor":19,"gold_loss":0,"cards_upgraded":["Strike_G","Strike_G","Strike_G","Strike_G","Defend_G","Defend_G","Defend_G","Defend_G","Defend_G"]}],"is_beta":false,"boss_relics":[{"not_picked":["Calling Bell","Fusion Hammer"],"picked":"Runic Pyramid"}],"items_purged_floors":[4],"is_endless":false,"potions_floor_spawned":[3,8,11,18,21,22],"killed_by":"Slavers","ascension_level":20}}