{"host":"4tf6m7aukoo0nksr","time":1613743165,"event":{"mods":["AchievementEnabler","BaseMod","Better Vampires","Colored Map","Colored Powertips","Minty Spire (QoL Compilation)","Permanent Neow","StSLib","SuperFastMode","The Marked","Waifu the Spire"],"gold_per_floor":[116,66,141,66,66,66,79,79,79,97,97,131,31,31,31,159,159,184,184,202,227,240,240,278,278,278,278,278,278,298,317,317,317,317],"floor_reached":33,"language":"ZHS","playtime":891,"items_purged":["Defend_P","Strike_P"],"score":288,"play_id":"4705456b-6886-4c6c-9f79-bba8c0f009cc","local_time":"20210219215925","is_ascension_mode":false,"campfire_choices":[{"floor":6.0,"key":"RECALL"},{"floor":8.0,"key":"REST"},{"floor":11.0,"key":"REST"},{"floor":15.0,"key":"REST"},{"floor":23,"key":"REST"},{"floor":25,"key":"REST"},{"floor":28,"key":"REST"},{"floor":32,"key":"REST"}],"circlet_count":0,"master_deck":["Strike_P","Strike_P","Defend_P","Defend_P","Vigilance","Evaluate","Prostrate","Alpha","Ghostly","Ghostly","Ghostly","Ghostly","Ghostly","Evaluate","Evaluate","Meditate","FlyingSleeves"],"relics":["Fusion Hammer","Damaru","Mango","InkBottle","Bloody Idol","Philosopher\u0027s Stone","Ginger"],"acts_visited":["Exordium","TheCity"],"potions_floor_usage":[18,22,33],"damage_taken":[{"damage":5.0,"enemies":"Small Slimes","floor":1.0,"turns":3.0},{"damage":16.0,"enemies":"Jaw Worm","floor":7.0,"turns":2.0},{"damage":0.0,"enemies":"Cultist","floor":10.0,"turns":2.0},{"damage":28.0,"enemies":"3 Sentries","floor":12.0,"turns":6.0},{"damage":48.0,"enemies":"Slime Boss","floor":16.0,"turns":10.0},{"damage":23,"enemies":"3 Byrds","floor":18,"turns":2},{"damage":3,"enemies":"Shell Parasite","floor":20,"turns":4},{"damage":0,"enemies":"3 Cultists","floor":21,"turns":4},{"damage":9,"enemies":"Snecko","floor":22,"turns":7},{"damage":3,"enemies":"Slavers","floor":24,"turns":4},{"damage":3,"enemies":"Snake Plant","floor":30,"turns":5},{"damage":7,"enemies":"Chosen and Byrds","floor":31,"turns":6},{"damage":61,"enemies":"Champ","floor":33,"turns":8}],"seed_played":"2742128718344759507","potions_obtained":[{"floor":1.0,"key":"LiquidBronze"},{"floor":12.0,"key":"StancePotion"},{"floor":16.0,"key":"CultistPotion"},{"floor":20,"key":"AttackPotion"},{"floor":24,"key":"Regen Potion"},{"floor":30,"key":"AttackPotion"}],"is_trial":false,"path_per_floor":["M","?","?","$","?","R","M","R","T","M","R","E","$","?","R","B",null,"M","?","M","M","M","R","E","R","T","?","R","?","M","M","R","B"],"character_chosen":"WATCHER","items_purchased":[],"campfire_rested":7,"item_purchase_floors":[],"current_hp_per_floor":[67,67,56,56,49,49,33,54,68,68,86,58,58,37,62,14,86,63,43,40,40,31,43,40,43,43,43,43,43,43,41,43,0,0],"gold":317,"neow_bonus":"BOSS_RELIC","is_daily":false,"chose_seed":false,"campfire_upgraded":0,"win_rate":0.0,"timestamp":1613743165,"path_taken":["M","?","?","$","?","R","?","R","T","M","R","E","?","?","R","BOSS","M","?","M","M","M","R","E","R","T","?","R","?","?","M","R","BOSS"],"items_purchased_type":[],"build_version":"2020-12-22","purchased_purges":2,"victory":false,"max_hp_per_floor":[72,72,72,72,72,72,72,72,86,86,86,86,86,86,86,86,86,86,43,43,43,43,43,43,43,43,43,43,43,43,43,43,43,43],"card_choices":[{"not_picked":["Fasting2","ClearTheMind"],"picked":"Evaluate","floor":1.0},{"not_picked":["Study","SashWhip"],"picked":"Prostrate","floor":7.0},{"not_picked":["SashWhip","JustLucky","ThirdEye"],"picked":"SKIP","floor":10.0},{"not_picked":["CrushJoints","Meditate","MasterReality"],"picked":"SKIP","floor":12.0},{"not_picked":["Establishment","Omniscience"],"picked":"Alpha","floor":16.0},{"not_picked":["Adaptation","Sanctity","CutThroughFate"],"picked":"SKIP","floor":18},{"not_picked":["Weave+1","ClearTheMind"],"picked":"Evaluate","floor":20},{"not_picked":["FollowUp","Wallop+1","ThirdEye"],"picked":"SKIP","floor":21},{"not_picked":["Wallop","EmptyFist+1","BowlingBash+1"],"picked":"SKIP","floor":22},{"not_picked":["LessonLearned","SignatureMove"],"picked":"Evaluate","floor":24},{"not_picked":["PathToVictory","Evaluate","MentalFortress"],"picked":"SKIP","floor":30},{"not_picked":["EmptyFist","Prostrate","Consecrate"],"picked":"SKIP","floor":31}],"player_experience":116364,"relics_obtained":[{"floor":9.0,"key":"Mango"},{"floor":12.0,"key":"InkBottle"},{"floor":24,"key":"Ginger"}],"event_choices":[{"cards_removed":["Defend_P"],"damage_healed":0.0,"max_hp_gain":0.0,"max_hp_loss":0.0,"gold_gain":0.0,"event_name":"The Cleric","player_choice":"Card Removal","floor":2.0,"gold_loss":50.0,"damage_taken":0.0},{"damage_healed":0.0,"max_hp_gain":0.0,"max_hp_loss":0.0,"gold_gain":75.0,"event_name":"World of Goop","player_choice":"Gather Gold","floor":3.0,"gold_loss":0.0,"damage_taken":11.0},{"damage_healed":0.0,"max_hp_gain":0.0,"max_hp_loss":0.0,"gold_gain":0.0,"event_name":"Scrap Ooze","player_choice":"Success","floor":5.0,"gold_loss":0.0,"damage_taken":7.0,"relics_obtained":["Damaru"]},{"damage_healed":0.0,"max_hp_gain":0.0,"max_hp_loss":0.0,"gold_gain":0.0,"event_name":"Golden Idol","player_choice":"Take Damage","floor":14.0,"gold_loss":0.0,"damage_taken":21.0,"relics_obtained":["Golden Idol"]},{"damage_healed":0,"gold_gain":0,"player_choice":"Became a Ghost","damage_taken":0,"max_hp_gain":0,"max_hp_loss":43,"event_name":"Ghosts","floor":19,"gold_loss":0,"cards_obtained":["Ghostly","Ghostly","Ghostly","Ghostly","Ghostly"]},{"damage_healed":0,"gold_gain":0,"cards_transformed":["Strike_P","Eruption"],"player_choice":"Became Test Subject","damage_taken":0,"max_hp_gain":0,"max_hp_loss":0,"event_name":"Drug Dealer","floor":27,"gold_loss":0,"cards_obtained":["Meditate","FlyingSleeves"]},{"damage_healed":0,"gold_gain":0,"player_choice":"Gave Idol","damage_taken":0,"relics_obtained":["Bloody Idol"],"max_hp_gain":0,"max_hp_loss":0,"event_name":"Forgotten Altar","floor":29,"relics_lost":["Golden Idol"],"gold_loss":0}],"is_beta":false,"boss_relics":[{"not_picked":["Calling Bell","Runic Dome"],"picked":"Philosopher\u0027s Stone"}],"items_purged_floors":[4,13],"is_endless":false,"potions_floor_spawned":[1,12,16,20,24,30],"killed_by":"Champ","ascension_level":0}}