{"host":"xltl1aroowo69o4n","time":1613700085,"event":{"mods":["BaseMod","Colored Map","Colored Powertips","Downfall","Marisa????????","Minty Spire (QoL Compilation)","Replay The Spire","StSLib","The Cursed","The Hierophant","The Mystic","The Necromancer","The Servant 0.9.4"],"gold_per_floor":[112,112,5,20,66,97,97,109,109,128,145,157,157,167,167,268,268,281,281,296,0,0,0,12,12,12,28,28],"floor_reached":27,"language":"ENG","playtime":864,"items_purged":[],"score":242,"play_id":"f8da5e49-01ef-48df-8beb-5e7513e1c02e","local_time":"20210218210125","is_ascension_mode":false,"campfire_choices":[{"floor":7.0,"key":"REST"},{"floor":13.0,"key":"REST"},{"data":"Siphon_Strength","floor":15.0,"key":"SMITH"},{"data":"Toxic_Smoke_Screen","floor":23.0,"key":"SMITH"},{"floor":25.0,"key":"REST"}],"circlet_count":0,"master_deck":["Strike_W","Strike_W","Strike_W","Strike_W","Defend_W","Defend_W","Defend_W","Defend_W","Negative_Energy_Arrows","Bone_Wall","Reap_The_Weak","Negative_Energy_Javelin","Siphon_Strength+1","Negative_Energy_Javelin","Toxic_Smoke_Screen+1","Bone_Spikes","Blood_Curse","Summon_Undead","Slay_Living","Summon_Death_Knight","Deaths_Shadow","Cloudkill","Shackles_Of_Pain+1","Negative_Energy_Burst+1","Sadistic Nature","Summon_Undead","Bone_Armory","Exploit+1","downfall:Haunted"],"relics":["Vampire_Amulet","Regal Pillow","Mummified Hand","Sundial","Cursed Key","MutagenicStrength","Molten Egg 2"],"acts_visited":["Exordium","TheCity"],"potions_floor_usage":[],"damage_taken":[{"damage":6.0,"enemies":"2 Louse","floor":1.0,"turns":3.0},{"damage":1.0,"enemies":"Jaw Worm","floor":4.0,"turns":3.0},{"damage":55.0,"enemies":"Lagavulin","floor":6.0,"turns":10.0},{"damage":7.0,"enemies":"Small Slimes","floor":8.0,"turns":3.0},{"damage":1.0,"enemies":"Looter","floor":10.0,"turns":3.0},{"damage":12.0,"enemies":"Red Slaver","floor":11.0,"turns":3.0},{"damage":4.0,"enemies":"2 Fungi Beasts","floor":12.0,"turns":3.0},{"damage":7.0,"enemies":"3 Louse","floor":14.0,"turns":5.0},{"damage":18.0,"enemies":"Hexaghost","floor":16.0,"turns":10.0},{"damage":0.0,"enemies":"Chosen","floor":18.0,"turns":4.0},{"damage":9.0,"enemies":"Spheric Guardian","floor":20.0,"turns":4.0},{"damage":24.0,"enemies":"Centurion and Healer","floor":24.0,"turns":4.0},{"damage":6.0,"enemies":"Chosen and Byrds","floor":27.0,"turns":5.0}],"seed_played":"-8601349360278181647","potions_obtained":[{"floor":8.0,"key":"DuplicationPotion"},{"floor":12.0,"key":"Guardian:BlockOnCardUsePotion"},{"floor":14.0,"key":"Explosive Potion"},{"floor":16.0,"key":"DistilledChaos"}],"is_trial":false,"path_per_floor":["M","?","$","M","T","E","R","M","T","M","M","M","R","M","R","B",null,"M","?","M","$","?","R","M","R","T","M"],"character_chosen":"NECROMANCER","items_purchased":["Siphon_Strength","Negative_Energy_Javelin","Sadistic Nature","Summon_Undead","Bone_Armory"],"campfire_rested":3,"item_purchase_floors":[3,3,21,21,21],"current_hp_per_floor":[71,71,71,72,72,19,56,53,53,54,50,56,75,74,74,58,75,75,75,68,68,68,68,57,75,75,73,73],"gold":28,"neow_bonus":"ONE_RANDOM_RARE_CARD","is_daily":false,"chose_seed":false,"campfire_upgraded":2,"win_rate":0.0,"timestamp":1613700085,"path_taken":["M","?","$","M","?","E","R","M","T","M","M","M","R","M","R","BOSS","M","?","M","$","?","R","M","R","T","?"],"items_purchased_type":["Card","Card","Card","Card","Card"],"build_version":"2020-12-13","purchased_purges":0,"victory":false,"max_hp_per_floor":[75,75,75,75,75,75,75,75,75,75,75,75,75,75,75,75,75,75,75,75,75,75,75,75,75,75,75,75],"card_choices":[{"not_picked":["Bone_Shift","Epidemic"],"picked":"Negative_Energy_Javelin","floor":1.0},{"not_picked":["Finger_Of_Death","Scare"],"picked":"Toxic_Smoke_Screen","floor":4.0},{"not_picked":["Toxic_Smoke_Screen","Thousand_Bone_Knives"],"picked":"Bone_Spikes","floor":6.0},{"not_picked":["Chill_Blood","Necromantic_Selection"],"picked":"Blood_Curse","floor":8.0},{"not_picked":["Whirlwind_of_Bones","Negative_Energy_Sphere"],"picked":"Summon_Undead","floor":10.0},{"not_picked":["Life_Tap","Deaths_Shadow"],"picked":"Slay_Living","floor":11.0},{"not_picked":["Spectral_Walk","Negative_Energy_Mist"],"picked":"Summon_Death_Knight","floor":12.0},{"not_picked":["Bone_Spikes","Consume_Illness"],"picked":"Deaths_Shadow","floor":14.0},{"not_picked":["Detonate_Bones","Hellfire"],"picked":"Cloudkill","floor":16.0},{"not_picked":["Bone_Spikes","Negative_Energy_Shield+1"],"picked":"Shackles_Of_Pain+1","floor":18.0},{"not_picked":["Bone_Prison","Deaths_Shadow"],"picked":"Negative_Energy_Burst+1","floor":20.0},{"not_picked":["Negative_Energy_Sphere","Negative_Energy_Burst+1"],"picked":"Exploit+1","floor":24.0}],"player_experience":219976,"relics_obtained":[{"floor":5.0,"key":"Regal Pillow"},{"floor":6.0,"key":"Mummified Hand"},{"floor":9.0,"key":"Sundial"},{"floor":26.0,"key":"Molten Egg 2"}],"event_choices":[{"damage_healed":0.0,"max_hp_gain":0.0,"max_hp_loss":0.0,"gold_gain":0.0,"event_name":"The Cleric","player_choice":"Leave","floor":2.0,"gold_loss":0.0,"damage_taken":0.0},{"damage_healed":0.0,"max_hp_gain":0.0,"max_hp_loss":0.0,"gold_gain":0.0,"event_name":"Drug Dealer","player_choice":"Inject Mutagens","floor":19.0,"gold_loss":0.0,"damage_taken":0.0,"relics_obtained":["MutagenicStrength"]},{"damage_healed":0.0,"max_hp_gain":0.0,"max_hp_loss":0.0,"gold_gain":0.0,"event_name":"Purifier","player_choice":"Ignored","floor":22.0,"gold_loss":0.0,"damage_taken":0.0}],"is_beta":false,"boss_relics":[{"not_picked":["bronze:MakeshiftBattery","Ectoplasm"],"picked":"Cursed Key"}],"items_purged_floors":[],"is_endless":false,"potions_floor_spawned":[8,12,14,16,24,27],"killed_by":"Chosen and Byrds","ascension_level":0}}