{"host":"188x3om7sf6mgxv1","time":1613761178,"event":{"mods":["BaseMod","Block Reminder","Downfall","Jorbs\u0027s Wanderer Trilogy","Minty Spire (QoL Compilation)","Relic Stats","StSLib"],"gold_per_floor":[99,34,34,48,148,179,179,179,189,189,216,216,290,290,301,400,400,400,417,427,437,437,472,495,295,295,311,325,338,363,380,396,497,497,497,508,522,532,533,533,533,533,564,150,167,190,90,103,122,122,122,154,4,4,4,4,4,4],"floor_reached":56,"language":"ENG","playtime":3217,"items_purged":["Guardian:Strike_Guardian"],"score":868,"play_id":"4907d6fb-926a-4e44-98ac-0ae5abceed23","local_time":"20210219135938","is_ascension_mode":true,"campfire_choices":[{"data":"Guardian:TwinSlam","floor":1,"key":"SMITH"},{"data":"Guardian:CrystalBeam","floor":10,"key":"SMITH"},{"floor":12,"key":"REST"},{"floor":18,"key":"RECALL"},{"data":"Guardian:ExploitGems","floor":25,"key":"SMITH"},{"data":"Guardian:PrismaticBeam","floor":35,"key":"SMITH"},{"data":"Guardian:ConstructionForm","floor":54,"key":"SMITH"}],"circlet_count":0,"master_deck":["Guardian:Defend_Guardian","Guardian:Defend_Guardian","Guardian:Defend_Guardian","Guardian:Defend_Guardian","Guardian:CurlUp","Guardian:TwinSlam+1","Guardian:Reroute","Guardian:TemporalStrike","Guardian:Gem_Purple","Guardian:BronzeOrb","Guardian:CrystalBeam+1","Guardian:PrismaticBeam+1","Guardian:GemFire","Guardian:ExploitGems+1","Guardian:Gem_Green","Guardian:Gem_Red","Guardian:BronzeArmor+1","Guardian:GemFinder","Guardian:Gem_Red","Guardian:CrystalBeam","Guardian:Gem_Red","Guardian:DecasProtection","Guardian:ConstructionForm+1","Guardian:Gem_Cyan","Guardian:Gem_Orange","Guardian:Gem_Lightblue","Guardian:Gem_Lightblue","Guardian:ExploitGems+1","Guardian:Gem_Cyan","Guardian:Gem_Green","Guardian:CrystalBeam+1"],"relics":["Runic Pyramid","Guardian:PickAxe","Regal Pillow","Bronze Scales","Guardian:SackOfGems","Meat on the Bone","SlaversCollar","Bag of Preparation","MealTicket","downfall:HeartBlessingRed","downfall:HeartBlessingBlue","Blue Candle","Empty Cage","Letter Opener","Happy Flower","Akabeko","DollysMirror","Mummified Hand","Nunchaku","downfall:HeartBlessingGreen","Pen Nib","Lee\u0027s Waffle"],"acts_visited":["Exordium","TheCity","TheBeyond","TheEnding"],"potions_floor_usage":[30,38,43,55,55,55],"damage_taken":[{"damage":0,"enemies":"downfall:FleeingMerchant","floor":2,"turns":4},{"damage":15,"enemies":"downfall:FleeingMerchant","floor":3,"turns":4},{"damage":0,"enemies":"Cultist","floor":4,"turns":3},{"damage":14,"enemies":"Lagavulin","floor":6,"turns":8},{"damage":0,"enemies":"Small Slimes","floor":9,"turns":3},{"damage":16,"enemies":"Gremlin Nob","floor":11,"turns":4},{"damage":2,"enemies":"Jaw Worm","floor":15,"turns":2},{"damage":5,"enemies":"WA_ARCHETYPE_RETAIN","floor":16,"turns":3},{"damage":0,"enemies":"Shell Parasite","floor":19,"turns":2},{"damage":2,"enemies":"Centurion and Healer","floor":20,"turns":2},{"damage":0,"enemies":"Chosen and Byrds","floor":21,"turns":3},{"damage":0,"enemies":"Book of Stabbing","floor":23,"turns":2},{"damage":0,"enemies":"Snecko","floor":27,"turns":1},{"damage":5,"enemies":"Snake Plant","floor":28,"turns":2},{"damage":0,"enemies":"Shelled Parasite and Fungi","floor":29,"turns":2},{"damage":0,"enemies":"Slavers","floor":30,"turns":1},{"damage":15,"enemies":"Centurion and Healer","floor":31,"turns":4},{"damage":0,"enemies":"Cultist and Chosen","floor":32,"turns":2},{"damage":1,"enemies":"SI_MIRROR_ARCHETYPE","floor":33,"turns":3},{"damage":16,"enemies":"3 Darklings","floor":36,"turns":4},{"damage":1,"enemies":"Orb Walker","floor":37,"turns":3},{"damage":17,"enemies":"Transient","floor":38,"turns":5},{"damage":0,"enemies":"downfall:FleeingMerchant","floor":39,"turns":4},{"damage":32,"enemies":"Nemesis","floor":43,"turns":5},{"damage":0,"enemies":"Jaw Worm Horde","floor":45,"turns":2},{"damage":3,"enemies":"4 Shapes","floor":48,"turns":4},{"damage":0,"enemies":"Sphere and 2 Shapes","floor":49,"turns":1},{"damage":47,"enemies":"DF_ARCHETYPE_ORBS","floor":50,"turns":6},{"damage":0,"enemies":"downfall:CharBossMerchant","floor":52,"turns":3},{"damage":55,"enemies":"downfall:NeowBoss","floor":55,"turns":20},{"damage":74,"enemies":"downfall:NeowBossFinal","floor":56,"turns":6}],"seed_played":"1842301642996450676","potions_obtained":[{"floor":4,"key":"champ:CounterPotion"},{"floor":16,"key":"Dexterity Potion"},{"floor":19,"key":"DistilledChaos"},{"floor":30,"key":"Fire Potion"},{"floor":31,"key":"Swift Potion"},{"floor":45,"key":"DistilledChaos"},{"floor":48,"key":"Dexterity Potion"}],"is_trial":false,"path_per_floor":["R","$","?","M","?","E","T","R","M","R","E","R","T","?","M","B",null,"R","M","M","M","T","E","T","R","?","M","M","M","E","M","M","B",null,"R","M","M","M","$","R","T","?","E","$","M","T","R","M","M","B",null,"E","$","R","B","B"],"character_chosen":"GUARDIAN","items_purchased":["Guardian:TemporalStrike","Letter Opener","DollysMirror","Mummified Hand","Lee\u0027s Waffle"],"campfire_rested":1,"item_purchase_floors":[2,39,44,44,53],"current_hp_per_floor":[80,80,47,47,47,33,33,33,33,33,17,56,56,80,78,73,80,80,80,78,78,78,78,78,88,70,70,65,65,65,50,50,49,95,95,79,78,61,76,76,76,76,56,71,71,71,71,68,68,33,95,95,102,102,59,0,0,0],"gold":4,"neow_bonus":"BOSS_RELIC","is_daily":false,"chose_seed":false,"campfire_upgraded":5,"win_rate":0.0,"timestamp":1613761178,"path_taken":["R","?","?","M","?","E","T","R","M","R","E","R","?","?","M","BOSS","R","M","?","M","?","E","T","R","?","M","M","M","E","M","M","BOSS","R","M","M","M","$","R","T","?","E","$","M","?","R","M","M","BOSS","E","$","R","BOSS","BOSS"],"items_purchased_type":["Card","Relic","Relic","Relic","Relic"],"build_version":"2020-12-22","purchased_purges":1,"victory":false,"max_hp_per_floor":[80,80,80,80,80,80,80,80,80,80,80,80,80,80,80,80,80,80,80,80,80,80,80,80,90,95,95,95,95,95,95,95,95,95,95,95,95,95,95,95,95,95,95,95,95,95,95,95,95,95,95,95,102,102,102,102,102,102],"relic_stats":{"Regal Pillow":15,"Lee\u0027s Waffle":7,"Happy Flower":[15],"counters":[31,118],"Blue Candle":[6],"Pen Nib":[5],"Bag of Preparation":[40],"Letter Opener":[226],"Nunchaku":[8],"Mummified Hand":[12],"Bronze Scales":[198],"MealTicket":30,"obtain_stats":[{"Regal Pillow":6,"Lee\u0027s Waffle":53,"downfall:HeartBlessingRed":25,"Happy Flower":41,"Blue Candle":30,"Guardian:ModeShifter":0,"Guardian:SackOfGems":11,"downfall:HeartBlessingGreen":47,"Pen Nib":52,"Bag of Preparation":22,"Letter Opener":39,"Empty Cage":34,"Akabeko":43,"Guardian:PickAxe":3,"SlaversCollar":17,"Nunchaku":46,"downfall:HeartBlessingBlue":25,"DollysMirror":44,"Mummified Hand":44,"Bronze Scales":7,"MealTicket":23,"Runic Pyramid":0,"Meat on the Bone":13},{"Regal Pillow":4,"Lee\u0027s Waffle":29,"downfall:HeartBlessingRed":12,"Happy Flower":23,"Blue Candle":16,"Guardian:ModeShifter":0,"Guardian:SackOfGems":6,"downfall:HeartBlessingGreen":25,"Pen Nib":29,"Bag of Preparation":11,"Letter Opener":23,"Empty Cage":19,"Akabeko":24,"Guardian:PickAxe":2,"SlaversCollar":8,"Nunchaku":25,"downfall:HeartBlessingBlue":12,"DollysMirror":24,"Mummified Hand":24,"Bronze Scales":4,"MealTicket":12,"Runic Pyramid":0,"Meat on the Bone":6},{"Regal Pillow":19,"Lee\u0027s Waffle":92,"downfall:HeartBlessingRed":40,"Happy Flower":71,"Blue Candle":46,"Guardian:ModeShifter":0,"Guardian:SackOfGems":26,"downfall:HeartBlessingGreen":78,"Pen Nib":92,"Bag of Preparation":38,"Letter Opener":71,"Empty Cage":55,"Akabeko":76,"Guardian:PickAxe":8,"SlaversCollar":31,"Nunchaku":78,"downfall:HeartBlessingBlue":40,"DollysMirror":76,"Mummified Hand":76,"Bronze Scales":19,"MealTicket":40,"Runic Pyramid":0,"Meat on the Bone":26}],"Meat on the Bone":36},"card_choices":[{"not_picked":["Guardian:Gem_Cyan","Guardian:Gem_Lightblue"],"picked":"Guardian:Reroute","floor":2},{"not_picked":["Guardian:DecasProtection","Guardian:EvasiveProtocol"],"picked":"Guardian:BronzeOrb","floor":4},{"not_picked":["Guardian:TimeBomb","Guardian:WalkerClaw"],"picked":"Guardian:Gem_Synthetic","floor":6},{"not_picked":["Guardian:TimeCapacitor","Guardian:Gem_Lightblue"],"picked":"Guardian:CrystalBeam","floor":9},{"not_picked":["Guardian:ShieldSpikes","Guardian:Repulse"],"picked":"Guardian:PrismaticBeam","floor":11},{"not_picked":["Guardian:Gem_Lightblue","Guardian:Gem_Green"],"picked":"Guardian:GemFire","floor":15},{"not_picked":["Guardian:StasisStrike","Guardian:FierceBash"],"picked":"Guardian:ExploitGems","floor":16},{"not_picked":["Guardian:BodySlam+1","Guardian:Incinerate"],"picked":"Guardian:Gem_Green","floor":19},{"not_picked":["Guardian:VentSteam+1","Guardian:ShieldSpikes","Guardian:WalkerClaw+1"],"picked":"SKIP","floor":20},{"not_picked":["Guardian:Incinerate","Guardian:GuardianWhirl"],"picked":"Guardian:Gem_Red","floor":21},{"not_picked":["Guardian:Gem_Cyan","Guardian:ShieldCharger"],"picked":"Guardian:BronzeArmor+1","floor":23},{"not_picked":["Guardian:Gem_Cyan","Guardian:CrystalBeam+1"],"picked":"Guardian:GemFinder","floor":27},{"not_picked":["Guardian:Recover","Guardian:Gem_Green"],"picked":"Guardian:Gem_White","floor":28},{"not_picked":["Guardian:Gem_Green","Guardian:Gem_Lightblue"],"picked":"Guardian:Gem_Red","floor":29},{"not_picked":["Guardian:FloatingOrbs","Guardian:ShieldCharger"],"picked":"Guardian:CrystalBeam","floor":29},{"not_picked":["Guardian:PiercingHide","Guardian:RevengeProtocol","Guardian:ShieldCharger"],"picked":"SKIP","floor":30},{"not_picked":["Guardian:Gem_Lightblue","Guardian:Gem_Green"],"picked":"Guardian:Gem_Red","floor":31},{"not_picked":["Guardian:TemporalStrike+1","Guardian:WalkerClaw","Guardian:CrystalBeam"],"picked":"SKIP","floor":31},{"not_picked":["Guardian:Gem_Crimson","Guardian:Gem_Red"],"picked":"Guardian:DecasProtection","floor":32},{"not_picked":["Guardian:FierceBash","Guardian:HyperBeam_Guardian"],"picked":"Guardian:ConstructionForm","floor":33},{"not_picked":["Guardian:WalkerClaw+1","Guardian:GuardianWhirl+1","Guardian:Gem_Green"],"picked":"SKIP","floor":36},{"not_picked":["Guardian:RefractedBeam","Guardian:PrimingBeam","Guardian:Gem_Red"],"picked":"SKIP","floor":37},{"not_picked":["Guardian:Gem_Lightblue","Guardian:Gem_Red"],"picked":"Guardian:Gem_Cyan","floor":38},{"not_picked":["Guardian:RefractedBeam+1","Guardian:Suspension","Guardian:TemporalShield+1"],"picked":"SKIP","floor":38},{"not_picked":["Guardian:Recover","Guardian:Gem_Crimson","Guardian:TimeCapacitor+1"],"picked":"SKIP","floor":39},{"not_picked":["Guardian:StasisField","Guardian:ArmoredProtocol+1","Guardian:RollAttack+1"],"picked":"SKIP","floor":43},{"not_picked":["Guardian:WalkerClaw","Guardian:Planning+1","Guardian:CrystalBeam"],"picked":"SKIP","floor":45},{"not_picked":["Guardian:Incinerate+1","Guardian:MultiBeam"],"picked":"Guardian:CrystalBeam+1","floor":48},{"not_picked":["Guardian:Incinerate+1","Guardian:Orbwalk","Guardian:Suspension+1"],"picked":"SKIP","floor":49},{"not_picked":["Guardian:Reroute","Guardian:ShieldCharger+1","Guardian:Recover+1"],"picked":"SKIP","floor":52}],"player_experience":126049,"relics_obtained":[{"floor":6,"key":"Regal Pillow"},{"floor":7,"key":"Bronze Scales"},{"floor":11,"key":"Guardian:SackOfGems"},{"floor":13,"key":"Meat on the Bone"},{"floor":22,"key":"Bag of Preparation"},{"floor":23,"key":"MealTicket"},{"floor":30,"key":"Blue Candle"},{"floor":41,"key":"Happy Flower"},{"floor":43,"key":"Akabeko"},{"floor":46,"key":"Nunchaku"},{"floor":52,"key":"Pen Nib"}],"event_choices":[{"cards_removed":["Guardian:Gem_Blue"],"damage_healed":24,"gold_gain":0,"player_choice":"Offered Uncommon","damage_taken":0,"max_hp_gain":0,"max_hp_loss":0,"event_name":"Bonfire Elementals","floor":14,"gold_loss":0}],"is_beta":false,"boss_relics":[{"not_picked":["Busted Crown","Velvet Choker"],"picked":"SlaversCollar"},{"not_picked":["Calling Bell","SacredBark"],"picked":"Empty Cage"}],"items_purged_floors":[39],"is_endless":false,"potions_floor_spawned":[3,4,16,19,30,31,33,36,45,48,49],"killed_by":"downfall:NeowBossFinal","ascension_level":1}}