{"host":"6z6y4ky8uzsz1dpj","time":1613743729,"event":{"mods":["AchievementEnabler","BaseMod","BetterRewards","Challenge The Spire","Colored Map","Hubris","Minty Spire (QoL Compilation)","Quick Restart","Relic Stats","Replay The Spire","StSLib"],"gold_per_floor":[111,111,111,131,148,148,175,175,175,210,224,253,253,263,263,363,363,374,388,388,580,596,596,596],"floor_reached":23,"language":"ENG","playtime":1208,"items_purged":["Strike_R"],"score":295,"play_id":"d5072216-be24-48de-b2a8-3fe1c3cbd0c3","local_time":"20210219090849","is_ascension_mode":true,"campfire_choices":[{"data":"Flex","floor":6,"key":"SMITH"},{"data":"Cleave","floor":13,"key":"SMITH"},{"data":"ReplayTheSpireMod:Muscle Training","floor":15,"key":"SMITH"}],"circlet_count":0,"master_deck":["Strike_R","Strike_R","Strike_R","Strike_R","Defend_R","Defend_R","Defend_R","Defend_R","Bash","ReplayTheSpireMod:Limb From Limb+1","Flex","Finesse","Flex+1","Eclipse","Cleave+1","hubris:SharpeningStone","ReplayTheSpireMod:Muscle Training+1","ReplayTheSpireMod:Muscle Training","ReplayTheSpireMod:Muscle Training","Seeing Red","Twin Strike","Reaper","Infernal Blade+1","Replay:Undeath\u0027s Touch","Spot Weakness","Sword Boomerang"],"relics":["Burning Blood","Membership Card","Durian","ReplayTheSpireMod:TigerMarble","Gremlin Horn","InkBottle","hubris:Towel","Paper Frog","hubris:PeanutButter","hubris:Zylophone","Ring of Chaos"],"acts_visited":["Exordium","TheCity"],"potions_floor_usage":[12,12,16,23,23,23],"damage_taken":[{"damage":0,"enemies":"2 Louse","floor":1,"turns":2},{"damage":6,"enemies":"Cultist","floor":4,"turns":1},{"damage":0,"enemies":"Small Slimes","floor":5,"turns":2},{"damage":28,"enemies":"Lagavulin","floor":7,"turns":6},{"damage":7,"enemies":"3 Sentries","floor":10,"turns":5},{"damage":0,"enemies":"Blue Slaver","floor":11,"turns":2},{"damage":5,"enemies":"Gremlin Nob","floor":12,"turns":4},{"damage":0,"enemies":"2 Fungi Beasts","floor":14,"turns":2},{"damage":8,"enemies":"Fading Forest","floor":16,"turns":11},{"damage":17,"enemies":"2 Thieves","floor":18,"turns":3},{"damage":3,"enemies":"Chosen","floor":19,"turns":4},{"damage":31,"enemies":"Shelled Parasite and Fungi","floor":22,"turns":4},{"damage":47,"enemies":"Book of Stabbing","floor":23,"turns":3}],"seed_played":"4882810633809065695","potions_obtained":[{"floor":5,"key":"Dexterity Potion"},{"floor":7,"key":"HeartOfIron"},{"floor":10,"key":"LifebloodPotion"},{"floor":14,"key":"EssenceOfSteel"},{"floor":16,"key":"Swift Potion"},{"floor":19,"key":"Elixir"}],"is_trial":false,"path_per_floor":["M","?","?","M","M","R","E","?","T","E","M","E","R","M","R","B",null,"M","M","?","?","M","E"],"character_chosen":"IRONCLAD","items_purchased":["Membership Card","ReplayTheSpireMod:Limb From Limb","Flex","ReplayTheSpireMod:TigerMarble","Gremlin Horn","Finesse"],"campfire_rested":0,"item_purchase_floors":[0,0,0,0,0,0],"current_hp_per_floor":[75,75,75,75,81,81,59,59,59,58,64,65,65,71,71,81,84,85,85,85,51,32,0,0],"gold":596,"neow_bonus":"","is_daily":false,"chose_seed":false,"campfire_upgraded":3,"win_rate":0.0,"timestamp":1613743729,"path_taken":["M","?","?","M","?","R","E","?","T","E","M","E","R","M","R","BOSS","M","M","?","?","M","E"],"items_purchased_type":["Relic","Card","Card","Relic","Relic","Card"],"build_version":"2020-12-22","purchased_purges":1,"victory":false,"max_hp_per_floor":[85,85,85,85,85,85,85,85,85,85,85,85,85,85,85,85,85,85,85,85,85,85,85,85],"relic_stats":{"Gremlin Horn":[15,15],"counters":[31,154],"obtain_stats":[{"Gremlin Food":8,"ReplayFunnel":13,"Golden Egg":31,"Gremlin Horn":0,"hubris:SphereOfDissonance":23,"Eternal Feather":6,"Pen Nib":9,"Ring of Chaos":17,"Bag of Preparation":7,"hubris:Towel":8,"Burning Blood":0,"hubris:TerracottaHorce":17,"hubris:Zylophone":12,"Sundial":10,"DollysMirror":21,"Simple Rune":26,"hubris:PeanutButter":10,"Garlic":25,"Red Mask":29,"Durian":0,"ReplayTheSpireMod:TigerMarble":0,"Membership Card":0,"InkBottle":7,"Paper Frog":9},{"Gremlin Food":4,"ReplayFunnel":7,"Golden Egg":17,"Gremlin Horn":18,"hubris:SphereOfDissonance":13,"Eternal Feather":3,"Pen Nib":4,"Ring of Chaos":27,"Bag of Preparation":3,"hubris:Towel":22,"Burning Blood":0,"hubris:TerracottaHorce":9,"hubris:Zylophone":25,"Sundial":5,"DollysMirror":12,"Simple Rune":14,"hubris:PeanutButter":23,"Garlic":14,"Red Mask":17,"Durian":18,"ReplayTheSpireMod:TigerMarble":18,"Membership Card":18,"InkBottle":22,"Paper Frog":22},{"Gremlin Food":21,"ReplayFunnel":39,"Golden Egg":92,"Gremlin Horn":105,"hubris:SphereOfDissonance":74,"Eternal Feather":12,"Pen Nib":21,"Ring of Chaos":140,"Bag of Preparation":12,"hubris:Towel":116,"Burning Blood":0,"hubris:TerracottaHorce":58,"hubris:Zylophone":127,"Sundial":27,"DollysMirror":71,"Simple Rune":81,"hubris:PeanutButter":121,"Garlic":81,"Red Mask":92,"Durian":105,"ReplayTheSpireMod:TigerMarble":105,"Membership Card":105,"InkBottle":116,"Paper Frog":116}],"Burning Blood":169,"InkBottle":[15]},"card_choices":[{"not_picked":["hubris:CleavingFinish","Armaments"],"picked":"Flex","floor":1},{"not_picked":["Havoc","Iron Wave"],"picked":"Cleave","floor":4},{"not_picked":["Clash","True Grit"],"picked":"hubris:SharpeningStone","floor":5},{"not_picked":["Impervious","Perfected Strike"],"picked":"ReplayTheSpireMod:Muscle Training","floor":7},{"not_picked":["Bludgeon","Spot Weakness"],"picked":"ReplayTheSpireMod:Muscle Training","floor":10},{"not_picked":["Wild Strike","Spot Weakness"],"picked":"ReplayTheSpireMod:Muscle Training","floor":11},{"not_picked":["Iron Wave","ReplayTheSpireMod:Limb From Limb"],"picked":"Seeing Red","floor":12},{"not_picked":["Feel No Pain","Sentinel"],"picked":"Twin Strike","floor":14},{"not_picked":["Feed","Eclipse"],"picked":"Reaper","floor":16},{"not_picked":["ReplayTheSpireMod:LeadingStrike+1","Sword Boomerang+1"],"picked":"Infernal Blade+1","floor":18},{"not_picked":["Havoc+1","Carnage"],"picked":"Replay:Undeath\u0027s Touch","floor":19},{"not_picked":["Whirlwind","Heavy Blade"],"picked":"Sword Boomerang","floor":22}],"player_experience":642880,"relics_obtained":[{"floor":7,"key":"InkBottle"},{"floor":9,"key":"Paper Frog"},{"floor":10,"key":"hubris:PeanutButter"},{"floor":12,"key":"hubris:Zylophone"}],"event_choices":[{"damage_healed":0,"gold_gain":0,"player_choice":"Grow","damage_taken":0,"max_hp_gain":0,"max_hp_loss":0,"event_name":"Living Wall","floor":2,"gold_loss":0,"cards_upgraded":["ReplayTheSpireMod:Limb From Limb"]},{"damage_healed":0,"gold_gain":0,"player_choice":"1 cards matched","damage_taken":0,"max_hp_gain":0,"max_hp_loss":0,"event_name":"Match and Keep!","floor":3,"gold_loss":0,"cards_obtained":["Eclipse"]}],"is_beta":false,"boss_relics":[{"not_picked":["hubris:BlackHole","Velvet Choker"],"picked":"Ring of Chaos"}],"items_purged_floors":[0],"is_endless":false,"potions_floor_spawned":[5,7,10,14,16,19,22],"killed_by":"Book of Stabbing","ascension_level":8}}