{"host":"f5gffvlv6a66yqkd","time":1613730922,"event":{"mods":["2.2 Compatiblity","BaseMod","Colored Map","Custom Start","DeckTracker","Keyboard Shortcuts","Minty Spire (QoL Compilation)","Permanent Neow","Quick Restart","Relic Stats","StSLib","SuperFastMode"],"gold_per_floor":[114,124,49,66,79,114,114,149,176,190,190,204,204,220,220,291,291,304,229,246,246,246,246],"floor_reached":22,"language":"KOR","playtime":607,"items_purged":["Strike_P"],"score":386,"play_id":"8a9dcdfe-a3b1-4536-8162-b43b7e51f12e","local_time":"20210219193522","is_ascension_mode":true,"campfire_choices":[{"data":"Eruption","floor":7.0,"key":"SMITH"},{"data":"Tantrum","floor":11,"key":"SMITH"},{"data":"Study","floor":13,"key":"SMITH"},{"data":"EmptyFist","floor":15,"key":"SMITH"}],"circlet_count":0,"master_deck":["AscendersBane","Strike_P","Defend_P","Defend_P","Defend_P","Defend_P","Eruption+1","Vigilance","CutThroughFate","FollowUp","FearNoEvil","Study+1","EmptyFist+1","Tantrum+1","SpiritShield","MasterReality","Tantrum+1"],"relics":["PureWater","Darkstone Periapt","Art of War","Omamori","Black Star"],"acts_visited":["Exordium","TheCity"],"potions_floor_usage":[10,22],"damage_taken":[{"damage":0.0,"enemies":"2 Louse","floor":1.0,"turns":2.0},{"damage":0.0,"enemies":"Cultist","floor":2.0,"turns":3.0},{"damage":0.0,"enemies":"Small Slimes","floor":4.0,"turns":3.0},{"damage":1.0,"enemies":"Red Slaver","floor":5.0,"turns":2.0},{"damage":17.0,"enemies":"Lagavulin","floor":6.0,"turns":5.0},{"damage":8.0,"enemies":"Gremlin Nob","floor":8.0,"turns":3.0},{"damage":10,"enemies":"Gremlin Gang","floor":10,"turns":3},{"damage":5,"enemies":"3 Louse","floor":12,"turns":2},{"damage":1,"enemies":"2 Fungi Beasts","floor":14,"turns":2},{"damage":11,"enemies":"Hexaghost","floor":16,"turns":7},{"damage":20,"enemies":"Shell Parasite","floor":18,"turns":3},{"damage":1,"enemies":"Spheric Guardian","floor":20,"turns":3},{"damage":41,"enemies":"3 Cultists","floor":22,"turns":3}],"seed_played":"-7010641815425637440","potions_obtained":[{"floor":1.0,"key":"Weak Potion"},{"floor":5.0,"key":"Ancient Potion"},{"floor":6.0,"key":"AttackPotion"},{"floor":12,"key":"Energy Potion"},{"floor":16,"key":"LiquidMemories"},{"floor":18,"key":"Swift Potion"}],"is_trial":false,"path_per_floor":["M","M","$","M","M","E","R","E","T","M","R","M","R","M","R","B",null,"M","?","M","?","M"],"character_chosen":"WATCHER","items_purchased":[],"campfire_rested":0,"item_purchase_floors":[],"current_hp_per_floor":[61,61,61,61,60,43,43,35,35,25,25,20,20,19,19,8,53,33,33,32,32,0,0],"gold":246,"neow_bonus":"THREE_CARDS","is_daily":false,"chose_seed":false,"campfire_upgraded":4,"win_rate":0.0,"timestamp":1613730922,"path_taken":["M","M","$","M","M","E","R","E","T","M","R","M","R","M","R","BOSS","M","?","?","?","?"],"items_purchased_type":[],"build_version":"2020-12-22","purchased_purges":1,"victory":false,"max_hp_per_floor":[68,68,68,68,68,68,68,68,68,68,68,68,68,68,68,68,68,68,68,68,68,68,68],"relic_stats":{"Darkstone Periapt":0,"counters":[13,41],"Art of War":[2],"Black Star":0,"obtain_stats":[{"Darkstone Periapt":6,"Art of War":8,"Omamori":9,"Black Star":17,"PureWater":0},{"Darkstone Periapt":5,"Art of War":6,"Omamori":6,"Black Star":10,"PureWater":0},{"Darkstone Periapt":15,"Art of War":18,"Omamori":18,"Black Star":32,"PureWater":0}]},"card_choices":[{"not_picked":["Sanctity","ThirdEye"],"picked":"CutThroughFate","floor":0.0},{"not_picked":["Indignation","WaveOfTheHand"],"picked":"FollowUp","floor":1.0},{"not_picked":["CutThroughFate","Wireheading","Conclude"],"picked":"SKIP","floor":2.0},{"not_picked":["JustLucky","Crescendo"],"picked":"FearNoEvil","floor":4.0},{"not_picked":["ClearTheMind","ReachHeaven"],"picked":"Study","floor":5.0},{"not_picked":["Evaluate","EmptyBody"],"picked":"EmptyFist","floor":6.0},{"not_picked":["PathToVictory","CutThroughFate","FollowUp"],"picked":"SKIP","floor":8.0},{"not_picked":["SashWhip","Protect"],"picked":"Tantrum","floor":10},{"not_picked":["Wireheading","Crescendo","ThirdEye"],"picked":"SKIP","floor":12},{"not_picked":["Protect","WaveOfTheHand","EmptyMind"],"picked":"SKIP","floor":14},{"not_picked":["Wireheading","Crescendo","BowlingBash"],"picked":"SKIP","floor":18},{"not_picked":["Sanctity","Protect","Worship"],"picked":"SKIP","floor":20}],"player_experience":1515744,"relics_obtained":[{"floor":6.0,"key":"Darkstone Periapt"},{"floor":8.0,"key":"Art of War"},{"floor":9.0,"key":"Omamori"}],"event_choices":[{"damage_healed":0,"gold_gain":0,"cards_transformed":["Strike_P","Strike_P"],"player_choice":"Transformed Cards","damage_taken":0,"max_hp_gain":0,"max_hp_loss":0,"event_name":"Designer","floor":19,"gold_loss":75,"cards_obtained":["SpiritShield","MasterReality"]},{"damage_healed":0,"gold_gain":0,"player_choice":"Copied","damage_taken":0,"max_hp_gain":0,"max_hp_loss":0,"event_name":"Duplicator","floor":21,"gold_loss":0,"cards_obtained":["Tantrum"]}],"is_beta":false,"boss_relics":[{"not_picked":["Runic Dome","Busted Crown"],"picked":"Black Star"}],"items_purged_floors":[3],"is_endless":false,"potions_floor_spawned":[1,5,6,12,16,18],"killed_by":"3 Cultists","ascension_level":19}}