{"host":"clf2hd4adhiiw0zf","time":1613695885,"event":{"mods":["AchievementEnabler","BaseMod","Beaked The Cultist","Bestiary","Dark Map","Downfall","Gremlin Mod","Hermit","Jorbs\u0027s Wanderer Trilogy","Marisa????????","Minty Spire (QoL Compilation)","Quick Restart","Shop Mod","Spire Arcade","StSLib","The Construct","The Cursed","Wide Potions"],"gold_per_floor":[99,99,99,99,99,134,134,162,62,62,62,97,110,120,140,242,242,142,162,382,382,394,410,482,508,522,539,539,539,539],"floor_reached":28,"language":"ENG","playtime":1034,"items_purged":[],"score":397,"play_id":"4e07311a-eca0-44ba-8cd5-a65f5ef53ba2","local_time":"20210218175125","is_ascension_mode":true,"campfire_choices":[{"floor":1.0,"key":"RECALL"},{"data":"bronze:Optimize","floor":9.0,"key":"SMITH"},{"data":"bronze:Return","floor":11.0,"key":"SMITH"},{"data":"bronze:BurnOut","floor":18.0,"key":"SMITH"}],"circlet_count":0,"master_deck":["bronze:Strike","bronze:Strike","bronze:Strike","bronze:Strike","bronze:Defend","bronze:Defend","bronze:Defend","bronze:Defend","bronze:Goto","bronze:Optimize+1","bronze:Return+1","bronze:Frontload","bronze:Iterate","bronze:CutThrough","bronze:Turbo","bronze:Overheat","bronze:BurnOut+1","bronze:OilSpill","bronze:ThunderWave","bronze:Backtrace","bronze:BronzeOrb","bronze:GetLatest","bronze:WildBeam+1","bronze:Overload","bronze:Repair"],"relics":["bronze:BronzeCore","downfall:HeartsMalice","Bag of Marbles","White Beast Statue","Bottled Tornado","downfall:HeartBlessingRed","Sundial","bronze:ElectromagneticCoil","downfall:HeartBlessingGreen","Anchor"],"acts_visited":["Exordium","TheCity"],"potions_floor_usage":[25,28,28,28],"damage_taken":[{"damage":0.0,"enemies":"Jaw Worm","floor":2.0,"turns":1.0},{"damage":0.0,"enemies":"Cultist","floor":4.0,"turns":1.0},{"damage":0.0,"enemies":"2 Louse","floor":5.0,"turns":1.0},{"damage":15.0,"enemies":"3 Sentries","floor":6.0,"turns":12.0},{"damage":26.0,"enemies":"Gremlin Nob","floor":8.0,"turns":5.0},{"damage":18.0,"enemies":"Lagavulin","floor":12.0,"turns":4.0},{"damage":0.0,"enemies":"Large Slime","floor":13.0,"turns":3.0},{"damage":5.0,"enemies":"Gremlin Gang","floor":14.0,"turns":4.0},{"damage":7.0,"enemies":"downfall:LooterAlt","floor":15.0,"turns":3.0},{"damage":0.0,"enemies":"IC_STATUS_ARCHETYPE","floor":16.0,"turns":4.0},{"damage":3.0,"enemies":"Shell Parasite","floor":19.0,"turns":4.0},{"damage":21.0,"enemies":"Spheric Guardian","floor":22.0,"turns":4.0},{"damage":2.0,"enemies":"Centurion and Healer","floor":23.0,"turns":2.0},{"damage":0,"enemies":"Gremlin Leader","floor":25,"turns":2},{"damage":26,"enemies":"3 Cultists","floor":26,"turns":5},{"damage":21,"enemies":"Snake Plant","floor":27,"turns":4},{"damage":9,"enemies":"Slavers","floor":28,"turns":2}],"seed_played":"5952472929909459394","potions_obtained":[{"floor":3.0,"key":"Energy Potion"},{"floor":3.0,"key":"EntropicBrew"},{"floor":8.0,"key":"PowerPotion"},{"floor":13.0,"key":"hexamod:SoulburnPotion"},{"floor":14.0,"key":"bronze:BurnAndBuffPotion"},{"floor":16.0,"key":"ColorlessPotion"},{"floor":20.0,"key":"SteroidPotion"},{"floor":22.0,"key":"Slimebound:ThreeZeroPotion"},{"floor":23.0,"key":"Guardian:BlockOnCardUsePotion"},{"floor":25,"key":"Guardian:BlockOnCardUsePotion"},{"floor":26,"key":"Dexterity Potion"}],"is_trial":false,"path_per_floor":["R","M","?","M","M","E","T","E","R","?","R","E","M","M","M","B",null,"R","M","?","?","M","M","T","E","M","M","E"],"character_chosen":"THE_AUTOMATON","items_purchased":[],"campfire_rested":0,"item_purchase_floors":[],"current_hp_per_floor":[70,70,70,70,70,55,55,29,29,34,34,16,25,20,13,13,75,75,72,72,72,51,49,49,49,23,2,0,0,0],"gold":539,"neow_bonus":"THREE_ENEMY_KILL","is_daily":false,"chose_seed":false,"campfire_upgraded":3,"win_rate":0.0,"timestamp":1613695885,"path_taken":["R","M","?","M","?","E","T","E","R","?","R","E","M","M","M","BOSS","R","M","?","?","M","?","T","E","M","?","E"],"items_purchased_type":[],"build_version":"2020-12-22","purchased_purges":0,"victory":false,"max_hp_per_floor":[70,70,70,70,70,70,70,70,70,75,75,75,75,75,75,75,75,75,75,75,75,75,75,75,75,75,75,75,75,75],"card_choices":[{"not_picked":["bronze:BronzeArmor","bronze:OilSpill"],"picked":"bronze:Optimize","floor":2.0},{"not_picked":["bronze:ForceShield","bronze:Separator"],"picked":"bronze:Return","floor":4.0},{"not_picked":["bronze:Turbo","bronze:BuggyMess"],"picked":"bronze:Frontload","floor":5.0},{"not_picked":["bronze:DelayedGuard","bronze:Fortify"],"picked":"bronze:Iterate","floor":6.0},{"not_picked":["bronze:BronzeArmor","bronze:WhirlingStrike"],"picked":"bronze:CutThrough","floor":8.0},{"not_picked":["bronze:Separator","bronze:NullPointer"],"picked":"bronze:Turbo","floor":12.0},{"not_picked":["bronze:Constructor","bronze:Repulsor"],"picked":"bronze:Overheat","floor":13.0},{"not_picked":["bronze:WildBeam","bronze:Overheat"],"picked":"bronze:BurnOut","floor":14.0},{"not_picked":["bronze:Overheat","bronze:Separator"],"picked":"bronze:OilSpill","floor":15.0},{"not_picked":["bronze:RecursiveStrike","bronze:TinkerersToolbox"],"picked":"bronze:ThunderWave","floor":16.0},{"not_picked":["bronze:Return","bronze:Separator"],"picked":"bronze:Backtrace","floor":19.0},{"not_picked":["bronze:CloningBeam","bronze:FineTuning"],"picked":"bronze:GetLatest","floor":22.0},{"not_picked":["bronze:Flail+1","bronze:Invalidate+1"],"picked":"bronze:WildBeam+1","floor":23.0},{"not_picked":["bronze:Invalidate+1","bronze:CloningBeam","bronze:Separator"],"picked":"SKIP","floor":25},{"not_picked":["bronze:Backtrace","bronze:DelayedGuard+1"],"picked":"bronze:Overload","floor":26},{"not_picked":["bronze:FineTuning","bronze:Separator"],"picked":"bronze:Repair","floor":27}],"player_experience":354630,"relics_obtained":[{"floor":6.0,"key":"Bag of Marbles"},{"floor":7.0,"key":"White Beast Statue"},{"floor":8.0,"key":"Bottled Tornado"},{"floor":12.0,"key":"Sundial"},{"floor":25,"key":"Anchor"}],"event_choices":[{"damage_healed":0.0,"max_hp_gain":0.0,"max_hp_loss":0.0,"gold_gain":0.0,"event_name":"Lab","player_choice":"Got Potions","floor":3.0,"gold_loss":0.0,"damage_taken":0.0},{"damage_healed":0.0,"max_hp_gain":5.0,"max_hp_loss":0.0,"gold_gain":0.0,"event_name":"Big Fish","player_choice":"Donut","floor":10.0,"gold_loss":0.0,"damage_taken":0.0}],"is_beta":false,"boss_relics":[{"not_picked":["Empty Cage","Calling Bell"],"picked":"bronze:ElectromagneticCoil"}],"items_purged_floors":[],"is_endless":false,"potions_floor_spawned":[6,8,12,13,14,15,16,19,22,23,25,26,27],"killed_by":"Slavers","ascension_level":4}}