{"host":"c64dsqyrqv0ei9yn","time":1613721550,"event":{"mods":["BaseMod","Bestiary","Colored Map","Colored Powertips","Curses Come First","Koishi","LagranYue(ùfäiòNÅEåé)","MarisaÅiñ∂âJÅ@ñÇóùçπÅj","Minty Spire (QoL Compilation)","Prisma Mod","Random Character Button","ReimuÅiîé??öÎÅj","RemiliaÅiÂQïƒ‰ª?Åj","StSLib","The Alterego","The Marked","The Saiyan","The Senshi","The Servant 0.9.4","The Wild Card","slay the spire mod where everything is the same but ironclad has a cowboy hat"],"gold_per_floor":[118,135,146,19,39,71,71,88,112,112,123,135,154,173,173,173,173],"floor_reached":16,"language":"ENG","playtime":917,"items_purged":[],"score":108,"play_id":"72e6ddc9-2463-4a8b-a83a-1c709c7d49f9","local_time":"20210219075910","is_ascension_mode":false,"campfire_choices":[{"floor":7,"key":"REST"},{"floor":15,"key":"REST"}],"circlet_count":0,"master_deck":["theMarked:Strike","theMarked:Strike","theMarked:Strike","theMarked:Strike","theMarked:Strike","theMarked:Defend","theMarked:Defend","theMarked:Defend","theMarked:Defend","theMarked:SoldierOfQuellstein","theMarked:BanishingStrike","theMarked:Aftermath","theMarked:Heritage","theMarked:WardOff","theMarked:MysticalArsenal","theMarked:ChainLightning","theMarked:Maelstrom","theMarked:SwordAndMagic","theMarked:Vacuum"],"relics":["theMarked:ArtifactOfAir","NeowsBlessing","Blood Vial","Ancient Tea Set"],"acts_visited":["Exordium"],"potions_floor_usage":[6,16,16],"damage_taken":[{"damage":0,"enemies":"Cultist","floor":1,"turns":1},{"damage":0,"enemies":"2 Louse","floor":2,"turns":1},{"damage":0,"enemies":"Jaw Worm","floor":3,"turns":1},{"damage":0,"enemies":"3 Louse","floor":5,"turns":5},{"damage":39,"enemies":"Gremlin Nob","floor":6,"turns":5},{"damage":9,"enemies":"Blue Slaver","floor":8,"turns":3},{"damage":8,"enemies":"Red Slaver","floor":11,"turns":5},{"damage":11,"enemies":"Exordium Thugs","floor":12,"turns":5},{"damage":5,"enemies":"Looter","floor":13,"turns":3},{"damage":9,"enemies":"3 Louse","floor":14,"turns":3},{"damage":46,"enemies":"Slime Boss","floor":16,"turns":11}],"seed_played":"-2913443055751943221","potions_obtained":[{"floor":2,"key":"DistilledChaos"},{"floor":5,"key":"SkillPotion"},{"floor":6,"key":"theMarked:ChargePotion"},{"floor":11,"key":"SteroidPotion"}],"is_trial":false,"path_per_floor":["M","M","M","$","M","E","R","M","T","$","M","M","M","M","R","B"],"character_chosen":"THE_DEFAULT","items_purchased":["theMarked:WardOff","theMarked:MysticalArsenal"],"campfire_rested":2,"item_purchase_floors":[4,4],"current_hp_per_floor":[72,72,72,72,72,33,54,47,47,47,41,32,29,22,43,0,0],"gold":173,"neow_bonus":"THREE_ENEMY_KILL","is_daily":false,"chose_seed":false,"campfire_upgraded":0,"win_rate":0.0,"timestamp":1613721550,"path_taken":["M","M","M","$","M","E","R","M","T","$","M","M","?","M","R","BOSS"],"items_purchased_type":["Card","Card"],"build_version":"2020-12-22","purchased_purges":0,"victory":false,"max_hp_per_floor":[72,72,72,72,72,72,72,72,72,72,72,72,72,72,72,72,72],"card_choices":[{"not_picked":["theMarked:WardOff","theMarked:Overcharge"],"picked":"theMarked:BanishingStrike","floor":1},{"not_picked":["theMarked:TwofoldDefense","theMarked:Determination"],"picked":"theMarked:Aftermath","floor":2},{"not_picked":["theMarked:KeepCalmAndFight","theMarked:Parkour"],"picked":"theMarked:Heritage","floor":3},{"not_picked":["theMarked:TunnelVision","theMarked:Defy","theMarked:Generate"],"picked":"SKIP","floor":5},{"not_picked":["theMarked:WastefulAttack","theMarked:TakeCover"],"picked":"theMarked:ChainLightning","floor":6},{"not_picked":["theMarked:HeightenedSenses","theMarked:WastefulAttack"],"picked":"theMarked:Maelstrom","floor":8},{"not_picked":["theMarked:HeightenedSenses","theMarked:RepellingDischarge"],"picked":"theMarked:SwordAndMagic","floor":11},{"not_picked":["theMarked:ElectricStrings","theMarked:ChainLightning"],"picked":"theMarked:Vacuum","floor":12},{"not_picked":["theMarked:EnhanceMovement","theMarked:HeightenedSenses","theMarked:Standoff"],"picked":"SKIP","floor":13},{"not_picked":["theMarked:Convert","theMarked:WastefulAttack","theMarked:ResourceFulStrike"],"picked":"SKIP","floor":14}],"player_experience":102431,"relics_obtained":[{"floor":6,"key":"Blood Vial"},{"floor":9,"key":"Ancient Tea Set"}],"event_choices":[],"is_beta":false,"boss_relics":[],"items_purged_floors":[],"is_endless":false,"potions_floor_spawned":[2,5,6,11,12,14],"killed_by":"Slime Boss","ascension_level":0}}