{"host":"xumidyqji6pg2yy3","time":1613741551,"event":{"mods":["ATMod(阿瑾Mod)","Act Like it!","BaseMod","Colored Map","Gensokyo","Minty Spire (QoL Compilation)","MostiFishMod","Quick Restart","StSLib","[IsaacMod]以撒尖塔","[功能]功能增强和修复MOD","【遗物卡牌】REMEMod"],"gold_per_floor":[119,119,129,129,155,186,25,59,59,59,89,178,205,205,205,505,505,520,295,310,22,22,48,48,61,61,78,78,109,109,144,144,473,473,1691,1745,1745,1745,1413,1468,1495,1495,1495,1595,1639,1329,1445,1498,1498,1578,1578],"floor_reached":50,"language":"ZHS","playtime":2940,"items_purged":["Defend_P","Defend_P","Defend_P+1","Defend_P"],"score":1387,"play_id":"82b99a75-ac5b-442d-b61e-7d39ee987199","local_time":"20210219213231","is_ascension_mode":true,"campfire_choices":[{"data":"AT_RealColorLess","floor":10.0,"key":"SMITH"},{"data":"Eruption","floor":15.0,"key":"SMITH"},{"data":"MostiFishMod:PathToVictory","floor":24.0,"key":"SMITH"},{"data":"Eruption","floor":30.0,"key":"SMITH"},{"floor":32.0,"key":"RECALL"},{"data":"Strike_P","floor":42.0,"key":"SMITH"},{"data":"MentalFortress","floor":49.0,"key":"SMITH"}],"circlet_count":0,"master_deck":["Strike_P+1","Strike_P+1","Strike_P+1","Strike_P","Eruption+1","Vigilance+1","AT_EmpoweredMortalDraw","Adaptation+1","Clumsy","AT_RealColorLess+1","MostiFishMod:PathToVictory+1","Strike_P","Scrawl+1","MostiFishMod:DustFall+1","AT_RealColorLess+1","Eruption+1","MostiFishMod:Unraveling+1","Omniscience+1","Gensokyo:HouraiInAPot+1","Scrawl+1","MentalFortress+1","CutThroughFate+1","Sanctity+1"],"relics":["AT_ATBox","DaveBox","HushsDoor","REME_ComplimentaryCards","ChiXiaoBlade","YumHeart","GreenFoldingFan","SynthV:TestCard","Gensokyo:CelestialsFlawlessClothing","Gensokyo:NagashiBinaDoll","REME_PuzzleBoxRelic","Boot","BrkXgEgg","Bag of Marbles","REME_HandOfSuture","Whetstone","Dream Catcher","Kunai","Jackal-EndForJourney","ChiLing","Chi","Ling","Membership Card","AT_DeathDance","AT_SunfireAegis","Orichalcum","HornCleat","War Paint","Bronze Scales","Potion Belt","BookofShadows","REME_ChargedStone","Gensokyo:EmptyGrave","AT_MibuBalloonWealth","StrikeDummy","SynthV","Nunchaku","Regal Pillow","Mercury Hourglass","Meat on the Bone","AT_ChloranthyRing","Orrery","Bottled Flame","Omamori"],"acts_visited":["Exordium","Gensokyo:Gensokyo","Gensokyo:Gensokyoer"],"potions_floor_usage":[],"damage_taken":[{"damage":7.0,"enemies":"Gensokyo:Gryphon","floor":1.0,"turns":2.0},{"damage":4.0,"enemies":"Gensokyo:Python","floor":3.0,"turns":2.0},{"damage":26.0,"enemies":"Gensokyo:Mamizou","floor":5.0,"turns":7.0},{"damage":8.0,"enemies":"Gensokyo:Mamizou","floor":6.0,"turns":4.0},{"damage":28.0,"enemies":"Gensokyo:Aya","floor":8.0,"turns":4.0},{"damage":6.0,"enemies":"Gensokyo:Mamizou","floor":11.0,"turns":3.0},{"damage":8.0,"enemies":"Gensokyo:Cirno","floor":13.0,"turns":4.0},{"damage":38.0,"enemies":"Gensokyo:Kokoro","floor":16.0,"turns":6.0},{"damage":8.0,"enemies":"Gensokyo:2_Gloops","floor":18.0,"turns":2.0},{"damage":6.0,"enemies":"Gensokyo:Chomper","floor":20.0,"turns":2.0},{"damage":5.0,"enemies":"Gensokyo:Koishi","floor":23.0,"turns":2.0},{"damage":7.0,"enemies":"Gensokyo:Wraith","floor":25.0,"turns":2.0},{"damage":5.0,"enemies":"Gensokyo:Chomper_and_Gloop","floor":27.0,"turns":2.0},{"damage":0.0,"enemies":"Gensokyo:Reisen","floor":29.0,"turns":1.0},{"damage":0.0,"enemies":"Gensokyo:Tenshi","floor":31.0,"turns":1.0},{"damage":5.0,"enemies":"Gensokyo:Eternal_Rivals","floor":33.0,"turns":2.0},{"damage":4.0,"enemies":"Gensokyo:3_Boulders","floor":35.0,"turns":1.0},{"damage":5.0,"enemies":"Gensokyo:AncientGuardian","floor":36.0,"turns":1.0},{"damage":10.0,"enemies":"Gensokyo:AncientGuardian","floor":38.0,"turns":3.0},{"damage":5.0,"enemies":"Gensokyo:Doremy","floor":40.0,"turns":1.0},{"damage":5.0,"enemies":"Gensokyo:Kasen","floor":44.0,"turns":2.0},{"damage":5.0,"enemies":"Gensokyo:SeedOfUnknown","floor":45.0,"turns":1.0},{"damage":3.0,"enemies":"Gensokyo:4_Bats","floor":47.0,"turns":1.0},{"damage":5.0,"enemies":"Gensokyo:Doremy","floor":48.0,"turns":1.0},{"damage":19,"enemies":"Gensokyo:Shinki","floor":50,"turns":8}],"seed_played":"-1264707652968763045","potions_obtained":[{"floor":3.0,"key":"EssenceOfSteel"},{"floor":5.0,"key":"SkillPotion"},{"floor":6.0,"key":"LiquidMemories"},{"floor":20.0,"key":"PowerPotion"},{"floor":35.0,"key":"EntropicBrew"},{"floor":36.0,"key":"Dexterity Potion"}],"is_trial":false,"path_per_floor":["M","?","M","?","?","E","$","E","T","R","E","?","E","?","R","B",null,"M","COS","M","$","?","E","R","M","T","M","?","E","R","E","R","B",null,"M","M","?","?","$","E","T","R","T","E","M","$","M","E","R","B"],"character_chosen":"WATCHER","items_purchased":["BrkXgEgg","Membership Card","AT_DeathDance","AT_MibuBalloonWealth","StrikeDummy","SynthV","SkillPotion","AT_ChloranthyRing","Orrery","Bottled Flame"],"campfire_rested":0,"item_purchase_floors":[7,21,21,39,39,39,39,46,46,46],"current_hp_per_floor":[72,54,72,72,56,58,58,40,40,40,34,19,46,46,46,18,72,72,72,72,72,57,72,72,72,72,72,72,72,72,72,72,72,72,72,72,67,67,67,67,67,67,67,67,67,67,67,67,67,48,48],"gold":1578,"neow_bonus":"BOSS_RELIC","is_daily":false,"chose_seed":false,"campfire_upgraded":6,"win_rate":0.0,"timestamp":1613741551,"path_taken":["M","?","?","?","?","E","$","E","T","R","E","?","E","?","R","BOSS","M","COS","M","?","?","E","R","M","T","M","?","E","R","E","R","BOSS","M","M","?","?","$","E","?","R","T","E","M","?","?","E","R","BOSS"],"items_purchased_type":["Relic","Relic","Relic","Relic","Relic","Relic","Potion","Relic","Relic","Relic"],"build_version":"2020-12-22","purchased_purges":4,"victory":false,"max_hp_per_floor":[72,72,72,72,72,72,72,72,72,72,72,72,72,72,72,72,72,72,72,72,72,72,72,72,72,72,72,72,72,72,72,72,72,72,72,72,67,67,67,67,67,67,67,67,67,67,67,67,67,67,67],"card_choices":[{"not_picked":["FollowUp","ThirdEye","Protect"],"picked":"SKIP","floor":1.0},{"not_picked":["Wireheading","Protect","CutThroughFate","MostiFishMod:ScryFuture"],"picked":"Adaptation","floor":3.0},{"not_picked":["DeceiveReality","JustLucky","Prostrate","REME_Repentance"],"picked":"AT_RealColorLess","floor":5.0},{"not_picked":["WheelKick","Protect","Halt","MostiFishMod:Adaptation"],"picked":"MostiFishMod:PathToVictory","floor":6.0},{"not_picked":["SignatureMove","SashWhip","Halt","AT_OneInchPunch","AT_ChampionStep"],"picked":"SKIP","floor":8.0},{"not_picked":["SashWhip","ForeignInfluence","LikeWater","MostiFishMod:DisColor+1","CrushJoints"],"picked":"SKIP","floor":11.0},{"not_picked":["BattleHymn","ThirdEye","EmptyFist","Halt","Vengeance"],"picked":"SKIP","floor":13.0},{"not_picked":["MostiFishMod:DisColor+1","MostiFishMod:Disappear+1","SpiritShield+1","MostiFishMod:StarWish+1"],"picked":"Scrawl+1","floor":16.0},{"not_picked":["MostiFishMod:Minus+1","REME_WorshipGod+1","Scrawl+1","Wish+1"],"picked":"MostiFishMod:DustFall+1","floor":16.0},{"not_picked":["MostiFishMod:StarLaLaLa+1","AT_MachinaRedman+1","MostiFishMod:Pointsdynamics+1","ConjureBlade+1"],"picked":"AT_RealColorLess+1","floor":16.0},{"not_picked":["Evaluate","Prostrate","Fasting2","MostiFishMod:Speedup","BowlingBash+1"],"picked":"SKIP","floor":18.0},{"not_picked":["REME_MusicOfDeath+1","AT_SoftenMuscles","CrushJoints+1","FearNoEvil","Protect+1"],"picked":"SKIP","floor":20.0},{"not_picked":["Indignation+1","WreathOfFlame","Protect","CutThroughFate","ThirdEye"],"picked":"SKIP","floor":23.0},{"not_picked":["Protect+1","FlurryOfBlows","MostiFishMod:ScryFuture","JustLucky","Prostrate"],"picked":"SKIP","floor":25.0},{"not_picked":["JustLucky","Crescendo","MostiFishMod:Speedup","FearNoEvil","SashWhip"],"picked":"SKIP","floor":27.0},{"not_picked":["PathToVictory+1","Protect","DeceiveReality","EmptyFist"],"picked":"MostiFishMod:Unraveling+1","floor":29.0},{"not_picked":["SandsOfTime","MostiFishMod:StarOceanP+1","MostiFishMod:Clarity","PathToVictory","BowlingBash+1"],"picked":"SKIP","floor":31.0},{"not_picked":["Alpha+1","AT_ChampionKick+1","MostiFishMod:Moonprays+1","DevaForm+1"],"picked":"Omniscience+1","floor":33.0},{"not_picked":["SignatureMove","Prostrate+1","FollowUp","WindmillStrike","Consecrate"],"picked":"SKIP","floor":35.0},{"not_picked":["Swivel","CrushJoints+1","Vengeance","Worship+1","DevaForm+1"],"picked":"SKIP","floor":36.0},{"not_picked":["Gensokyo:UnhurriedMind+1","Gensokyo:UnlikelyAid+1"],"picked":"Gensokyo:HouraiInAPot+1","floor":38.0},{"not_picked":["SignatureMove","Fasting2+1","Swivel","JustLucky+1"],"picked":"Scrawl+1","floor":40.0},{"not_picked":["Meditate+1","FlyingSleeves","Collect+1","Perseverance+1","ReachHeaven+1"],"picked":"SKIP","floor":44.0},{"not_picked":["SashWhip","LikeWater","REME_Repentance+1","CarveReality+1","EmptyBody"],"picked":"SKIP","floor":45.0},{"not_picked":["ClearTheMind","WindmillStrike","REME_Repentance","AT_SoftenMuscles+1"],"picked":"MentalFortress","floor":46.0},{"not_picked":["ConjureBlade+1","Prostrate","FlyingSleeves+1","ClearTheMind"],"picked":"CutThroughFate+1","floor":46.0},{"not_picked":["Consecrate","CutThroughFate+1","EmptyBody","FlurryOfBlows"],"picked":"Sanctity+1","floor":47.0},{"not_picked":["FlyingSleeves","LessonLearned+1","Vengeance+1","Prostrate+1","FlurryOfBlows"],"picked":"SKIP","floor":48.0}],"player_experience":78457,"relics_obtained":[{"floor":1.0,"key":"SynthV:TestCard"},{"floor":5.0,"key":"REME_PuzzleBoxRelic"},{"floor":6.0,"key":"Boot"},{"floor":8.0,"key":"Bag of Marbles"},{"floor":9.0,"key":"REME_HandOfSuture"},{"floor":11.0,"key":"Whetstone"},{"floor":13.0,"key":"Dream Catcher"},{"floor":16.0,"key":"Kunai"},{"floor":23.0,"key":"Orichalcum"},{"floor":29.0,"key":"Bronze Scales"},{"floor":31.0,"key":"Potion Belt"},{"floor":33.0,"key":"BookofShadows"},{"floor":40.0,"key":"Nunchaku"},{"floor":41.0,"key":"Regal Pillow"},{"floor":43.0,"key":"Mercury Hourglass"},{"floor":44.0,"key":"Meat on the Bone"},{"floor":48.0,"key":"Omamori"}],"event_choices":[],"is_beta":false,"boss_relics":[{"not_picked":["REME_DemonsWealth","xbg"],"picked":"Jackal-EndForJourney"},{"not_picked":[]},{"not_picked":["BloodWine","TimeKeys"],"picked":"REME_ChargedStone"},{"not_picked":[]}],"items_purged_floors":[7,21,39,46],"is_endless":false,"potions_floor_spawned":[3,5,6,6,11,13,16,20,23,25,25,29,35,36,40,44,47],"killed_by":"Gensokyo:Shinki","ascension_level":3}}