{"host":"js2su9tbbk4rmjfl","time":1613764291,"event":{"mods":["AchievementEnabler","BaseMod","Block Reminder","Colored Map","Colored Powertips","Highlight Path","Minty Spire (QoL Compilation)","Relic Stats"],"gold_per_floor":[119,129,129,129,54,54,86,96,96,106,134,146,188,216,228,316,328,357,369,400,6,6,32,32,58,58,58,58,58,58,58,58,134,134,147,0,18,29,29,29,29,29,29],"floor_reached":42,"language":"ENG","playtime":4562,"items_purged":["Strike_R"],"score":928,"play_id":"b217e07f-0296-4ca4-bce4-b4d6067560f1","local_time":"20210219205131","is_ascension_mode":true,"campfire_choices":[{"data":"Metallicize","floor":6,"key":"SMITH"},{"data":"Rampage","floor":12,"key":"SMITH"},{"data":"Shockwave","floor":15,"key":"SMITH"},{"data":"Double Tap","floor":24,"key":"SMITH"},{"data":"Bite","floor":28,"key":"SMITH"},{"data":"Bite","floor":30,"key":"SMITH"},{"data":"Bite","floor":32,"key":"SMITH"},{"data":"Power Through","floor":40,"key":"SMITH"}],"circlet_count":0,"master_deck":["AscendersBane","Defend_R","Defend_R","Clash","Metallicize+1","Iron Wave","Rampage+1","Shockwave+1","Fire Breathing+1","Double Tap+1","Flame Barrier","Bite+1","Bite+1","Bite+1","Bite","Bite","Demon Form+1","Ghostly Armor+1","Heavy Blade+1","Power Through+1","Writhe"],"relics":["Burning Blood","NeowsBlessing","Pantograph","PreservedInsect","Frozen Egg 2","MawBank","Torii","Snecko Eye","Ice Cream","Bag of Marbles","Mango","Molten Egg 2","Empty Cage","Red Mask"],"acts_visited":["Exordium","TheCity","TheBeyond"],"potions_floor_usage":[7,10,10,13,14,20,23,25,33,42],"damage_taken":[{"damage":0,"enemies":"2 Louse","floor":1,"turns":1},{"damage":0,"enemies":"Small Slimes","floor":2,"turns":1},{"damage":0,"enemies":"Gremlin Nob","floor":7,"turns":1},{"damage":5,"enemies":"Jaw Worm","floor":8,"turns":4},{"damage":3,"enemies":"Exordium Wildlife","floor":10,"turns":3},{"damage":8,"enemies":"3 Sentries","floor":11,"turns":6},{"damage":11,"enemies":"Lagavulin","floor":13,"turns":5},{"damage":8,"enemies":"Large Slime","floor":14,"turns":6},{"damage":27,"enemies":"The Guardian","floor":16,"turns":11},{"damage":29,"enemies":"Chosen","floor":18,"turns":6},{"damage":7,"enemies":"Shell Parasite","floor":20,"turns":5},{"damage":23,"enemies":"Slavers","floor":23,"turns":5},{"damage":12,"enemies":"Book of Stabbing","floor":25,"turns":6},{"damage":64,"enemies":"Collector","floor":33,"turns":13},{"damage":70,"enemies":"3 Shapes","floor":35,"turns":9},{"damage":16,"enemies":"3 Darklings","floor":37,"turns":5},{"damage":44,"enemies":"Spire Growth","floor":38,"turns":7},{"damage":73,"enemies":"Transient","floor":42,"turns":5}],"seed_played":"2138789724853325849","potions_obtained":[{"floor":2,"key":"CultistPotion"},{"floor":7,"key":"EntropicBrew"},{"floor":11,"key":"Fruit Juice"},{"floor":13,"key":"Swift Potion"},{"floor":14,"key":"Explosive Potion"},{"floor":20,"key":"BloodPotion"},{"floor":23,"key":"SpeedPotion"},{"floor":25,"key":"Strength Potion"}],"is_trial":false,"path_per_floor":["M","M","?","?","?","R","E","M","T","M","E","R","E","M","R","B",null,"M","?","M","$","?","E","R","E","T","$","R","?","R","?","R","B",null,"M","?","M","M","?","R","?","M"],"character_chosen":"IRONCLAD","items_purchased":["Ice Cream"],"campfire_rested":0,"item_purchase_floors":[21],"current_hp_per_floor":[74,75,75,57,57,57,63,64,64,67,65,65,60,58,58,54,70,47,41,45,45,45,40,40,58,58,58,58,58,58,70,70,47,64,18,18,26,15,29,29,29,0,0],"gold":29,"neow_bonus":"THREE_ENEMY_KILL","is_daily":false,"chose_seed":false,"campfire_upgraded":8,"win_rate":0.0,"timestamp":1613764291,"path_taken":["M","M","?","?","?","R","E","M","T","M","E","R","E","M","R","BOSS","M","?","M","$","?","E","R","E","T","?","R","?","R","?","R","BOSS","M","?","M","M","?","R","?","M"],"items_purchased_type":["Relic"],"build_version":"2020-12-22","purchased_purges":1,"victory":false,"max_hp_per_floor":[75,75,75,75,75,75,75,75,75,75,75,75,75,75,75,75,75,75,75,80,80,56,56,56,70,70,70,70,70,70,70,70,70,70,70,70,70,70,70,70,70,70,70],"relic_stats":{"Torii":67,"counters":[18,99],"Pantograph":17,"Snecko Eye":[89,102,114,93],"PreservedInsect":143,"MawBank":120,"obtain_stats":[{"Ice Cream":21,"NeowsBlessing":0,"Torii":13,"Mango":25,"PreservedInsect":7,"Frozen Egg 2":9,"MawBank":11,"Empty Cage":34,"Burning Blood":0,"Pantograph":4,"Snecko Eye":17,"Molten Egg 2":26,"Bag of Marbles":23,"Red Mask":36},{"Ice Cream":11,"NeowsBlessing":0,"Torii":7,"Mango":13,"PreservedInsect":3,"Frozen Egg 2":4,"MawBank":6,"Empty Cage":14,"Burning Blood":0,"Pantograph":2,"Snecko Eye":9,"Molten Egg 2":13,"Bag of Marbles":12,"Red Mask":15},{"Ice Cream":49,"NeowsBlessing":0,"Torii":21,"Mango":60,"PreservedInsect":3,"Frozen Egg 2":7,"MawBank":16,"Empty Cage":73,"Burning Blood":0,"Pantograph":2,"Snecko Eye":38,"Molten Egg 2":60,"Bag of Marbles":54,"Red Mask":82}],"Burning Blood":97},"card_choices":[{"not_picked":["Perfected Strike","Wild Strike"],"picked":"Clash","floor":1},{"not_picked":["Dual Wield","Dark Embrace"],"picked":"Metallicize","floor":2},{"not_picked":["Headbutt","Body Slam"],"picked":"Iron Wave","floor":7},{"not_picked":["Clothesline","Headbutt"],"picked":"Rampage","floor":8},{"not_picked":["Sword Boomerang","Clothesline"],"picked":"Shockwave","floor":10},{"not_picked":["Infernal Blade","Perfected Strike","Limit Break"],"picked":"SKIP","floor":11},{"not_picked":["Sever Soul","Clothesline","Reckless Charge"],"picked":"SKIP","floor":13},{"not_picked":["Pummel","Second Wind"],"picked":"Fire Breathing+1","floor":14},{"not_picked":["Offering","Immolate"],"picked":"Double Tap","floor":16},{"not_picked":["Battle Trance","Iron Wave","Clothesline"],"picked":"SKIP","floor":18},{"not_picked":["Iron Wave","Clothesline"],"picked":"Flame Barrier","floor":20},{"not_picked":["Flex","Body Slam","Corruption+1"],"picked":"SKIP","floor":23},{"not_picked":["Sentinel","Iron Wave","Body Slam"],"picked":"SKIP","floor":25},{"not_picked":["Offering","Feed+1"],"picked":"Demon Form+1","floor":33},{"not_picked":["Ghostly Armor+1","Whirlwind+1","Armaments"],"picked":"SKIP","floor":35},{"not_picked":["Whirlwind+1","Armaments"],"picked":"Ghostly Armor+1","floor":35},{"not_picked":["Sever Soul+1","Armaments+1"],"picked":"Heavy Blade+1","floor":37},{"not_picked":["Fire Breathing+1","Clash+1"],"picked":"Power Through","floor":38}],"player_experience":868158,"relics_obtained":[{"floor":7,"key":"PreservedInsect"},{"floor":9,"key":"Frozen Egg 2"},{"floor":11,"key":"MawBank"},{"floor":13,"key":"Torii"},{"floor":23,"key":"Bag of Marbles"},{"floor":25,"key":"Mango"},{"floor":26,"key":"Molten Egg 2"}],"event_choices":[{"damage_healed":0,"gold_gain":0,"player_choice":"Ignored","damage_taken":0,"max_hp_gain":0,"max_hp_loss":0,"event_name":"Liars Game","floor":3,"gold_loss":0},{"damage_healed":0,"gold_gain":0,"player_choice":"Success","damage_taken":18,"relics_obtained":["Pantograph"],"max_hp_gain":0,"max_hp_loss":0,"event_name":"Scrap Ooze","floor":4,"gold_loss":0},{"cards_removed":["Defend_R"],"damage_healed":0,"gold_gain":0,"player_choice":"Card Removal","damage_taken":0,"max_hp_gain":0,"max_hp_loss":0,"event_name":"The Cleric","floor":5,"gold_loss":75},{"damage_healed":0,"gold_gain":0,"player_choice":"Joined the Cult","damage_taken":6,"max_hp_gain":0,"max_hp_loss":0,"event_name":"Nest","floor":19,"gold_loss":0,"cards_obtained":["RitualDagger"]},{"damage_healed":0,"gold_gain":0,"player_choice":"Became a vampire","damage_taken":0,"max_hp_gain":0,"max_hp_loss":24,"event_name":"Vampires","floor":22,"gold_loss":0,"cards_obtained":["Bite","Bite","Bite","Bite","Bite"]},{"damage_healed":14,"gold_gain":0,"player_choice":"Heal","damage_taken":0,"max_hp_gain":0,"max_hp_loss":0,"event_name":"The Library","floor":31,"gold_loss":0},{"damage_healed":0,"gold_gain":0,"player_choice":"Paid","damage_taken":0,"relics_obtained":["Red Mask"],"max_hp_gain":0,"max_hp_loss":0,"event_name":"Tomb of Lord Red Mask","floor":36,"gold_loss":147},{"damage_healed":14,"gold_gain":0,"player_choice":"Writhe","damage_taken":0,"max_hp_gain":0,"max_hp_loss":0,"event_name":"Winding Halls","floor":39,"gold_loss":0,"cards_obtained":["Writhe"]},{"cards_removed":["RitualDagger"],"damage_healed":0,"gold_gain":0,"player_choice":"Removed Attack","damage_taken":0,"max_hp_gain":0,"max_hp_loss":0,"event_name":"Falling","floor":41,"gold_loss":0}],"is_beta":false,"boss_relics":[{"not_picked":["Fusion Hammer","SlaversCollar"],"picked":"Snecko Eye"},{"not_picked":["Tiny House","Astrolabe"],"picked":"Empty Cage"}],"items_purged_floors":[21],"is_endless":false,"potions_floor_spawned":[2,7,11,13,14,20,23,25],"killed_by":"Transient","ascension_level":18}}