{"host":"p9vmbvw2hh2n16dn","time":1613733356,"event":{"mods":["AchievementEnabler","BaseMod","Block Reminder","Minty Spire (QoL Compilation)","Relic Stats","SuperFastMode"],"gold_per_floor":[116,135,148,148,158,191,202,202,202,202,202,215,244,244,244,321,321,331,256,256,65,82,108,108,136,136,170,96,96,108,124,124,200,200,200,216,229,229,229,229,260,260,285,615,631,658,267,267,267,267],"floor_reached":51,"language":"ENG","playtime":4805,"items_purged":["Rebound"],"score":1242,"play_id":"eee36b1d-e9ab-4a5d-868b-126beba6f329","local_time":"20210219121556","is_ascension_mode":true,"campfire_choices":[{"data":"Echo Form","floor":8.0,"key":"SMITH"},{"data":"Sunder","floor":10.0,"key":"SMITH"},{"floor":15.0,"key":"REST"},{"floor":24.0,"key":"REST"},{"floor":32.0,"key":"REST"},{"data":"1","floor":40.0,"key":"LIFT"},{"floor":42.0,"key":"REST"},{"floor":49.0,"key":"REST"}],"circlet_count":0,"master_deck":["AscendersBane","Dualcast","Seek","Darkness","Echo Form+1","Sunder+1","Undo","Fission+1","Coolheaded","Defragment","Conserve Battery","Coolheaded+1","Meteor Strike","Turbo+1","Defragment","Multi-Cast","Skim+1","Echo Form+1","Double Energy+1","Chaos+1","Coolheaded+1","Loop","Trip","Madness","Madness"],"relics":["Pandora\u0027s Box","White Beast Statue","Cables","Strawberry","Girya","Fusion Hammer","Membership Card","War Paint","Unceasing Top","Bag of Marbles","Question Card","DollysMirror","SacredBark","Emotion Chip","Regal Pillow","Old Coin","Bird Faced Urn","Lee\u0027s Waffle","Blood Vial","Mercury Hourglass"],"acts_visited":["Exordium","TheCity","TheBeyond"],"potions_floor_usage":[50,50],"damage_taken":[{"damage":18.0,"enemies":"Small Slimes","floor":1.0,"turns":3.0},{"damage":0.0,"enemies":"2 Louse","floor":2.0,"turns":2.0},{"damage":12.0,"enemies":"Jaw Worm","floor":3.0,"turns":3.0},{"damage":0.0,"enemies":"Large Slime","floor":5.0,"turns":9.0},{"damage":5.0,"enemies":"Lagavulin","floor":6.0,"turns":10.0},{"damage":0.0,"enemies":"Exordium Wildlife","floor":7.0,"turns":4.0},{"damage":1.0,"enemies":"3 Louse","floor":12.0,"turns":4.0},{"damage":22.0,"enemies":"Gremlin Nob","floor":13.0,"turns":6.0},{"damage":24.0,"enemies":"The Guardian","floor":16.0,"turns":10.0},{"damage":28.0,"enemies":"3 Byrds","floor":18.0,"turns":7.0},{"damage":0.0,"enemies":"Spheric Guardian","floor":22.0,"turns":5.0},{"damage":18.0,"enemies":"Gremlin Leader","floor":23.0,"turns":6.0},{"damage":17.0,"enemies":"Slavers","floor":25.0,"turns":5.0},{"damage":5.0,"enemies":"Book of Stabbing","floor":27.0,"turns":5.0},{"damage":9.0,"enemies":"Centurion and Healer","floor":30.0,"turns":3.0},{"damage":4.0,"enemies":"Snake Plant","floor":31.0,"turns":3.0},{"damage":11.0,"enemies":"Collector","floor":33.0,"turns":10.0},{"damage":0.0,"enemies":"Orb Walker","floor":35.0,"turns":1.0},{"damage":13.0,"enemies":"3 Darklings","floor":36.0,"turns":6.0},{"damage":30.0,"enemies":"Transient","floor":37.0,"turns":5.0},{"damage":53.0,"enemies":"Giant Head","floor":41.0,"turns":7.0},{"damage":2.0,"enemies":"Reptomancer","floor":44.0,"turns":5.0},{"damage":13.0,"enemies":"4 Shapes","floor":45.0,"turns":4.0},{"damage":1.0,"enemies":"Nemesis","floor":46.0,"turns":7.0},{"damage":28,"enemies":"Awakened One","floor":50,"turns":8}],"seed_played":"3595925579409835833","potions_obtained":[{"floor":3.0,"key":"Strength Potion"},{"floor":6.0,"key":"SneckoOil"},{"floor":7.0,"key":"EntropicBrew"},{"floor":12.0,"key":"PowerPotion"},{"floor":13.0,"key":"SpeedPotion"},{"floor":16.0,"key":"Explosive Potion"},{"floor":18.0,"key":"Strength Potion"},{"floor":23.0,"key":"Swift Potion"},{"floor":25.0,"key":"Explosive Potion"},{"floor":27.0,"key":"FearPotion"},{"floor":30.0,"key":"Dexterity Potion"},{"floor":31.0,"key":"SmokeBomb"},{"floor":33.0,"key":"BlessingOfTheForge"},{"floor":36.0,"key":"ColorlessPotion"},{"floor":37.0,"key":"GamblersBrew"},{"floor":41.0,"key":"FocusPotion"},{"floor":44.0,"key":"EntropicBrew"},{"floor":46.0,"key":"Fire Potion"}],"is_trial":false,"path_per_floor":["M","M","M","?","M","E","M","R","T","R","$","M","E","?","R","B",null,"M","?","?","$","M","E","R","E","T","E","$","?","M","M","R","B",null,"M","M","M","?","?","R","E","R","T","E","M","E","$","?","R","B",null],"character_chosen":"DEFECT","items_purchased":["Membership Card","Defragment","DollysMirror","Lee\u0027s Waffle","Trip","Blood Vial","Mercury Hourglass","DuplicationPotion"],"campfire_rested":5,"item_purchase_floors":[21,21,28,47,47,47,47,47],"current_hp_per_floor":[50,50,38,38,38,33,33,33,33,33,33,32,17,17,41,17,66,38,38,38,38,38,20,44,27,27,22,22,22,13,9,33,22,67,67,54,24,24,72,72,19,40,40,38,25,24,79,69,79,69],"gold":267,"neow_bonus":"BOSS_RELIC","is_daily":false,"chose_seed":false,"campfire_upgraded":2,"win_rate":0.0,"timestamp":1613733356,"path_taken":["M","M","M","?","M","E","M","R","T","R","$","M","E","?","R","BOSS","M","?","?","$","M","E","R","E","T","E","$","?","?","M","R","BOSS","M","M","M","?","?","R","E","R","T","E","M","E","$","?","R","BOSS"],"items_purchased_type":["Relic","Card","Relic","Relic","Card","Relic","Relic","Potion"],"build_version":"2020-12-22","purchased_purges":1,"victory":true,"max_hp_per_floor":[75,75,75,75,75,75,75,75,75,75,75,75,82,82,82,82,82,82,82,82,82,82,82,82,82,82,82,82,82,82,82,82,82,82,82,82,82,82,72,72,72,72,72,72,72,72,79,79,79,79],"relic_stats":{"Regal Pillow":0,"Lee\u0027s Waffle":55,"counters":[25,138],"War Paint":["Fission","Coolheaded"],"Question Card":9,"Cables":[73,6,42,11,14],"Mercury Hourglass":[36],"Blood Vial":0,"Emotion Chip":[12,1,5,3,3],"Bird Faced Urn":[18],"Pandora\u0027s Box":["Consume","Seek","Darkness","Echo Form","Sunder","Undo","Fission","Rebound"],"obtain_stats":[{"Girya":14,"Regal Pillow":43,"Lee\u0027s Waffle":47,"SacredBark":34,"War Paint":23,"Question Card":27,"White Beast Statue":6,"Cables":9,"Old Coin":44,"Mercury Hourglass":47,"Blood Vial":47,"Emotion Chip":41,"DollysMirror":28,"Strawberry":13,"Bird Faced Urn":46,"Pandora\u0027s Box":0,"Fusion Hammer":17,"Bag of Marbles":26,"Membership Card":21,"Cracked Core":0,"Unceasing Top":25},{"Girya":8,"Regal Pillow":21,"Lee\u0027s Waffle":24,"SacredBark":17,"War Paint":12,"Question Card":14,"White Beast Statue":5,"Cables":6,"Old Coin":22,"Mercury Hourglass":24,"Blood Vial":24,"Emotion Chip":21,"DollysMirror":14,"Strawberry":8,"Bird Faced Urn":24,"Pandora\u0027s Box":0,"Fusion Hammer":9,"Bag of Marbles":13,"Membership Card":10,"Cracked Core":0,"Unceasing Top":13},{"Girya":41,"Regal Pillow":114,"Lee\u0027s Waffle":130,"SacredBark":95,"War Paint":69,"Question Card":79,"White Beast Statue":27,"Cables":31,"Old Coin":119,"Mercury Hourglass":130,"Blood Vial":130,"Emotion Chip":114,"DollysMirror":79,"Strawberry":41,"Bird Faced Urn":130,"Pandora\u0027s Box":0,"Fusion Hammer":51,"Bag of Marbles":74,"Membership Card":58,"Cracked Core":0,"Unceasing Top":74}],"Unceasing Top":[5]},"card_choices":[{"not_picked":["Turbo","Beam Cell","Redo"],"picked":"SKIP","floor":1.0},{"not_picked":["Go for the Eyes","Sweeping Beam"],"picked":"Coolheaded","floor":2.0},{"not_picked":["Recycle","Stack"],"picked":"Defragment","floor":3.0},{"not_picked":["Blizzard","Cold Snap"],"picked":"Conserve Battery","floor":5.0},{"not_picked":["Thunder Strike","Barrage","Ball Lightning"],"picked":"SKIP","floor":6.0},{"not_picked":["Conserve Battery","Compile Driver"],"picked":"Coolheaded","floor":7.0},{"not_picked":["Compile Driver","Stack","Loop"],"picked":"SKIP","floor":12.0},{"not_picked":["Ball Lightning","Turbo","Redo"],"picked":"SKIP","floor":13.0},{"not_picked":["Seek","Hyperbeam"],"picked":"Meteor Strike","floor":16.0},{"not_picked":["Gash","Redo"],"picked":"Turbo+1","floor":18.0},{"not_picked":["Beam Cell","Recycle","Gash"],"picked":"SKIP","floor":22.0},{"not_picked":["Scrape","Static Discharge"],"picked":"Multi-Cast","floor":23.0},{"not_picked":["Sweeping Beam","Sunder"],"picked":"Skim+1","floor":25.0},{"not_picked":["Ball Lightning","Steam Power","Melter"],"picked":"SKIP","floor":27.0},{"not_picked":["Consume","Gash","Go for the Eyes","Storm"],"picked":"SKIP","floor":30.0},{"not_picked":["Chill","Recycle","Echo Form","Streamline"],"picked":"SKIP","floor":31.0},{"not_picked":["Go for the Eyes","Tempest","Stack"],"picked":"Double Energy+1","floor":36.0},{"not_picked":["Sweeping Beam","Hologram+1","Force Field+1","Gash"],"picked":"SKIP","floor":37.0},{"not_picked":["Steam","Compile Driver","Stack"],"picked":"Chaos+1","floor":41.0},{"not_picked":["Static Discharge","Hello World","Hologram","Aggregate"],"picked":"SKIP","floor":44.0},{"not_picked":["Gash","Beam Cell","Recycle"],"picked":"Coolheaded+1","floor":45.0},{"not_picked":["Biased Cognition","Consume","Chaos"],"picked":"Loop","floor":46.0}],"player_experience":353966,"relics_obtained":[{"floor":6.0,"key":"White Beast Statue"},{"floor":9.0,"key":"Cables"},{"floor":13.0,"key":"Strawberry"},{"floor":23.0,"key":"War Paint"},{"floor":25.0,"key":"Unceasing Top"},{"floor":26.0,"key":"Bag of Marbles"},{"floor":27.0,"key":"Question Card"},{"floor":41.0,"key":"Emotion Chip"},{"floor":43.0,"key":"Regal Pillow"},{"floor":44.0,"key":"Old Coin"},{"floor":46.0,"key":"Bird Faced Urn"}],"event_choices":[{"damage_healed":0.0,"max_hp_gain":0.0,"max_hp_loss":0.0,"gold_gain":0.0,"event_name":"Liars Game","player_choice":"Ignored","floor":4.0,"gold_loss":0.0,"damage_taken":0.0},{"damage_healed":0.0,"max_hp_gain":0.0,"max_hp_loss":0.0,"gold_gain":0.0,"event_name":"Dead Adventurer","player_choice":"Searched \u00271\u0027 times","floor":14.0,"gold_loss":0.0,"damage_taken":0.0,"relics_obtained":["Girya"]},{"cards_removed":["Consume"],"damage_healed":0.0,"max_hp_gain":0.0,"max_hp_loss":0.0,"gold_gain":0.0,"event_name":"Beggar","player_choice":"Gave Gold","floor":19.0,"gold_loss":75.0,"damage_taken":0.0},{"cards_removed":["Zap"],"damage_healed":0.0,"max_hp_gain":0.0,"max_hp_loss":0.0,"gold_gain":0.0,"event_name":"Back to Basics","player_choice":"Elegance","floor":20.0,"gold_loss":0.0,"damage_taken":0.0},{"damage_healed":0.0,"max_hp_gain":0.0,"max_hp_loss":0.0,"gold_gain":0.0,"event_name":"Vampires","player_choice":"Ignored","floor":29.0,"gold_loss":0.0,"damage_taken":0.0},{"damage_healed":0.0,"max_hp_gain":0.0,"max_hp_loss":0.0,"gold_gain":0.0,"event_name":"Tomb of Lord Red Mask","player_choice":"Ignored","floor":38.0,"gold_loss":0.0,"damage_taken":0.0},{"damage_healed":72.0,"max_hp_gain":0.0,"max_hp_loss":10.0,"gold_gain":0.0,"event_name":"The Moai Head","player_choice":"Heal","floor":39.0,"gold_loss":0.0,"damage_taken":0.0},{"damage_healed":0.0,"max_hp_gain":0.0,"max_hp_loss":0.0,"gold_gain":0.0,"event_name":"Winding Halls","player_choice":"Embrace Madness","floor":48.0,"gold_loss":0.0,"damage_taken":10.0,"cards_obtained":["Madness","Madness"]}],"is_beta":false,"boss_relics":[{"not_picked":["Runic Dome","Tiny House"],"picked":"Fusion Hammer"},{"not_picked":["Sozu","Calling Bell"],"picked":"SacredBark"}],"items_purged_floors":[47],"is_endless":false,"potions_floor_spawned":[3,6,7,12,13,16,18,22,23,25,27,30,31,33,35,36,37,41,44,45,46],"ascension_level":13}}