{"host":"z609fbm6pkeriks8","time":1613710227,"event":{"mods":["AchievementEnabler","BaseMod","Colored Map","Colored Powertips","Highlight Path","Minty Spire (QoL Compilation)","StSLib"],"gold_per_floor":[110,125,52,227,243,278,278,278,278,291,291,303,303,323,323,421,421,436,455,70,70,70,96,96,130,130,130,130],"floor_reached":27,"language":"ZHS","playtime":677,"items_purged":["Doubt"],"score":364,"play_id":"4054bd01-0c11-418b-a6f1-ea825dedf7f2","local_time":"20210219125027","is_ascension_mode":true,"campfire_choices":[{"floor":8,"key":"REST"},{"data":"Uppercut","floor":11,"key":"SMITH"},{"floor":15,"key":"REST"},{"data":"Shockwave","floor":24,"key":"SMITH"}],"circlet_count":0,"master_deck":["Strike_R","Strike_R","Strike_R","Strike_R+1","Strike_R","Defend_R","Defend_R","Defend_R","Defend_R+1","Bash","Pommel Strike","Heavy Blade","Disarm","Uppercut+1","Power Through","Dropkick+1","Power Through","Shockwave+1","Berserk+1","Perfected Strike+1","Second Wind","Ghostly Armor","Pummel+1"],"relics":["Sozu","Frozen Egg 2","Pantograph","Shuriken","Runic Dome","Whetstone","Lee\u0027s Waffle","Bottled Tornado","Meat on the Bone","HornCleat","Blue Candle"],"acts_visited":["Exordium","TheCity"],"potions_floor_usage":[],"damage_taken":[{"damage":6,"enemies":"Cultist","floor":1,"turns":3},{"damage":12,"enemies":"Jaw Worm","floor":2,"turns":3},{"damage":5,"enemies":"2 Louse","floor":5,"turns":3},{"damage":30,"enemies":"3 Sentries","floor":6,"turns":7},{"damage":4,"enemies":"Blue Slaver","floor":10,"turns":3},{"damage":14,"enemies":"Lots of Slimes","floor":12,"turns":5},{"damage":0,"enemies":"3 Louse","floor":14,"turns":3},{"damage":6,"enemies":"Hexaghost","floor":16,"turns":10},{"damage":2,"enemies":"Shell Parasite","floor":18,"turns":5},{"damage":6,"enemies":"Spheric Guardian","floor":19,"turns":4},{"damage":35,"enemies":"Slavers","floor":23,"turns":6},{"damage":6,"enemies":"Book of Stabbing","floor":25,"turns":5},{"damage":50,"enemies":"Slavers","floor":27,"turns":5}],"seed_played":"8112495249085431928","potions_obtained":[],"is_trial":false,"path_per_floor":["M","M","$","?","M","E","?","R","T","M","R","M","?","M","R","B",null,"M","M","$","T","?","E","R","E","T","E"],"character_chosen":"IRONCLAD","items_purchased":["Disarm","Whetstone","Lee\u0027s Waffle"],"campfire_rested":2,"item_purchase_floors":[3,20,20],"current_hp_per_floor":[66,54,54,54,49,19,16,40,40,36,36,22,6,6,30,49,72,70,64,87,87,79,44,44,50,50,0,0],"gold":130,"neow_bonus":"BOSS_RELIC","is_daily":false,"chose_seed":false,"campfire_upgraded":2,"win_rate":0.0,"timestamp":1613710227,"path_taken":["M","M","$","?","M","E","?","R","T","M","R","M","?","?","R","BOSS","M","M","$","?","?","E","R","E","T","E"],"items_purchased_type":["Card","Relic","Relic"],"build_version":"2020-12-22","purchased_purges":1,"victory":false,"max_hp_per_floor":[80,80,80,80,80,80,80,80,80,80,80,80,80,80,80,80,80,80,80,87,87,87,87,87,87,87,87,87],"card_choices":[{"not_picked":["Sword Boomerang","Infernal Blade"],"picked":"Pommel Strike","floor":1},{"not_picked":["Anger","Ghostly Armor"],"picked":"Heavy Blade","floor":2},{"not_picked":["Power Through","True Grit"],"picked":"Uppercut","floor":5},{"not_picked":["Combust+1","Body Slam"],"picked":"Power Through","floor":6},{"not_picked":["Fire Breathing+1","Iron Wave"],"picked":"Dropkick","floor":10},{"not_picked":["Perfected Strike","Ghostly Armor"],"picked":"Power Through","floor":12},{"not_picked":["Dual Wield","Shrug It Off"],"picked":"Shockwave","floor":14},{"not_picked":["Fiend Fire","Exhume"],"picked":"Berserk+1","floor":16},{"not_picked":["Cleave","Clothesline"],"picked":"Perfected Strike","floor":18},{"not_picked":["Metallicize+1","Uppercut"],"picked":"Second Wind","floor":19},{"not_picked":["Cleave","Flex"],"picked":"Ghostly Armor","floor":23},{"not_picked":["Rupture+1","Warcry+1"],"picked":"Pummel+1","floor":25}],"player_experience":128810,"relics_obtained":[{"floor":6,"key":"Frozen Egg 2"},{"floor":9,"key":"Shuriken"},{"floor":21,"key":"Bottled Tornado"},{"floor":23,"key":"Meat on the Bone"},{"floor":25,"key":"HornCleat"},{"floor":26,"key":"Blue Candle"}],"event_choices":[{"damage_healed":0,"gold_gain":175,"player_choice":"AGREE","damage_taken":0,"max_hp_gain":0,"max_hp_loss":0,"event_name":"Liars Game","floor":4,"gold_loss":0,"cards_obtained":["Doubt"]},{"damage_healed":0,"gold_gain":0,"player_choice":"Success","damage_taken":3,"relics_obtained":["Pantograph"],"max_hp_gain":0,"max_hp_loss":0,"event_name":"Scrap Ooze","floor":7,"gold_loss":0},{"damage_healed":0,"gold_gain":0,"player_choice":"Entered Light","damage_taken":16,"max_hp_gain":0,"max_hp_loss":0,"event_name":"Shining Light","floor":13,"gold_loss":0,"cards_upgraded":["Defend_R","Strike_R"]},{"damage_healed":0,"gold_gain":0,"player_choice":"Damaged","damage_taken":8,"max_hp_gain":0,"max_hp_loss":0,"event_name":"Wheel of Change","floor":22,"gold_loss":0}],"is_beta":false,"boss_relics":[{"not_picked":["Tiny House","Runic Pyramid"],"picked":"Runic Dome"}],"items_purged_floors":[20],"is_endless":false,"potions_floor_spawned":[5,10,16,19,25],"killed_by":"Slavers","ascension_level":9}}