{"host":"dm4yvegl9um2tlqd","time":1613774485,"event":{"mods":["2.2 Compatiblity","AchievementEnabler","BaseMod","Colored Map","DeckTracker","Highlight Path","KOR Keyword Fix","Keyboard Shortcuts","Minty Spire (QoL Compilation)","Permanent Neow","Quick Restart","Random Character Button","StSLib","SuperFastMode","everything is the same but u backflip on backflip"],"gold_per_floor":[115,131,7,7,22,53,67,67,94,94,114,114,145,155,155,256,256,268,251,28,40,310,310,310,310],"floor_reached":24,"language":"KOR","playtime":1128,"items_purged":["Shame","Defend_R"],"score":322,"play_id":"2fc49247-7e67-449e-a871-4d5abbdb1042","local_time":"20210220074125","is_ascension_mode":true,"campfire_choices":[{"floor":12.0,"key":"REST"},{"data":"Entrench","floor":15,"key":"SMITH"},{"data":"Pommel Strike","floor":23,"key":"SMITH"}],"circlet_count":0,"master_deck":["AscendersBane","Strike_R","Strike_R","Defend_R","Defend_R","Defend_R","Bash","Combust","Offering+1","Warcry","Body Slam","Rupture","Shrug It Off","Entrench+1","Power Through","Rupture","Seeing Red","Fiend Fire","Flash of Steel","Pommel Strike+1"],"relics":["Burning Blood","Oddly Smooth Stone","Happy Flower","Strawberry","Sozu"],"acts_visited":["Exordium","TheCity"],"potions_floor_usage":[],"damage_taken":[{"damage":17.0,"enemies":"Jaw Worm","floor":1.0,"turns":3.0},{"damage":18.0,"enemies":"Small Slimes","floor":2.0,"turns":4.0},{"damage":9.0,"enemies":"Cultist","floor":5.0,"turns":4.0},{"damage":37.0,"enemies":"3 Sentries","floor":6.0,"turns":7.0},{"damage":6.0,"enemies":"Looter","floor":7.0,"turns":3.0},{"damage":23.0,"enemies":"Large Slime","floor":11.0,"turns":8.0},{"damage":14.0,"enemies":"Lagavulin","floor":13.0,"turns":7.0},{"damage":18,"enemies":"3 Louse","floor":14,"turns":4},{"damage":25,"enemies":"Hexaghost","floor":16,"turns":11},{"damage":8,"enemies":"Chosen","floor":18,"turns":3},{"damage":26,"enemies":"2 Thieves","floor":19,"turns":4},{"damage":7,"enemies":"Snake Plant","floor":21,"turns":3},{"damage":18,"enemies":"Snecko","floor":24,"turns":3}],"seed_played":"-8680685853644498432","potions_obtained":[{"floor":5.0,"key":"DuplicationPotion"},{"floor":6.0,"key":"GamblersBrew"},{"floor":11.0,"key":"FearPotion"},{"floor":16,"key":"SpeedPotion"}],"is_trial":false,"path_per_floor":["M","M","$","?","M","E","M","?","T","?","M","R","E","M","R","B",null,"M","M","$","M","?","R","M"],"character_chosen":"IRONCLAD","items_purchased":["SkillPotion","Flash of Steel","Pommel Strike"],"campfire_rested":1,"item_purchase_floors":[3,20,20],"current_hp_per_floor":[61,49,49,42,39,8,8,8,8,34,17,41,40,28,28,9,68,66,46,46,45,18,18,0,0],"gold":310,"neow_bonus":"TRANSFORM_TWO_CARDS","is_daily":false,"chose_seed":false,"campfire_upgraded":2,"win_rate":0.0,"timestamp":1613774485,"path_taken":["M","M","$","?","M","E","M","?","T","?","M","R","E","M","R","BOSS","M","M","$","M","?","R","?"],"items_purchased_type":["Potion","Card","Card"],"build_version":"2020-12-22","purchased_purges":2,"victory":false,"max_hp_per_floor":[80,80,80,80,80,80,80,80,80,80,80,80,87,87,87,87,87,87,87,87,87,87,87,87,87],"card_choices":[{"not_picked":["Heavy Blade","True Grit"],"picked":"Warcry","floor":1.0},{"not_picked":["Iron Wave","Rage"],"picked":"Body Slam","floor":2.0},{"not_picked":["Sever Soul","Warcry"],"picked":"Rupture","floor":5.0},{"not_picked":["Double Tap","Havoc"],"picked":"Shrug It Off","floor":6.0},{"not_picked":["Anger","Rage"],"picked":"Entrench","floor":7.0},{"not_picked":["Sever Soul","Infernal Blade"],"picked":"Power Through","floor":11.0},{"not_picked":["Carnage","Sword Boomerang"],"picked":"Rupture","floor":13},{"not_picked":["Heavy Blade","Thunderclap"],"picked":"Seeing Red","floor":14},{"not_picked":["Juggernaut","Immolate"],"picked":"Fiend Fire","floor":16},{"not_picked":["Cleave","Seeing Red","True Grit"],"picked":"SKIP","floor":18},{"not_picked":["Fire Breathing+1","Flex","Sentinel"],"picked":"SKIP","floor":19},{"not_picked":["Whirlwind","Clash","Pommel Strike"],"picked":"SKIP","floor":21}],"player_experience":109041,"relics_obtained":[{"floor":6.0,"key":"Oddly Smooth Stone"},{"floor":9.0,"key":"Happy Flower"},{"floor":13,"key":"Strawberry"}],"event_choices":[{"cards_removed":["Strike_R"],"damage_healed":0.0,"max_hp_gain":0.0,"max_hp_loss":0.0,"gold_gain":0.0,"event_name":"Golden Wing","player_choice":"Card Removal","floor":4.0,"gold_loss":0.0,"damage_taken":7.0},{"damage_healed":0.0,"max_hp_gain":0.0,"max_hp_loss":0.0,"gold_gain":0.0,"event_name":"Living Wall","player_choice":"Grow","floor":8.0,"gold_loss":0.0,"damage_taken":0.0,"cards_upgraded":["Offering"]},{"damage_healed":26.0,"max_hp_gain":0.0,"max_hp_loss":0.0,"gold_gain":0.0,"event_name":"Big Fish","player_choice":"Banana","floor":10.0,"gold_loss":0.0,"damage_taken":0.0},{"damage_healed":0,"gold_gain":270,"player_choice":"GOLD GOLD GOLD ","damage_taken":27,"max_hp_gain":0,"max_hp_loss":0,"event_name":"Knowing Skull","floor":22,"potions_obtained":[],"gold_loss":0,"cards_obtained":[]}],"is_beta":false,"boss_relics":[{"not_picked":["Tiny House","Empty Cage"],"picked":"Sozu"}],"items_purged_floors":[3,20],"is_endless":false,"potions_floor_spawned":[5,6,11,16,19],"killed_by":"Snecko","ascension_level":11}}