{"host":"xp5rvh2jwe2ejyfm","time":1613739343,"event":{"mods":["2.2 Compatiblity","Aspiration","BaseMod","Better Altar","Better Match","Better Note","Better Sensory Stone","Better Skull","BetterRewards","Colored Powertips","Conspire","Downfall","GifTheSpireLib","Gremlin Mod","GungeonMod","Hermit","Hubris","Jorbs\u0027s Wanderer Trilogy","Minty Spire (QoL Compilation)","Potionbrewer","Quick Restart","Replay The Spire","Robot Space Explorer","Shade Mod","Somnambulant","StSLib","The Bug Knight","The Clintock","The Construct","The Cursed","The Disciple","The Forsaken","The Hierophant","The Marked","The Necromancer","The Runesmith","The Servant 0.9.4","The Valiant","The Witch","TheFirefly","thorton"],"gold_per_floor":[110,124,136,208,16,16,16,16],"floor_reached":7,"language":"ENG","playtime":221,"items_purged":[],"score":41,"play_id":"7fe7321a-cf33-48b4-8ced-a814b66df394","local_time":"20210219075543","is_ascension_mode":false,"campfire_choices":[{"data":"Neutralize","floor":6,"key":"SMITH"}],"circlet_count":0,"master_deck":["Strike_G","Strike_G","Strike_G","Strike_G","Strike_G","Defend_G","Defend_G","Defend_G","Defend_G","Defend_G","Survivor","Neutralize+1","Hidden Blade+1","Outmaneuver","Backstab+1","Blade Dance"],"relics":["Ring of the Snake","Bag of Preparation","Guide Book"],"acts_visited":["Exordium"],"potions_floor_usage":[],"damage_taken":[{"damage":1,"enemies":"2 Louse","floor":1,"turns":3},{"damage":0,"enemies":"Jaw Worm","floor":2,"turns":5},{"damage":7,"enemies":"Cultist","floor":3,"turns":5},{"damage":62,"enemies":"Gremlin Nob","floor":7,"turns":5}],"seed_played":"7053095100511639021","potions_obtained":[],"is_trial":false,"path_per_floor":["M","M","M","?","$","R","E"],"character_chosen":"THE_SILENT","items_purchased":["Blade Dance","Guide Book"],"campfire_rested":0,"item_purchase_floors":[5,5],"current_hp_per_floor":[69,69,62,62,62,62,0,0],"gold":16,"neow_bonus":"RANDOM_COMMON_RELIC","is_daily":false,"chose_seed":false,"campfire_upgraded":1,"win_rate":0.0,"timestamp":1613739343,"path_taken":["M","M","M","?","$","R","E"],"items_purchased_type":["Card","Relic"],"build_version":"2020-12-22","purchased_purges":0,"victory":false,"max_hp_per_floor":[70,70,70,70,70,70,70,70],"card_choices":[{"not_picked":["Dagger Spray","Underhanded Strike"],"picked":"Hidden Blade","floor":1},{"not_picked":["Dodge and Roll","Acrobatics"],"picked":"Outmaneuver","floor":2},{"not_picked":["hubris:Counter","Backflip"],"picked":"Backstab","floor":3}],"player_experience":534896,"relics_obtained":[],"event_choices":[{"damage_healed":0,"gold_gain":72,"player_choice":"Gained Gold","damage_taken":0,"max_hp_gain":0,"max_hp_loss":0,"event_name":"Golden Wing","floor":4,"gold_loss":0}],"is_beta":false,"boss_relics":[],"items_purged_floors":[],"is_endless":false,"potions_floor_spawned":[],"killed_by":"Gremlin Nob","ascension_level":0}}