{"host":"1te4apcktyw9778t","time":1613716205,"event":{"mods":["BaseMod","Colored Powertips","Minty Spire (QoL Compilation)","Relic Stats"],"gold_per_floor":[115,132,149,159,159,194,194,212,212,241,241,261,261,261],"floor_reached":13,"language":"ENG","playtime":859,"items_purged":[],"score":184,"play_id":"c0074a49-a51b-4e39-8622-64b937105210","local_time":"20210219013005","is_ascension_mode":true,"campfire_choices":[{"data":"Loop","floor":7,"key":"SMITH"},{"data":"Ball Lightning","floor":11,"key":"SMITH"}],"circlet_count":0,"master_deck":["AscendersBane","Strike_B","Strike_B","Strike_B","Strike_B","Defend_B","Defend_B","Defend_B","Defend_B","Zap","Dualcast","Sunder+1","Glacier","Genetic Algorithm","Loop+1","Ball Lightning+1","Compile Driver","Amplify"],"relics":["Velvet Choker","Lantern","Matryoshka","Boot"],"acts_visited":["Exordium"],"potions_floor_usage":[6,10,13],"damage_taken":[{"damage":4,"enemies":"Small Slimes","floor":1,"turns":4},{"damage":1,"enemies":"Cultist","floor":2,"turns":3},{"damage":2,"enemies":"Jaw Worm","floor":3,"turns":4},{"damage":6,"enemies":"Looter","floor":4,"turns":4},{"damage":25,"enemies":"3 Sentries","floor":6,"turns":9},{"damage":4,"enemies":"Red Slaver","floor":8,"turns":3},{"damage":1,"enemies":"Lagavulin","floor":10,"turns":6},{"damage":0,"enemies":"2 Fungi Beasts","floor":12,"turns":1},{"damage":28,"enemies":"Gremlin Nob","floor":13,"turns":3}],"seed_played":"6240648816629245321","potions_obtained":[{"floor":1,"key":"GamblersBrew"},{"floor":3,"key":"Energy Potion"},{"floor":6,"key":"Fire Potion"},{"floor":8,"key":"EssenceOfSteel"}],"is_trial":false,"path_per_floor":["M","M","M","M","?","E","R","M","T","E","R","M","E"],"character_chosen":"DEFECT","items_purchased":[],"campfire_rested":0,"item_purchase_floors":[],"current_hp_per_floor":[60,59,57,51,51,26,26,22,22,21,21,21,0,0],"gold":261,"neow_bonus":"BOSS_RELIC","is_daily":false,"chose_seed":false,"campfire_upgraded":2,"win_rate":0.0,"timestamp":1613716205,"path_taken":["M","M","M","M","?","E","R","?","T","E","R","M","E"],"items_purchased_type":[],"build_version":"2020-12-22","purchased_purges":0,"victory":false,"max_hp_per_floor":[71,71,71,71,71,71,71,71,71,71,71,71,71,71],"relic_stats":{"counters":[9,37],"Boot":[0],"obtain_stats":[{"Lantern":6,"Matryoshka":9,"Velvet Choker":0,"Cracked Core":0,"Boot":10},{"Lantern":5,"Matryoshka":6,"Velvet Choker":0,"Cracked Core":0,"Boot":7},{"Lantern":24,"Matryoshka":27,"Velvet Choker":0,"Cracked Core":0,"Boot":33}]},"card_choices":[{"not_picked":["Lockon","Fusion"],"picked":"Sunder","floor":1},{"not_picked":["Fusion","Turbo"],"picked":"Glacier","floor":2},{"not_picked":["Rebound","Undo","Beam Cell"],"picked":"SKIP","floor":3},{"not_picked":["Chill","Stack"],"picked":"Genetic Algorithm","floor":4},{"not_picked":["Steam","Rebound"],"picked":"Loop","floor":6},{"not_picked":["Beam Cell","Steam"],"picked":"Ball Lightning","floor":8},{"not_picked":["Rebound","Aggregate"],"picked":"Compile Driver","floor":10},{"not_picked":["Tempest","Beam Cell"],"picked":"Amplify","floor":12}],"player_experience":1136845,"relics_obtained":[{"floor":6,"key":"Lantern"},{"floor":9,"key":"Matryoshka"},{"floor":10,"key":"Boot"}],"event_choices":[{"damage_healed":0,"gold_gain":0,"player_choice":"Upgraded","damage_taken":0,"max_hp_gain":0,"max_hp_loss":0,"event_name":"Upgrade Shrine","floor":5,"gold_loss":0,"cards_upgraded":["Sunder"]}],"is_beta":false,"boss_relics":[],"items_purged_floors":[],"is_endless":false,"potions_floor_spawned":[1,3,6,8],"killed_by":"Gremlin Nob","ascension_level":18}}