{"host":"bxn2em57qlx5u4i0","time":1613777476,"event":{"mods":["BaseMod","Colored Map","Colored Powertips","Highlight Path","Minty Spire (QoL Compilation)","Random Character Button","Relic Sorter","Relic Stats","StSLib","SuperFastMode"],"gold_per_floor":[19,33,33,53,73,73,93,93,93],"floor_reached":8,"language":"ENG","playtime":208,"items_purged":[],"score":100,"play_id":"7b5537a4-a2b8-46a0-8255-06c40fb5954d","local_time":"20210219183116","is_ascension_mode":true,"campfire_choices":[{"data":"Predator","floor":6,"key":"SMITH"}],"circlet_count":0,"master_deck":["AscendersBane","Strike_G","Strike_G","Strike_G","Strike_G","Strike_G","Defend_G","Defend_G","Defend_G","Defend_G","Defend_G","Survivor","Neutralize","Dagger Throw","Sucker Punch","Predator+1","Backflip"],"relics":["Ring of the Snake","TungstenRod"],"acts_visited":["Exordium"],"potions_floor_usage":[5,8,8],"damage_taken":[{"damage":6,"enemies":"Cultist","floor":1,"turns":6},{"damage":1,"enemies":"Jaw Worm","floor":2,"turns":5},{"damage":0,"enemies":"2 Louse","floor":4,"turns":2},{"damage":16,"enemies":"Exordium Thugs","floor":5,"turns":8},{"damage":9,"enemies":"Red Slaver","floor":7,"turns":4},{"damage":39,"enemies":"Gremlin Nob","floor":8,"turns":4}],"seed_played":"7039305307088240261","potions_obtained":[{"floor":2,"key":"Weak Potion"},{"floor":5,"key":"Fruit Juice"},{"floor":7,"key":"Energy Potion"}],"is_trial":false,"path_per_floor":["M","M","$","M","M","R","M","E"],"character_chosen":"THE_SILENT","items_purchased":[],"campfire_rested":0,"item_purchase_floors":[],"current_hp_per_floor":[53,52,52,52,36,36,27,0,0],"gold":93,"neow_bonus":"ONE_RARE_RELIC","is_daily":false,"chose_seed":false,"campfire_upgraded":1,"win_rate":0.0,"timestamp":1613777476,"path_taken":["M","?","$","M","M","R","?","E"],"items_purchased_type":[],"build_version":"2020-12-22","purchased_purges":0,"victory":false,"max_hp_per_floor":[66,66,66,66,66,66,66,71,71],"relic_stats":{"counters":[6,29],"obtain_stats":[{"TungstenRod":0,"Ring of the Snake":0},{"TungstenRod":0,"Ring of the Snake":0},{"TungstenRod":0,"Ring of the Snake":0}],"TungstenRod":12,"Ring of the Snake":[12]},"card_choices":[{"not_picked":["Deflect","Sucker Punch"],"picked":"Dagger Throw","floor":1},{"not_picked":["Flechettes","Setup"],"picked":"Sucker Punch","floor":2},{"not_picked":["Choke","Setup","Prepared"],"picked":"SKIP","floor":4},{"not_picked":["Cloak And Dagger","Quick Slash"],"picked":"Predator","floor":5},{"not_picked":["Bane","Deflect"],"picked":"Backflip","floor":7}],"player_experience":3045815,"relics_obtained":[],"event_choices":[],"is_beta":false,"boss_relics":[],"items_purged_floors":[],"is_endless":false,"potions_floor_spawned":[2,5,7],"killed_by":"Gremlin Nob","ascension_level":20}}