{"host":"i0avyit1s6jb1siw","time":1613742030,"event":{"mods":["BaseMod","DeckTracker","Dota2Spire","Highlight Path","Minty Spire (QoL Compilation)","Quick Restart","StSLib","SuperFastMode"],"gold_per_floor":[119,133,283,119,119,119,153,176,176,176,176,176,176,215,215,255,255,344,344,365,390,59,73,73,73,108,132,156,156,174,174,207,118,138,138,233,233,233,233],"floor_reached":38,"language":"ENG","playtime":982,"items_purged":["Doubt","Strike_R"],"score":860,"play_id":"67364af6-5d55-4f07-9626-f1e7b0804d20","local_time":"20210219144030","is_ascension_mode":true,"campfire_choices":[{"data":"Bash","floor":6.0,"key":"SMITH"},{"data":"Armaments","floor":9.0,"key":"SMITH"},{"data":"Wild Strike","floor":12.0,"key":"SMITH"},{"data":"Uppercut","floor":15.0,"key":"SMITH"},{"data":"Blood for Blood","floor":17.0,"key":"SMITH"},{"data":"True Grit","floor":25.0,"key":"SMITH"},{"data":"Limit Break","floor":31.0,"key":"SMITH"},{"floor":35.0,"key":"REST"}],"circlet_count":0,"master_deck":["AscendersBane","Strike_R","Strike_R","Defend_R","Defend_R","Defend_R","Defend_R","Bash+1","Blood for Blood+1","Wild Strike+1","Feel No Pain","Second Wind","Armaments+1","Uppercut+1","Power Through","Offering","Reckless Charge","Dark Embrace","Shockwave","Feel No Pain","Jack Of All Trades","True Grit+1","Limit Break+1","Rupture","Evolve+1","Spot Weakness","Sword Boomerang","Reckless Charge","Power Through","Sentinel","Seeing Red","Second Wind","Barricade"],"relics":["Burning Blood","Dream Catcher","Golden Idol","Dota2Spire:Dagon","HornCleat","Mercury Hourglass","Eternal Feather","Bottled Lightning","Sozu","Ancient Tea Set","Pen Nib","Prayer Wheel","Dota2Spire:Bloodstone"],"acts_visited":["Exordium","TheCity","TheBeyond"],"potions_floor_usage":[],"damage_taken":[{"damage":3.0,"enemies":"2 Louse","floor":1.0,"turns":4.0},{"damage":9.0,"enemies":"Jaw Worm","floor":2.0,"turns":5.0},{"damage":29.0,"enemies":"3 Sentries","floor":7.0,"turns":10.0},{"damage":12.0,"enemies":"Small Slimes","floor":8.0,"turns":3.0},{"damage":25.0,"enemies":"Gremlin Nob","floor":14.0,"turns":4.0},{"damage":12.0,"enemies":"3 Sentries","floor":16.0,"turns":6.0},{"damage":19.0,"enemies":"Hexaghost","floor":18.0,"turns":11.0},{"damage":25.0,"enemies":"Spheric Guardian","floor":20.0,"turns":4.0},{"damage":13.0,"enemies":"3 Byrds","floor":21.0,"turns":5.0},{"damage":10.0,"enemies":"Snecko","floor":23.0,"turns":6.0},{"damage":27.0,"enemies":"Gremlin Leader","floor":26.0,"turns":7.0},{"damage":18.0,"enemies":"Snake Plant","floor":27.0,"turns":5.0},{"damage":7.0,"enemies":"Centurion and Healer","floor":28.0,"turns":6.0},{"damage":6.0,"enemies":"Snecko","floor":30.0,"turns":4.0},{"damage":27.0,"enemies":"Slavers","floor":32.0,"turns":4.0},{"damage":17.0,"enemies":"Snake Plant","floor":34.0,"turns":4.0},{"damage":32,"enemies":"Automaton","floor":36,"turns":9},{"damage":56,"enemies":"3 Darklings","floor":38,"turns":4}],"seed_played":"-4506384828413378997","potions_obtained":[{"floor":7.0,"key":"FairyPotion"},{"floor":14.0,"key":"BlessingOfTheForge"},{"floor":16.0,"key":"AttackPotion"},{"floor":18.0,"key":"Ancient Potion"}],"is_trial":false,"path_per_floor":["M","M","?","$","?","R","E","M","R","T","T","R","T","E","R","E","R","B",null,"M","M","$","M","?","R","E","M","M","T","M","R","E","$","M","R","B",null,"M"],"character_chosen":"IRONCLAD","items_purchased":["Feel No Pain","Shockwave","Feel No Pain","Jack Of All Trades","Sentinel"],"campfire_rested":1,"item_purchase_floors":[4,22,22,22,33],"current_hp_per_floor":[71,68,68,68,68,68,45,39,39,39,39,39,39,20,29,23,32,19,56,37,30,30,26,26,38,17,26,25,25,25,40,19,19,8,46,20,56,0,0],"gold":233,"neow_bonus":"RANDOM_COMMON_RELIC","is_daily":false,"chose_seed":false,"campfire_upgraded":7,"win_rate":0.0,"timestamp":1613742030,"path_taken":["M","M","?","$","?","R","E","M","R","T","T","R","?","E","R","E","R","BOSS","M","M","$","M","?","R","E","M","M","T","M","R","E","$","M","R","BOSS","M"],"items_purchased_type":["Card","Card","Card","Card","Card"],"build_version":"2020-12-22","purchased_purges":2,"victory":false,"max_hp_per_floor":[75,75,75,75,68,68,68,68,68,68,68,68,68,68,68,68,68,68,68,68,68,68,68,68,68,68,68,68,68,68,68,68,68,68,68,68,68,68,68],"card_choices":[{"not_picked":["Cleave","True Grit"],"picked":"Blood for Blood","floor":1.0},{"not_picked":["Anger","Combust"],"picked":"Wild Strike","floor":2.0},{"not_picked":["Flex","Dropkick"],"picked":"Second Wind","floor":7.0},{"not_picked":["Clash","Searing Blow"],"picked":"Armaments","floor":8.0},{"not_picked":["Pummel","Flex"],"picked":"Uppercut","floor":14.0},{"not_picked":["Double Tap","Perfected Strike"],"picked":"Power Through","floor":16.0},{"not_picked":["Reaper","Juggernaut"],"picked":"Offering","floor":18.0},{"not_picked":["Searing Blow+1","Infernal Blade"],"picked":"Reckless Charge","floor":20.0},{"not_picked":["Havoc","Pommel Strike"],"picked":"Dark Embrace","floor":21.0},{"not_picked":["Searing Blow","Pummel"],"picked":"True Grit","floor":23.0},{"not_picked":["Sword Boomerang","Bloodletting+1"],"picked":"Evolve+1","floor":26.0},{"not_picked":["Searing Blow","Anger"],"picked":"Spot Weakness","floor":27.0},{"not_picked":["True Grit","Bloodletting"],"picked":"Sword Boomerang","floor":28.0},{"not_picked":["Intimidate","Heavy Blade+1"],"picked":"Reckless Charge","floor":30.0},{"not_picked":["Whirlwind","Twin Strike"],"picked":"Power Through","floor":32.0},{"not_picked":["Anger","Double Tap"],"picked":"Seeing Red","floor":34.0},{"not_picked":["Iron Wave+1","Uppercut","Entrench"],"picked":"SKIP","floor":34.0},{"not_picked":["Twin Strike","Cleave"],"picked":"Second Wind","floor":35.0},{"not_picked":["Fiend Fire","Double Tap"],"picked":"Barricade","floor":36}],"player_experience":2463177,"relics_obtained":[{"floor":7.0,"key":"Dota2Spire:Dagon"},{"floor":11.0,"key":"HornCleat"},{"floor":13.0,"key":"Mercury Hourglass"},{"floor":14.0,"key":"Eternal Feather"},{"floor":16.0,"key":"Bottled Lightning"},{"floor":26.0,"key":"Ancient Tea Set"},{"floor":29.0,"key":"Pen Nib"},{"floor":32.0,"key":"Prayer Wheel"}],"event_choices":[{"damage_healed":0.0,"max_hp_gain":0.0,"max_hp_loss":0.0,"gold_gain":150.0,"event_name":"Liars Game","player_choice":"AGREE","floor":3.0,"gold_loss":0.0,"damage_taken":0.0,"cards_obtained":["Doubt"]},{"damage_healed":0.0,"max_hp_gain":0.0,"max_hp_loss":7.0,"gold_gain":0.0,"event_name":"Golden Idol","player_choice":"Lose Max HP","floor":5.0,"gold_loss":0.0,"damage_taken":0.0,"relics_obtained":["Golden Idol"]},{"damage_healed":0.0,"max_hp_gain":0.0,"max_hp_loss":0.0,"gold_gain":0.0,"cards_transformed":["Strike_R","Strike_R"],"event_name":"Drug Dealer","player_choice":"Became Test Subject","floor":24.0,"gold_loss":0.0,"damage_taken":0.0,"cards_obtained":["Limit Break","Rupture"]}],"is_beta":false,"boss_relics":[{"not_picked":["SlaversCollar","Cursed Key"],"picked":"Sozu"},{"not_picked":["Fusion Hammer","SacredBark"],"picked":"Dota2Spire:Bloodstone"}],"items_purged_floors":[4,22],"is_endless":false,"potions_floor_spawned":[7,14,16,18,23,27,32],"killed_by":"3 Darklings","ascension_level":20}}