{"host":"gfybn4j1d26rvz5e","time":1613696799,"event":{"mods":["BaseMod","Better Altar","Better Match","Better Note","Better Sensory Stone","Better Skull","Better Third Choice","BetterRewards","Highlight Path","Minty Spire (QoL Compilation)","Random Character Button","Relic Stats","StSLib"],"gold_per_floor":[113,388,61,81,93,93,108,139,164,164,177,177,188,214,214,319,319,337,337,370,48,48,48,73,73,73,73,88,107,127,158,158,262,262,275,291,310,116,116,116],"floor_reached":39,"language":"ENG","playtime":2231,"items_purged":["Strike_G","Regret","Strike_G"],"score":872,"play_id":"759e3b19-8a31-446b-b11b-36591698d480","local_time":"20210218190639","is_ascension_mode":true,"campfire_choices":[{"data":"Blade Dance","floor":6.0,"key":"SMITH"},{"data":"Accuracy","floor":10.0,"key":"SMITH"},{"data":"Cloak And Dagger","floor":12.0,"key":"SMITH"},{"floor":15.0,"key":"REST"},{"floor":23,"key":"DIG"},{"floor":25,"key":"DIG"},{"floor":27,"key":"REST"},{"floor":32,"key":"REST"}],"circlet_count":0,"master_deck":["AscendersBane","Strike_G","Strike_G","Strike_G+1","Defend_G","Defend_G","Defend_G","Defend_G","Defend_G","Survivor","Neutralize","Blade Dance+1","Accuracy+1","Sucker Punch+1","Dash","Corpse Explosion","Calculated Gamble","Cloak And Dagger+1","Dagger Spray","Envenom+1","Blade Dance","Caltrops+1","Phantasmal Killer","Accuracy"],"relics":["Ring of the Snake","Shovel","Whetstone","Boot","Bronze Scales","Fusion Hammer","Bird Faced Urn","Red Mask","Oddly Smooth Stone","CaptainsWheel","Turnip","Bottled Lightning","Darkstone Periapt","Regal Pillow","SlaversCollar","Strawberry"],"acts_visited":["Exordium","TheCity","TheBeyond"],"potions_floor_usage":[20,20,36,37,37,37,37,37],"damage_taken":[{"damage":2.0,"enemies":"Small Slimes","floor":1.0,"turns":4.0},{"damage":0.0,"enemies":"Cultist","floor":4.0,"turns":3.0},{"damage":0.0,"enemies":"Jaw Worm","floor":5.0,"turns":4.0},{"damage":7.0,"enemies":"Exordium Wildlife","floor":7.0,"turns":5.0},{"damage":5.0,"enemies":"3 Sentries","floor":8.0,"turns":2.0},{"damage":0.0,"enemies":"Large Slime","floor":11.0,"turns":5.0},{"damage":5.0,"enemies":"Gremlin Gang","floor":13.0,"turns":2.0},{"damage":16.0,"enemies":"Gremlin Nob","floor":14.0,"turns":4.0},{"damage":25.0,"enemies":"Slime Boss","floor":16.0,"turns":8.0},{"damage":0.0,"enemies":"Spheric Guardian","floor":18.0,"turns":3.0},{"damage":12,"enemies":"Masked Bandits","floor":20,"turns":4},{"damage":15,"enemies":"Book of Stabbing","floor":24,"turns":5},{"damage":0,"enemies":"Chosen","floor":28,"turns":3},{"damage":12,"enemies":"Snecko","floor":29,"turns":4},{"damage":16,"enemies":"Shelled Parasite and Fungi","floor":30,"turns":5},{"damage":16,"enemies":"Gremlin Leader","floor":31,"turns":5},{"damage":55,"enemies":"Collector","floor":33,"turns":8},{"damage":3,"enemies":"Orb Walker","floor":35,"turns":2},{"damage":0,"enemies":"3 Darklings","floor":36,"turns":2},{"damage":52,"enemies":"Transient","floor":37,"turns":5},{"damage":22,"enemies":"Spire Growth","floor":39,"turns":4}],"seed_played":"-5224222749635589844","potions_obtained":[{"floor":1.0,"key":"SneckoOil"},{"floor":4.0,"key":"DuplicationPotion"},{"floor":7.0,"key":"LiquidMemories"},{"floor":8.0,"key":"Dexterity Potion"},{"floor":11.0,"key":"EntropicBrew"},{"floor":18.0,"key":"DuplicationPotion"},{"floor":24,"key":"Energy Potion"},{"floor":30,"key":"EssenceOfSteel"},{"floor":36,"key":"Dexterity Potion"}],"is_trial":false,"path_per_floor":["M","?","$","M","M","R","M","E","T","R","M","R","M","E","R","B",null,"M","?","?","$","?","R","E","R","T","R","M","M","M","E","R","B",null,"M","M","M","$","M"],"character_chosen":"THE_SILENT","items_purchased":["Blade Dance","Accuracy","Sucker Punch","Dash","Corpse Explosion","Blade Dance","Oddly Smooth Stone","Accuracy","Strawberry"],"campfire_rested":3,"item_purchase_floors":[0,0,0,3,3,21,21,38,38],"current_hp_per_floor":[61,61,61,61,61,61,54,49,49,49,49,49,44,28,49,24,59,59,59,49,49,49,49,38,38,38,59,63,57,47,37,70,17,57,58,58,10,17,0,0],"gold":116,"neow_bonus":"","is_daily":false,"chose_seed":false,"campfire_upgraded":3,"win_rate":0.0,"timestamp":1613696799,"path_taken":["M","?","$","M","M","R","M","E","T","R","M","R","M","E","R","BOSS","M","?","?","?","?","R","E","R","T","R","M","M","M","E","R","BOSS","M","M","?","$","M"],"items_purchased_type":["Card","Card","Card","Card","Card","Card","Relic","Card","Relic"],"build_version":"2020-12-22","purchased_purges":3,"victory":false,"max_hp_per_floor":[70,70,70,70,70,70,70,70,70,70,70,70,70,70,70,70,70,70,70,70,70,70,70,70,70,70,70,70,70,70,70,70,70,70,70,70,70,77,77,77],"relic_stats":{"Darkstone Periapt":0,"Regal Pillow":12,"Shovel":2,"counters":[98,436],"Bronze Scales":[132],"Bird Faced Urn":[42],"Turnip":[3],"Whetstone":["Strike_G","Sucker Punch"],"Boot":[115],"obtain_stats":[{"Ice Cream":0,"HoveringKite":34,"Vajra":43,"Whetstone":11,"Boot":43,"Sozu":17,"Blood Vial":28,"Strawberry":26,"Prayer Wheel":47,"Fusion Hammer":17,"Kunai":0,"Toxic Egg 2":0,"Astrolabe":34,"Oddly Smooth Stone":21,"Tingsha":23,"Eternal Feather":30,"Pen Nib":9,"Letter Opener":25,"War Paint":41,"SlaversCollar":34,"Bottled Flame":25,"Shuriken":9,"Bronze Scales":14,"Bird Faced Urn":19,"Pandora\u0027s Box":34,"Molten Egg 2":26,"Darkstone Periapt":26,"Regal Pillow":46,"Enchiridion":29,"Snake Skull":26,"Bag of Preparation":9,"Tough Bandages":0,"Matryoshka":28,"Shovel":0,"Ninja Scroll":23,"Mummified Hand":19,"Red Mask":20,"InkBottle":7,"Ring of the Snake":0,"Potion Belt":9,"The Specimen":26,"Orichalcum":54,"MawBank":10,"Mercury Hourglass":46,"CaptainsWheel":45,"Anchor":37,"Busted Crown":17,"Turnip":24,"Art of War":43,"Bottled Lightning":25,"FossilizedHelix":42},{"Ice Cream":0,"HoveringKite":15,"Vajra":72,"Whetstone":28,"Boot":18,"Sozu":6,"Blood Vial":36,"Strawberry":63,"Prayer Wheel":19,"Fusion Hammer":31,"Kunai":50,"Toxic Egg 2":21,"Astrolabe":67,"Oddly Smooth Stone":88,"Tingsha":34,"Eternal Feather":38,"Pen Nib":55,"Letter Opener":12,"War Paint":45,"SlaversCollar":94,"Bottled Flame":35,"Shuriken":55,"Bronze Scales":85,"Bird Faced Urn":87,"Pandora\u0027s Box":40,"Molten Egg 2":63,"Darkstone Periapt":89,"Regal Pillow":18,"Enchiridion":13,"Snake Skull":35,"Bag of Preparation":26,"Tough Bandages":21,"Matryoshka":13,"Shovel":77,"Ninja Scroll":10,"Mummified Hand":61,"Red Mask":88,"InkBottle":2,"Ring of the Snake":0,"Potion Belt":3,"The Specimen":12,"Orichalcum":49,"MawBank":56,"Mercury Hourglass":18,"CaptainsWheel":46,"Anchor":68,"Busted Crown":60,"Turnip":89,"Art of War":18,"Bottled Lightning":89,"FossilizedHelix":72},{"Ice Cream":0,"HoveringKite":69,"Vajra":323,"Whetstone":126,"Boot":81,"Sozu":25,"Blood Vial":157,"Strawberry":279,"Prayer Wheel":85,"Fusion Hammer":137,"Kunai":221,"Toxic Egg 2":100,"Astrolabe":301,"Oddly Smooth Stone":393,"Tingsha":147,"Eternal Feather":165,"Pen Nib":244,"Letter Opener":52,"War Paint":198,"SlaversCollar":423,"Bottled Flame":152,"Shuriken":244,"Bronze Scales":378,"Bird Faced Urn":389,"Pandora\u0027s Box":179,"Molten Egg 2":279,"Darkstone Periapt":398,"Regal Pillow":81,"Enchiridion":56,"Snake Skull":152,"Bag of Preparation":122,"Tough Bandages":100,"Matryoshka":56,"Shovel":349,"Ninja Scroll":42,"Mummified Hand":270,"Red Mask":393,"InkBottle":11,"Ring of the Snake":0,"Potion Belt":13,"The Specimen":52,"Orichalcum":216,"MawBank":249,"Mercury Hourglass":81,"CaptainsWheel":201,"Anchor":308,"Busted Crown":266,"Turnip":398,"Art of War":81,"Bottled Lightning":398,"FossilizedHelix":323}],"Ring of the Snake":[188]},"card_choices":[{"not_picked":["Quick Slash","Slice","Concentrate"],"picked":"SKIP","floor":1.0},{"not_picked":["Caltrops","Poisoned Stab","Outmaneuver"],"picked":"SKIP","floor":4.0},{"not_picked":["Endless Agony","Dagger Throw"],"picked":"Calculated Gamble","floor":5.0},{"not_picked":["Expertise","Backflip"],"picked":"Cloak And Dagger","floor":7.0},{"not_picked":["Underhanded Strike","Deflect","Quick Slash"],"picked":"SKIP","floor":8.0},{"not_picked":["Backflip","PiercingWail"],"picked":"Dagger Spray","floor":11.0},{"not_picked":["Masterful Stab","Slice","Grand Finale"],"picked":"SKIP","floor":13.0},{"not_picked":["Bane","Cloak And Dagger","Dodge and Roll"],"picked":"SKIP","floor":14.0},{"not_picked":["Grand Finale","Venomology"],"picked":"Envenom","floor":16.0},{"not_picked":["Eviscerate","Dodge and Roll","Dash+1"],"picked":"SKIP","floor":18.0},{"not_picked":["Poisoned Stab+1","Slice"],"picked":"Caltrops+1","floor":24},{"not_picked":["Setup+1","Catalyst","Dash"],"picked":"SKIP","floor":28},{"not_picked":["Tactician","Masterful Stab","Quick Slash"],"picked":"SKIP","floor":29},{"not_picked":["Infinite Blades","Cloak And Dagger","Skewer"],"picked":"SKIP","floor":30},{"not_picked":["Dodge and Roll","Deflect","Poisoned Stab"],"picked":"SKIP","floor":31},{"not_picked":["Night Terror","Unload"],"picked":"Phantasmal Killer","floor":33},{"not_picked":["Bane+1","Poisoned Stab","Prepared"],"picked":"SKIP","floor":35},{"not_picked":["Escape Plan","Crippling Poison","Poisoned Stab"],"picked":"SKIP","floor":36},{"not_picked":["Masterful Stab+1","Riddle With Holes+1","Prepared"],"picked":"SKIP","floor":37}],"player_experience":664518,"relics_obtained":[{"floor":8.0,"key":"Whetstone"},{"floor":9.0,"key":"Boot"},{"floor":14.0,"key":"Bronze Scales"},{"floor":20,"key":"Red Mask"},{"floor":23,"key":"CaptainsWheel"},{"floor":24,"key":"Turnip"},{"floor":25,"key":"Bottled Lightning"},{"floor":26,"key":"Darkstone Periapt"},{"floor":31,"key":"Regal Pillow"}],"event_choices":[{"damage_healed":0.0,"max_hp_gain":0.0,"max_hp_loss":0.0,"gold_gain":275.0,"event_name":"Golden Shrine","player_choice":"Desecrate","floor":2.0,"gold_loss":0.0,"damage_taken":0.0,"cards_obtained":["Regret"]},{"damage_healed":0.0,"max_hp_gain":0.0,"max_hp_loss":0.0,"gold_gain":0.0,"event_name":"The Mausoleum","player_choice":"Opened","floor":19.0,"gold_loss":0.0,"damage_taken":0.0,"relics_obtained":["Bird Faced Urn"]},{"damage_healed":0,"gold_gain":0,"player_choice":"Fought Bandits","damage_taken":0,"max_hp_gain":0,"max_hp_loss":0,"event_name":"Masked Bandits","floor":20,"gold_loss":0},{"damage_healed":0,"gold_gain":0,"player_choice":"Upgraded","damage_taken":0,"max_hp_gain":0,"max_hp_loss":0,"event_name":"Upgrade Shrine","floor":22,"gold_loss":0,"cards_upgraded":["Envenom"]}],"is_beta":false,"boss_relics":[{"not_picked":["Black Star","WristBlade"],"picked":"Fusion Hammer"},{"not_picked":["Runic Dome","Pandora\u0027s Box"],"picked":"SlaversCollar"}],"items_purged_floors":[0,3,21],"is_endless":false,"potions_floor_spawned":[1,4,7,8,11,18,24,30,33,35,36],"killed_by":"Spire Growth","ascension_level":10}}