{"host":"f5n4tidiz2n5sooh","time":1613705852,"event":{"mods":["BaseMod","Colored Map","Minty Spire (QoL Compilation)","Relic Stats","StSLib"],"gold_per_floor":[367,378,378,49,124,124,138,138,184,200,32,32,43,43,43,116,116,135,135,6,16,49,49,64,64,64,64,84,110,130,165,165,239,239,259,481,494,494,223,223,15,15,15,15,27,58,70,81,81,81,81,81,81,81,116,116,116],"floor_reached":56,"language":"ENG","playtime":3148,"items_purged":["Strike_G","Strike_G+1","Strike_G+1"],"score":1910,"play_id":"263025d1-cda4-4d86-96e8-38d4aa89005f","local_time":"20210218213732","is_ascension_mode":true,"campfire_choices":[{"data":"All Out Attack","floor":6,"key":"SMITH"},{"data":"Neutralize","floor":8,"key":"SMITH"},{"data":"Survivor","floor":15,"key":"SMITH"},{"floor":23,"key":"REST"},{"floor":32,"key":"REST"},{"floor":40,"key":"RECALL"},{"floor":44,"key":"REST"},{"floor":49,"key":"REST"},{"floor":53,"key":"REST"}],"circlet_count":0,"master_deck":["AscendersBane","Strike_G+1","Strike_G+1","Defend_G+1","Defend_G+1","Defend_G+1","Defend_G+1","Defend_G+1","Survivor+1","Neutralize+1","Riddle With Holes","All Out Attack+1","Bouncing Flask+1","Escape Plan+1","Malaise+1","Leg Sweep+1","Acrobatics+1","Backflip+1","Catalyst+1","Deflect+1","Night Terror+1","Dodge and Roll+1","Night Terror+1","Blur+1","Malaise+1","Crippling Poison+1","PiercingWail+1","Backflip+1","Outmaneuver+1","Dark Shackles+1","Backflip+1","Concentrate+1","Calculated Gamble+1"],"relics":["Ring of the Snake","Toxic Egg 2","Bag of Preparation","PreservedInsect","MealTicket","Fusion Hammer","Oddly Smooth Stone","Red Mask","Bronze Scales","Eternal Feather","Runic Pyramid","Frozen Eye","Happy Flower","Question Card","Anchor"],"acts_visited":["Exordium","TheCity","TheBeyond","TheEnding"],"potions_floor_usage":[7,10,16,18,18,22,24,28,29,30,31,33,33,35,55,56],"damage_taken":[{"damage":0,"enemies":"Small Slimes","floor":1,"turns":5},{"damage":1,"enemies":"2 Louse","floor":2,"turns":3},{"damage":0,"enemies":"Jaw Worm","floor":7,"turns":3},{"damage":7,"enemies":"3 Louse","floor":10,"turns":2},{"damage":6,"enemies":"Gremlin Gang","floor":13,"turns":4},{"damage":11,"enemies":"The Guardian","floor":16,"turns":9},{"damage":9,"enemies":"2 Thieves","floor":18,"turns":4},{"damage":2,"enemies":"Chosen","floor":21,"turns":5},{"damage":12,"enemies":"Masked Bandits","floor":22,"turns":4},{"damage":3,"enemies":"Centurion and Healer","floor":24,"turns":6},{"damage":0,"enemies":"Chosen and Byrds","floor":28,"turns":6},{"damage":0,"enemies":"Gremlin Leader","floor":29,"turns":6},{"damage":3,"enemies":"3 Cultists","floor":30,"turns":5},{"damage":7,"enemies":"Slavers","floor":31,"turns":5},{"damage":13,"enemies":"Automaton","floor":33,"turns":9},{"damage":32,"enemies":"3 Darklings","floor":35,"turns":6},{"damage":0,"enemies":"Orb Walker","floor":37,"turns":3},{"damage":0,"enemies":"Maw","floor":45,"turns":3},{"damage":11,"enemies":"Nemesis","floor":46,"turns":7},{"damage":0,"enemies":"3 Darklings","floor":47,"turns":4},{"damage":0,"enemies":"Sphere and 2 Shapes","floor":48,"turns":4},{"damage":19,"enemies":"Time Eater","floor":50,"turns":7},{"damage":7,"enemies":"Awakened One","floor":51,"turns":24},{"damage":43,"enemies":"Shield and Spear","floor":55,"turns":15},{"damage":17,"enemies":"The Heart","floor":56,"turns":5}],"seed_played":"3344181273364083210","potions_obtained":[{"floor":1,"key":"Block Potion"},{"floor":2,"key":"AttackPotion"},{"floor":13,"key":"LiquidBronze"},{"floor":29,"key":"Explosive Potion"},{"floor":33,"key":"Dexterity Potion"},{"floor":45,"key":"GhostInAJar"}],"is_trial":false,"path_per_floor":["M","M","?","$","?","R","M","R","T","M","$","?","M","$","R","B",null,"M","T","$","M","?","R","M","?","T","?","M","E","M","E","R","B",null,"M","?","M","?","$","R","$","?","T","R","M","E","M","M","R","B","B",null,"R","$","E","B"],"character_chosen":"THE_SILENT","items_purchased":["Toxic Egg 2","Cloak And Dagger+1","PreservedInsect","Acrobatics+1","Frozen Eye","Backflip+1","Outmaneuver+1"],"campfire_rested":5,"item_purchase_floors":[4,4,11,20,39,41,41],"current_hp_per_floor":[59,58,40,40,29,29,29,29,29,22,22,22,16,31,31,20,50,41,41,56,54,42,60,57,57,57,57,57,57,54,47,60,47,57,25,25,25,25,40,55,60,60,60,60,60,49,49,49,60,41,34,54,60,60,17,0,0],"gold":116,"neow_bonus":"TWO_FIFTY_GOLD","is_daily":false,"chose_seed":false,"campfire_upgraded":3,"win_rate":0.0,"timestamp":1613705852,"path_taken":["M","M","?","$","?","R","M","R","T","M","?","?","?","?","R","BOSS","M","?","?","M","?","R","M","?","T","?","?","E","M","E","R","BOSS","M","?","M","?","$","R","$","?","T","R","M","E","?","M","R","BOSS","BOSS","R","$","E","BOSS"],"items_purchased_type":["Relic","Card","Relic","Card","Relic","Card","Card"],"build_version":"2020-12-22","purchased_purges":3,"victory":false,"max_hp_per_floor":[60,60,60,60,60,60,60,60,60,60,60,60,60,60,60,60,60,60,60,60,60,60,60,60,60,60,60,60,60,60,60,60,60,60,60,60,60,60,60,60,60,60,60,60,60,60,60,60,60,60,60,60,60,60,60,60,60],"relic_stats":{"Happy Flower":[23],"counters":[25,154],"Bronze Scales":[464],"MealTicket":50,"Eternal Feather":45,"PreservedInsect":230,"Bag of Preparation":[44],"Question Card":3,"obtain_stats":[{"Happy Flower":43,"Oddly Smooth Stone":19,"Eternal Feather":31,"PreservedInsect":11,"Bag of Preparation":9,"Question Card":46,"Frozen Eye":39,"Anchor":55,"Bronze Scales":29,"MealTicket":12,"Fusion Hammer":17,"Red Mask":22,"Toxic Egg 2":4,"Ring of the Snake":0,"Runic Pyramid":34},{"Happy Flower":17,"Oddly Smooth Stone":7,"Eternal Feather":14,"PreservedInsect":4,"Bag of Preparation":3,"Question Card":19,"Frozen Eye":17,"Anchor":24,"Bronze Scales":12,"MealTicket":4,"Fusion Hammer":6,"Red Mask":9,"Toxic Egg 2":2,"Ring of the Snake":0,"Runic Pyramid":15},{"Happy Flower":85,"Oddly Smooth Stone":30,"Eternal Feather":67,"PreservedInsect":13,"Bag of Preparation":11,"Question Card":95,"Frozen Eye":85,"Anchor":149,"Bronze Scales":57,"MealTicket":13,"Fusion Hammer":26,"Red Mask":39,"Toxic Egg 2":8,"Ring of the Snake":0,"Runic Pyramid":76}],"Ring of the Snake":[50]},"card_choices":[{"not_picked":["Leg Sweep","Acrobatics"],"picked":"Riddle With Holes","floor":1},{"not_picked":["Heel Hook","Dodge and Roll"],"picked":"All Out Attack","floor":2},{"not_picked":["Flying Knee","Endless Agony"],"picked":"Bouncing Flask+1","floor":7},{"not_picked":["Bane","Dodge and Roll+1"],"picked":"Venomology+1","floor":10},{"not_picked":["Outmaneuver+1","Caltrops"],"picked":"Escape Plan+1","floor":13},{"not_picked":["Adrenaline+1","Venomology+1"],"picked":"Malaise+1","floor":16},{"not_picked":["Flechettes","Distraction+1"],"picked":"Leg Sweep+1","floor":18},{"not_picked":["Bane+1","Sucker Punch"],"picked":"Backflip+1","floor":21},{"not_picked":["Backflip+1","PiercingWail+1"],"picked":"Catalyst+1","floor":22},{"not_picked":["Dagger Spray","Expertise+1"],"picked":"Deflect+1","floor":24},{"not_picked":["Terror+1","Deadly Poison+1"],"picked":"Dodge and Roll+1","floor":28},{"not_picked":["Slice","PiercingWail+1"],"picked":"Night Terror+1","floor":29},{"not_picked":["Underhanded Strike","Distraction+1","Flying Knee"],"picked":"SKIP","floor":30},{"not_picked":["Distraction+1","Eviscerate"],"picked":"Blur+1","floor":31},{"not_picked":["Envenom","Venomology+1"],"picked":"Malaise+1","floor":33},{"not_picked":["Blade Dance+1","Deflect+1"],"picked":"Crippling Poison+1","floor":35},{"not_picked":["Cloak And Dagger+1","Concentrate+1"],"picked":"PiercingWail+1","floor":37},{"not_picked":["Dramatic Entrance","HandOfGreed"],"picked":"Dark Shackles+1","floor":42},{"not_picked":["Sucker Punch","Reflex+1","Poisoned Stab"],"picked":"SKIP","floor":45},{"not_picked":["Dagger Throw","Underhanded Strike"],"picked":"Backflip+1","floor":46},{"not_picked":["Quick Slash","Deflect+1","Underhanded Strike"],"picked":"Concentrate+1","floor":47},{"not_picked":["Eviscerate","Acrobatics+1","Dagger Throw+1","Outmaneuver+1"],"picked":"SKIP","floor":48},{"not_picked":["Accuracy+1","Bane","PiercingWail+1"],"picked":"Calculated Gamble+1","floor":55}],"player_experience":2057124,"relics_obtained":[{"floor":9,"key":"Bag of Preparation"},{"floor":19,"key":"Oddly Smooth Stone"},{"floor":22,"key":"Red Mask"},{"floor":29,"key":"Bronze Scales"},{"floor":31,"key":"Eternal Feather"},{"floor":43,"key":"Happy Flower"},{"floor":46,"key":"Question Card"},{"floor":55,"key":"Anchor"}],"event_choices":[{"damage_healed":0,"gold_gain":0,"player_choice":"Entered Light","damage_taken":18,"max_hp_gain":0,"max_hp_loss":0,"event_name":"Shining Light","floor":3,"gold_loss":0,"cards_upgraded":["Strike_G","Defend_G"]},{"damage_healed":0,"gold_gain":75,"player_choice":"Gather Gold","damage_taken":11,"max_hp_gain":0,"max_hp_loss":0,"event_name":"World of Goop","floor":5,"gold_loss":0},{"cards_removed":["Cloak And Dagger"],"damage_healed":0,"gold_gain":0,"player_choice":"Gave Card","damage_taken":0,"relics_obtained":["MealTicket"],"max_hp_gain":0,"max_hp_loss":0,"event_name":"WeMeetAgain","floor":12,"gold_loss":0},{"damage_healed":0,"gold_gain":0,"player_choice":"Fought Bandits","damage_taken":0,"max_hp_gain":0,"max_hp_loss":0,"event_name":"Masked Bandits","floor":22,"gold_loss":0},{"damage_healed":0,"gold_gain":0,"player_choice":"Read","damage_taken":0,"max_hp_gain":0,"max_hp_loss":0,"event_name":"The Library","floor":25,"gold_loss":0,"cards_obtained":["Night Terror"]},{"damage_healed":0,"gold_gain":0,"player_choice":"Simplicity","damage_taken":0,"max_hp_gain":0,"max_hp_loss":0,"event_name":"Back to Basics","floor":27,"gold_loss":0,"cards_upgraded":["Strike_G","Strike_G","Strike_G","Defend_G","Defend_G","Defend_G","Defend_G"]},{"damage_healed":0,"gold_gain":222,"player_choice":"Wore Mask","damage_taken":0,"max_hp_gain":0,"max_hp_loss":0,"event_name":"Tomb of Lord Red Mask","floor":36,"gold_loss":0},{"cards_removed":["Venomology"],"damage_healed":0,"gold_gain":0,"player_choice":"Removed Skill","damage_taken":0,"max_hp_gain":0,"max_hp_loss":0,"event_name":"Falling","floor":38,"gold_loss":0},{"damage_healed":0,"gold_gain":0,"player_choice":"Memory 1","damage_taken":0,"max_hp_gain":0,"max_hp_loss":0,"event_name":"SensoryStone","floor":42,"gold_loss":0}],"is_beta":false,"boss_relics":[{"not_picked":["Black Star","Pandora\u0027s Box"],"picked":"Fusion Hammer"},{"not_picked":["Busted Crown","Sozu"],"picked":"Runic Pyramid"}],"items_purged_floors":[20,39,41],"is_endless":false,"potions_floor_spawned":[1,2,13,16,24,29,31,33,37,45,46],"killed_by":"The Heart","ascension_level":20}}