{"host":"vtau6v10kn9bsk8e","time":1613735396,"event":{"mods":["Always Whale","BaseMod","Minty Spire (QoL Compilation)","StSLib","SuperFastMode","¡¾ÒÅÎï¿¨ÅÆ¡¿REMEMod"],"gold_per_floor":[111,129,143,161,176,176,210,210,210,210,86,96,110,10,10,108,108,120,45,10,10,30,30,59,59,59,78,91,56,66,66,66,166,166,181,56,156,169,169,169],"floor_reached":39,"language":"ZHS","playtime":7888,"items_purged":["Strike_G","Strike_G","Defend_G"],"score":403,"play_id":"e29ca0ca-d711-4d67-aac7-d2fb17ed2e51","local_time":"20210219194956","is_ascension_mode":false,"campfire_choices":[{"floor":6,"key":"REST"},{"data":"Blade Dance","floor":8,"key":"SMITH"},{"data":"Infinite Blades","floor":15,"key":"SMITH"},{"floor":23,"key":"REST"},{"floor":25,"key":"REST"},{"floor":32,"key":"REST"}],"circlet_count":0,"master_deck":["Strike_G","Strike_G","Strike_G","Defend_G","Defend_G","Survivor","Neutralize","Machine Learning","Blade Dance+1","Infinite Blades+1","Cloak And Dagger","PiercingWail","Dagger Throw","Infinite Blades","Blade Dance","Outmaneuver","Phantasmal Killer","Accuracy","Dodge and Roll+1","After Image","PiercingWail","Blur","Cloak And Dagger","A Thousand Cuts","Blur+1","Prepared"],"relics":["Ring of the Snake","REME_ComplimentaryCards","NeowsBlessing","Omamori","InkBottle","REME_ChargedStone","Bottled Flame","Mercury Hourglass","Paper Crane","SlaversCollar"],"acts_visited":["Exordium","TheCity","TheBeyond"],"potions_floor_usage":[16,16,30,33,33,35],"damage_taken":[{"damage":0,"enemies":"2 Louse","floor":1,"turns":1},{"damage":0,"enemies":"Cultist","floor":2,"turns":1},{"damage":0,"enemies":"Jaw Worm","floor":3,"turns":1},{"damage":6,"enemies":"Large Slime","floor":4,"turns":9},{"damage":20,"enemies":"Exordium Thugs","floor":5,"turns":5},{"damage":12,"enemies":"Lagavulin","floor":7,"turns":8},{"damage":2,"enemies":"Blue Slaver","floor":12,"turns":4},{"damage":5,"enemies":"Looter","floor":13,"turns":3},{"damage":45,"enemies":"The Guardian","floor":16,"turns":13},{"damage":23,"enemies":"Spheric Guardian","floor":18,"turns":4},{"damage":21,"enemies":"2 Thieves","floor":22,"turns":3},{"damage":35,"enemies":"Slavers","floor":24,"turns":7},{"damage":6,"enemies":"Centurion and Healer","floor":27,"turns":5},{"damage":0,"enemies":"Snecko","floor":28,"turns":4},{"damage":0,"enemies":"Chosen and Byrds","floor":30,"turns":4},{"damage":24,"enemies":"Champ","floor":33,"turns":8},{"damage":31,"enemies":"3 Darklings","floor":35,"turns":5},{"damage":1,"enemies":"3 Shapes","floor":38,"turns":4},{"damage":38,"enemies":"Transient","floor":39,"turns":5}],"seed_played":"-4988501631411038253","potions_obtained":[{"floor":1,"key":"LiquidMemories"},{"floor":3,"key":"FearPotion"},{"floor":12,"key":"DuplicationPotion"},{"floor":24,"key":"Explosive Potion"},{"floor":28,"key":"Block Potion"},{"floor":30,"key":"GamblersBrew"},{"floor":33,"key":"Block Potion"}],"is_trial":false,"path_per_floor":["M","M","M","M","M","R","E","R","T","?","$","M","M","$","R","B",null,"M","?","$","?","M","R","E","R","T","M","M","$","M","?","R","B",null,"M","$","?","M","M"],"character_chosen":"THE_SILENT","items_purchased":["Blade Dance","Accuracy","Blur"],"campfire_rested":4,"item_purchase_floors":[11,20,29],"current_hp_per_floor":[70,70,70,64,44,65,53,53,53,53,53,51,46,46,46,1,70,47,47,47,47,26,47,12,33,33,27,27,27,27,27,48,24,70,39,39,39,38,0,0],"gold":169,"neow_bonus":"THREE_ENEMY_KILL","is_daily":false,"chose_seed":false,"campfire_upgraded":2,"win_rate":0.0,"timestamp":1613735396,"path_taken":["M","M","M","M","M","R","E","R","T","?","$","M","M","?","R","BOSS","M","?","$","?","?","R","E","R","T","M","M","$","M","?","R","BOSS","M","$","?","?","M"],"items_purchased_type":["Card","Card","Card"],"build_version":"2020-12-22","purchased_purges":3,"victory":false,"max_hp_per_floor":[70,70,70,70,70,70,70,70,70,70,70,70,70,70,70,70,70,70,70,70,70,70,70,70,70,70,70,70,70,70,70,70,70,70,70,70,70,70,70,70],"card_choices":[{"not_picked":["Backflip","Sucker Punch"],"picked":"Blade Dance","floor":1},{"not_picked":["Underhanded Strike","Dagger Throw"],"picked":"Infinite Blades","floor":2},{"not_picked":["Underhanded Strike","Prepared"],"picked":"Cloak And Dagger","floor":3},{"not_picked":["Crippling Poison","Flechettes"],"picked":"PiercingWail","floor":4},{"not_picked":["Deflect","Setup"],"picked":"Dagger Throw","floor":5},{"not_picked":["Endless Agony","Outmaneuver"],"picked":"Infinite Blades","floor":7},{"not_picked":["All Out Attack","Poisoned Stab","Eviscerate"],"picked":"SKIP","floor":12},{"not_picked":["Well Laid Plans","Backflip"],"picked":"Outmaneuver","floor":13},{"not_picked":["Corpse Explosion","Unload"],"picked":"Phantasmal Killer","floor":16},{"not_picked":["Quick Slash+1","Outmaneuver","Riddle With Holes"],"picked":"SKIP","floor":18},{"not_picked":["Crippling Poison","Heel Hook"],"picked":"Dodge and Roll+1","floor":22},{"not_picked":["REME_CopyPotion","Infinite Blades"],"picked":"After Image","floor":24},{"not_picked":["Expertise","Backflip+1","Slice"],"picked":"SKIP","floor":27},{"not_picked":["Concentrate","Flechettes"],"picked":"PiercingWail","floor":28},{"not_picked":["Deflect","Dagger Throw"],"picked":"Cloak And Dagger","floor":30},{"not_picked":["Grand Finale","Phantasmal Killer"],"picked":"A Thousand Cuts","floor":33},{"not_picked":["Poisoned Stab","Bane"],"picked":"Blur+1","floor":35},{"not_picked":["Flying Knee+1","Sucker Punch+1"],"picked":"Prepared","floor":38}],"player_experience":228010,"relics_obtained":[{"floor":7,"key":"Omamori"},{"floor":9,"key":"InkBottle"},{"floor":24,"key":"Bottled Flame"},{"floor":26,"key":"Mercury Hourglass"}],"event_choices":[{"cards_removed":["Defend_G"],"damage_healed":0,"gold_gain":0,"player_choice":"Purged","damage_taken":0,"max_hp_gain":0,"max_hp_loss":0,"event_name":"Purifier","floor":10,"gold_loss":0},{"cards_removed":["Defend_G"],"damage_healed":0,"gold_gain":0,"player_choice":"Gave Gold","damage_taken":0,"max_hp_gain":0,"max_hp_loss":0,"event_name":"Beggar","floor":19,"gold_loss":75},{"damage_healed":0,"gold_gain":0,"player_choice":"Ignored","damage_taken":0,"max_hp_gain":0,"max_hp_loss":0,"event_name":"N\u0027loth","floor":21,"gold_loss":0},{"damage_healed":0,"gold_gain":0,"player_choice":"Opened","damage_taken":0,"relics_obtained":["Paper Crane"],"max_hp_gain":0,"max_hp_loss":0,"event_name":"The Mausoleum","floor":31,"gold_loss":0},{"damage_healed":0,"gold_gain":100,"player_choice":"Pray","damage_taken":0,"max_hp_gain":0,"max_hp_loss":0,"event_name":"Golden Shrine","floor":37,"gold_loss":0}],"is_beta":false,"boss_relics":[{"not_picked":["Snecko Eye","Runic Dome"],"picked":"REME_ChargedStone"},{"not_picked":["Philosopher\u0027s Stone","REME_DemonsWealth"],"picked":"SlaversCollar"}],"items_purged_floors":[11,14,36],"is_endless":false,"potions_floor_spawned":[1,3,12,13,24,28,30,33],"killed_by":"Transient","ascension_level":0}}