{"host":"x7xd4wkamhrqrrvw","time":1613698491,"event":{"mods":["AchievementEnabler","BaseMod","Minty Spire (QoL Compilation)","Relic Stats","StSLib"],"gold_per_floor":[10,10,85,55,74,101,101,101,169,169,201,215,250,269,269,341,341,359,371,388,49,49,49,49,49],"floor_reached":24,"language":"ENG","playtime":1199,"items_purged":["Strike_G"],"score":407,"play_id":"d34851c4-8e02-4904-bcb6-2bfd752ce249","local_time":"20210218233451","is_ascension_mode":true,"campfire_choices":[{"data":"Noxious Fumes","floor":7,"key":"SMITH"},{"data":"Tools of the Trade","floor":10,"key":"SMITH"},{"floor":15,"key":"REST"},{"data":"Crippling Poison","floor":23,"key":"SMITH"}],"circlet_count":0,"master_deck":["AscendersBane","Strike_G","Strike_G","Defend_G","Defend_G","Defend_G","Defend_G","Defend_G","Survivor","Neutralize","Noxious Fumes+1","Deflect","Tools of the Trade+1","Bouncing Flask","Adrenaline","Crippling Poison+1"],"relics":["Ring of the Snake","Torii","Mercury Hourglass","Frozen Egg 2","MealTicket","Anchor","Runic Dome","Singing Bowl"],"acts_visited":["Exordium","TheCity"],"potions_floor_usage":[6,11,11,16,20,20,24],"damage_taken":[{"damage":0,"enemies":"Small Slimes","floor":1,"turns":5},{"damage":0,"enemies":"2 Louse","floor":5,"turns":4},{"damage":14,"enemies":"Lagavulin","floor":6,"turns":12},{"damage":28,"enemies":"Gremlin Nob","floor":11,"turns":6},{"damage":0,"enemies":"Cultist","floor":12,"turns":4},{"damage":12,"enemies":"Lagavulin","floor":13,"turns":9},{"damage":0,"enemies":"3 Louse","floor":14,"turns":3},{"damage":5,"enemies":"The Guardian","floor":16,"turns":11},{"damage":18,"enemies":"Chosen","floor":18,"turns":6},{"damage":0,"enemies":"Spheric Guardian","floor":19,"turns":3},{"damage":18,"enemies":"Cultist and Chosen","floor":20,"turns":7},{"damage":53,"enemies":"Gremlin Leader","floor":24,"turns":7}],"seed_played":"1671504854386648704","potions_obtained":[{"floor":4,"key":"Ancient Potion"},{"floor":4,"key":"GhostInAJar"},{"floor":6,"key":"Regen Potion"},{"floor":13,"key":"SkillPotion"},{"floor":16,"key":"SpeedPotion"},{"floor":18,"key":"Dexterity Potion"},{"floor":20,"key":"Regen Potion"}],"is_trial":false,"path_per_floor":["M","?","?","?","M","E","R","?","T","R","E","M","E","M","R","B",null,"M","M","M","$","?","R","E"],"character_chosen":"THE_SILENT","items_purchased":["Singing Bowl"],"campfire_rested":1,"item_purchase_floors":[21],"current_hp_per_floor":[59,59,48,48,48,34,34,34,34,34,21,21,9,9,28,23,55,37,37,19,34,34,34,0,0],"gold":49,"neow_bonus":"ONE_RARE_RELIC","is_daily":false,"chose_seed":false,"campfire_upgraded":3,"win_rate":0.0,"timestamp":1613698491,"path_taken":["M","?","?","?","?","E","R","?","T","R","E","M","E","M","R","BOSS","M","M","?","$","?","R","E"],"items_purchased_type":["Relic"],"build_version":"2020-12-22","purchased_purges":1,"victory":false,"max_hp_per_floor":[66,66,66,66,66,66,66,66,66,66,66,66,66,66,66,66,66,66,66,66,66,66,66,66,66],"relic_stats":{"Torii":35,"Singing Bowl":0,"counters":[12,75],"MealTicket":15,"obtain_stats":[{"Runic Dome":17,"Anchor":13,"Torii":0,"Singing Bowl":21,"MealTicket":11,"Frozen Egg 2":9,"Ring of the Snake":0,"Mercury Hourglass":6},{"Runic Dome":8,"Anchor":6,"Torii":0,"Singing Bowl":11,"MealTicket":4,"Frozen Egg 2":3,"Ring of the Snake":0,"Mercury Hourglass":3},{"Runic Dome":52,"Anchor":38,"Torii":0,"Singing Bowl":68,"MealTicket":26,"Frozen Egg 2":21,"Ring of the Snake":0,"Mercury Hourglass":21}],"Ring of the Snake":[24],"Mercury Hourglass":[196]},"card_choices":[{"not_picked":["Underhanded Strike","Flechettes"],"picked":"Noxious Fumes","floor":1},{"not_picked":["Prepared","Blade Dance","Outmaneuver"],"picked":"SKIP","floor":5},{"not_picked":["Slice","Outmaneuver"],"picked":"Tools of the Trade","floor":6},{"not_picked":["Dagger Spray","Infinite Blades+1","Underhanded Strike"],"picked":"SKIP","floor":11},{"not_picked":["Choke","Backflip","Deflect"],"picked":"SKIP","floor":12},{"not_picked":["Acrobatics","Escape Plan"],"picked":"Bouncing Flask","floor":13},{"not_picked":["Flying Knee","All Out Attack","Finisher"],"picked":"SKIP","floor":14},{"not_picked":["Storm of Steel","Envenom+1"],"picked":"Adrenaline","floor":16},{"not_picked":["Prepared","Setup"],"picked":"Crippling Poison","floor":18},{"not_picked":["Bane","Heel Hook","Blade Dance"],"picked":"SKIP","floor":19},{"not_picked":["Endless Agony","Acrobatics","Bane"],"picked":"SKIP","floor":20}],"player_experience":467297,"relics_obtained":[{"floor":6,"key":"Mercury Hourglass"},{"floor":9,"key":"Frozen Egg 2"},{"floor":11,"key":"MealTicket"},{"floor":13,"key":"Anchor"}],"event_choices":[{"damage_healed":0,"gold_gain":0,"cards_transformed":["Strike_G"],"player_choice":"Change","damage_taken":0,"max_hp_gain":0,"max_hp_loss":0,"event_name":"Living Wall","floor":2,"gold_loss":0,"cards_obtained":["Deflect"]},{"damage_healed":0,"gold_gain":75,"player_choice":"Gather Gold","damage_taken":11,"max_hp_gain":0,"max_hp_loss":0,"event_name":"World of Goop","floor":3,"gold_loss":0},{"damage_healed":0,"gold_gain":0,"player_choice":"Bought 2 Potions","damage_taken":0,"max_hp_gain":0,"max_hp_loss":0,"event_name":"The Woman in Blue","floor":4,"gold_loss":0},{"cards_removed":["Strike_G"],"damage_healed":0,"gold_gain":0,"player_choice":"Offered Basic","damage_taken":0,"max_hp_gain":0,"max_hp_loss":0,"event_name":"Bonfire Elementals","floor":8,"gold_loss":0},{"damage_healed":0,"gold_gain":0,"player_choice":"Ignored","damage_taken":0,"max_hp_gain":0,"max_hp_loss":0,"event_name":"Vampires","floor":22,"gold_loss":0}],"is_beta":false,"boss_relics":[{"not_picked":["Tiny House","Ectoplasm"],"picked":"Runic Dome"}],"items_purged_floors":[21],"is_endless":false,"potions_floor_spawned":[6,13,16,18,20],"killed_by":"Gremlin Leader","ascension_level":18}}