{"host":"4qkvkh7pd9qr2mca","time":1613765031,"event":{"mods":["AchievementEnabler","Act Like it!","BaseMod","Colored Map","Colored Powertips","Highlight Path","Minty Spire (QoL Compilation)","Pale of the Ancients","Permanent Neow","Quick Restart","Relic Stats","StSLib","SuperFastMode"],"gold_per_floor":[109,122,132,146,67,97,97,109,135,135,154,179,190,207,207,207,207],"floor_reached":16,"language":"ENG","playtime":749,"items_purged":[],"score":232,"play_id":"a3b425a9-d235-4232-9143-ea7e99d5a220","local_time":"20210219210351","is_ascension_mode":true,"campfire_choices":[{"floor":7,"key":"REST"},{"floor":10,"key":"REST"},{"floor":15,"key":"REST"}],"circlet_count":0,"master_deck":["AscendersBane","Strike_G","Strike_G","Strike_G","Strike_G","Strike_G","Defend_G","Defend_G","Defend_G","Defend_G","Defend_G","Survivor","Neutralize","Burst","Backflip","Footwork","Outmaneuver","Eviscerate","Noxious Fumes","Adrenaline","Leg Sweep","Blade Dance","Acrobatics","Blade Dance"],"relics":["Ring of the Snake","Pen Nib","Vajra","Strawberry"],"acts_visited":["Exordium"],"potions_floor_usage":[6,6,11,16],"damage_taken":[{"damage":6,"enemies":"Cultist","floor":1,"turns":4},{"damage":3,"enemies":"2 Louse","floor":2,"turns":5},{"damage":0,"enemies":"Jaw Worm","floor":3,"turns":7},{"damage":5,"enemies":"2 Fungi Beasts","floor":4,"turns":9},{"damage":11,"enemies":"Lagavulin","floor":6,"turns":8},{"damage":28,"enemies":"Lots of Slimes","floor":8,"turns":5},{"damage":9,"enemies":"Gremlin Gang","floor":11,"turns":5},{"damage":12,"enemies":"3 Sentries","floor":12,"turns":6},{"damage":2,"enemies":"Looter","floor":13,"turns":3},{"damage":10,"enemies":"Large Slime","floor":14,"turns":5},{"damage":25,"enemies":"Hexaghost","floor":16,"turns":9}],"seed_played":"4483445318765298969","potions_obtained":[{"floor":1,"key":"Poison Potion"},{"floor":2,"key":"SneckoOil"},{"floor":8,"key":"LiquidBronze"},{"floor":14,"key":"PowerPotion"}],"is_trial":false,"path_per_floor":["M","M","M","M","$","E","R","M","T","R","M","E","M","M","R","B"],"character_chosen":"THE_SILENT","items_purchased":["Noxious Fumes"],"campfire_rested":3,"item_purchase_floors":[5],"current_hp_per_floor":[38,35,35,30,30,19,38,10,10,29,20,15,13,3,24,0,0],"gold":207,"neow_bonus":"THREE_RARE_CARDS","is_daily":false,"chose_seed":false,"campfire_upgraded":0,"win_rate":0.0,"timestamp":1613765031,"path_taken":["M","M","M","M","$","E","R","M","T","R","M","E","?","M","R","BOSS"],"items_purchased_type":["Card"],"build_version":"2020-12-22","purchased_purges":0,"victory":false,"max_hp_per_floor":[66,66,66,66,66,66,66,66,66,66,66,73,73,73,73,73,73],"relic_stats":{"counters":[11,66],"Pen Nib":[7],"obtain_stats":[{"Strawberry":12,"Vajra":9,"Pen Nib":6,"Ring of the Snake":0},{"Strawberry":8,"Vajra":6,"Pen Nib":5,"Ring of the Snake":0},{"Strawberry":49,"Vajra":38,"Pen Nib":33,"Ring of the Snake":0}],"Ring of the Snake":[22]},"card_choices":[{"not_picked":["Envenom","Doppelganger"],"picked":"Burst","floor":0},{"not_picked":["Concentrate","Well Laid Plans"],"picked":"Backflip","floor":1},{"not_picked":["Skewer","Cloak And Dagger"],"picked":"Footwork","floor":2},{"not_picked":["Sucker Punch","Setup"],"picked":"Outmaneuver","floor":3},{"not_picked":["Prepared","Cloak And Dagger"],"picked":"Eviscerate","floor":4},{"not_picked":["Slice","Caltrops"],"picked":"Adrenaline","floor":6},{"not_picked":["Sucker Punch","Quick Slash"],"picked":"Leg Sweep","floor":8},{"not_picked":["Cloak And Dagger","Eviscerate"],"picked":"Blade Dance","floor":11},{"not_picked":["Poisoned Stab","Dagger Throw"],"picked":"Acrobatics","floor":12},{"not_picked":["Backflip","Dagger Spray"],"picked":"Blade Dance","floor":13},{"not_picked":["Infinite Blades","Crippling Poison","Eviscerate"],"picked":"SKIP","floor":14}],"player_experience":648750,"relics_obtained":[{"floor":6,"key":"Pen Nib"},{"floor":9,"key":"Vajra"},{"floor":12,"key":"Strawberry"}],"event_choices":[],"is_beta":false,"boss_relics":[],"items_purged_floors":[],"is_endless":false,"potions_floor_spawned":[1,2,8,14],"killed_by":"Hexaghost","ascension_level":20}}