{"host":"tlbbab9afexrkdtf","time":1613772080,"event":{"mods":["2.2 Compatiblity","AchievementEnabler","BaseMod","Colored Map","Colored Powertips","Minty Spire (QoL Compilation)","Rare Cards Sparkle","StSLib"],"gold_per_floor":[116,116,134,157,178,178,199,474,527,552,577,34,34,52,52,52,52],"floor_reached":16,"language":"ENG","playtime":436,"items_purged":[],"score":136,"play_id":"f65ab110-dda4-427e-ae43-fb8e83eadda1","local_time":"20210219170120","is_ascension_mode":true,"campfire_choices":[{"floor":6,"key":"REST"},{"floor":13,"key":"REST"},{"floor":15,"key":"REST"}],"circlet_count":0,"master_deck":["Strike_B","Strike_B","Strike_B","Strike_B","Defend_B","Defend_B","Defend_B","Defend_B","Zap","Dualcast","Writhe","Coolheaded","Injury","Conserve Battery","White Noise","Coolheaded","Regret","Force Field","Double Energy","White Noise"],"relics":["Cracked Core","Golden Idol","MealTicket","Art of War","Lantern","Runic Capacitor","Shuriken"],"acts_visited":["Exordium"],"potions_floor_usage":[7,16,16,16],"damage_taken":[{"damage":13,"enemies":"Jaw Worm","floor":1,"turns":4},{"damage":3,"enemies":"Small Slimes","floor":3,"turns":4},{"damage":1,"enemies":"Cultist","floor":5,"turns":4},{"damage":9,"enemies":"Lots of Slimes","floor":7,"turns":4},{"damage":29,"enemies":"Red Slaver","floor":10,"turns":7},{"damage":24,"enemies":"Exordium Thugs","floor":11,"turns":5},{"damage":21,"enemies":"2 Fungi Beasts","floor":14,"turns":4},{"damage":73,"enemies":"Hexaghost","floor":16,"turns":16}],"seed_played":"8994126816173272243","potions_obtained":[{"floor":3,"key":"Fire Potion"},{"floor":7,"key":"Weak Potion"},{"floor":10,"key":"ColorlessPotion"},{"floor":11,"key":"Swift Potion"}],"is_trial":false,"path_per_floor":["M","?","M","T","M","R","M","?","T","M","M","$","R","M","R","B"],"character_chosen":"DEFECT","items_purchased":["Lantern","Runic Capacitor","Shuriken"],"campfire_rested":3,"item_purchase_floors":[12,12,12],"current_hp_per_floor":[69,69,66,66,65,89,80,80,80,51,27,42,68,47,73,0,0],"gold":52,"neow_bonus":"TWENTY_PERCENT_HP_BONUS","is_daily":false,"chose_seed":false,"campfire_upgraded":0,"win_rate":0.0,"timestamp":1613772080,"path_taken":["M","?","M","?","M","R","M","?","T","M","?","?","R","?","R","BOSS"],"items_purchased_type":["Relic","Relic","Relic"],"build_version":"2020-12-22","purchased_purges":0,"victory":false,"max_hp_per_floor":[89,89,89,89,89,89,89,89,89,89,89,89,89,89,89,89,89],"card_choices":[{"not_picked":["Steam Power","Skim"],"picked":"Coolheaded","floor":1},{"not_picked":["Stack","Auto Shields"],"picked":"Conserve Battery","floor":3},{"not_picked":["Sunder","Streamline"],"picked":"White Noise","floor":5},{"not_picked":["Force Field","Reprogram"],"picked":"Coolheaded","floor":7},{"not_picked":["Gash","Redo"],"picked":"Force Field","floor":10},{"not_picked":["Barrage","Conserve Battery"],"picked":"Double Energy","floor":11},{"not_picked":["Beam Cell","Force Field"],"picked":"White Noise","floor":14}],"player_experience":338007,"relics_obtained":[{"floor":4,"key":"MealTicket"},{"floor":9,"key":"Art of War"}],"event_choices":[{"damage_healed":0,"gold_gain":0,"player_choice":"Take Wound","damage_taken":0,"relics_obtained":["Golden Idol"],"max_hp_gain":0,"max_hp_loss":0,"event_name":"Golden Idol","floor":2,"gold_loss":0,"cards_obtained":["Injury"]},{"damage_healed":0,"gold_gain":275,"player_choice":"Desecrate","damage_taken":0,"max_hp_gain":0,"max_hp_loss":0,"event_name":"Golden Shrine","floor":8,"gold_loss":0,"cards_obtained":["Regret"]}],"is_beta":false,"boss_relics":[],"items_purged_floors":[],"is_endless":false,"potions_floor_spawned":[3,7,10,11],"killed_by":"Hexaghost","ascension_level":9}}