{"host":"onfdonezo2qmaex3","time":1613751440,"event":{"mods":["2.2 Compatiblity","AchievementEnabler","Act Like it!","Aspiration","BaseMod","Colored Powertips","Downfall","Friendly Minions","Gensokyo","Hallownest","Hermit","Highlight Path","Jorbs\u0027s Wanderer Trilogy","Marisa????????","Marked Mod","Minty Spire (QoL Compilation)","Quick Restart","Reliquary","Shop Mod","StSLib","The Disciple","The Hayseed","The Hierophant","The Marked","The Runesmith"],"gold_per_floor":[113,193,193,212,212,238,252,252,252,252,286,297,297,327,327,429,429,449,449,501,501,118,149,160,160,160,160,190,190,202,215,215,314,314,333,333,333,158,181,181,181,181],"floor_reached":41,"language":"ENG","playtime":1995,"items_purged":["Eviscerate","Strike_B"],"score":534,"play_id":"b65ac68b-01f0-4a40-ad07-abf96501a1e9","local_time":"20210219171720","is_ascension_mode":true,"campfire_choices":[{"data":"Loop","floor":10.0,"key":"SMITH"},{"data":"Zap","floor":13.0,"key":"SMITH"},{"data":"Reboot","floor":15.0,"key":"SMITH"},{"data":"Magnetism","floor":25,"key":"SMITH"},{"data":"Consume","floor":27,"key":"SMITH"},{"data":"Electrodynamics","floor":29,"key":"SMITH"},{"floor":32,"key":"RECALL"},{"data":"Chrysalis","floor":40,"key":"SMITH"}],"circlet_count":0,"master_deck":["Strike_B","Defend_B","Defend_B","Zap+1","Dualcast+1","Loop+1","Unload","Blade Dance","Capacitor","Self Repair","Force Field","Ball Lightning","Reboot+1","Electrodynamics+1","Heatsinks","Good Instincts","Magnetism+1","Undo","Consume+1","Seek","Machine Learning","Chrysalis+1","Deep Breath","Flash of Steel","Defragment"],"relics":["Cracked Core","Tiny Chest","reliquary:Aerogel","Vajra","HornCleat","reliquary:TuningFork","expansioncontent:StudyCardRelic","MutagenicStrength","Slimebound:StickyStick","Blue Candle","Art of War","aspiration:MarisaSkillbook","Dream Catcher"],"acts_visited":["Gensokyo:Gensokyo","TheCity","TheBeyond"],"potions_floor_usage":[24,33,33,33],"damage_taken":[{"damage":6.0,"enemies":"Gensokyo:Gryphon","floor":1.0,"turns":4.0},{"damage":0.0,"enemies":"Gensokyo:Python","floor":4.0,"turns":2.0},{"damage":14.0,"enemies":"Gensokyo:Aya","floor":6.0,"turns":4.0},{"damage":0.0,"enemies":"Gensokyo:3_Fairies","floor":7.0,"turns":3.0},{"damage":15.0,"enemies":"Gensokyo:Mamizou","floor":11.0,"turns":7.0},{"damage":12.0,"enemies":"Gensokyo:CorruptedTreant","floor":12.0,"turns":4.0},{"damage":0.0,"enemies":"Gensokyo:Aya","floor":14.0,"turns":3.0},{"damage":34.0,"enemies":"Gensokyo:Kokoro","floor":16.0,"turns":8.0},{"damage":14.0,"enemies":"Shell Parasite","floor":18.0,"turns":4.0},{"damage":46,"enemies":"Book of Stabbing","floor":23,"turns":6},{"damage":0,"enemies":"Spheric Guardian","floor":24,"turns":3},{"damage":15,"enemies":"Gremlin Leader","floor":28,"turns":5},{"damage":21,"enemies":"Snecko","floor":30,"turns":4},{"damage":8,"enemies":"Snake Plant","floor":31,"turns":3},{"damage":14,"enemies":"Champ","floor":33,"turns":9},{"damage":0,"enemies":"3 Shapes","floor":35,"turns":2},{"damage":81,"enemies":"Giant Head","floor":41,"turns":8}],"seed_played":"7882347032808472525","potions_obtained":[{"floor":6.0,"key":"SpeedPotion"},{"floor":7.0,"key":"BlessingOfTheForge"},{"floor":11.0,"key":"LiquidBronze"},{"floor":12.0,"key":"DuplicationPotion"},{"floor":24,"key":"Block Potion"}],"is_trial":false,"path_per_floor":["M","?","?","M","?","E","M","?","T","R","E","M","R","E","R","B",null,"M","?","T","?","$","E","M","R","T","R","E","R","M","M","R","B",null,"M","?","?","$","T","R","E"],"character_chosen":"DEFECT","items_purchased":["Heatsinks","Good Instincts","Magnetism","Defragment"],"campfire_rested":0,"item_purchase_floors":[22,22,22,38],"current_hp_per_floor":[76,76,76,76,76,62,62,46,46,46,38,33,33,40,40,13,82,75,75,75,75,75,36,56,56,56,56,48,48,27,26,26,19,82,82,72,72,72,72,72,0,0],"gold":181,"neow_bonus":"TEN_PERCENT_HP_BONUS","is_daily":false,"chose_seed":false,"campfire_upgraded":7,"win_rate":0.0,"timestamp":1613751440,"path_taken":["M","?","?","M","?","E","?","?","T","R","E","M","R","E","R","BOSS","M","?","?","?","$","E","M","R","T","R","E","R","M","M","R","BOSS","M","?","?","$","?","R","E"],"items_purchased_type":["Card","Card","Card","Card"],"build_version":"2020-12-22","purchased_purges":2,"victory":false,"max_hp_per_floor":[82,82,82,82,82,82,82,82,82,82,82,82,82,82,82,82,82,82,82,82,82,82,82,82,82,82,82,82,82,82,82,82,82,82,82,82,82,82,82,82,82,82],"card_choices":[{"not_picked":["Hologram","Cold Snap","Doom and Gloom"],"picked":"SKIP","floor":1.0},{"not_picked":["Reprogram","Beam Cell"],"picked":"Loop","floor":4.0},{"not_picked":["Redo","Loop"],"picked":"Capacitor","floor":6.0},{"not_picked":["Reinforced Body","Steam"],"picked":"Self Repair","floor":7.0},{"not_picked":["Turbo","Go for the Eyes"],"picked":"Force Field","floor":11.0},{"not_picked":["Leap","Rip and Tear"],"picked":"Ball Lightning","floor":12.0},{"not_picked":["Hello World","Sweeping Beam"],"picked":"Reboot","floor":14.0},{"not_picked":["Biased Cognition","Rainbow"],"picked":"Electrodynamics","floor":16.0},{"not_picked":["Go for the Eyes","Stack","Barrage"],"picked":"SKIP","floor":18.0},{"not_picked":["Gash","Streamline"],"picked":"Undo","floor":23},{"not_picked":["Capacitor+1","Sweeping Beam"],"picked":"Consume","floor":24},{"not_picked":["Redo","Streamline+1","Steam"],"picked":"SKIP","floor":28},{"not_picked":["Hologram+1","Go for the Eyes"],"picked":"Seek","floor":30},{"not_picked":["Rebound","Self Repair+1","Scrape"],"picked":"SKIP","floor":31},{"not_picked":["Meteor Strike","Electrodynamics"],"picked":"Machine Learning","floor":33},{"not_picked":["UnstableBomb","Redo","Hologram+1","PowerUp+1"],"picked":"SKIP","floor":35},{"not_picked":["Mind Blast","Swift Strike","Deep Breath"],"picked":"Chrysalis","floor":36},{"not_picked":["Swift Strike","Panacea","Bandage Up"],"picked":"Deep Breath","floor":36},{"not_picked":["Trip","Magnetism","Forethought"],"picked":"Flash of Steel","floor":36}],"player_experience":209923,"relics_obtained":[{"floor":6.0,"key":"Tiny Chest"},{"floor":9.0,"key":"Vajra"},{"floor":11.0,"key":"HornCleat"},{"floor":14.0,"key":"reliquary:TuningFork"},{"floor":23,"key":"Slimebound:StickyStick"},{"floor":26,"key":"Blue Candle"},{"floor":28,"key":"Art of War"},{"floor":39,"key":"Dream Catcher"}],"event_choices":[{"damage_healed":0.0,"max_hp_gain":0.0,"max_hp_loss":0.0,"gold_gain":0.0,"event_name":"Drug Dealer","player_choice":"Inject Mutagens","floor":19.0,"gold_loss":0.0,"damage_taken":0.0,"relics_obtained":["MutagenicStrength"]},{"cards_removed":["Defend_B"],"damage_healed":0,"gold_gain":0,"player_choice":"Elegance","damage_taken":0,"max_hp_gain":0,"max_hp_loss":0,"event_name":"Back to Basics","floor":21,"gold_loss":0},{"damage_healed":0,"gold_gain":0,"player_choice":"Memory 3","damage_taken":10,"max_hp_gain":0,"max_hp_loss":0,"event_name":"SensoryStone","floor":36,"gold_loss":0},{"damage_healed":0,"gold_gain":0,"player_choice":"Ignored","damage_taken":0,"max_hp_gain":0,"max_hp_loss":0,"event_name":"Tomb of Lord Red Mask","floor":37,"gold_loss":0}],"is_beta":false,"boss_relics":[{"not_picked":["aspiration:FutureDiary","aspiration:SilentSkillbook"],"picked":"expansioncontent:StudyCardRelic"},{"not_picked":["aspiration:RunicSpoon","aspiration:SecretTechniqueScroll"],"picked":"aspiration:MarisaSkillbook"}],"items_purged_floors":[22,38],"is_endless":false,"potions_floor_spawned":[6,7,11,12,18,24,30],"killed_by":"Giant Head","ascension_level":3}}