{"host":"j9610sde00vfp93k","time":1613727856,"event":{"mods":["AchievementEnabler","BaseMod","Dio Mod","Gold Saver","Minty Spire (QoL Compilation)","Permanent Neow","Rare Cards Sparkle","Spire Arcade","StSLib","SuperFastMode"],"gold_per_floor":[418,430,444,444,463,490,490,501,501,474,484,330,605,623,623,723,723,737,737,302,302,321,321,321],"floor_reached":23,"language":"ENG","playtime":1020,"items_purged":[],"score":218,"play_id":"de00c381-bae2-4f0f-b3b3-283bd2cf515b","local_time":"20210219174416","is_ascension_mode":false,"campfire_choices":[{"data":"dioMod:MudaMudaMuda","floor":7,"key":"SMITH"},{"data":"dioMod:DoubleTime","floor":15,"key":"SMITH"}],"circlet_count":0,"master_deck":["Bite","dioMod:Defend","dioMod:Defend","dioMod:Defend","dioMod:Defend+1","dioMod:MudaMudaMuda+1","dioMod:TripleThreat","dioMod:Muda","dioMod:SadisticLaugh","dioMod:Freeze","dioMod:DaggerSpree","dioMod:CoffinBath+1","dioMod:Muda","dioMod:Muda","dioMod:DoubleTime+1","dioMod:MudaMudaMuda","CurseOfTheBell","dioMod:StreetSign","Bite","Bite","Bite","Bite","Bite"],"relics":["dioMod:VampireBlood","Happy Flower","Gambling Chip","Bronze Scales","Calling Bell","Vajra","The Courier","Unceasing Top","Shuriken","War Paint","Juzu Bracelet"],"acts_visited":["Exordium","TheCity"],"potions_floor_usage":[6,16,16],"damage_taken":[{"damage":7,"enemies":"Small Slimes","floor":1,"turns":4},{"damage":12,"enemies":"Cultist","floor":2,"turns":5},{"damage":11,"enemies":"2 Louse","floor":3,"turns":4},{"damage":34,"enemies":"Lots of Slimes","floor":5,"turns":7},{"damage":34,"enemies":"Gremlin Nob","floor":6,"turns":5},{"damage":16,"enemies":"3 Louse","floor":8,"turns":4},{"damage":0,"enemies":"Looter","floor":11,"turns":2},{"damage":2,"enemies":"Blue Slaver","floor":14,"turns":2},{"damage":37,"enemies":"Slime Boss","floor":16,"turns":10},{"damage":21,"enemies":"2 Thieves","floor":18,"turns":3},{"damage":10,"enemies":"Chosen","floor":22,"turns":3},{"damage":59,"enemies":"Slavers","floor":23,"turns":2}],"seed_played":"-8088805550682117483","potions_obtained":[{"floor":1,"key":"EssenceOfSteel"},{"floor":2,"key":"CultistPotion"},{"floor":6,"key":"LiquidBronze"}],"is_trial":false,"path_per_floor":["M","M","M","?","M","E","R","M","T","$","M","$","?","M","R","B",null,"M","?","$","?","M","E"],"character_chosen":"THE_DEFAULT","items_purchased":["dioMod:Muda","Bronze Scales","Shuriken","War Paint","Juzu Bracelet"],"campfire_rested":0,"item_purchase_floors":[10,12,20,20,20],"current_hp_per_floor":[75,70,67,67,52,25,25,20,20,20,25,25,25,28,28,11,75,60,60,60,52,49,0,0],"gold":321,"neow_bonus":"ONE_RANDOM_RARE_CARD","is_daily":false,"chose_seed":false,"campfire_upgraded":2,"win_rate":0.0,"timestamp":1613727856,"path_taken":["M","M","M","?","M","E","R","?","T","$","M","$","?","?","R","BOSS","M","?","$","?","M","E"],"items_purchased_type":["Card","Relic","Relic","Relic","Relic"],"build_version":"2020-12-22","purchased_purges":0,"victory":false,"max_hp_per_floor":[75,75,75,75,75,75,75,75,75,75,75,75,75,75,75,75,75,75,75,75,52,52,52,52],"card_choices":[{"not_picked":["dioMod:BloodShield","dioMod:DisarmingVoice"],"picked":"dioMod:Donut","floor":1},{"not_picked":["dioMod:BloodSplash","dioMod:VengefulMuda"],"picked":"dioMod:TripleThreat","floor":2},{"not_picked":["dioMod:Roundabout","dioMod:Diversion"],"picked":"dioMod:Muda","floor":3},{"not_picked":["dioMod:FlyAway","dioMod:SlashThroughTime"],"picked":"dioMod:Freeze","floor":5},{"not_picked":["dioMod:BloodShield","dioMod:SlashThroughTime"],"picked":"dioMod:DaggerSpree","floor":6},{"not_picked":["dioMod:Freeze","dioMod:Diversion"],"picked":"dioMod:CoffinBath","floor":8},{"not_picked":["dioMod:BloodTransfusion","dioMod:FlyAway"],"picked":"dioMod:Muda","floor":11},{"not_picked":["dioMod:DaggerToss","dioMod:FlyAway"],"picked":"dioMod:DoubleTime","floor":14},{"not_picked":["dioMod:GoldVial","dioMod:KonoDioDa"],"picked":"dioMod:MudaMudaMuda","floor":16},{"not_picked":["dioMod:BlendIn+1","dioMod:DisarmingVoice"],"picked":"dioMod:StreetSign","floor":18},{"not_picked":["dioMod:ComboFever","dioMod:SlashThroughTime","dioMod:VengefulMuda"],"picked":"SKIP","floor":22}],"player_experience":225595,"relics_obtained":[{"floor":6,"key":"Happy Flower"},{"floor":9,"key":"Gambling Chip"},{"floor":17,"key":"Vajra"},{"floor":17,"key":"The Courier"},{"floor":17,"key":"Unceasing Top"}],"event_choices":[{"damage_healed":0,"gold_gain":0,"cards_transformed":["dioMod:Donut"],"player_choice":"Transformed","damage_taken":0,"max_hp_gain":0,"max_hp_loss":0,"event_name":"Transmorgrifier","floor":4,"gold_loss":0,"cards_obtained":["dioMod:SadisticLaugh"]},{"damage_healed":0,"gold_gain":275,"player_choice":"Desecrate","damage_taken":0,"max_hp_gain":0,"max_hp_loss":0,"event_name":"Golden Shrine","floor":13,"gold_loss":0,"cards_obtained":["Regret"]},{"cards_removed":["Regret"],"damage_healed":0,"gold_gain":0,"player_choice":"Elegance","damage_taken":0,"max_hp_gain":0,"max_hp_loss":0,"event_name":"Back to Basics","floor":19,"gold_loss":0},{"damage_healed":0,"gold_gain":0,"player_choice":"Became a vampire","damage_taken":0,"max_hp_gain":0,"max_hp_loss":23,"event_name":"Vampires","floor":21,"gold_loss":0,"cards_obtained":["Bite","Bite","Bite","Bite","Bite"]}],"is_beta":false,"boss_relics":[{"not_picked":["Cursed Key","Pandora\u0027s Box"],"picked":"Calling Bell"}],"items_purged_floors":[],"is_endless":false,"potions_floor_spawned":[1,2,6],"killed_by":"Slavers","ascension_level":0}}