{"host":"hf83sijwe64ts2lm","time":1613700463,"event":{"mods":["2.2 Compatiblity","BaseMod","Better Altar","Better Match","Better Note","Better Sensory Stone","Better Skull","Better Third Choice","Colored Map","Colored Powertips","Highlight Path","Hubris","Infinite Spire","Minty Spire (QoL Compilation)","Quick Restart","Rare Cards Sparkle","Relic Stats","Reliquary","Replay The Spire","Shop Mod","Spicy Shops","Spire Arcade","StSLib","Thieving Mod"],"gold_per_floor":[127,127,138,138,158,184,184,16,42,77,77,109,109,121,121,225,225,239,239,252,252,252,252,286,306,306,306,221,237,237,237],"floor_reached":30,"language":"ENG","playtime":636,"items_purged":[],"score":331,"play_id":"a9319ddc-1a09-476b-8406-8bed41c287b4","local_time":"20210218210743","is_ascension_mode":true,"campfire_choices":[{"floor":7.0,"key":"REST"},{"floor":11.0,"key":"REST"},{"floor":13.0,"key":"RECALL"},{"floor":15.0,"key":"REST"},{"data":"Backstab","floor":23,"key":"SMITH"},{"floor":27,"key":"REST"}],"circlet_count":0,"master_deck":["Strike_G","Strike_G+1","Strike_G","Strike_G","Strike_G","Defend_G","Defend_G","Defend_G","Defend_G","Defend_G","Survivor","Neutralize","hubris:MerchantsHand","hubris:Defend_Merchant","Backstab+1","Bouncing Flask","Blade Dance","Injury","Glass Knife+1","Finisher","Slice","Riddle With Holes","Burst","Poisoned Stab","ReplayTheSpireMod:Speed Training","ReplayTheSpireMod:Scrap Shanks+1","Riddle With Holes+1","Dagger Spray"],"relics":["Sizzling Blood","reliquary:RadioactivePellet","TwistedFunnel","Omamori","Paper Crane","Garlic","Black Star","Replay:Multitool","betterThird:NestCultRelic","hubris:Towel","Strawberry","Gremlin Food","Vajra"],"acts_visited":["Exordium","TheCity"],"potions_floor_usage":[24,29],"damage_taken":[{"damage":5.0,"enemies":"Small Slimes","floor":1.0,"turns":4.0},{"damage":6.0,"enemies":"Cultist","floor":3.0,"turns":5.0},{"damage":0.0,"enemies":"Jaw Worm","floor":5.0,"turns":3.0},{"damage":28.0,"enemies":"Lagavulin","floor":6.0,"turns":6.0},{"damage":15.0,"enemies":"Gremlin Nob","floor":10.0,"turns":3.0},{"damage":24.0,"enemies":"Lagavulin","floor":12.0,"turns":4.0},{"damage":2.0,"enemies":"Blue Slaver","floor":14.0,"turns":2.0},{"damage":21.0,"enemies":"Fading Forest","floor":16.0,"turns":11.0},{"damage":20.0,"enemies":"2 Thieves","floor":18.0,"turns":4.0},{"damage":0.0,"enemies":"Shell Parasite","floor":20.0,"turns":1.0},{"damage":51,"enemies":"Book of Stabbing","floor":24,"turns":5},{"damage":29,"enemies":"3 Cultists","floor":25,"turns":5},{"damage":15,"enemies":"Snake Plant","floor":29,"turns":2},{"damage":35,"enemies":"Snecko","floor":30,"turns":4}],"seed_played":"4647845667291116127","potions_obtained":[{"floor":1.0,"key":"BlessingOfTheForge"},{"floor":5.0,"key":"ColorlessPotion"},{"floor":6.0,"key":"LiquidBronze"},{"floor":12.0,"key":"SteroidPotion"},{"floor":18.0,"key":"Poison Potion"},{"floor":25,"key":"SteroidPotion"}],"is_trial":false,"path_per_floor":["M","?","M","?","M","E","R","$","T","E","R","E","R","M","R","B",null,"M","AVR","M","?","?","R","E","M","T","R","?","M","M"],"character_chosen":"THE_SILENT","items_purchased":["TwistedFunnel","Glass Knife+1"],"campfire_rested":4,"item_purchase_floors":[8,8],"current_hp_per_floor":[79,83,81,73,77,53,79,79,79,68,88,68,68,70,88,78,88,72,72,76,76,76,76,36,11,11,39,39,28,0,0],"gold":237,"neow_bonus":"TWENTY_PERCENT_HP_BONUS","is_daily":false,"chose_seed":false,"campfire_upgraded":1,"win_rate":0.0,"timestamp":1613700463,"path_taken":["M","?","M","?","M","E","R","$","T","E","R","E","R","?","R","BOSS","M","AVR","M","?","?","R","E","M","T","R","?","M","M"],"items_purchased_type":["Relic","Card"],"build_version":"2020-12-22","purchased_purges":0,"victory":false,"max_hp_per_floor":[84,88,88,88,88,88,88,88,88,88,88,88,88,88,88,88,88,88,88,88,88,88,88,95,95,95,95,95,95,95,95],"relic_stats":{"counters":[14,59],"Black Star":1,"obtain_stats":[{"TwistedFunnel":8,"Gremlin Food":24,"Vajra":28,"betterThird:NestCultRelic":21,"Sizzling Blood":2,"Omamori":9,"Replay:Multitool":19,"Paper Crane":10,"hubris:Towel":22,"Strawberry":24,"Garlic":12,"Black Star":17,"reliquary:RadioactivePellet":6,"Ring of the Snake":0},{"TwistedFunnel":4,"Gremlin Food":11,"Vajra":12,"betterThird:NestCultRelic":10,"Sizzling Blood":1,"Omamori":4,"Replay:Multitool":9,"Paper Crane":5,"hubris:Towel":10,"Strawberry":11,"Garlic":6,"Black Star":8,"reliquary:RadioactivePellet":4,"Ring of the Snake":0},{"TwistedFunnel":18,"Gremlin Food":48,"Vajra":53,"betterThird:NestCultRelic":43,"Sizzling Blood":4,"Omamori":18,"Replay:Multitool":42,"Paper Crane":21,"hubris:Towel":43,"Strawberry":48,"Garlic":25,"Black Star":38,"reliquary:RadioactivePellet":18,"Ring of the Snake":0}]},"card_choices":[{"not_picked":["ReplayTheSpireMod:The Works","Prepared","Acrobatics"],"picked":"SKIP","floor":1.0},{"not_picked":["Cloak And Dagger","Flying Knee"],"picked":"Backstab","floor":3.0},{"not_picked":["Cloak And Dagger","Poisoned Stab"],"picked":"Bouncing Flask","floor":5.0},{"not_picked":["Reflex","Predator"],"picked":"Blade Dance","floor":6.0},{"not_picked":["Outmaneuver","A Thousand Cuts"],"picked":"Finisher","floor":10.0},{"not_picked":["hubris:SlightOfHand","ReplayTheSpireMod:The Works"],"picked":"Slice","floor":12.0},{"not_picked":["Dodge and Roll","Dagger Throw"],"picked":"Riddle With Holes","floor":14.0},{"not_picked":["Storm of Steel","Wraith Form v2"],"picked":"Burst","floor":16.0},{"not_picked":["Draining Mist","Underhanded Strike"],"picked":"Poisoned Stab","floor":18.0},{"not_picked":["hubris:Counter+1","Sneak Up"],"picked":"ReplayTheSpireMod:Speed Training","floor":20.0},{"not_picked":["Dagger Throw","Leg Sweep"],"picked":"ReplayTheSpireMod:Scrap Shanks+1","floor":24},{"not_picked":["Deadly Poison","Poisoned Stab"],"picked":"Riddle With Holes+1","floor":25},{"not_picked":["Replay:Poison Smokescreen","Prepared"],"picked":"Dagger Spray","floor":29}],"player_experience":180845,"relics_obtained":[{"floor":6.0,"key":"reliquary:RadioactivePellet"},{"floor":9.0,"key":"Omamori"},{"floor":10.0,"key":"Paper Crane"},{"floor":12.0,"key":"Garlic"},{"floor":24,"key":"Strawberry"},{"floor":24,"key":"Gremlin Food"}],"event_choices":[{"damage_healed":0.0,"max_hp_gain":0.0,"max_hp_loss":0.0,"gold_gain":0.0,"event_name":"Wheel of Change","player_choice":"Damaged","floor":4.0,"gold_loss":0.0,"damage_taken":8.0},{"damage_healed":0.0,"max_hp_gain":0.0,"max_hp_loss":0.0,"gold_gain":0.0,"event_name":"betterThird:BetterNest","player_choice":"Madness","floor":21.0,"gold_loss":0.0,"damage_taken":0.0,"relics_obtained":["betterThird:NestCultRelic"]},{"damage_healed":0,"gold_gain":0,"player_choice":"Obtained Relic","damage_taken":0,"relics_obtained":["Vajra"],"max_hp_gain":0,"max_hp_loss":0,"event_name":"Addict","floor":28,"gold_loss":85}],"is_beta":false,"boss_relics":[{"not_picked":["Ectoplasm","reliquary:RustamsPendant"],"picked":"Black Star"}],"items_purged_floors":[],"is_endless":false,"potions_floor_spawned":[1,5,6,12,18,25],"killed_by":"Snecko","ascension_level":3}}