{"host":"iovigr651ajk16h5","time":1613774842,"event":{"mods":["2.2 Compatiblity","AchievementEnabler","Aspiration","BaseMod","Better Altar","Better Match","Better Note","Better Sensory Stone","Better Skull","Better Third Choice","Block Reminder","CapriCore","Colored Map","Ekko","Energized Spire","GifTheSpireLib","GungeonMod","Halation","Hermit","Highlight Path","Hubris","Infinite Spire","Koishi","Luminous","Marisa????????","Minty Spire (QoL Compilation)","Nova Terra(??·??)","Onozuka Komachi Mod","Permanent Neow","Prisma Mod","Quick Restart","Railgun Mod","Remilia??????","Replay The Spire","StSLib","Stuff the Spire","Td1madao Mod","The Administrix","The Bladedancer","The Bug Knight","The Construct","The Exalted","The Immortal","The Marked","The Problem Sleuth","The Servant 0.9.4","TheFirefly","TheSwordswoman","Trackpad","Waifu the Spire","WarShipGirlsR/????R mod","everything is the same but u backflip on backflip"],"gold_per_floor":[115,115,132,145,145,171,188,188,188,223,223,73,92,92,92,187,187,206,220,220,220,130,130,146,146,192,192,202,221,221,240,240,345,345,358,373,298,298,298,298],"floor_reached":39,"language":"ENG","playtime":1178,"items_purged":["theMarked:Defend"],"score":391,"play_id":"c599ed8c-2f36-40a4-a96e-f51a76af5645","local_time":"20210219174722","is_ascension_mode":false,"campfire_choices":[{"floor":8,"key":"REST"},{"floor":11,"key":"REST"},{"floor":15,"key":"REST"},{"floor":23,"key":"REST"},{"floor":27,"key":"RECALL"},{"floor":30,"key":"REST"},{"data":"theMarked:Defy","floor":32,"key":"SMITH"}],"circlet_count":0,"master_deck":["theMarked:Strike","theMarked:Strike","theMarked:Strike","theMarked:Defend","theMarked:Defend","theMarked:Defend","theMarked:SoldierOfQuellstein","theMarked:EmpowerWeapon","theMarked:Opportunist","theMarked:BiggerThanFate","theMarked:EmpowerWeapon","theMarked:Opportunist","theMarked:Polarize+1","theMarked:Defy+1","theMarked:RepellingDischarge","theMarked:Parry+1","theMarked:OneWithTheBlade","theMarked:BiggerThanFate","theMarked:SwordAndMagic","theMarked:Aftermath+1","theMarked:BiggerThanFate","theMarked:SwordAndMagic","theMarked:Electrocute+1","theMarked:Reabsorb+1"],"relics":["theMarked:ArtifactOfAir","NeowsBlessing","halation:PromiseList","halation:QuantumPhysicsTextbook","halation:PinkSoulGem","infinitespire:Cupcake","theMarked:BronzeBlade","theMarked:Eyepatch"],"acts_visited":["Exordium","TheCity","TheBeyond"],"potions_floor_usage":[16,24,33],"damage_taken":[{"damage":0,"enemies":"2 Louse","floor":1,"turns":1},{"damage":0,"enemies":"Cultist","floor":3,"turns":1},{"damage":0,"enemies":"Jaw Worm","floor":4,"turns":1},{"damage":25,"enemies":"Gremlin Nob","floor":6,"turns":4},{"damage":12,"enemies":"Exordium Thugs","floor":7,"turns":3},{"damage":25,"enemies":"Lagavulin","floor":10,"turns":4},{"damage":11,"enemies":"Red Slaver","floor":13,"turns":4},{"damage":37,"enemies":"Hexaghost","floor":16,"turns":7},{"damage":6,"enemies":"Chosen","floor":18,"turns":5},{"damage":20,"enemies":"Shell Parasite","floor":19,"turns":5},{"damage":1,"enemies":"Sentry and Sphere","floor":24,"turns":4},{"damage":2,"enemies":"Snecko","floor":28,"turns":3},{"damage":17,"enemies":"Chosen and Byrds","floor":29,"turns":6},{"damage":0,"enemies":"Centurion and Healer","floor":31,"turns":1},{"damage":52,"enemies":"Champ","floor":33,"turns":9},{"damage":35,"enemies":"3 Darklings","floor":35,"turns":4},{"damage":8,"enemies":"Orb Walker","floor":36,"turns":3},{"damage":39,"enemies":"Jaw Worm Horde","floor":39,"turns":2}],"seed_played":"2928235710304940818","potions_obtained":[{"floor":1,"key":"DistilledChaos"},{"floor":3,"key":"FearPotion"},{"floor":4,"key":"BlessingOfTheForge"},{"floor":16,"key":"Block Potion"},{"floor":18,"key":"Block Potion"},{"floor":19,"key":"SmokeBomb"},{"floor":35,"key":"Explosive Potion"}],"is_trial":false,"path_per_floor":["M","?","M","M","?","E","M","R","T","E","R","$","M","?","R","B",null,"M","M","?","AVR","?","R","M","?","T","R","M","M","R","M","R","B",null,"M","M","?","?","M"],"character_chosen":"THE_DEFAULT","items_purchased":["theMarked:Polarize"],"campfire_rested":5,"item_purchase_floors":[12],"current_hp_per_floor":[72,72,72,72,72,47,35,56,56,31,52,52,41,41,62,25,72,66,46,46,46,46,67,66,66,66,66,64,47,68,68,68,16,72,37,29,29,29,0,0],"gold":298,"neow_bonus":"THREE_ENEMY_KILL","is_daily":false,"chose_seed":false,"campfire_upgraded":1,"win_rate":0.0,"timestamp":1613774842,"path_taken":["M","?","?","M","?","E","M","R","T","E","R","?","?","?","R","BOSS","M","M","?","AVR","?","R","?","?","T","R","M","?","R","M","R","BOSS","M","M","?","?","M"],"items_purchased_type":["Card"],"build_version":"2020-12-22","purchased_purges":1,"victory":false,"max_hp_per_floor":[72,72,72,72,72,72,72,72,72,72,72,72,72,72,72,72,72,72,72,72,72,72,72,72,72,72,72,72,72,72,72,72,72,72,72,72,72,72,72,72],"card_choices":[{"not_picked":["theMarked:ParalyzingBlade","theMarked:TakeCover"],"picked":"theMarked:EmpowerWeapon","floor":1},{"not_picked":["theMarked:Improvise","theMarked:TakeCover","theMarked:Panic"],"picked":"SKIP","floor":3},{"not_picked":["theMarked:Memento","theMarked:Static"],"picked":"theMarked:Opportunist","floor":4},{"not_picked":[],"picked":"theMarked:BiggerThanFate","floor":5},{"not_picked":["theMarked:BanishingStrike","theMarked:TakeCover"],"picked":"theMarked:EmpowerWeapon","floor":6},{"not_picked":["theMarked:ResourceFulStrike","theMarked:Memento","theMarked:MagusForm"],"picked":"SKIP","floor":7},{"not_picked":["theMarked:ElectricStrings","theMarked:Pokerface"],"picked":"theMarked:Opportunist","floor":10},{"not_picked":["theMarked:GodGivenPower","theMarked:MysticalArsenal","theMarked:ChainLightning"],"picked":"SKIP","floor":13},{"not_picked":["theMarked:Snap","theMarked:Levitate"],"picked":"theMarked:Defy","floor":16},{"not_picked":["theMarked:BanishingStrike","theMarked:TakeCover"],"picked":"theMarked:RepellingDischarge","floor":18},{"not_picked":["theMarked:WastefulAttack+1","theMarked:Frustration"],"picked":"theMarked:Parry+1","floor":19},{"not_picked":["theMarked:TakeOffHeels","theMarked:Improvise"],"picked":"theMarked:OneWithTheBlade","floor":24},{"not_picked":["theMarked:Memento+1","theMarked:Frustration+1","theMarked:WastefulAttack"],"picked":"SKIP","floor":28},{"not_picked":["theMarked:ShockingTouch+1","theMarked:ChainLightning+1"],"picked":"theMarked:SwordAndMagic","floor":29},{"not_picked":["theMarked:RepellingDischarge","theMarked:Memento+1"],"picked":"theMarked:Aftermath+1","floor":31},{"not_picked":["theMarked:TurnInvisible","theMarked:BindingBlade"],"picked":"theMarked:BiggerThanFate","floor":33},{"not_picked":["theMarked:Pokerface","theMarked:HeightenedSenses"],"picked":"theMarked:SwordAndMagic","floor":35},{"not_picked":["theMarked:Memento","theMarked:AttractMetal"],"picked":"theMarked:Electrocute+1","floor":36},{"not_picked":["theMarked:Friction","theMarked:Parry"],"picked":"theMarked:Reabsorb","floor":37}],"player_experience":400458,"relics_obtained":[{"floor":6,"key":"halation:PromiseList"},{"floor":10,"key":"halation:QuantumPhysicsTextbook"}],"event_choices":[{"cards_removed":["theMarked:Strike"],"damage_healed":0,"gold_gain":0,"player_choice":"Purged","damage_taken":0,"max_hp_gain":0,"max_hp_loss":0,"event_name":"Purifier","floor":2,"gold_loss":0},{"damage_healed":0,"gold_gain":0,"player_choice":"Ignored","damage_taken":0,"max_hp_gain":0,"max_hp_loss":0,"event_name":"betterNote:BetterNote","floor":20,"gold_loss":0,"cards_obtained":["MaximisePower"]},{"cards_removed":["theMarked:Strike"],"damage_healed":0,"gold_gain":0,"player_choice":"Upgrade and Remove","damage_taken":0,"max_hp_gain":0,"max_hp_loss":0,"event_name":"Designer","floor":22,"gold_loss":90,"cards_upgraded":["theMarked:Polarize"]},{"damage_healed":0,"gold_gain":0,"player_choice":"Copied","damage_taken":0,"max_hp_gain":0,"max_hp_loss":0,"event_name":"Duplicator","floor":25,"gold_loss":0,"cards_obtained":["theMarked:BiggerThanFate"]},{"damage_healed":0,"gold_gain":0,"player_choice":"1","damage_taken":0,"max_hp_gain":0,"max_hp_loss":0,"event_name":"betterMatch:BetterMatch","floor":37,"gold_loss":0,"cards_obtained":["betterMatch:UncommonCard"]}],"is_beta":false,"boss_relics":[{"not_picked":["aspiration:RunicSpoon","Abe\u0027s Treasure"],"picked":"infinitespire:Cupcake"},{"not_picked":["Ring of Chaos","Coffee Dripper"],"picked":"theMarked:Eyepatch"}],"items_purged_floors":[12],"is_endless":false,"potions_floor_spawned":[1,3,4,13,16,18,19,35],"killed_by":"Jaw Worm Horde","ascension_level":0}}