{"host":"gttgmv2wah99hzdm","time":1613772320,"event":{"mods":["AchievementEnabler","BaseMod","Bestiary","Block Reminder","Minty Spire (QoL Compilation)","Permanent Neow","Relic Stats","Weighted Paths","ojb\u0027s Info Mod"],"gold_per_floor":[366,382,400,69,69,69,97,97,97,97,107,124,124,450,450,526,526,545,141,141,141,141,141,175,185,210,224,274,306,317,347,347,426,426,442,442,455,29,40,40,59,84,110,135,135,10,30,30,30,30,30,30,30,30,55,55],"floor_reached":57,"language":"ENG","playtime":5854,"items_purged":["Strike_G","Parasite","Regret"],"score":2775,"play_id":"547c6d29-7be0-4e61-837f-d85816be97e9","local_time":"20210219160520","is_ascension_mode":true,"campfire_choices":[{"floor":6.0,"key":"REST"},{"floor":10.0,"key":"REST"},{"data":"Accuracy","floor":13.0,"key":"SMITH"},{"data":"Blade Dance","floor":15.0,"key":"SMITH"},{"data":"Accuracy","floor":23.0,"key":"SMITH"},{"data":"Calculated Gamble","floor":32,"key":"SMITH"},{"data":"Calculated Gamble","floor":40,"key":"SMITH"},{"floor":49,"key":"RECALL"},{"floor":53,"key":"REST"}],"circlet_count":0,"master_deck":["AscendersBane","Defend_G","Defend_G+1","Defend_G","Defend_G","Defend_G","Survivor","Neutralize","Reflex","Endless Agony","Blade Dance+1","Blade Dance","Acrobatics+1","Noxious Fumes","Accuracy+1","Calculated Gamble+1","Corpse Explosion","Calculated Gamble+1","Accuracy+1","Blade Dance","Bite","Bite","Bite","Bite","Bite","Leg Sweep+1","Outmaneuver+1","PiercingWail+1","Cloak And Dagger+1","Adrenaline+1","Concentrate+1","Master of Strategy+1","PiercingWail+1","Calculated Gamble+1","Adrenaline+1","Acrobatics+1","Adrenaline+1"],"relics":["Ring of the Snake","Singing Bowl","Incense Burner","Old Coin","Runic Pyramid","Anchor","Nilry\u0027s Codex","Toxic Egg 2","Centennial Puzzle","Shuriken","Dream Catcher","Cursed Key","Medical Kit","Blood Vial","CaptainsWheel","War Paint"],"acts_visited":["Exordium","TheCity","TheBeyond","TheEnding"],"potions_floor_usage":[29,29,31,33,56,56],"damage_taken":[{"damage":15.0,"enemies":"Jaw Worm","floor":1.0,"turns":9.0},{"damage":4.0,"enemies":"2 Louse","floor":2.0,"turns":4.0},{"damage":9.0,"enemies":"Small Slimes","floor":3.0,"turns":5.0},{"damage":0.0,"enemies":"3 Louse","floor":5.0,"turns":1.0},{"damage":32.0,"enemies":"Gremlin Nob","floor":7.0,"turns":4.0},{"damage":2.0,"enemies":"2 Fungi Beasts","floor":11.0,"turns":3.0},{"damage":7.0,"enemies":"Exordium Wildlife","floor":12.0,"turns":6.0},{"damage":0.0,"enemies":"3 Sentries","floor":14.0,"turns":5.0},{"damage":1.0,"enemies":"Slime Boss","floor":16.0,"turns":5.0},{"damage":0.0,"enemies":"Chosen","floor":18.0,"turns":5.0},{"damage":5.0,"enemies":"Gremlin Leader","floor":24.0,"turns":5.0},{"damage":0.0,"enemies":"3 Byrds","floor":25.0,"turns":3.0},{"damage":5,"enemies":"Cultist and Chosen","floor":27,"turns":6},{"damage":19,"enemies":"Slavers","floor":29,"turns":2},{"damage":3,"enemies":"Centurion and Healer","floor":30,"turns":5},{"damage":6,"enemies":"Gremlin Leader","floor":31,"turns":5},{"damage":38,"enemies":"Automaton","floor":33,"turns":8},{"damage":0,"enemies":"3 Shapes","floor":35,"turns":2},{"damage":0,"enemies":"3 Darklings","floor":37,"turns":3},{"damage":0,"enemies":"Transient","floor":39,"turns":6},{"damage":0,"enemies":"Jaw Worm Horde","floor":41,"turns":2},{"damage":7,"enemies":"Nemesis","floor":42,"turns":3},{"damage":0,"enemies":"Mind Bloom Boss Battle","floor":44,"turns":6},{"damage":0,"enemies":"Maw","floor":47,"turns":4},{"damage":40,"enemies":"Donu and Deca","floor":50,"turns":7},{"damage":31,"enemies":"Awakened One","floor":51,"turns":9},{"damage":8,"enemies":"Shield and Spear","floor":55,"turns":3},{"damage":22,"enemies":"The Heart","floor":56,"turns":8}],"seed_played":"714964146728451783","potions_obtained":[{"floor":2.0,"key":"SmokeBomb"},{"floor":11.0,"key":"EntropicBrew"},{"floor":14.0,"key":"SteroidPotion"},{"floor":16.0,"key":"SneckoOil"},{"floor":27,"key":"Energy Potion"},{"floor":29,"key":"ColorlessPotion"},{"floor":30,"key":"Weak Potion"},{"floor":33,"key":"Explosive Potion"},{"floor":37,"key":"ColorlessPotion"},{"floor":47,"key":"GhostInAJar"}],"is_trial":false,"path_per_floor":["M","M","M","$","M","R","E","?","T","R","M","M","R","E","R","B",null,"M","$","?","?","?","R","E","M","T","M","?","E","M","E","R","B",null,"M","?","M","$","M","R","M","E","T","?","T","$","M","$","R","B","B",null,"R","$","E","B",null],"character_chosen":"THE_SILENT","items_purchased":["Blade Dance","Acrobatics","Noxious Fumes","BlessingOfTheForge","Accuracy","Blade Dance","Anchor","Medical Kit","Master of Strategy+1","PiercingWail+1"],"campfire_rested":3,"item_purchase_floors":[4,4,4,4,19,19,19,38,38,38],"current_hp_per_floor":[29,25,16,16,16,35,3,19,19,38,36,29,29,31,31,30,59,59,59,59,38,38,38,43,47,47,44,44,27,36,44,44,22,42,44,44,51,51,53,53,55,50,50,57,57,57,57,57,57,31,12,46,57,57,57,46],"gold":55,"neow_bonus":"TWO_FIFTY_GOLD","is_daily":false,"chose_seed":false,"campfire_upgraded":5,"win_rate":0.0,"timestamp":1613772320,"path_taken":["M","M","M","$","M","R","E","?","T","R","M","M","R","E","R","BOSS","M","$","?","?","?","R","E","M","T","M","?","E","M","E","R","BOSS","M","?","M","$","M","R","M","E","T","?","?","$","M","?","R","BOSS","BOSS","R","$","E","BOSS"],"items_purchased_type":["Card","Card","Card","Potion","Card","Card","Relic","Relic","Card","Card"],"build_version":"2020-12-22","purchased_purges":3,"victory":true,"max_hp_per_floor":[66,66,66,66,66,66,66,66,66,66,66,66,66,68,68,68,68,68,65,65,65,45,45,45,47,47,47,47,47,47,49,49,49,49,51,51,51,51,53,53,55,55,55,57,57,57,57,57,57,57,57,57,57,57,57,57],"relic_stats":{"Blood Vial":4,"Centennial Puzzle":[29],"Dream Catcher":1,"Singing Bowl":14,"counters":[28,134],"Shuriken":[86],"War Paint":["Acrobatics","Defend_G"],"Cursed Key":1,"Medical Kit":[3],"obtain_stats":[{"Singing Bowl":7,"Nilry\u0027s Codex":21,"Incense Burner":9,"War Paint":55,"Cursed Key":34,"Medical Kit":38,"Old Coin":14,"Blood Vial":42,"Anchor":19,"Centennial Puzzle":26,"Dream Catcher":31,"CaptainsWheel":44,"Shuriken":29,"Toxic Egg 2":24,"Ring of the Snake":0,"Runic Pyramid":17},{"Singing Bowl":5,"Nilry\u0027s Codex":10,"Incense Burner":5,"War Paint":27,"Cursed Key":17,"Medical Kit":19,"Old Coin":8,"Blood Vial":22,"Anchor":10,"Centennial Puzzle":12,"Dream Catcher":16,"CaptainsWheel":23,"Shuriken":14,"Toxic Egg 2":11,"Ring of the Snake":0,"Runic Pyramid":9},{"Singing Bowl":23,"Nilry\u0027s Codex":47,"Incense Burner":23,"War Paint":126,"Cursed Key":81,"Medical Kit":86,"Old Coin":37,"Blood Vial":97,"Anchor":47,"Centennial Puzzle":55,"Dream Catcher":73,"CaptainsWheel":103,"Shuriken":63,"Toxic Egg 2":52,"Ring of the Snake":0,"Runic Pyramid":42}],"Ring of the Snake":[57]},"card_choices":[{"not_picked":["Slice","Outmaneuver"],"picked":"Reflex","floor":1.0},{"not_picked":["Slice","Flechettes"],"picked":"Endless Agony","floor":2.0},{"not_picked":["Choke","Reflex"],"picked":"Blade Dance","floor":3.0},{"not_picked":["Predator","Slice"],"picked":"Dagger Spray","floor":7.0},{"not_picked":["Dash","Tactician"],"picked":"Accuracy","floor":11.0},{"not_picked":["Endless Agony","Expertise"],"picked":"Calculated Gamble","floor":12.0},{"not_picked":["Caltrops","Outmaneuver","Blur"],"picked":"Singing Bowl","floor":14.0},{"not_picked":["Night Terror","Storm of Steel"],"picked":"Corpse Explosion","floor":16.0},{"not_picked":["Infinite Blades","Deadly Poison"],"picked":"Calculated Gamble","floor":18.0},{"not_picked":["Setup+1","Backflip+1"],"picked":"Leg Sweep+1","floor":24.0},{"not_picked":["Backflip+1","Underhanded Strike","Dodge and Roll+1"],"picked":"Singing Bowl","floor":25},{"not_picked":["Acrobatics+1","Slice"],"picked":"Outmaneuver+1","floor":27},{"not_picked":["Escape Plan+1","Backflip+1"],"picked":"PiercingWail+1","floor":29},{"not_picked":["Deflect+1","Dagger Spray"],"picked":"Cloak And Dagger+1","floor":30},{"not_picked":["Underhanded Strike","Backstab","A Thousand Cuts"],"picked":"Singing Bowl","floor":31},{"not_picked":["Malaise+1","A Thousand Cuts"],"picked":"Adrenaline+1","floor":33},{"not_picked":["Quick Slash","Cloak And Dagger+1","Dodge and Roll+1"],"picked":"Singing Bowl","floor":35},{"not_picked":["Deflect+1","Dagger Throw+1"],"picked":"Concentrate+1","floor":37},{"not_picked":["Infinite Blades","Deflect+1","Bouncing Flask+1"],"picked":"Singing Bowl","floor":39},{"not_picked":["All Out Attack+1","Backflip+1","Deflect+1"],"picked":"Singing Bowl","floor":41},{"not_picked":["Bane+1","Predator"],"picked":"Calculated Gamble+1","floor":42},{"not_picked":["Deflect+1","Dash","Dodge and Roll+1"],"picked":"Singing Bowl","floor":44},{"not_picked":["Bane","Blade Dance+1"],"picked":"Adrenaline+1","floor":47},{"not_picked":["Deadly Poison+1","Outmaneuver+1"],"picked":"Acrobatics+1","floor":53},{"not_picked":["Setup+1","Calculated Gamble+1"],"picked":"Adrenaline+1","floor":55}],"player_experience":1118118,"relics_obtained":[{"floor":7.0,"key":"Singing Bowl"},{"floor":9.0,"key":"Incense Burner"},{"floor":14.0,"key":"Old Coin"},{"floor":21.0,"key":"Nilry\u0027s Codex"},{"floor":24.0,"key":"Toxic Egg 2"},{"floor":26,"key":"Centennial Puzzle"},{"floor":29,"key":"Shuriken"},{"floor":31,"key":"Dream Catcher"},{"floor":42,"key":"Blood Vial"},{"floor":44,"key":"CaptainsWheel"},{"floor":55,"key":"War Paint"}],"event_choices":[{"damage_healed":16.0,"max_hp_gain":0.0,"max_hp_loss":0.0,"gold_gain":0.0,"event_name":"Mushrooms","player_choice":"Healed and dodged fight","floor":8.0,"gold_loss":0.0,"damage_taken":0.0,"cards_obtained":["Parasite"]},{"damage_healed":0.0,"max_hp_gain":0.0,"max_hp_loss":0.0,"gold_gain":0.0,"event_name":"The Mausoleum","player_choice":"Ignored","floor":20.0,"gold_loss":0.0,"damage_taken":0.0},{"damage_healed":0.0,"max_hp_gain":0.0,"max_hp_loss":0.0,"gold_gain":0.0,"event_name":"Cursed Tome","player_choice":"Obtained Book","floor":21.0,"gold_loss":0.0,"damage_taken":21.0},{"damage_healed":0.0,"max_hp_gain":0.0,"max_hp_loss":20.0,"gold_gain":0.0,"event_name":"Vampires","player_choice":"Became a vampire","floor":22.0,"gold_loss":0.0,"damage_taken":0.0,"cards_obtained":["Bite","Bite","Bite","Bite","Bite"]},{"damage_healed":0,"gold_gain":50,"player_choice":"Stole From Cult","damage_taken":0,"max_hp_gain":0,"max_hp_loss":0,"event_name":"Nest","floor":28,"gold_loss":0},{"cards_removed":["Dagger Spray"],"damage_healed":0,"gold_gain":0,"player_choice":"Removed Attack","damage_taken":0,"max_hp_gain":0,"max_hp_loss":0,"event_name":"Falling","floor":36,"gold_loss":0},{"damage_healed":0,"gold_gain":0,"player_choice":"Fight","damage_taken":0,"max_hp_gain":0,"max_hp_loss":0,"event_name":"MindBloom","floor":44,"gold_loss":0}],"is_beta":false,"boss_relics":[{"not_picked":["Black Star","SacredBark"],"picked":"Runic Pyramid"},{"not_picked":["Tiny House","Ring of the Serpent"],"picked":"Cursed Key"}],"items_purged_floors":[4,19,46],"is_endless":false,"potions_floor_spawned":[2,11,14,16,27,29,30,33,37,47],"ascension_level":20}}