{"host":"htvce8wym9d6pe5b","time":1613741103,"event":{"mods":["Act Like it!","BaseMod","Colored Map","Conspire","Downfall","Duelist Mod","Hermit","Highlight Path","Hubris","Infinite Spire","Jorbs\u0027s Wanderer Trilogy","Minty Spire (QoL Compilation)","Replay The Spire","StSLib","The Bug Knight","The Cursed","The Disciple","The Hierophant","The Runesmith"],"gold_per_floor":[112,61,81,101,101,115,115,127,195,206,218,248,248,277,277,376,376,386,104,122,137,152,152,152,183,183,194,194,194],"floor_reached":28,"language":"ENG","playtime":2335,"items_purged":[],"score":254,"play_id":"86f1be21-ea54-4af5-949e-1b2643dba374","local_time":"20210219072503","is_ascension_mode":false,"campfire_choices":[{"data":"hermit:Snapshot","floor":7,"key":"SMITH"},{"floor":13,"key":"REST"},{"floor":15,"key":"REST"},{"floor":23,"key":"REST"}],"circlet_count":0,"master_deck":["hermit:Strike_Hermit","hermit:Strike_Hermit","hermit:Strike_Hermit","hermit:Strike_Hermit","hermit:Defend_Hermit","hermit:Defend_Hermit","hermit:Defend_Hermit","hermit:Defend_Hermit","hermit:Snapshot+1","hermit:Covet","hermit:Ricochet","hermit:Midnight+1","hermit:TrackingShot","hermit:Quickdraw","hermit:Snipe","hermit:EyeOfTheStorm","hermit:CursedWeapon","hermit:PistolWhip","hermit:Determination","hermit:Dissolve","hermit:EternalForm","hermit:Misfire","Replay:BasicMightCard","hermit:Determination","hermit:Dive","hermit:Desperado","hermit:Manifest","hermit:Ricochet","hermit:Horror","hermit:Misfire","infinitespire:Execution","hermit:EyeOfTheStorm+1","hermit:DeadMansHand"],"relics":["hermit:Momento","NeowsBlessing","FaceOfCleric","White Beast Statue","Simple Rune","Bronze Scales","Runic Pyramid","Girya","Dream Catcher","Garlic"],"acts_visited":["Exordium","TheCity"],"potions_floor_usage":[],"damage_taken":[{"damage":0,"enemies":"Cultist","floor":1,"turns":1},{"damage":0,"enemies":"Small Slimes","floor":3,"turns":1},{"damage":0,"enemies":"2 Louse","floor":4,"turns":1},{"damage":4,"enemies":"Gremlin Gang","floor":6,"turns":4},{"damage":0,"enemies":"Blue Slaver","floor":8,"turns":2},{"damage":3,"enemies":"2 Fungi Beasts","floor":10,"turns":3},{"damage":2,"enemies":"Looter","floor":11,"turns":1},{"damage":49,"enemies":"Lagavulin","floor":12,"turns":6},{"damage":19,"enemies":"3 Sentries","floor":14,"turns":7},{"damage":24,"enemies":"Fading Forest","floor":16,"turns":11},{"damage":22,"enemies":"Spheric Guardian","floor":18,"turns":4},{"damage":2,"enemies":"Chosen","floor":20,"turns":4},{"damage":15,"enemies":"Snake Plant","floor":21,"turns":4},{"damage":12,"enemies":"Snecko","floor":22,"turns":5},{"damage":39,"enemies":"Nightmare","floor":25,"turns":5},{"damage":18,"enemies":"Centurion and Healer","floor":27,"turns":6},{"damage":7,"enemies":"3 Cultists","floor":28,"turns":2}],"seed_played":"2780645766192073648","potions_obtained":[{"floor":3,"key":"DuplicationPotion"},{"floor":6,"key":"EssenceOfSteel"},{"floor":8,"key":"sneckomod:MuddlingPotion"},{"floor":10,"key":"hexamod:SoulburnPotion"},{"floor":25,"key":"PowerPotion"}],"is_trial":false,"path_per_floor":["M","$","M","M","?","M","R","M","T","M","M","E","R","E","R","B",null,"M","$","M","M","M","R","?","NM","T","M","M"],"character_chosen":"HERMIT","items_purchased":["hermit:Midnight+1","Replay:BasicMightCard","hermit:Determination","hermit:Dive","hermit:Desperado","hermit:Manifest"],"campfire_rested":3,"item_purchase_floors":[2,19,19,19,19,19],"current_hp_per_floor":[75,75,75,75,75,72,72,73,73,71,70,22,46,28,52,53,82,61,61,60,46,35,60,60,22,22,5,0,0],"gold":194,"neow_bonus":"THREE_ENEMY_KILL","is_daily":false,"chose_seed":false,"campfire_upgraded":1,"win_rate":0.0,"timestamp":1613741103,"path_taken":["M","?","M","M","?","M","R","M","T","M","M","E","R","E","R","BOSS","M","$","?","M","M","R","?","NM","T","M","?"],"items_purchased_type":["Card","Card","Card","Card","Card","Card"],"build_version":"2020-12-22","purchased_purges":0,"victory":false,"max_hp_per_floor":[75,75,75,75,75,76,76,77,77,78,79,80,80,81,81,82,82,83,83,84,85,86,86,86,87,87,88,88,88],"card_choices":[{"not_picked":["hermit:ItchyTrigger","hermit:Feint"],"picked":"hermit:Ricochet","floor":1},{"not_picked":["hermit:Headshot","hermit:TakeCover"],"picked":"hermit:TrackingShot","floor":3},{"not_picked":["hermit:ItchyTrigger","hermit:LowProfile"],"picked":"hermit:Quickdraw","floor":4},{"not_picked":["hermit:Desperado","hermit:WideOpen"],"picked":"hermit:Snipe","floor":6},{"not_picked":["hermit:LuckOfTheDraw","hermit:Roughhouse"],"picked":"hermit:EyeOfTheStorm","floor":8},{"not_picked":["hermit:LowProfile","hermit:TrackingShot"],"picked":"hermit:CursedWeapon","floor":10},{"not_picked":["hermit:BodyArmor","hermit:Midnight"],"picked":"hermit:PistolWhip","floor":11},{"not_picked":["hermit:LowProfile","hermit:BodyArmor"],"picked":"hermit:Determination","floor":12},{"not_picked":["hermit:HighCaliber","hermit:Snipe"],"picked":"hermit:Dissolve","floor":14},{"not_picked":["hermit:Roughhouse","hermit:HighNoon"],"picked":"hermit:EternalForm","floor":16},{"not_picked":["hermit:Grudge","hermit:WideOpen"],"picked":"hermit:Misfire","floor":18},{"not_picked":["hermit:DeadMansHand","hermit:Manifest"],"picked":"hermit:Ricochet","floor":20},{"not_picked":["hermit:Brawl","hermit:ItchyTrigger"],"picked":"hermit:Horror","floor":21},{"not_picked":["hermit:NoHoldsBarred","hermit:LowProfile"],"picked":"hermit:Misfire","floor":22},{"not_picked":["infinitespire:SealOfDarkness+","infinitespire:UltimateForm"],"picked":"infinitespire:Execution","floor":25},{"not_picked":["hermit:LuckOfTheDraw","hermit:SprayPray"],"picked":"hermit:EyeOfTheStorm+1","floor":25},{"not_picked":["hermit:LuckOfTheDraw","hermit:LoneWolf"],"picked":"hermit:DeadMansHand","floor":27}],"player_experience":9563,"relics_obtained":[{"floor":9,"key":"White Beast Statue"},{"floor":12,"key":"Simple Rune"},{"floor":14,"key":"Bronze Scales"},{"floor":25,"key":"Dream Catcher"},{"floor":26,"key":"Garlic"}],"event_choices":[{"damage_healed":0,"gold_gain":0,"player_choice":"Trade","damage_taken":0,"relics_obtained":["FaceOfCleric"],"max_hp_gain":0,"max_hp_loss":0,"event_name":"FaceTrader","floor":5,"gold_loss":0},{"damage_healed":0,"gold_gain":0,"player_choice":"Gave Potion","damage_taken":0,"relics_obtained":["Girya"],"max_hp_gain":0,"max_hp_loss":0,"event_name":"WeMeetAgain","floor":24,"gold_loss":0}],"is_beta":false,"boss_relics":[{"not_picked":["hermit:BartenderGlass","Replay:Wanted Poster"],"picked":"Runic Pyramid"}],"items_purged_floors":[],"is_endless":true,"potions_floor_spawned":[3,6,8,10,11,12,14,16,18,20,21,22,25,27],"killed_by":"3 Cultists","ascension_level":0}}