{"host":"snd6571rw3150vxe","time":1613761716,"event":{"mods":["AchievementEnabler","BaseMod","Bestiary","Colored Powertips","Highlight Path","Minty Spire (QoL Compilation)","Quick Restart","Random Character Button","Relic Stats","StSLib","slay the spire mod where everything is the same but ironclad has a cowboy hat"],"gold_per_floor":[217,217,217,217,241,241,48,48,48,48,79,79,98,131,131,131,131],"floor_reached":16,"language":"ENG","playtime":393,"items_purged":["Strike_R"],"score":106,"play_id":"d3e54c29-6628-4aa9-997d-ba564a37cdf2","local_time":"20210219210836","is_ascension_mode":false,"campfire_choices":[{"floor":6,"key":"REST"},{"data":"Bash","floor":8,"key":"SMITH"},{"floor":15,"key":"REST"}],"circlet_count":0,"master_deck":["Strike_R","Strike_R+1","Strike_R","Strike_R","Defend_R","Defend_R+1","Defend_R","Defend_R","Bash+1"],"relics":["Burning Blood","Smiling Mask","Golden Idol","Tiny Chest","Self Forming Clay","CeramicFish","Strawberry","Blue Candle"],"acts_visited":["Exordium"],"potions_floor_usage":[5],"damage_taken":[{"damage":5,"enemies":"Small Slimes","floor":1,"turns":3},{"damage":5,"enemies":"2 Louse","floor":5,"turns":3},{"damage":25,"enemies":"Gremlin Nob","floor":11,"turns":4},{"damage":3,"enemies":"Jaw Worm","floor":13,"turns":3},{"damage":34,"enemies":"3 Sentries","floor":14,"turns":11},{"damage":59,"enemies":"Hexaghost","floor":16,"turns":9}],"seed_played":"-1213186120712827825","potions_obtained":[{"floor":5,"key":"Fruit Juice"},{"floor":11,"key":"LiquidBronze"}],"is_trial":false,"path_per_floor":["M","?","?","?","M","R","$","R","T","$","E","?","M","E","R","B"],"character_chosen":"IRONCLAD","items_purchased":["Tiny Chest"],"campfire_rested":2,"item_purchase_floors":[7],"current_hp_per_floor":[80,64,57,37,43,68,68,68,68,68,49,56,59,31,58,0,0],"gold":131,"neow_bonus":"HUNDRED_GOLD","is_daily":false,"chose_seed":false,"campfire_upgraded":1,"win_rate":0.0,"timestamp":1613761716,"path_taken":["M","?","?","?","?","R","$","R","T","?","E","?","M","E","R","BOSS"],"items_purchased_type":["Relic"],"build_version":"2020-12-22","purchased_purges":1,"victory":false,"max_hp_per_floor":[80,80,80,80,85,85,85,85,85,85,85,92,92,92,92,92,92],"relic_stats":{"counters":[6,33],"Golden Idol":22,"Self Forming Clay":[57],"CeramicFish":0,"Blue Candle":[0],"Tiny Chest":0,"Smiling Mask":25,"obtain_stats":[{"Golden Idol":4,"Self Forming Clay":9,"CeramicFish":11,"Strawberry":12,"Blue Candle":14,"Tiny Chest":7,"Smiling Mask":3,"Burning Blood":0},{"Golden Idol":1,"Self Forming Clay":2,"CeramicFish":3,"Strawberry":3,"Blue Candle":5,"Tiny Chest":2,"Smiling Mask":1,"Burning Blood":0},{"Golden Idol":3,"Self Forming Clay":6,"CeramicFish":10,"Strawberry":10,"Blue Candle":24,"Tiny Chest":6,"Smiling Mask":3,"Burning Blood":0}],"Burning Blood":29},"card_choices":[{"not_picked":["Thunderclap","Flex","Rage"],"picked":"SKIP","floor":1},{"not_picked":["Warcry","Anger","Offering"],"picked":"SKIP","floor":5},{"not_picked":["Dual Wield","Headbutt","Fire Breathing"],"picked":"SKIP","floor":11},{"not_picked":["Seeing Red","Second Wind","Havoc"],"picked":"SKIP","floor":13},{"not_picked":["Battle Trance","Rupture","Flex"],"picked":"SKIP","floor":14}],"player_experience":369401,"relics_obtained":[{"floor":9,"key":"Self Forming Clay"},{"floor":11,"key":"CeramicFish"},{"floor":14,"key":"Blue Candle"}],"event_choices":[{"damage_healed":0,"gold_gain":0,"player_choice":"Entered Light","damage_taken":16,"max_hp_gain":0,"max_hp_loss":0,"event_name":"Shining Light","floor":2,"gold_loss":0,"cards_upgraded":["Strike_R","Defend_R"]},{"damage_healed":0,"gold_gain":0,"player_choice":"Success","damage_taken":7,"relics_obtained":["Smiling Mask"],"max_hp_gain":0,"max_hp_loss":0,"event_name":"Scrap Ooze","floor":3,"gold_loss":0},{"damage_healed":0,"gold_gain":0,"player_choice":"Take Damage","damage_taken":20,"relics_obtained":["Golden Idol"],"max_hp_gain":0,"max_hp_loss":0,"event_name":"Golden Idol","floor":4,"gold_loss":0},{"damage_healed":0,"gold_gain":0,"player_choice":"Gave Potion","damage_taken":0,"relics_obtained":["Strawberry"],"max_hp_gain":0,"max_hp_loss":0,"event_name":"WeMeetAgain","floor":12,"gold_loss":0}],"is_beta":false,"boss_relics":[],"items_purged_floors":[7],"is_endless":false,"potions_floor_spawned":[5,11],"killed_by":"Hexaghost","ascension_level":0}}