{"host":"smeba5iqt06s46ur","time":1613750851,"event":{"mods":["BaseMod","Downfall","Hero for Fun","Highlight Path","Marisa£®ÏF”Í°°ƒß¿Ì…≥£©","Minty Spire (QoL Compilation)","READ ME - Guardian Mod","Replay The Spire","Shop Mod","StSLib","The Animator","The Bug Knight","The Cursed","The Disciple","The Necromancer","The Servant 0.9.4","[IsaacMod]“‘»ˆº‚À˛"],"gold_per_floor":[101,116,132,132,132,158,208,223,223,240,240,240,240,271,288,392,392,292,374,1,21,54,54,99,127,27,27,27,72,111,167,179,283,283,183,227,243,243,243,243,315,332,382,382,453,453,574,631,715,760,760,857,184,184,184,209],"floor_reached":57,"language":"ZHS","playtime":1144,"items_purged":["downfall:Malfunctioning","downfall:Bewildered","Sickly"],"score":2166,"play_id":"6208b3b7-ce25-4a0b-99d8-d357af5697dd","local_time":"20210220000731","is_ascension_mode":true,"campfire_choices":[{"floor":1,"key":"DIG"},{"data":"BloodyBrimstone","floor":9,"key":"SMITH"},{"data":"Tempo","floor":13,"key":"SMITH"},{"floor":18,"key":"RECALL"},{"data":"HandOfGreed","floor":23,"key":"SMITH"},{"data":"sneckomod:UnknownRareAttack","floor":26,"key":"SMITH"},{"floor":28,"key":"REST"},{"data":"HandOfGreed","floor":35,"key":"SMITH"},{"floor":40,"key":"REST"},{"floor":46,"key":"REST"},{"floor":54,"key":"REST"}],"circlet_count":0,"master_deck":["BloodyBrimstone+1","Wear_Disguise+1","Dramatic Entrance+1","sneckomod:WideSting","sneckomod:UnknownRareAttack+1","HandOfGreed+1","Slap","Hop+1","Terrifying_Presence","Do_Nothing","Serious_Punch","Hip_Strike","Wear_Disguise","Get_Hopes_Up","Get_Hopes_Up","Wear_Disguise","HandOfGreed+1","Hallucinations","Replay:Hysterical Blindness","ReplayTheSpireMod:Restless Dread","Decay","downfall:Malfunctioning","Allargando+1"],"relics":["Cape","HushsDoor","PokeGo","DoctorsRemote","PrismaticShard","The Courier","Simple Rune","Tiny Chest","Replay:Rubber Ducky","Philosopher\u0027s Stone","GuppysHead","downfall:HeartBlessingGreen","Mercury Hourglass","Replay:PocketPolymizer","TheBattery","TheBean","Matryoshka","HowToJump","Replay:Baseball","downfall:HeartBlessingRed","sneckomod:BabySnecko","Juzu Bracelet","Pandora\u0027s Box","BelialBook","GuppysHairball","GuppysPaw","downfall:HeartBlessingBlue","Onion Ring","Pear","Shuriken","Ring of Greed","MealTicket","Golden Egg","ReplayTheSpireMod:Ring of Challenge","Centennial Puzzle","CatCart","Bronze Scales","Blood Vial","ReplayTheSpireMod:CursedCoin","MerchantsRug","TheBible","Gremlin Food","Vajra","AnarchistCookbook"],"acts_visited":["Exordium","TheCity","TheBeyond","TheEnding"],"potions_floor_usage":[55,56,56],"damage_taken":[{"damage":0,"enemies":"2 Louse","floor":2,"turns":2},{"damage":0,"enemies":"Jaw Worm","floor":3,"turns":1},{"damage":0,"enemies":"Gremlin Nob","floor":6,"turns":1},{"damage":0,"enemies":"Cultist","floor":8,"turns":1},{"damage":0,"enemies":"3 Louse","floor":10,"turns":1},{"damage":0,"enemies":"3 Sentries","floor":14,"turns":1},{"damage":0,"enemies":"Large Slime","floor":15,"turns":1},{"damage":0,"enemies":"WA_ARCHETYPE_RETAIN","floor":16,"turns":1},{"damage":0,"enemies":"downfall:FleeingMerchant","floor":20,"turns":1},{"damage":0,"enemies":"Shell Parasite","floor":21,"turns":1},{"damage":0,"enemies":"Cultist and Chosen","floor":22,"turns":1},{"damage":0,"enemies":"Book of Stabbing","floor":25,"turns":1},{"damage":0,"enemies":"Shelled Parasite and Fungi","floor":29,"turns":1},{"damage":0,"enemies":"3 Cultists","floor":30,"turns":1},{"damage":0,"enemies":"HollowMod:Nosk","floor":31,"turns":1},{"damage":0,"enemies":"Centurion and Healer","floor":32,"turns":1},{"damage":0,"enemies":"IC_MUSHROOM_ARCHETYPE","floor":33,"turns":1},{"damage":0,"enemies":"Orb Walker","floor":36,"turns":1},{"damage":0,"enemies":"3 Darklings","floor":37,"turns":1},{"damage":0,"enemies":"Maw","floor":42,"turns":1},{"damage":0,"enemies":"Giant Head","floor":45,"turns":1},{"damage":0,"enemies":"Orin","floor":47,"turns":2},{"damage":0,"enemies":"HollowMod:StalkingDevout","floor":48,"turns":1},{"damage":0,"enemies":"Jaw Worm Horde","floor":49,"turns":1},{"damage":0,"enemies":"SI_POISON_ARCHETYPE","floor":50,"turns":1},{"damage":0,"enemies":"downfall:CharBossMerchant","floor":52,"turns":1},{"damage":0,"enemies":"Delirium","floor":55,"turns":1},{"damage":0,"enemies":"Delirium","floor":56,"turns":14}],"seed_played":"-7968948783698462371","potions_obtained":[{"floor":8,"key":"Weak Potion"},{"floor":10,"key":"ColorlessPotion"},{"floor":14,"key":"Toxic Potion"},{"floor":31,"key":"AttackPotion"}],"is_trial":false,"path_per_floor":["R","M","M","?","T","E","T","M","R","M","?","?","R","E","M","B",null,"R","T","$","M","M","R","T","E","R","?","R","M","M","E","M","B",null,"R","M","M","?","T","R","T","M","?","?","E","R","?","E","M","B",null,"E","$","R","B","B",null],"character_chosen":"OPM","items_purchased":["GuppysHead","HandOfGreed","Replay:PocketPolymizer","TheBattery","TheBean","Matryoshka","HandOfGreed","BelialBook","GuppysHairball","GuppysPaw","Slimebound:ThreeZeroPotion","ReplayTheSpireMod:CursedCoin","MerchantsRug","TheBible","Gremlin Food","Vajra","AnarchistCookbook"],"campfire_rested":4,"item_purchase_floors":[17,17,20,20,20,20,34,34,34,34,34,53,53,53,53,53,53],"current_hp_per_floor":[999,999,999,999,999,999,999,999,999,999,999,999,999,999,999,999,979,979,979,979,979,979,979,979,979,979,979,979,979,979,979,979,979,933,943,943,943,943,953,953,953,953,953,953,953,953,953,953,953,953,953,953,953,953,947,944],"gold":209,"neow_bonus":"HUNDRED_GOLD","is_daily":false,"chose_seed":false,"campfire_upgraded":5,"win_rate":0.0,"timestamp":1613750851,"path_taken":["R","M","M","?","?","E","T","?","R","M","?","?","R","E","M","BOSS","R","?","$","?","M","R","T","E","R","?","R","M","M","E","M","BOSS","R","M","M","?","?","R","T","M","?","?","E","R","?","E","M","BOSS","E","$","R","BOSS","BOSS"],"items_purchased_type":["Relic","Card","Relic","Relic","Relic","Relic","Card","Relic","Relic","Relic","Potion","Relic","Relic","Relic","Relic","Relic","Relic"],"build_version":"2020-12-22","purchased_purges":3,"victory":true,"max_hp_per_floor":[999,999,999,999,999,999,999,999,999,999,999,999,999,999,999,999,979,979,979,979,979,979,979,979,979,979,979,979,979,979,979,979,979,933,943,943,943,943,953,953,953,953,953,953,953,953,953,953,953,953,953,953,953,953,947,944],"card_choices":[{"not_picked":[],"picked":"BloodyBrimstone","floor":0},{"not_picked":["Normal_Punch","Ignore"],"picked":"Wear_Disguise","floor":2},{"not_picked":["Toss_Stone","Yawn","Do_Nothing"],"picked":"SKIP","floor":3},{"not_picked":["Crystallizer","champ:FlashCut","animator:Kazuma"],"picked":"SKIP","floor":6},{"not_picked":["Guardian:PrimingBeam","Darkness"],"picked":"Dramatic Entrance","floor":8},{"not_picked":["bronze:Frontload","Ricochet"],"picked":"Tempo","floor":10},{"not_picked":["Eviscerate","HollowMod:InfectedAttack","Slimebound:FinishingTackle"],"picked":"SKIP","floor":14},{"not_picked":["HollowMod:LifebloodCocoon","TheCursedMod:VitalStrike"],"picked":"sneckomod:WideSting","floor":15},{"not_picked":["Hellfire","bronze:RecursiveStrike"],"picked":"sneckomod:UnknownRareAttack","floor":16},{"not_picked":["ThirdEye","animator:Mikaela+1","Cancel+1"],"picked":"SKIP","floor":20},{"not_picked":["animator:MamiTomoe","TheCursedMod:CursedShiv","HollowMod:ChannelNail"],"picked":"SKIP","floor":21},{"not_picked":["Defy Death","HollowMod:SoulStrike","Static Discharge"],"picked":"SKIP","floor":22},{"not_picked":["Slimebound:DisruptingSlam","Pommel Strike","animator:Konayuki"],"picked":"SKIP","floor":25},{"not_picked":["Guardian:RefractedBeam","Shackles_Of_Pain","EmptyFist"],"picked":"SKIP","floor":29},{"not_picked":["DoubleEdge+1","FTL","AlternateTimeline"],"picked":"SKIP","floor":30},{"not_picked":["Ignore","Study","Blood_Shield"],"picked":"SKIP","floor":31},{"not_picked":["hexamod:RadiantFlame","Slimebound:WasteNot","sneckomod:DiceBoulder"],"picked":"SKIP","floor":32},{"not_picked":["sneckomod:UnknownClassMARISA_COLOR","animator:Ain+1","bronze:BitShift+1"],"picked":"SKIP","floor":36},{"not_picked":["TheCursedMod:CircleOfBlood+1","MeteoricShower+1","hexamod:SwordOfDarkness+1"],"picked":"SKIP","floor":37},{"not_picked":["HollowMod:VengefulVoid","animator:Shuna+1","TheCursedMod:CircleOfCorruption"],"picked":"SKIP","floor":42},{"not_picked":["Slimebound:ItLooksTasty+1","hexamod:ShieldOfDarkness","sneckomod:UnknownCommonSkill"],"picked":"SKIP","floor":45},{"not_picked":["HollowMod:PerfectDash+1","Read","animator:DolaSchwi+1"],"picked":"SKIP","floor":48},{"not_picked":["champ:BladeFlurry","Spin+1","Purity+1"],"picked":"SKIP","floor":49},{"not_picked":["WindUp+1","animator:Elsword","BackFourSeconds"],"picked":"SKIP","floor":52}],"player_experience":432473,"relics_obtained":[{"floor":1,"key":"DoctorsRemote"},{"floor":5,"key":"The Courier"},{"floor":6,"key":"Simple Rune"},{"floor":7,"key":"Tiny Chest"},{"floor":14,"key":"Replay:Rubber Ducky"},{"floor":19,"key":"Mercury Hourglass"},{"floor":24,"key":"HowToJump"},{"floor":25,"key":"Replay:Baseball"},{"floor":31,"key":"Juzu Bracelet"},{"floor":39,"key":"Onion Ring"},{"floor":39,"key":"Pear"},{"floor":41,"key":"Shuriken"},{"floor":43,"key":"Ring of Greed"},{"floor":43,"key":"MealTicket"},{"floor":43,"key":"Golden Egg"},{"floor":43,"key":"ReplayTheSpireMod:Ring of Challenge"},{"floor":45,"key":"Centennial Puzzle"},{"floor":47,"key":"CatCart"},{"floor":48,"key":"Bronze Scales"},{"floor":52,"key":"Blood Vial"}],"event_choices":[{"cards_removed":["Regret"],"damage_healed":0,"gold_gain":0,"player_choice":"Forget","damage_taken":0,"max_hp_gain":0,"max_hp_loss":0,"event_name":"Living Wall","floor":11,"gold_loss":0},{"damage_healed":0,"gold_gain":0,"player_choice":"Fight","damage_taken":0,"max_hp_gain":0,"max_hp_loss":0,"event_name":"OrinTheCat","floor":47,"gold_loss":0}],"is_beta":false,"boss_relics":[{"not_picked":["Kintsugi","ChewingGum"],"picked":"Philosopher\u0027s Stone"},{"not_picked":[]},{"not_picked":["Fusion Hammer","SacredBark"],"picked":"Pandora\u0027s Box"},{"not_picked":[]}],"items_purged_floors":[17,34,53],"is_endless":false,"potions_floor_spawned":[8,10,14,25,31,36,47,48,49],"ascension_level":5}}