{"host":"sxnl403xm2xmiyj1","time":1613763314,"event":{"mods":["BaseMod","Colored Map","Keyboard Shortcuts","Koishi","Minty Spire (QoL Compilation)","Quick Restart","StSLib","SuperFastMode"],"gold_per_floor":[109,123,141,191,204,204,43,43,124,124,142,158,168,197,197,197,197],"floor_reached":16,"language":"KOR","playtime":487,"items_purged":[],"score":239,"play_id":"a38ec584-b752-426e-aad0-8119b2fa48d9","local_time":"20210220043514","is_ascension_mode":true,"campfire_choices":[{"data":"Koishi:FadingMemory","floor":6,"key":"SMITH"},{"data":"Koishi:GhostParty","floor":10,"key":"SMITH"},{"data":"Koishi:SubterraneanRose","floor":15,"key":"SMITH"}],"circlet_count":0,"master_deck":["AscendersBane","Koishi:BasicStrike","Koishi:BasicStrike","Koishi:BasicStrike","Koishi:BasicStrike","Koishi:BasicDefend","Koishi:BasicDefend","Koishi:BasicDefend","Koishi:BasicDefend","Koishi:Provoke","Koishi:HauntingSlash","Koishi:FadingMemory+1","Koishi:SubterraneanRose+1","Koishi:GhostParty+1","Koishi:SubterraneanRose","Koishi:SubterraneanRose+1"],"relics":["Koishi:ImaginaryFriend","PreservedInsect","Anchor"],"acts_visited":["Exordium"],"potions_floor_usage":[16],"damage_taken":[{"damage":2,"enemies":"2 Louse","floor":1,"turns":3},{"damage":0,"enemies":"Cultist","floor":2,"turns":4},{"damage":1,"enemies":"Small Slimes","floor":3,"turns":5},{"damage":20,"enemies":"Exordium Wildlife","floor":5,"turns":8},{"damage":0,"enemies":"2 Fungi Beasts","floor":11,"turns":8},{"damage":20,"enemies":"Large Slime","floor":12,"turns":12},{"damage":0,"enemies":"Exordium Wildlife","floor":13,"turns":7},{"damage":0,"enemies":"3 Sentries","floor":14,"turns":11},{"damage":17,"enemies":"Slime Boss","floor":16,"turns":14}],"seed_played":"-8231607313589389561","potions_obtained":[{"floor":11,"key":"Ancient Potion"},{"floor":12,"key":"Ancient Potion"},{"floor":14,"key":"Energy Potion"}],"is_trial":false,"path_per_floor":["M","M","M","?","M","R","$","?","T","R","M","M","M","E","R","B"],"character_chosen":"KOISHI","items_purchased":["PreservedInsect"],"campfire_rested":0,"item_purchase_floors":[7],"current_hp_per_floor":[51,52,52,47,30,30,30,30,30,30,35,20,22,23,23,6,6],"gold":197,"neow_bonus":"THREE_RARE_CARDS","is_daily":false,"chose_seed":false,"campfire_upgraded":3,"win_rate":0.0,"timestamp":1613763314,"path_taken":["M","M","M","?","?","R","$","?","T","R","M","M","M","E","R","BOSS"],"items_purchased_type":["Relic"],"build_version":"2020-12-22","purchased_purges":0,"victory":false,"max_hp_per_floor":[52,52,52,52,52,52,52,52,52,52,52,52,52,52,52,52,52],"card_choices":[{"not_picked":["Koishi:HeartStoppingHorror","Koishi:Heartbroken"],"picked":"Koishi:FadingMemory","floor":0},{"not_picked":["Koishi:StingingMind","Koishi:Prune"],"picked":"Koishi:SubterraneanRose","floor":1},{"not_picked":["Koishi:TraumaticStroke","Koishi:DanmakuParanoia","Koishi:ParalyzingFear"],"picked":"SKIP","floor":2},{"not_picked":["Koishi:TremblingHands","Koishi:BloodcurdlingScream","Koishi:ParalyzingFear"],"picked":"SKIP","floor":3},{"not_picked":["Koishi:StrangeCloudFist","Koishi:Prune"],"picked":"Koishi:GhostParty","floor":5},{"not_picked":["Koishi:StingingMind","Koishi:UnconsciousUprising"],"picked":"Koishi:SubterraneanRose","floor":11},{"not_picked":["Koishi:DNAsFlaw","Koishi:Prune"],"picked":"Koishi:SubterraneanRose","floor":12},{"not_picked":["Koishi:SpiritedAway","Koishi:UnansweredLove","Koishi:DanmakuParanoia"],"picked":"SKIP","floor":13},{"not_picked":["Koishi:StingingMind","Koishi:UnansweredLove","Koishi:DanmakuParanoia"],"picked":"SKIP","floor":14}],"player_experience":278318,"relics_obtained":[{"floor":14,"key":"Anchor"}],"event_choices":[{"damage_healed":0,"gold_gain":50,"player_choice":"Touch","damage_taken":5,"max_hp_gain":0,"max_hp_loss":0,"event_name":"FaceTrader","floor":4,"gold_loss":0},{"damage_healed":0,"gold_gain":0,"player_choice":"Grow","damage_taken":0,"max_hp_gain":0,"max_hp_loss":0,"event_name":"Living Wall","floor":8,"gold_loss":0,"cards_upgraded":["Koishi:SubterraneanRose"]}],"is_beta":false,"boss_relics":[],"items_purged_floors":[],"is_endless":false,"potions_floor_spawned":[11,12,14],"killed_by":"Slime Boss","ascension_level":17}}