{"host":"373g0ui1bgeshz9m","time":1613762963,"event":{"mods":["Act Like it!","Aspiration","BaseMod","Beaked The Cultist","Better Third Choice","Colored Map","Conspire","Downfall","Halation","Hermit","Hubris","Infinite Spire","Minty Spire (QoL Compilation)","Pale of the Ancients","Permanent Neow","Quick Restart","Replay The Spire","Shade Mod","Shop Mod","Spikes Relics","StSLib","The Animator","The Bladedancer","The Florist","The Jungle","The Necromancer","The Sage","Trackpad"],"gold_per_floor":[112,126,126,140,88,88,123,123,123,150,161,161,175,185,185,185,185],"floor_reached":16,"language":"ENG","playtime":1541,"items_purged":[],"score":118,"play_id":"881d5a86-91f0-48f5-ba5d-96578e0c4a36","local_time":"20210219142923","is_ascension_mode":true,"campfire_choices":[{"data":"Distraction","floor":6,"key":"SMITH"},{"data":"Neutralize","floor":8,"key":"SMITH"},{"data":"Poisoned Stab","floor":12,"key":"SMITH"},{"floor":15,"key":"REST"}],"circlet_count":0,"master_deck":["Strike_G","Strike_G","Strike_G","Strike_G","Defend_G","Defend_G","Defend_G","Defend_G","Defend_G","Survivor","Neutralize+1","Poisoned Stab+1","Dash","Distraction+1","Poisoned Stab","Well Laid Plans","Dash","Die Die Die"],"relics":["Ring of the Snake","NeowsBlessing","halation:PromiseList","Toy Ornithopter"],"acts_visited":["Exordium"],"potions_floor_usage":[11,11],"damage_taken":[{"damage":0,"enemies":"Cultist","floor":1,"turns":1},{"damage":0,"enemies":"Small Slimes","floor":2,"turns":1},{"damage":0,"enemies":"2 Louse","floor":4,"turns":1},{"damage":11,"enemies":"3 Sentries","floor":7,"turns":10},{"damage":24,"enemies":"Gremlin Nob","floor":10,"turns":5},{"damage":2,"enemies":"Exordium Thugs","floor":11,"turns":3},{"damage":0,"enemies":"2 Fungi Beasts","floor":13,"turns":3},{"damage":2,"enemies":"Red Slaver","floor":14,"turns":3},{"damage":26,"enemies":"Hexaghost","floor":16,"turns":5}],"seed_played":"8075348286560915600","potions_obtained":[{"floor":1,"key":"Adrenaline Potion"},{"floor":2,"key":"Poison Potion"},{"floor":4,"key":"DuplicationPotion"}],"is_trial":false,"path_per_floor":["M","M","?","M","$","R","E","R","T","E","M","R","M","M","R","B"],"character_chosen":"THE_SILENT","items_purchased":["Fire Potion"],"campfire_rested":1,"item_purchase_floors":[5],"current_hp_per_floor":[70,70,70,70,70,70,59,59,59,35,43,43,43,41,62,36,36],"gold":185,"neow_bonus":"THREE_ENEMY_KILL","is_daily":false,"chose_seed":false,"campfire_upgraded":3,"win_rate":0.0,"timestamp":1613762963,"path_taken":["M","?","?","M","?","R","E","R","T","E","?","R","M","M","R","BOSS"],"items_purchased_type":["Potion"],"build_version":"2020-12-22","purchased_purges":0,"victory":false,"max_hp_per_floor":[70,70,70,70,70,70,70,70,70,70,70,70,70,70,70,70,70],"card_choices":[{"not_picked":["Outmaneuver","hubris:SlightOfHand"],"picked":"Poisoned Stab","floor":1},{"not_picked":["Flying Knee","Tools of the Trade"],"picked":"Dash","floor":2},{"not_picked":["hubris:TrickCloak","Outmaneuver"],"picked":"Poisoned Stab","floor":4},{"not_picked":["Deflect","Terror"],"picked":"Well Laid Plans","floor":7},{"not_picked":["hubris:SlightOfHand","Backflip"],"picked":"Dash","floor":10},{"not_picked":["PiercingWail","hubris:SlightOfHand","Prepared"],"picked":"SKIP","floor":11},{"not_picked":["Underhanded Strike","Prepared","hubris:SlightOfHand"],"picked":"SKIP","floor":13},{"not_picked":["Acrobatics","Sucker Punch"],"picked":"Die Die Die","floor":14}],"player_experience":408340,"relics_obtained":[{"floor":7,"key":"halation:PromiseList"},{"floor":9,"key":"Toy Ornithopter"}],"event_choices":[{"damage_healed":0,"gold_gain":0,"cards_transformed":["Strike_G"],"player_choice":"Transformed","damage_taken":0,"max_hp_gain":0,"max_hp_loss":0,"event_name":"Transmorgrifier","floor":3,"gold_loss":0,"cards_obtained":["Distraction"]}],"is_beta":false,"boss_relics":[],"items_purged_floors":[],"is_endless":false,"potions_floor_spawned":[1,2,4],"killed_by":"Hexaghost","ascension_level":1}}