{"host":"ppqll9nf92xyjrj9","time":1613693638,"event":{"mods":["Act Like it!","Arknights","BaseMod","Bestiary","Better Third Choice","Bossed Relics","Curses Come First","Ekko","Evolution","Hermit","Jorbs\u0027s Wanderer Trilogy","Keyboard Shortcuts","Marked Mod","Minty Spire (QoL Compilation)","Relic Stats","Shapeshifter Mod","Spicy Shops","StS++","StSLib","The Marked","The Runesmith","Weighted Paths","【遗物卡牌】REMEMod"],"gold_per_floor":[118,118,118,218,233,233,308,323,347,23,23,58,58,71,71,71,71],"floor_reached":16,"language":"ENG","playtime":497,"items_purged":[],"score":98,"play_id":"0e9ece63-44f0-490d-8a4c-5d43ca1286fe","local_time":"20210218161358","is_ascension_mode":false,"campfire_choices":[{"data":"ekkoTheBoyWhoShatteredTime:TimeMaster","floor":6,"key":"SMITH"},{"data":"ekkoTheBoyWhoShatteredTime:RecallingPunch","floor":11,"key":"SMITH"},{"data":"ekkoTheBoyWhoShatteredTime:LevelUp","floor":13,"key":"SMITH"},{"data":"ekkoTheBoyWhoShatteredTime:Powered","floor":15,"key":"SMITH"}],"circlet_count":0,"master_deck":["ekkoTheBoyWhoShatteredTime:Strike","ekkoTheBoyWhoShatteredTime:Strike","ekkoTheBoyWhoShatteredTime:Strike","ekkoTheBoyWhoShatteredTime:Strike","ekkoTheBoyWhoShatteredTime:Strike","ekkoTheBoyWhoShatteredTime:Defend","ekkoTheBoyWhoShatteredTime:Defend","ekkoTheBoyWhoShatteredTime:Defend","ekkoTheBoyWhoShatteredTime:Defend","ekkoTheBoyWhoShatteredTime:TimeMaster+1","ekkoTheBoyWhoShatteredTime:Powered+1","ekkoTheBoyWhoShatteredTime:DelayedWork","ekkoTheBoyWhoShatteredTime:HauntingGuise","ekkoTheBoyWhoShatteredTime:Knowledge","ekkoTheBoyWhoShatteredTime:NeedlesslyLargeRod","ekkoTheBoyWhoShatteredTime:RecallingPunch+1","ekkoTheBoyWhoShatteredTime:LevelUp+1","ekkoTheBoyWhoShatteredTime:CalmingWaves"],"relics":["ekkoTheBoyWhoShatteredTime:zDriveResonance","EVO:Axolotl","REME_ComplimentaryCards","NeowsBlessing","Golden Idol","Dream Catcher","Membership Card","Blood Vial","PreservedInsect"],"acts_visited":["Exordium"],"potions_floor_usage":[12,12],"damage_taken":[{"damage":0,"enemies":"Small Slimes","floor":1,"turns":1},{"damage":0,"enemies":"2 Louse","floor":5,"turns":1},{"damage":0,"enemies":"Cultist","floor":8,"turns":1},{"damage":10,"enemies":"3 Sentries","floor":12,"turns":6},{"damage":0,"enemies":"Large Slime","floor":14,"turns":5},{"damage":56,"enemies":"Slime Boss","floor":16,"turns":7}],"seed_played":"5565804147801341954","potions_obtained":[{"floor":1,"key":"ColorlessPotion"},{"floor":8,"key":"ColorlessPotion"}],"is_trial":false,"path_per_floor":["M","?","?","?","M","R","?","M","T","$","R","E","R","M","R","B"],"character_chosen":"EKKO_THE_BOY_WHO_SHATTERED_TIME","items_purchased":["ekkoTheBoyWhoShatteredTime:NeedlesslyLargeRod","Membership Card","Blood Vial","ekkoTheBoyWhoShatteredTime:RecallingPunch"],"campfire_rested":0,"item_purchase_floors":[10,10,10,10],"current_hp_per_floor":[78,59,64,64,64,64,53,53,53,53,53,45,45,47,47,0,0],"gold":71,"neow_bonus":"THREE_ENEMY_KILL","is_daily":false,"chose_seed":false,"campfire_upgraded":4,"win_rate":0.0,"timestamp":1613693638,"path_taken":["M","?","?","?","?","R","?","M","T","?","R","E","R","M","R","BOSS"],"items_purchased_type":["Card","Relic","Relic","Card"],"build_version":"2020-12-22","purchased_purges":0,"victory":false,"max_hp_per_floor":[78,78,83,83,83,83,83,83,83,83,83,83,83,83,83,83,83],"relic_stats":{"Blood Vial":6,"Dream Catcher":0,"counters":[6,20],"Golden Idol":16,"PreservedInsect":0,"obtain_stats":[{"Blood Vial":10,"Dream Catcher":9,"NeowsBlessing":0,"Golden Idol":2,"PreservedInsect":12,"EVO:Axolotl":0,"Membership Card":10,"ekkoTheBoyWhoShatteredTime:zDriveResonance":0,"REME_ComplimentaryCards":0},{"Blood Vial":3,"Dream Catcher":3,"NeowsBlessing":0,"Golden Idol":1,"PreservedInsect":4,"EVO:Axolotl":0,"Membership Card":3,"ekkoTheBoyWhoShatteredTime:zDriveResonance":0,"REME_ComplimentaryCards":0},{"Blood Vial":3,"Dream Catcher":3,"NeowsBlessing":0,"Golden Idol":1,"PreservedInsect":9,"EVO:Axolotl":0,"Membership Card":3,"ekkoTheBoyWhoShatteredTime:zDriveResonance":0,"REME_ComplimentaryCards":0}]},"card_choices":[{"not_picked":["ekkoTheBoyWhoShatteredTime:Leap","ekkoTheBoyWhoShatteredTime:SneakHit"],"picked":"ekkoTheBoyWhoShatteredTime:DelayedWork","floor":1},{"not_picked":["ekkoTheBoyWhoShatteredTime:SpHit","ekkoTheBoyWhoShatteredTime:Dash"],"picked":"ekkoTheBoyWhoShatteredTime:HauntingGuise","floor":5},{"not_picked":["ekkoTheBoyWhoShatteredTime:AfterimageTease","ekkoTheBoyWhoShatteredTime:HauntingGuise"],"picked":"ekkoTheBoyWhoShatteredTime:Knowledge","floor":8},{"not_picked":["ekkoTheBoyWhoShatteredTime:TimeRecall","ekkoTheBoyWhoShatteredTime:NeedlesslyLargeRod"],"picked":"ekkoTheBoyWhoShatteredTime:LevelUp","floor":12},{"not_picked":["ekkoTheBoyWhoShatteredTime:LoadUp","ekkoTheBoyWhoShatteredTime:TimeRecall"],"picked":"ekkoTheBoyWhoShatteredTime:CalmingWaves","floor":14}],"player_experience":91461,"relics_obtained":[{"floor":9,"key":"Dream Catcher"},{"floor":12,"key":"PreservedInsect"}],"event_choices":[{"damage_healed":0,"gold_gain":0,"player_choice":"Take Damage","damage_taken":19,"relics_obtained":["Golden Idol"],"max_hp_gain":0,"max_hp_loss":0,"event_name":"Golden Idol","floor":2,"gold_loss":0},{"damage_healed":0,"gold_gain":0,"player_choice":"Donut","damage_taken":0,"max_hp_gain":5,"max_hp_loss":0,"event_name":"Big Fish","floor":3,"gold_loss":0},{"damage_healed":0,"gold_gain":100,"player_choice":"Pray","damage_taken":0,"max_hp_gain":0,"max_hp_loss":0,"event_name":"Golden Shrine","floor":4,"gold_loss":0},{"damage_healed":0,"gold_gain":75,"player_choice":"Gold","damage_taken":11,"max_hp_gain":0,"max_hp_loss":0,"event_name":"betterThird:BetterGoop","floor":7,"gold_loss":0}],"is_beta":false,"boss_relics":[],"items_purged_floors":[],"is_endless":false,"potions_floor_spawned":[1,8],"killed_by":"Slime Boss","ascension_level":0}}