{"host":"cbq8yyebcqrqowe9","time":1613705177,"event":{"mods":["BaseMod","Better Altar","Better Match","Better Note","Better Sensory Stone","Better Skull","Better Third Choice","Hermit","Hubris","Minty Spire (QoL Compilation)","StSLib","The Blue Laboratory"],"gold_per_floor":[113,113,133,146,146,197,197,230,256,256,283,283,331,357,357,492,555,578,631,656,687,713,754,754,793,793,793,838,391,410,410,410,410,410],"floor_reached":33,"language":"ENG","playtime":1743,"items_purged":[],"score":325,"play_id":"e7e1103c-ee1f-4562-929b-c7577e776568","local_time":"20210218192617","is_ascension_mode":false,"campfire_choices":[{"data":"hermit:FlashPowder","floor":7,"key":"SMITH"},{"data":"hermit:HeroicBravado","floor":12,"key":"SMITH"},{"floor":15,"key":"REST"},{"floor":24,"key":"REST"},{"data":"hermit:Purgatory","floor":32,"key":"SMITH"}],"circlet_count":0,"master_deck":["hermit:Strike_Hermit","hermit:Strike_Hermit","hermit:Strike_Hermit","hermit:Strike_Hermit","hermit:Defend_Hermit","hermit:Snapshot","hermit:Scavenge+1","hermit:EyeOfTheStorm+1","hermit:FlashPowder+1","hermit:Enervate","hermit:LowProfile","hermit:HeroicBravado+1","hermit:Grudge","hermit:Horror+1","hermit:Deadeye","hermit:EternalForm","hermit:FullyLoaded","hermit:ItchyTrigger+1","hermit:HighCaliber","hermit:Glare","hubris:DuctTapeCard","hermit:Deadeye","hermit:CursedWeapon+1","hermit:Maintenance","hermit:ItchyTrigger+1","hermit:Misfire","hermit:Purgatory+1"],"relics":["Astrolabe","CultistMask","Golden Idol","hubris:SlimyHat","Eternal Feather","Boot","Meat on the Bone","Tiny House","Bag of Preparation","hubris:Potato","hubris:DuctTape","Mummified Hand","Art of War","Bottled Lightning","Vajra"],"acts_visited":["Exordium","TheCity"],"potions_floor_usage":[6,11,14,16,21,22,23,30],"damage_taken":[{"damage":0,"enemies":"2 Louse","floor":1,"turns":2},{"damage":0,"enemies":"Cultist","floor":3,"turns":2},{"damage":0,"enemies":"Jaw Worm","floor":4,"turns":2},{"damage":4,"enemies":"Lagavulin","floor":6,"turns":6},{"damage":2,"enemies":"Gremlin Nob","floor":8,"turns":4},{"damage":0,"enemies":"Large Slime","floor":11,"turns":5},{"damage":2,"enemies":"Lagavulin","floor":13,"turns":7},{"damage":13,"enemies":"Red Slaver","floor":14,"turns":3},{"damage":45,"enemies":"The Guardian","floor":16,"turns":11},{"damage":21,"enemies":"Spheric Guardian","floor":18,"turns":5},{"damage":11,"enemies":"Chosen","floor":20,"turns":5},{"damage":9,"enemies":"Snake Plant","floor":21,"turns":4},{"damage":5,"enemies":"Cultist and Chosen","floor":22,"turns":4},{"damage":14,"enemies":"Gremlin Leader","floor":23,"turns":4},{"damage":36,"enemies":"Slavers","floor":25,"turns":4},{"damage":1,"enemies":"Gremlin Leader","floor":28,"turns":4},{"damage":0,"enemies":"Chosen and Byrds","floor":30,"turns":4},{"damage":61,"enemies":"Automaton","floor":33,"turns":4}],"seed_played":"-9043836897589049663","potions_obtained":[{"floor":3,"key":"blueLaboratory:ImpenetrablePotion"},{"floor":4,"key":"Explosive Potion"},{"floor":8,"key":"blueLaboratory:EnragingPotion"},{"floor":11,"key":"Dexterity Potion"},{"floor":17,"key":"blueLaboratory:StoneskinPotion"},{"floor":20,"key":"SpeedPotion"},{"floor":22,"key":"blueLaboratory:BottleOfRum"},{"floor":30,"key":"blueLaboratory:NullPotion"}],"is_trial":false,"path_per_floor":["M","?","M","M","?","E","R","E","T","?","M","R","E","M","R","B",null,"M","T","M","M","M","E","R","E","T","?","E","$","M","?","R","B"],"character_chosen":"HERMIT","items_purchased":["Bottled Lightning","Vajra","blueLaboratory:FruitPunch"],"campfire_rested":2,"item_purchase_floors":[29,29,29],"current_hp_per_floor":[75,75,75,75,57,53,53,51,51,51,51,60,58,45,75,42,80,59,59,48,51,46,44,80,44,44,44,43,43,45,45,60,0,0],"gold":410,"neow_bonus":"BOSS_RELIC","is_daily":false,"chose_seed":false,"campfire_upgraded":3,"win_rate":0.0,"timestamp":1613705177,"path_taken":["M","?","?","M","?","E","R","E","T","?","M","R","E","M","R","BOSS","M","?","M","M","M","E","R","E","T","?","E","$","M","?","R","BOSS"],"items_purchased_type":["Relic","Relic","Potion"],"build_version":"2020-12-22","purchased_purges":0,"victory":false,"max_hp_per_floor":[75,75,75,75,75,75,75,75,75,75,75,75,75,75,75,75,80,80,80,80,80,80,80,80,80,80,80,80,80,82,82,82,82,82],"card_choices":[{"not_picked":["hermit:TrackingShot","hermit:Misfire"],"picked":"hermit:Headshot","floor":1},{"not_picked":["hermit:BodyArmor","hermit:Ricochet"],"picked":"hermit:FlashPowder","floor":3},{"not_picked":["hermit:HoleUp","hermit:Headshot"],"picked":"hermit:Enervate","floor":4},{"not_picked":["hermit:TrackingShot","hermit:Cheat"],"picked":"hermit:LowProfile","floor":6},{"not_picked":["hermit:Misfire","hermit:SprayPray"],"picked":"hermit:HeroicBravado","floor":8},{"not_picked":["hermit:ItchyTrigger","hermit:SprayPray"],"picked":"hermit:Grudge","floor":11},{"not_picked":["hermit:WideOpen","hermit:Misfire"],"picked":"hermit:Horror","floor":13},{"not_picked":["hermit:WideOpen","hermit:Desperado"],"picked":"hermit:Deadeye","floor":14},{"not_picked":["hermit:FinalCanter","hermit:FromBeyond"],"picked":"hermit:EternalForm","floor":16},{"not_picked":["hermit:ShadowCloak","hermit:Dive"],"picked":"hermit:FullyLoaded","floor":17},{"not_picked":["hermit:HighCaliber+1","hermit:Quickdraw"],"picked":"hermit:CalledShot","floor":18},{"not_picked":["hermit:CursedWeapon","hermit:Cheat"],"picked":"hermit:ItchyTrigger+1","floor":20},{"not_picked":["hermit:ShadowCloak","hermit:Misfire"],"picked":"hermit:HighCaliber","floor":21},{"not_picked":["hermit:Manifest","hermit:HoleUp"],"picked":"hermit:Ricochet+1","floor":22},{"not_picked":["hermit:SprayPray","hermit:CursedWeapon"],"picked":"hermit:Glare","floor":23},{"not_picked":["hermit:ItchyTrigger","hermit:CalledShot"],"picked":"hermit:Deadeye","floor":25},{"not_picked":["hermit:HoleUp","hermit:OverwhelmingPower"],"picked":"hermit:Maintenance","floor":28},{"not_picked":["hermit:Quickdraw+1","hermit:EyeOfTheStorm"],"picked":"hermit:ItchyTrigger+1","floor":30}],"player_experience":231170,"relics_obtained":[{"floor":6,"key":"hubris:SlimyHat"},{"floor":8,"key":"Eternal Feather"},{"floor":9,"key":"Boot"},{"floor":13,"key":"Meat on the Bone"},{"floor":19,"key":"Bag of Preparation"},{"floor":23,"key":"hubris:Potato"},{"floor":25,"key":"hubris:DuctTape"},{"floor":26,"key":"Mummified Hand"},{"floor":28,"key":"Art of War"}],"event_choices":[{"damage_healed":0,"gold_gain":0,"player_choice":"Trade","damage_taken":0,"relics_obtained":["CultistMask"],"max_hp_gain":0,"max_hp_loss":0,"event_name":"FaceTrader","floor":2,"gold_loss":0},{"damage_healed":0,"gold_gain":0,"player_choice":"Take Damage","damage_taken":18,"relics_obtained":["Golden Idol"],"max_hp_gain":0,"max_hp_loss":0,"event_name":"Golden Idol","floor":5,"gold_loss":0},{"cards_removed":["hermit:Manifest"],"damage_healed":0,"gold_gain":0,"player_choice":"Purged","damage_taken":0,"max_hp_gain":0,"max_hp_loss":0,"event_name":"Purifier","floor":10,"gold_loss":0},{"cards_removed":["hermit:EternalForm"],"damage_healed":0,"gold_gain":0,"player_choice":"Take \u0026 Give","damage_taken":0,"max_hp_gain":0,"max_hp_loss":0,"event_name":"betterNote:BetterNote","floor":27,"gold_loss":0,"cards_obtained":["hermit:CursedWeapon"]},{"damage_healed":0,"gold_gain":0,"cards_transformed":["hermit:CalledShot","hermit:Defend_Hermit"],"player_choice":"Became Test Subject","damage_taken":0,"max_hp_gain":0,"max_hp_loss":0,"event_name":"Drug Dealer","floor":31,"gold_loss":0,"cards_obtained":["hermit:Misfire","hermit:Purgatory"]}],"is_beta":false,"boss_relics":[{"not_picked":["hubris:VirtuousBlindfold","Pandora\u0027s Box"],"picked":"Tiny House"}],"items_purged_floors":[],"is_endless":false,"potions_floor_spawned":[3,4,8,11,20,22,30],"killed_by":"Automaton","ascension_level":0}}