{"host":"d744ndivyohnro60","time":1613776572,"event":{"mods":["BaseMod","Bestiary","Colored Powertips","Minty Spire (QoL Compilation)","Relic Stats"],"gold_per_floor":[117,42,42,42,52,52,84,84,84,104,104,104,104,139,139,243,243,262,68,68,84,84,84,113,127,127,127,127],"floor_reached":27,"language":"ENG","playtime":1580,"items_purged":["Strike_B","Defend_B"],"score":367,"play_id":"cec61569-4623-4537-9d89-7157eec590e5","local_time":"20210219181612","is_ascension_mode":true,"campfire_choices":[{"data":"Zap","floor":6,"key":"SMITH"},{"data":"Core Surge","floor":11,"key":"SMITH"},{"floor":13,"key":"REST"},{"data":"Conserve Battery","floor":15,"key":"SMITH"},{"floor":23,"key":"REST"}],"circlet_count":0,"master_deck":["Strike_B","Strike_B","Defend_B","Defend_B","Defend_B","Zap+1","Dualcast","Cold Snap","Compile Driver+1","Core Surge+1","Stack+1","Conserve Battery+1","Reboot","Chaos+1","Defragment","Compile Driver","Streamline","Melter","Reinforced Body+1"],"relics":["Cracked Core","NeowsBlessing","Centennial Puzzle","Darkstone Periapt","Thread and Needle","Snecko Eye","NlothsMask","Nilry\u0027s Codex","Shovel"],"acts_visited":["Exordium","TheCity"],"potions_floor_usage":[14,16,16,18,21,24,25],"damage_taken":[{"damage":0,"enemies":"Jaw Worm","floor":1,"turns":1},{"damage":0,"enemies":"Cultist","floor":5,"turns":1},{"damage":0,"enemies":"Gremlin Nob","floor":7,"turns":1},{"damage":0,"enemies":"2 Louse","floor":10,"turns":2},{"damage":13,"enemies":"3 Sentries","floor":14,"turns":5},{"damage":1,"enemies":"The Guardian","floor":16,"turns":12},{"damage":7,"enemies":"3 Byrds","floor":18,"turns":3},{"damage":0,"enemies":"Chosen","floor":21,"turns":2},{"damage":53,"enemies":"Slavers","floor":24,"turns":4},{"damage":9,"enemies":"Sentry and Sphere","floor":25,"turns":4},{"damage":11,"enemies":"Snecko","floor":27,"turns":3}],"seed_played":"7063362501982476320","potions_obtained":[{"floor":8,"key":"Strength Potion"},{"floor":8,"key":"Fire Potion"},{"floor":8,"key":"LiquidBronze"},{"floor":14,"key":"SkillPotion"},{"floor":18,"key":"Fire Potion"},{"floor":21,"key":"LiquidBronze"},{"floor":24,"key":"Explosive Potion"}],"is_trial":false,"path_per_floor":["M","$","?","$","M","R","E","?","T","M","R","?","R","E","R","B",null,"M","$","?","M","?","R","E","M","T","M"],"character_chosen":"DEFECT","items_purchased":["Defragment","Compile Driver"],"campfire_rested":2,"item_purchase_floors":[19,19],"current_hp_per_floor":[68,68,68,68,68,68,68,68,68,68,68,53,75,62,62,61,72,65,65,65,65,49,71,18,9,9,0,0],"gold":127,"neow_bonus":"THREE_ENEMY_KILL","is_daily":false,"chose_seed":false,"campfire_upgraded":3,"win_rate":0.0,"timestamp":1613776572,"path_taken":["M","$","?","$","?","R","E","?","T","?","R","?","R","E","R","BOSS","M","$","?","?","?","R","E","M","T","M"],"items_purchased_type":["Card","Card"],"build_version":"2020-12-22","purchased_purges":2,"victory":false,"max_hp_per_floor":[75,75,75,75,75,75,75,75,75,75,75,75,75,75,75,75,75,75,75,75,75,75,75,75,75,75,75,75],"relic_stats":{"Darkstone Periapt":0,"Centennial Puzzle":[15],"Shovel":0,"counters":[11,38],"Snecko Eye":[32,35,35,37],"obtain_stats":[{"Darkstone Periapt":9,"Centennial Puzzle":7,"Shovel":24,"NeowsBlessing":0,"Nilry\u0027s Codex":22,"Snecko Eye":17,"Thread and Needle":14,"Cracked Core":0,"NlothsMask":20},{"Darkstone Periapt":3,"Centennial Puzzle":3,"Shovel":9,"NeowsBlessing":0,"Nilry\u0027s Codex":8,"Snecko Eye":6,"Thread and Needle":5,"Cracked Core":0,"NlothsMask":7},{"Darkstone Periapt":3,"Centennial Puzzle":3,"Shovel":31,"NeowsBlessing":0,"Nilry\u0027s Codex":27,"Snecko Eye":22,"Thread and Needle":10,"Cracked Core":0,"NlothsMask":25}]},"card_choices":[{"not_picked":["Gash","Go for the Eyes"],"picked":"Cold Snap","floor":1},{"not_picked":["BootSequence","Sweeping Beam"],"picked":"Compile Driver","floor":5},{"not_picked":["Lockon","Multi-Cast"],"picked":"Core Surge","floor":7},{"not_picked":["Rip and Tear","Hello World"],"picked":"Stack","floor":10},{"not_picked":["Doom and Gloom","Redo"],"picked":"Conserve Battery","floor":14},{"not_picked":["Biased Cognition","Core Surge"],"picked":"Reboot","floor":16},{"not_picked":["Turbo+1","Stack"],"picked":"Chaos+1","floor":18},{"not_picked":["Rebound","Force Field+1"],"picked":"Streamline","floor":21},{"not_picked":["Fusion","Auto Shields"],"picked":"Melter","floor":24},{"not_picked":["Conserve Battery","Hologram+1"],"picked":"Reinforced Body+1","floor":25}],"player_experience":249063,"relics_obtained":[{"floor":7,"key":"Centennial Puzzle"},{"floor":9,"key":"Darkstone Periapt"},{"floor":14,"key":"Thread and Needle"},{"floor":22,"key":"Nilry\u0027s Codex"},{"floor":24,"key":"Shovel"}],"event_choices":[{"cards_removed":["Strike_B"],"damage_healed":0,"gold_gain":0,"player_choice":"Offered Basic","damage_taken":0,"max_hp_gain":0,"max_hp_loss":0,"event_name":"Bonfire Elementals","floor":3,"gold_loss":0},{"damage_healed":0,"gold_gain":0,"player_choice":"Got Potions","damage_taken":0,"max_hp_gain":0,"max_hp_loss":0,"event_name":"Lab","floor":8,"gold_loss":0},{"damage_healed":0,"gold_gain":0,"player_choice":"Entered Light","damage_taken":15,"max_hp_gain":0,"max_hp_loss":0,"event_name":"Shining Light","floor":12,"gold_loss":0,"cards_upgraded":["Stack","Compile Driver"]},{"damage_healed":0,"gold_gain":0,"player_choice":"Trade","damage_taken":0,"relics_obtained":["NlothsMask"],"max_hp_gain":0,"max_hp_loss":0,"event_name":"FaceTrader","floor":20,"gold_loss":0},{"damage_healed":0,"gold_gain":0,"player_choice":"Obtained Book","damage_taken":16,"max_hp_gain":0,"max_hp_loss":0,"event_name":"Cursed Tome","floor":22,"gold_loss":0}],"is_beta":false,"boss_relics":[{"not_picked":["Busted Crown","Sozu"],"picked":"Snecko Eye"}],"items_purged_floors":[2,19],"is_endless":false,"potions_floor_spawned":[14,18,21,24],"killed_by":"Snecko","ascension_level":8}}