{"host":"spd19cimorv47raq","time":1613758060,"event":{"mods":["AchievementEnabler","BaseMod","Colored Map","Keyboard Shortcuts","Minty Spire (QoL Compilation)","StSLib","SuperFastMode"],"gold_per_floor":[20,32,42,55,205,205,215,226,278,10,10,42,7,37,37,116,116,136,136,136,163,181,181,181,181,181,181,42,57,107,119,119,193,193,213,231,231,10,10,10],"floor_reached":39,"language":"KOR","playtime":2001,"items_purged":["Doubt","Writhe","Strike_R"],"score":1078,"play_id":"24ffb482-fdc3-46f4-9e3e-9d5a739a16ac","local_time":"20210220030740","is_ascension_mode":true,"campfire_choices":[{"data":"Cleave","floor":6.0,"key":"SMITH"},{"data":"Body Slam","floor":11.0,"key":"SMITH"},{"data":"Disarm","floor":15.0,"key":"SMITH"},{"data":"Dark Embrace","floor":23.0,"key":"SMITH"},{"data":"Corruption","floor":25.0,"key":"SMITH"},{"data":"Feel No Pain","floor":27.0,"key":"SMITH"},{"data":"Uppercut","floor":32.0,"key":"SMITH"}],"circlet_count":0,"master_deck":["AscendersBane","Strike_R","Strike_R","Defend_R","Defend_R","Defend_R","Defend_R+1","Bash","Cleave+1","Power Through+1","Body Slam+1","Reckless Charge","Fiend Fire","Shrug It Off","Flame Barrier","Disarm+1","Corruption+1","CurseOfTheBell","Shame","Dark Embrace+1","Feel No Pain+1","Wild Strike","Intimidate","Sever Soul","Uppercut+1","Shrug It Off","Juggernaut","Dark Shackles","Havoc"],"relics":["Burning Blood","Unceasing Top","War Paint","Membership Card","Centennial Puzzle","Mercury Hourglass","Calling Bell","Turnip","Bag of Preparation","Eternal Feather","Vajra","Kunai","Toy Ornithopter","Orichalcum","Runic Cube"],"acts_visited":["Exordium","TheCity","TheBeyond"],"potions_floor_usage":[39],"damage_taken":[{"damage":2.0,"enemies":"Cultist","floor":1.0,"turns":4.0},{"damage":9.0,"enemies":"Jaw Worm","floor":2.0,"turns":4.0},{"damage":3.0,"enemies":"2 Louse","floor":3.0,"turns":2.0},{"damage":1.0,"enemies":"2 Fungi Beasts","floor":4.0,"turns":4.0},{"damage":14.0,"enemies":"Exordium Wildlife","floor":7.0,"turns":4.0},{"damage":19.0,"enemies":"Blue Slaver","floor":8.0,"turns":5.0},{"damage":15.0,"enemies":"3 Sentries","floor":12.0,"turns":5.0},{"damage":10.0,"enemies":"Lagavulin","floor":14.0,"turns":5.0},{"damage":16.0,"enemies":"The Guardian","floor":16.0,"turns":11.0},{"damage":20.0,"enemies":"Spheric Guardian","floor":18.0,"turns":4.0},{"damage":24.0,"enemies":"Chosen","floor":22.0,"turns":4.0},{"damage":3.0,"enemies":"Snake Plant","floor":29.0,"turns":5.0},{"damage":9.0,"enemies":"Centurion and Healer","floor":31.0,"turns":9.0},{"damage":57.0,"enemies":"Champ","floor":33.0,"turns":9.0},{"damage":5.0,"enemies":"3 Shapes","floor":35.0,"turns":4.0},{"damage":5.0,"enemies":"Orb Walker","floor":36.0,"turns":3.0},{"damage":106,"enemies":"Spire Growth","floor":39,"turns":8}],"seed_played":"-6965910495067389798","potions_obtained":[{"floor":2.0,"key":"PowerPotion"},{"floor":3.0,"key":"AttackPotion"},{"floor":7.0,"key":"DuplicationPotion"},{"floor":12.0,"key":"LiquidBronze"},{"floor":14.0,"key":"Energy Potion"},{"floor":22.0,"key":"LiquidMemories"},{"floor":35.0,"key":"SpeedPotion"}],"is_trial":false,"path_per_floor":["M","M","M","M","?","R","M","M","T","$","R","E","?","E","R","B",null,"M","?","?","T","M","R","?","R","T","R","$","M","?","M","R","B",null,"M","M","?","$","M"],"character_chosen":"IRONCLAD","items_purchased":["Membership Card","Fiend Fire","Shrug It Off","Intimidate","Sever Soul","PowerPotion","BloodPotion","FairyPotion","Dark Shackles","Havoc"],"campfire_rested":0,"item_purchase_floors":[10,10,10,28,28,28,38,38,38,38],"current_hp_per_floor":[72,69,72,75,75,75,67,54,54,54,54,45,63,59,59,49,69,55,55,55,55,37,49,49,61,61,73,73,75,75,72,75,24,62,63,64,64,64,0,0],"gold":10,"neow_bonus":"ONE_RARE_RELIC","is_daily":false,"chose_seed":false,"campfire_upgraded":7,"win_rate":0.0,"timestamp":1613758060,"path_taken":["M","?","M","M","?","R","M","M","T","$","R","E","?","E","R","BOSS","M","?","?","?","?","R","?","R","T","R","$","M","?","M","R","BOSS","M","M","?","$","M"],"items_purchased_type":["Relic","Card","Card","Card","Card","Potion","Potion","Potion","Card","Card"],"build_version":"2020-12-22","purchased_purges":3,"victory":false,"max_hp_per_floor":[75,75,75,75,75,75,75,75,75,75,75,75,75,75,75,75,75,75,75,75,75,75,75,75,75,75,75,75,75,75,75,75,75,75,75,75,75,75,75,75],"card_choices":[{"not_picked":["Rampage","Metallicize"],"picked":"Cleave","floor":1.0},{"not_picked":["Sever Soul","Body Slam","Headbutt"],"picked":"SKIP","floor":2.0},{"not_picked":["Clash","Entrench"],"picked":"Power Through","floor":3.0},{"not_picked":["Twin Strike","Warcry","Clash"],"picked":"SKIP","floor":4.0},{"not_picked":["Twin Strike","Warcry","Clash"],"picked":"SKIP","floor":4.0},{"not_picked":["Twin Strike","Warcry","Clash"],"picked":"SKIP","floor":4.0},{"not_picked":["Wild Strike","Havoc"],"picked":"Body Slam","floor":7.0},{"not_picked":["Pummel","Iron Wave"],"picked":"Reckless Charge","floor":8.0},{"not_picked":["Spot Weakness","Brutality"],"picked":"Flame Barrier","floor":12.0},{"not_picked":["Headbutt","True Grit"],"picked":"Disarm","floor":14.0},{"not_picked":["Barricade","Feed"],"picked":"Corruption","floor":16.0},{"not_picked":["Wild Strike","Pummel","Sever Soul"],"picked":"SKIP","floor":18.0},{"not_picked":["Clash","Heavy Blade"],"picked":"Dark Embrace","floor":22.0},{"not_picked":["Bloodletting","Havoc"],"picked":"Uppercut","floor":29.0},{"not_picked":["Clothesline","Heavy Blade"],"picked":"Shrug It Off","floor":31.0},{"not_picked":["Berserk","Corruption"],"picked":"Juggernaut","floor":33.0},{"not_picked":["Searing Blow+1","Rage","Shrug It Off"],"picked":"SKIP","floor":35.0},{"not_picked":["Sword Boomerang+1","Flame Barrier","Twin Strike"],"picked":"SKIP","floor":36.0}],"player_experience":867849,"relics_obtained":[{"floor":9.0,"key":"War Paint"},{"floor":12.0,"key":"Centennial Puzzle"},{"floor":14.0,"key":"Mercury Hourglass"},{"floor":17.0,"key":"Turnip"},{"floor":17.0,"key":"Bag of Preparation"},{"floor":17.0,"key":"Eternal Feather"},{"floor":21.0,"key":"Toy Ornithopter"},{"floor":26.0,"key":"Orichalcum"}],"event_choices":[{"damage_healed":0.0,"max_hp_gain":0.0,"max_hp_loss":0.0,"gold_gain":150.0,"event_name":"Liars Game","player_choice":"AGREE","floor":5.0,"gold_loss":0.0,"damage_taken":0.0,"cards_obtained":["Doubt"]},{"damage_healed":18.0,"max_hp_gain":0.0,"max_hp_loss":0.0,"gold_gain":0.0,"event_name":"The Cleric","player_choice":"Healed","floor":13.0,"gold_loss":35.0,"damage_taken":0.0},{"damage_healed":0.0,"max_hp_gain":0.0,"max_hp_loss":0.0,"gold_gain":0.0,"event_name":"Addict","player_choice":"Stole Relic","floor":19.0,"gold_loss":0.0,"damage_taken":0.0,"relics_obtained":["Vajra"],"cards_obtained":["Shame"]},{"damage_healed":0.0,"max_hp_gain":0.0,"max_hp_loss":0.0,"gold_gain":0.0,"event_name":"The Mausoleum","player_choice":"Opened","floor":20.0,"gold_loss":0.0,"damage_taken":0.0,"relics_obtained":["Kunai"],"cards_obtained":["Writhe"]},{"damage_healed":0.0,"max_hp_gain":0.0,"max_hp_loss":0.0,"gold_gain":0.0,"cards_transformed":["Strike_R","Strike_R"],"event_name":"Drug Dealer","player_choice":"Became Test Subject","floor":24.0,"gold_loss":0.0,"damage_taken":0.0,"cards_obtained":["Feel No Pain","Wild Strike"]},{"damage_healed":0.0,"max_hp_gain":0.0,"max_hp_loss":0.0,"gold_gain":50.0,"event_name":"Nest","player_choice":"Stole From Cult","floor":30.0,"gold_loss":0.0,"damage_taken":0.0},{"damage_healed":0,"gold_gain":0,"player_choice":"Ignored","damage_taken":0,"max_hp_gain":0,"max_hp_loss":0,"event_name":"Mysterious Sphere","floor":37,"gold_loss":0}],"is_beta":false,"boss_relics":[{"not_picked":["Mark of Pain","Fusion Hammer"],"picked":"Calling Bell"},{"not_picked":["Snecko Eye","SacredBark"],"picked":"Runic Cube"}],"items_purged_floors":[10,28,38],"is_endless":false,"potions_floor_spawned":[2,3,7,12,14,22,31,35],"killed_by":"Spire Growth","ascension_level":20}}