{"host":"agl6880ykeaxaurv","time":1613772930,"event":{"mods":["AchievementEnabler","BaseMod","Colored Map","Colored Powertips","Downfall","Hermit","Highlight Path","Infinite Spire","Minty Spire (QoL Compilation)","Robot Space Explorer","StSLib","The Cursed","The Disciple","The Runesmith","The Servant 0.9.4"],"gold_per_floor":[116,131,149,25,25,58,58,58,58,96,109,140,140,159,159,279,279,299,151,151,151,170,170,3,3,26,26,26],"floor_reached":27,"language":"ENG","playtime":1330,"items_purged":[],"score":229,"play_id":"b8572d4c-0034-46c6-b190-fb75d6d2bf8c","local_time":"20210219221530","is_ascension_mode":false,"campfire_choices":[{"floor":7,"key":"REST"},{"floor":15,"key":"REST"},{"floor":23,"key":"RECALL"}],"circlet_count":0,"master_deck":["Runesmith:Strike_RS","Runesmith:Strike_RS","Runesmith:Strike_RS","Runesmith:Defend_RS","Runesmith:Defend_RS","Runesmith:Defend_RS","Runesmith:Defend_RS","Runesmith:CraftFirestone","Runesmith:Fortify","Runesmith:StaticCage","Runesmith:ChaoticBlast","Runesmith:DuctTape","Runesmith:HammerThrow","Runesmith:RunicBlueprint","Runesmith:HammerTime","Runesmith:BackupBattery","Runesmith:HammerThrow","Runesmith:EarthShield","Runesmith:Supernova","Runesmith:FieryHammer","Runesmith:UnlimitedPower","Runesmith:ShiftingStrike","Runesmith:GoWithTheFlow","Runesmith:LithiumIon","Decay","Runesmith:ChargedHammer+1","Runesmith:PoweredAnvil","Runesmith:ChargedHammer","Pain"],"relics":["Runesmith:BrokenRuby","Girya","Golden Idol","HornCleat","Sundial","White Beast Statue","Happy Flower","Runic Pyramid","WarpedTongs","infinitespire:Lucky Rock"],"acts_visited":["Exordium","TheCity"],"potions_floor_usage":[12,12,12,16,16],"damage_taken":[{"damage":0,"enemies":"Cultist","floor":1,"turns":4},{"damage":1,"enemies":"Jaw Worm","floor":2,"turns":6},{"damage":8,"enemies":"Small Slimes","floor":3,"turns":3},{"damage":36,"enemies":"Gremlin Nob","floor":6,"turns":5},{"damage":8,"enemies":"3 Sentries","floor":10,"turns":5},{"damage":3,"enemies":"Looter","floor":11,"turns":4},{"damage":3,"enemies":"Lagavulin","floor":12,"turns":7},{"damage":4,"enemies":"Exordium Thugs","floor":14,"turns":4},{"damage":30,"enemies":"The Guardian","floor":16,"turns":10},{"damage":58,"enemies":"3 Byrds","floor":18,"turns":7},{"damage":16,"enemies":"Chosen","floor":22,"turns":5},{"damage":1,"enemies":"Snake Plant","floor":27,"turns":3}],"seed_played":"4529297916882597675","potions_obtained":[{"floor":1,"key":"AttackPotion"},{"floor":2,"key":"Energy Potion"},{"floor":10,"key":"Dexterity Potion"},{"floor":11,"key":"PowerPotion"},{"floor":12,"key":"Fruit Juice"},{"floor":14,"key":"Dexterity Potion"},{"floor":16,"key":"hexamod:SoulburnPotion"},{"floor":18,"key":"Swift Potion"},{"floor":22,"key":"SteroidPotion"}],"is_trial":false,"path_per_floor":["M","M","M","$","?","E","R","T","T","E","M","E","?","M","R","B",null,"M","$","?","?","M","R","$","?","T","M"],"character_chosen":"RUNESMITH_CLASS","items_purchased":["Runesmith:HammerThrow","Runesmith:RunicBlueprint","Runesmith:GoWithTheFlow","Runesmith:LithiumIon","Runesmith:PoweredAnvil","Runesmith:ChargedHammer","SpeedPotion"],"campfire_rested":2,"item_purchase_floors":[4,4,19,19,24,24,24],"current_hp_per_floor":[49,48,40,40,40,4,25,25,25,17,14,16,16,12,34,4,75,17,17,17,17,1,1,1,1,1,0,0],"gold":26,"neow_bonus":"ONE_RARE_RELIC","is_daily":false,"chose_seed":false,"campfire_upgraded":0,"win_rate":0.0,"timestamp":1613772930,"path_taken":["M","M","?","$","?","E","R","?","T","E","M","E","?","M","R","BOSS","M","$","?","?","?","R","$","?","T","M"],"items_purchased_type":["Card","Card","Card","Card","Card","Card","Potion"],"build_version":"2020-12-22","purchased_purges":0,"victory":false,"max_hp_per_floor":[70,70,70,70,70,70,70,70,70,70,70,75,75,75,75,75,75,75,75,75,75,75,75,75,75,75,75,75],"card_choices":[{"not_picked":["Runesmith:EnergizedChisel","Runesmith:Overpower"],"picked":"Runesmith:StaticCage","floor":1},{"not_picked":["Runesmith:WhiteBalance","Runesmith:Grindstone"],"picked":"Runesmith:ChaoticBlast","floor":2},{"not_picked":["Runesmith:RuneHurl","Runesmith:Repurpose"],"picked":"Runesmith:DuctTape","floor":3},{"not_picked":["Runesmith:ChargedHammer","Runesmith:ChaoticBlast"],"picked":"Runesmith:HammerTime","floor":6},{"not_picked":["Runesmith:EarthShield","Runesmith:RuneHurl"],"picked":"Runesmith:BackupBattery","floor":10},{"not_picked":["Runesmith:RuneHurl","Runesmith:CraftMagma"],"picked":"Runesmith:HammerThrow","floor":11},{"not_picked":["Runesmith:LightningRod","Runesmith:Electrocute"],"picked":"Runesmith:EarthShield","floor":12},{"not_picked":["Runesmith:EnergizedChisel","Runesmith:StaticCage"],"picked":"Runesmith:FieryHammer","floor":14},{"not_picked":["Runesmith:FissionHammer","Runesmith:LastStand"],"picked":"Runesmith:UnlimitedPower","floor":16},{"not_picked":["Runesmith:Overpower","Runesmith:UnstableHammer"],"picked":"Runesmith:ShiftingStrike","floor":18},{"not_picked":["Runesmith:Augment","Runesmith:RuneHurl"],"picked":"Runesmith:ChargedHammer+1","floor":22}],"player_experience":304360,"relics_obtained":[{"floor":6,"key":"HornCleat"},{"floor":9,"key":"Sundial"},{"floor":10,"key":"White Beast Statue"},{"floor":12,"key":"Happy Flower"},{"floor":26,"key":"infinitespire:Lucky Rock"}],"event_choices":[{"damage_healed":0,"gold_gain":0,"player_choice":"Take Wound","damage_taken":0,"relics_obtained":["Golden Idol"],"max_hp_gain":0,"max_hp_loss":0,"event_name":"Golden Idol","floor":5,"gold_loss":0,"cards_obtained":["Injury"]},{"damage_healed":0,"gold_gain":0,"cards_transformed":["Runesmith:Strike_RS"],"player_choice":"Change","damage_taken":0,"max_hp_gain":0,"max_hp_loss":0,"event_name":"Living Wall","floor":13,"gold_loss":0,"cards_obtained":["Runesmith:Supernova"]},{"damage_healed":0,"gold_gain":0,"player_choice":"Ignored","damage_taken":0,"max_hp_gain":0,"max_hp_loss":0,"event_name":"Ghosts","floor":20,"gold_loss":0},{"cards_removed":["Injury"],"damage_healed":0,"gold_gain":0,"player_choice":"Took Card","damage_taken":0,"max_hp_gain":0,"max_hp_loss":0,"event_name":"NoteForYourself","floor":21,"gold_loss":0,"cards_obtained":["Decay"]},{"damage_healed":0,"gold_gain":0,"player_choice":"Rummage","damage_taken":0,"relics_obtained":["WarpedTongs"],"max_hp_gain":0,"max_hp_loss":0,"event_name":"Accursed Blacksmith","floor":25,"gold_loss":0,"cards_obtained":["Pain"]}],"is_beta":false,"boss_relics":[{"not_picked":["Tiny House","Runic Dome"],"picked":"Runic Pyramid"}],"items_purged_floors":[],"is_endless":false,"potions_floor_spawned":[1,2,10,11,12,14,16,18,22],"killed_by":"Snake Plant","ascension_level":0}}