{"host":"qgrlfjrqk9z96gfi","time":1613692966,"event":{"mods":["BaseMod","Block Reminder","Colored Map","Custom Start","DeckTracker","Minty Spire (QoL Compilation)"],"gold_per_floor":[111,111,57,207,282,317,327,357,357,369,369,40,71,81,81,158,158,158,158],"floor_reached":18,"language":"ENG","playtime":636,"items_purged":[],"score":406,"play_id":"52ce4c99-cf98-4636-9f88-a5a39d30a1b3","local_time":"20210218140246","is_ascension_mode":true,"campfire_choices":[{"floor":11.0,"key":"REST"},{"floor":15.0,"key":"REST"}],"circlet_count":0,"master_deck":["AscendersBane","Strike_G","Strike_G","Strike_G","Strike_G","Strike_G","Defend_G","Defend_G","Defend_G","Defend_G","Defend_G","Survivor","Neutralize+1","Underhanded Strike","Prepared","Doubt","Poisoned Stab","Slice","Dagger Throw","Calculated Gamble","Footwork","Tools of the Trade","Concentrate","Escape Plan","Phantasmal Killer","Adrenaline"],"relics":["Ring of the Snake","NeowsBlessing","Shuriken","Potion Belt","HornCleat","Toy Ornithopter","Orrery","Akabeko","SlaversCollar"],"acts_visited":["Exordium","TheCity"],"potions_floor_usage":[],"damage_taken":[{"damage":0.0,"enemies":"Small Slimes","floor":1.0,"turns":1.0},{"damage":0.0,"enemies":"3 Sentries","floor":6.0,"turns":1.0},{"damage":0.0,"enemies":"2 Louse","floor":7.0,"turns":1.0},{"damage":27.0,"enemies":"Gremlin Nob","floor":8.0,"turns":4.0},{"damage":4.0,"enemies":"Jaw Worm","floor":10.0,"turns":4.0},{"damage":32.0,"enemies":"3 Sentries","floor":13.0,"turns":11.0},{"damage":5.0,"enemies":"Blue Slaver","floor":14.0,"turns":2.0},{"damage":21.0,"enemies":"Slime Boss","floor":16.0,"turns":9.0},{"damage":50,"enemies":"3 Byrds","floor":18,"turns":7}],"seed_played":"-5370324004294685065","potions_obtained":[{"floor":6.0,"key":"Swift Potion"},{"floor":7.0,"key":"DistilledChaos"},{"floor":13.0,"key":"EssenceOfSteel"}],"is_trial":false,"path_per_floor":["M","?","$","?","?","E","M","E","T","M","R","$","E","M","R","B",null,"M"],"character_chosen":"THE_SILENT","items_purchased":["Prepared","Toy Ornithopter","Orrery"],"campfire_rested":2,"item_purchase_floors":[3,12,12],"current_hp_per_floor":[59,59,59,59,48,48,48,21,21,17,36,36,4,4,23,2,50,0,0],"gold":158,"neow_bonus":"THREE_ENEMY_KILL","is_daily":false,"chose_seed":false,"campfire_upgraded":0,"win_rate":0.0,"timestamp":1613692966,"path_taken":["M","?","$","?","?","E","M","E","T","M","R","$","E","M","R","BOSS","M"],"items_purchased_type":["Card","Relic","Relic"],"build_version":"2020-12-22","purchased_purges":0,"victory":false,"max_hp_per_floor":[66,66,66,66,66,66,66,66,66,66,66,66,66,66,66,66,66,66,66],"card_choices":[{"not_picked":["Dodge and Roll","Outmaneuver"],"picked":"Underhanded Strike","floor":1.0},{"not_picked":["Acrobatics","Dodge and Roll"],"picked":"Poisoned Stab","floor":6.0},{"not_picked":["Underhanded Strike","PiercingWail"],"picked":"Slice","floor":7.0},{"not_picked":["Flying Knee","Slice"],"picked":"Dagger Throw","floor":8.0},{"not_picked":["Deflect","Bouncing Flask","Dodge and Roll"],"picked":"SKIP","floor":10.0},{"not_picked":["Backflip","Slice"],"picked":"Calculated Gamble","floor":12.0},{"not_picked":["Crippling Poison","Sucker Punch"],"picked":"Footwork","floor":12.0},{"not_picked":["Dodge and Roll","Backflip"],"picked":"Tools of the Trade","floor":12.0},{"not_picked":["Backflip","Catalyst"],"picked":"Concentrate","floor":12.0},{"not_picked":["Acrobatics","Flying Knee"],"picked":"Escape Plan","floor":12.0},{"not_picked":["Terror","Blade Dance"],"picked":"Phantasmal Killer","floor":13.0},{"not_picked":["Reflex","Accuracy","Prepared"],"picked":"SKIP","floor":14.0},{"not_picked":["A Thousand Cuts","Grand Finale"],"picked":"Adrenaline","floor":16.0}],"player_experience":1162466,"relics_obtained":[{"floor":6.0,"key":"Shuriken"},{"floor":8.0,"key":"Potion Belt"},{"floor":9.0,"key":"HornCleat"},{"floor":13.0,"key":"Akabeko"}],"event_choices":[{"damage_healed":0.0,"max_hp_gain":0.0,"max_hp_loss":0.0,"gold_gain":0.0,"event_name":"Living Wall","player_choice":"Grow","floor":2.0,"gold_loss":0.0,"damage_taken":0.0,"cards_upgraded":["Neutralize"]},{"damage_healed":0.0,"max_hp_gain":0.0,"max_hp_loss":0.0,"gold_gain":150.0,"event_name":"Liars Game","player_choice":"AGREE","floor":4.0,"gold_loss":0.0,"damage_taken":0.0,"cards_obtained":["Doubt"]},{"damage_healed":0.0,"max_hp_gain":0.0,"max_hp_loss":0.0,"gold_gain":75.0,"event_name":"World of Goop","player_choice":"Gather Gold","floor":5.0,"gold_loss":0.0,"damage_taken":11.0}],"is_beta":false,"boss_relics":[{"not_picked":["Sozu","Calling Bell"],"picked":"SlaversCollar"}],"items_purged_floors":[],"is_endless":false,"potions_floor_spawned":[6,7,13],"killed_by":"3 Byrds","ascension_level":20}}