{"host":"qp7xs8nuzfsyommi","time":1613758100,"event":{"mods":["2.2 Compatiblity","BaseMod","Colored Powertips","DeckTracker","Highlight Path","Minty Spire (QoL Compilation)","Permanent Neow","Quick Restart","StSLib"],"gold_per_floor":[116,116,129,139,153,186,206,218,218,237,237,79,79,92,92,169,169,182,199,210,223,223,258,47,47,47,62,112,131,131,148,148,220,220,220,220],"floor_reached":35,"language":"ENG","playtime":2044,"items_purged":[],"score":870,"play_id":"2d1fb6ee-9daf-4700-a40d-59379c72d4bf","local_time":"20210219130820","is_ascension_mode":true,"campfire_choices":[{"floor":11.0,"key":"REST"},{"data":"Coolheaded","floor":13.0,"key":"SMITH"},{"data":"Hologram","floor":15.0,"key":"SMITH"},{"floor":25,"key":"REST"},{"floor":30,"key":"REST"},{"floor":32,"key":"REST"}],"circlet_count":0,"master_deck":["AscendersBane","Zap","Dualcast","Coolheaded+1","Hologram+1","Doom and Gloom","Conserve Battery","Electrodynamics","White Noise+1","Leap","Echo Form","Core Surge","All For One","Blizzard","Loop","Amplify+1","FTL","Machine Learning","Recycle","Melter","Compile Driver","Reprogram+1","Self Repair","Hologram","Rainbow","Hologram","Buffer"],"relics":["Snecko Eye","StoneCalendar","Potion Belt","Pandora\u0027s Box","Matryoshka","War Paint","Vajra","Bottled Lightning","SacredBark"],"acts_visited":["Exordium","TheCity","TheBeyond"],"potions_floor_usage":[23,33],"damage_taken":[{"damage":3.0,"enemies":"Small Slimes","floor":1.0,"turns":4.0},{"damage":2.0,"enemies":"Jaw Worm","floor":3.0,"turns":5.0},{"damage":9.0,"enemies":"2 Louse","floor":4.0,"turns":3.0},{"damage":2.0,"enemies":"2 Fungi Beasts","floor":5.0,"turns":4.0},{"damage":21.0,"enemies":"Lagavulin","floor":6.0,"turns":5.0},{"damage":4.0,"enemies":"Looter","floor":7.0,"turns":4.0},{"damage":2.0,"enemies":"3 Louse","floor":8.0,"turns":2.0},{"damage":6.0,"enemies":"Blue Slaver","floor":10.0,"turns":5.0},{"damage":6.0,"enemies":"Large Slime","floor":14.0,"turns":4.0},{"damage":31.0,"enemies":"The Guardian","floor":16.0,"turns":10.0},{"damage":6.0,"enemies":"Shell Parasite","floor":18.0,"turns":4.0},{"damage":0.0,"enemies":"Spheric Guardian","floor":19.0,"turns":2.0},{"damage":16.0,"enemies":"Snake Plant","floor":20.0,"turns":3.0},{"damage":0.0,"enemies":"Sentry and Sphere","floor":21.0,"turns":3.0},{"damage":0,"enemies":"Book of Stabbing","floor":23,"turns":1},{"damage":19,"enemies":"Shelled Parasite and Fungi","floor":27,"turns":5},{"damage":39,"enemies":"Chosen and Byrds","floor":29,"turns":6},{"damage":35,"enemies":"Snake Plant","floor":31,"turns":5},{"damage":29,"enemies":"Automaton","floor":33,"turns":8},{"damage":67,"enemies":"3 Darklings","floor":35,"turns":3}],"seed_played":"7801841898546054477","potions_obtained":[{"floor":1.0,"key":"FocusPotion"},{"floor":7.0,"key":"Block Potion"},{"floor":10.0,"key":"AttackPotion"},{"floor":14.0,"key":"GamblersBrew"},{"floor":20.0,"key":"Regen Potion"},{"floor":27,"key":"EssenceOfSteel"},{"floor":29,"key":"CultistPotion"},{"floor":31,"key":"SneckoOil"}],"is_trial":false,"path_per_floor":["M","?","M","M","M","E","M","M","T","M","R","$","R","M","R","B",null,"M","M","M","M","?","E","$","R","T","M","?","M","R","M","R","B",null,"M"],"character_chosen":"DEFECT","items_purchased":["Potion Belt","Self Repair","War Paint"],"campfire_rested":4,"item_purchase_floors":[12,24,24],"current_hp_per_floor":[61,66,64,55,53,32,28,26,26,20,42,42,42,36,36,5,58,52,52,36,36,36,36,36,58,58,46,46,21,43,22,44,22,63,0,0],"gold":220,"neow_bonus":"BOSS_RELIC","is_daily":false,"chose_seed":false,"campfire_upgraded":2,"win_rate":0.0,"timestamp":1613758100,"path_taken":["M","?","M","M","M","E","M","M","T","M","R","$","R","M","R","BOSS","M","M","M","M","?","E","$","R","T","M","?","M","R","M","R","BOSS","M"],"items_purchased_type":["Relic","Card","Relic"],"build_version":"2020-12-22","purchased_purges":0,"victory":false,"max_hp_per_floor":[71,76,76,76,76,76,76,76,76,76,76,76,76,76,76,76,76,76,76,76,76,76,76,76,76,76,76,76,76,76,76,76,76,76,76,76],"card_choices":[{"not_picked":["Force Field","Barrage"],"picked":"Coolheaded","floor":1.0},{"not_picked":["Go for the Eyes","Redo"],"picked":"Hologram","floor":3.0},{"not_picked":["Coolheaded","Skim"],"picked":"Doom and Gloom","floor":4.0},{"not_picked":["Coolheaded","Consume"],"picked":"Conserve Battery","floor":5.0},{"not_picked":["Ball Lightning","Conserve Battery","Rebound"],"picked":"SKIP","floor":6.0},{"not_picked":["Conserve Battery","Coolheaded"],"picked":"Electrodynamics","floor":7.0},{"not_picked":["Streamline","Cold Snap","Sweeping Beam"],"picked":"SKIP","floor":8.0},{"not_picked":["Redo","Skim"],"picked":"White Noise","floor":10.0},{"not_picked":["Gash","Auto Shields"],"picked":"Leap","floor":14.0},{"not_picked":["Electrodynamics","Amplify"],"picked":"Echo Form","floor":16.0},{"not_picked":["Fusion","White Noise"],"picked":"Melter","floor":18.0},{"not_picked":["Doom and Gloom","Streamline+1"],"picked":"Compile Driver","floor":19.0},{"not_picked":["Hello World","Blizzard"],"picked":"Reprogram+1","floor":20.0},{"not_picked":["Beam Cell","Steam Power","Storm"],"picked":"SKIP","floor":21.0},{"not_picked":["Compile Driver","Beam Cell","Streamline+1"],"picked":"SKIP","floor":23},{"not_picked":["Ball Lightning+1","Static Discharge+1"],"picked":"Hologram","floor":27},{"not_picked":["Streamline","Rebound"],"picked":"Rainbow","floor":29},{"not_picked":["Sweeping Beam","Storm"],"picked":"Hologram","floor":31},{"not_picked":["Echo Form","Hyperbeam"],"picked":"Buffer","floor":33}],"player_experience":1460889,"relics_obtained":[{"floor":6.0,"key":"StoneCalendar"},{"floor":23,"key":"Matryoshka"},{"floor":26,"key":"Vajra"},{"floor":26,"key":"Bottled Lightning"}],"event_choices":[{"damage_healed":0.0,"max_hp_gain":5.0,"max_hp_loss":0.0,"gold_gain":0.0,"event_name":"Big Fish","player_choice":"Donut","floor":2.0,"gold_loss":0.0,"damage_taken":0.0},{"damage_healed":0.0,"max_hp_gain":0.0,"max_hp_loss":0.0,"gold_gain":0.0,"event_name":"Vampires","player_choice":"Ignored","floor":22.0,"gold_loss":0.0,"damage_taken":0.0},{"damage_healed":0,"gold_gain":50,"player_choice":"Stole From Cult","damage_taken":0,"max_hp_gain":0,"max_hp_loss":0,"event_name":"Nest","floor":28,"gold_loss":0}],"is_beta":false,"boss_relics":[{"not_picked":["Black Star","Coffee Dripper"],"picked":"Pandora\u0027s Box"},{"not_picked":["Fusion Hammer","Cursed Key"],"picked":"SacredBark"}],"items_purged_floors":[],"is_endless":false,"potions_floor_spawned":[1,7,10,14,20,27,29,31],"killed_by":"3 Darklings","ascension_level":20}}