{"host":"7wi4qgm5yw4j7oz0","time":1613765391,"event":{"mods":["AchievementEnabler","BaseMod","Block Reminder","Colored Map","Colored Powertips","Highlight Path","Minty Spire (QoL Compilation)","Permanent Neow","Random Character Button","StSLib","SuperFastMode","everything is the same but u backflip on backflip"],"gold_per_floor":[109,128,139,149,160,160,174,174,174,194,194,227,152,169,169,246,246,265,277,294,209,209,209],"floor_reached":22,"language":"KOR","playtime":1107,"items_purged":["Strike_R"],"score":336,"play_id":"a4c9ba57-e36a-4ef3-8bd1-4cb85e32af53","local_time":"20210220050951","is_ascension_mode":true,"campfire_choices":[{"data":"Battle Trance","floor":6.0,"key":"SMITH"},{"data":"Second Wind","floor":8.0,"key":"SMITH"},{"data":"Clothesline","floor":11.0,"key":"SMITH"},{"floor":15.0,"key":"REST"}],"circlet_count":0,"master_deck":["AscendersBane","Strike_R","Strike_R","Strike_R","Strike_R","Defend_R","Defend_R","Defend_R","Defend_R","Bash","Clothesline+1","Shrug It Off","Second Wind+1","Disarm","Battle Trance+1","Shrug It Off","Perfected Strike","Fire Breathing","Barricade","Cleave","Feel No Pain+1","Spot Weakness"],"relics":["Burning Blood","NeowsBlessing","Darkstone Periapt","Oddly Smooth Stone","Runic Cube","Pen Nib"],"acts_visited":["Exordium","TheCity"],"potions_floor_usage":[18,22],"damage_taken":[{"damage":0.0,"enemies":"Jaw Worm","floor":1.0,"turns":1.0},{"damage":0.0,"enemies":"Small Slimes","floor":2.0,"turns":1.0},{"damage":0.0,"enemies":"Cultist","floor":3.0,"turns":1.0},{"damage":9.0,"enemies":"3 Louse","floor":4.0,"turns":4.0},{"damage":29.0,"enemies":"Exordium Thugs","floor":5.0,"turns":7.0},{"damage":6.0,"enemies":"Looter","floor":7.0,"turns":4.0},{"damage":5.0,"enemies":"2 Fungi Beasts","floor":10.0,"turns":4.0},{"damage":24.0,"enemies":"Gremlin Nob","floor":12.0,"turns":6.0},{"damage":0.0,"enemies":"Blue Slaver","floor":14.0,"turns":4.0},{"damage":30.0,"enemies":"Slime Boss","floor":16.0,"turns":10.0},{"damage":19,"enemies":"3 Byrds","floor":18,"turns":12},{"damage":15,"enemies":"Chosen","floor":19,"turns":8},{"damage":27,"enemies":"Snecko","floor":20,"turns":9},{"damage":23,"enemies":"Cultist and Chosen","floor":22,"turns":8}],"seed_played":"-6184049107684777372","potions_obtained":[{"floor":4.0,"key":"Dexterity Potion"},{"floor":5.0,"key":"EntropicBrew"},{"floor":10.0,"key":"SkillPotion"},{"floor":20,"key":"Energy Potion"}],"is_trial":false,"path_per_floor":["M","M","M","M","M","R","M","R","T","M","R","E","$","M","R","B",null,"M","M","M","?","M"],"character_chosen":"IRONCLAD","items_purchased":[],"campfire_rested":1,"item_purchase_floors":[],"current_hp_per_floor":[74,75,75,72,49,49,49,49,49,50,50,32,32,38,60,36,65,52,43,22,22,0,0],"gold":209,"neow_bonus":"THREE_ENEMY_KILL","is_daily":false,"chose_seed":false,"campfire_upgraded":3,"win_rate":0.0,"timestamp":1613765391,"path_taken":["M","M","M","M","M","R","M","R","T","M","R","E","$","M","R","BOSS","M","M","M","?","M"],"items_purchased_type":[],"build_version":"2020-12-22","purchased_purges":1,"victory":false,"max_hp_per_floor":[75,75,75,75,75,75,75,75,75,75,75,75,75,75,75,75,75,75,75,75,75,75,75],"card_choices":[{"not_picked":["Flex","Thunderclap"],"picked":"Clothesline","floor":1.0},{"not_picked":["Seeing Red","Havoc"],"picked":"Shrug It Off","floor":2.0},{"not_picked":["Power Through","Clothesline"],"picked":"Second Wind","floor":3.0},{"not_picked":["Clothesline","True Grit"],"picked":"Disarm","floor":4.0},{"not_picked":["Warcry","Iron Wave"],"picked":"Battle Trance","floor":5.0},{"not_picked":["Havoc","Pummel"],"picked":"Shrug It Off","floor":7.0},{"not_picked":["Anger","Twin Strike","Havoc"],"picked":"SKIP","floor":10.0},{"not_picked":["Rage","Dual Wield"],"picked":"Perfected Strike","floor":12.0},{"not_picked":["Ghostly Armor","Wild Strike"],"picked":"Fire Breathing","floor":14.0},{"not_picked":["Limit Break","Corruption"],"picked":"Barricade","floor":16.0},{"not_picked":["Wild Strike","Intimidate"],"picked":"Cleave","floor":18},{"not_picked":["Flex","Havoc"],"picked":"Feel No Pain+1","floor":19},{"not_picked":["Warcry","Fire Breathing"],"picked":"Spot Weakness","floor":20}],"player_experience":341806,"relics_obtained":[{"floor":9.0,"key":"Darkstone Periapt"},{"floor":12.0,"key":"Oddly Smooth Stone"}],"event_choices":[{"damage_healed":0,"gold_gain":0,"player_choice":"Obtained Relic","damage_taken":0,"relics_obtained":["Pen Nib"],"max_hp_gain":0,"max_hp_loss":0,"event_name":"Addict","floor":21,"gold_loss":85}],"is_beta":false,"boss_relics":[{"not_picked":["Busted Crown","Runic Pyramid"],"picked":"Runic Cube"}],"items_purged_floors":[13],"is_endless":false,"potions_floor_spawned":[4,5,10,14,20],"killed_by":"Cultist and Chosen","ascension_level":15}}