{"host":"mr1ctipv0dcr6y8g","time":1613754706,"event":{"mods":["BaseMod","Beaked The Cultist","DeckTracker","Downfall","Energized Spire","Minty Spire (QoL Compilation)","READ ME - Guardian Mod","Shop Mod","StSLib","The Construct"],"gold_per_floor":[99,118,128,128,128,128,128,141,41,55,55,55,55],"floor_reached":11,"language":"ENG","playtime":605,"items_purged":[],"score":88,"play_id":"d6a8b8b6-3e82-4001-b2bc-8372f750c18d","local_time":"20210219101146","is_ascension_mode":false,"campfire_choices":[{"data":"hexamod:Defend","floor":1,"key":"SMITH"},{"data":"hexamod:ShieldOfDarkness","floor":9,"key":"SMITH"}],"circlet_count":0,"master_deck":["hexamod:Strike","hexamod:Strike","hexamod:Strike","hexamod:Strike","hexamod:Defend","hexamod:Defend","hexamod:Defend","hexamod:Defend+1","hexamod:Sear","hexamod:Float","hexamod:ShieldOfDarkness+1","hexamod:AdvancingGuard","hexamod:InspiringFlames","hexamod:HauntingEcho"],"relics":["hexamod:SpiritBrand","Blue Candle","Mercury Hourglass","downfall:HeartBlessingBlue"],"acts_visited":["Exordium"],"potions_floor_usage":[11],"damage_taken":[{"damage":0,"enemies":"2 Louse","floor":2,"turns":3},{"damage":0,"enemies":"Cultist","floor":3,"turns":4},{"damage":0,"enemies":"Jaw Worm","floor":8,"turns":3},{"damage":0,"enemies":"Blue Slaver","floor":10,"turns":4},{"damage":91,"enemies":"Gremlin Nob","floor":11,"turns":7}],"seed_played":"-5647736388492205715","potions_obtained":[{"floor":3,"key":"Guardian:BlockOnCardUsePotion"},{"floor":8,"key":"GamblersBrew"}],"is_trial":false,"path_per_floor":["R","M","M","?","?","?","T","M","R","M","E"],"character_chosen":"THE_SPIRIT","items_purchased":[],"campfire_rested":0,"item_purchase_floors":[],"current_hp_per_floor":[77,77,77,82,77,59,59,59,69,69,0,0,0],"gold":55,"neow_bonus":"TEN_PERCENT_HP_BONUS","is_daily":false,"chose_seed":false,"campfire_upgraded":2,"win_rate":0.0,"timestamp":1613754706,"path_taken":["R","M","M","?","?","?","T","M","R","M","E"],"items_purchased_type":[],"build_version":"2020-12-22","purchased_purges":0,"victory":false,"max_hp_per_floor":[77,77,77,82,82,82,82,82,92,92,92,92,92],"card_choices":[{"not_picked":["hexamod:Hexaguard","hexamod:PhantomFireball"],"picked":"hexamod:ShieldOfDarkness","floor":2},{"not_picked":["hexamod:GhostShield","hexamod:Firestarter"],"picked":"hexamod:AdvancingGuard","floor":3},{"not_picked":["hexamod:BacktrackSmack","hexamod:GhostOfSpirePast"],"picked":"hexamod:InspiringFlames","floor":8},{"not_picked":["hexamod:InspiringFlames","hexamod:Rewind"],"picked":"hexamod:HauntingEcho","floor":10}],"player_experience":1757278,"relics_obtained":[],"event_choices":[{"damage_healed":0,"gold_gain":0,"player_choice":"Donut","damage_taken":0,"max_hp_gain":5,"max_hp_loss":0,"event_name":"Big Fish","floor":4,"gold_loss":0},{"damage_healed":0,"gold_gain":0,"player_choice":"Success","damage_taken":18,"relics_obtained":["Mercury Hourglass"],"max_hp_gain":0,"max_hp_loss":0,"event_name":"Scrap Ooze","floor":6,"gold_loss":0}],"is_beta":false,"boss_relics":[],"items_purged_floors":[],"is_endless":false,"potions_floor_spawned":[3,8],"killed_by":"Gremlin Nob","ascension_level":0}}