{"host":"5qewjvycy34u7aeo","time":1613767190,"event":{"mods":["BaseMod","Downfall","GifTheSpireLib","Hubris","Infinite Spire","Minty Spire (QoL Compilation)","Permanent Neow","Replay The Spire","StSLib","Wandering Minibosses"],"gold_per_floor":[99,113,113,128,128,128,182,214,114,129,147,179,179,205,220,325,325,525,538,24,40,55,74,74,74,107,107,140,140,140,153,171,269,269,269,285,303,318,318,332,332,358,358,220,270,370,402,302,319,319,319,349,44,44,44,44],"floor_reached":57,"language":"ENG","playtime":5823,"items_purged":["bronze:Strike","bronze:Strike","bronze:Strike"],"score":1371,"play_id":"4b2ba20a-ea75-4fbf-a249-1e4872883723","local_time":"20210219143950","is_ascension_mode":true,"campfire_choices":[{"data":"bronze:Goto","floor":1.0,"key":"SMITH"},{"floor":9.0,"key":"RECALL"},{"floor":18.0,"key":"DIG"},{"floor":30.0,"key":"REST"},{"floor":35.0,"key":"REST"},{"floor":43.0,"key":"REST"},{"floor":48,"key":"REST"},{"floor":54,"key":"REST"}],"circlet_count":0,"master_deck":["bronze:Defend","bronze:Defend","bronze:Defend","bronze:Defend","bronze:OilSpill","m_BronzeAgony","m_BronzeSurvivor+1","Decay","Pot Of Greed","Pot Of Greed","bronze:Branch","bronze:Constructor","bronze:Verify","bronze:OilSpill","bronze:SpaghettiCode","bronze:Repulsor+1","Panache","bronze:GetLatest","bronze:Branch","bronze:ClassDefault","bronze:AlphaBuild","bronze:Shell","Pot Of Greed","bronze:ThunderWave","bronze:OilSpill+1","bronze:WhirlingStrike","bronze:Constructor","bronze:Iterate","bronze:Iterate","bronze:Frontload+1","infinitespire:TheBestDefense","bronze:Constructor+1","bronze:Terminator+1","bronze:Branch+1","bronze:CutThrough+1","Pot Of Greed","bronze:Terminator"],"relics":["bronze:BronzeCore","Blue Doll","Grinning Jar","downfall:HeartBlessingBlue","Replay:WaspNest","Happy Flower","Fusion Hammer","downfall:HeartBlessingRed","Old Coin","Vajra","Quantum Egg","hubris:SlimyHat","Nilry\u0027s Codex","Gambling Chip","CultistMask","Sozu","Chameleon Ring","Simple Rune","Pocketwatch","Durian","Blood Vial","downfall:HeartBlessingGreen","Akabeko","infinitespire:Satchel"],"acts_visited":["Exordium","TheCity","TheBeyond","TheEnding"],"potions_floor_usage":[46],"damage_taken":[{"damage":1.0,"enemies":"Jaw Worm","floor":2.0,"turns":5.0},{"damage":0.0,"enemies":"Small Slimes","floor":4.0,"turns":2.0},{"damage":19.0,"enemies":"Gremlin Nob","floor":8.0,"turns":5.0},{"damage":0.0,"enemies":"Cultist","floor":10.0,"turns":3.0},{"damage":0.0,"enemies":"2 Fungi Beasts","floor":11.0,"turns":3.0},{"damage":2.0,"enemies":"Lagavulin","floor":12.0,"turns":6.0},{"damage":2.0,"enemies":"Gremlin Nob","floor":14.0,"turns":4.0},{"damage":0.0,"enemies":"Large Slime","floor":15.0,"turns":5.0},{"damage":18.0,"enemies":"IC_STATUS_ARCHETYPE","floor":16.0,"turns":6.0},{"damage":8.0,"enemies":"3 Byrds","floor":19.0,"turns":5.0},{"damage":0.0,"enemies":"downfall:FleeingMerchant","floor":20.0,"turns":4.0},{"damage":0.0,"enemies":"Spheric Guardian","floor":21.0,"turns":1.0},{"damage":18.0,"enemies":"Cultist and Chosen","floor":22.0,"turns":4.0},{"damage":0.0,"enemies":"Snecko","floor":23.0,"turns":4.0},{"damage":6.0,"enemies":"Nightmare","floor":26.0,"turns":5.0},{"damage":15.0,"enemies":"Slavers","floor":28.0,"turns":5.0},{"damage":7.0,"enemies":"Snake Plant","floor":31.0,"turns":3.0},{"damage":0.0,"enemies":"Chosen and Byrds","floor":32.0,"turns":4.0},{"damage":13.0,"enemies":"SI_MIRROR_ARCHETYPE","floor":33.0,"turns":10.0},{"damage":3.0,"enemies":"Orb Walker","floor":36.0,"turns":3.0},{"damage":7.0,"enemies":"3 Darklings","floor":37.0,"turns":7.0},{"damage":6.0,"enemies":"Jaw Worm Horde","floor":38.0,"turns":4.0},{"damage":13.0,"enemies":"Maw","floor":40.0,"turns":6.0},{"damage":11.0,"enemies":"R_Hoarder","floor":42.0,"turns":7.0},{"damage":0.0,"enemies":"downfall:FleeingMerchant","floor":44.0,"turns":4.0},{"damage":0.0,"enemies":"downfall:FleeingMerchant","floor":45.0,"turns":4.0},{"damage":5,"enemies":"infinitespire:Three Voidlings","floor":46,"turns":4},{"damage":10,"enemies":"Nightmare_Alpha","floor":46,"turns":8},{"damage":0,"enemies":"Reptomancer","floor":47,"turns":8},{"damage":0,"enemies":"3 Darklings","floor":49,"turns":5},{"damage":28,"enemies":"DF_ARCHETYPE_ORBS","floor":50,"turns":10},{"damage":5,"enemies":"downfall:CharBossMerchant","floor":52,"turns":8},{"damage":0,"enemies":"downfall:NeowBoss","floor":55,"turns":18},{"damage":24,"enemies":"downfall:NeowBossFinal","floor":56,"turns":10}],"seed_played":"-7214376498957927978","potions_obtained":[{"floor":4.0,"key":"Dexterity Potion"},{"floor":10.0,"key":"PowerPotion"},{"floor":14.0,"key":"AttackPotion"},{"floor":15.0,"key":"bronze:BurnAndBuffPotion"},{"floor":22.0,"key":"Adrenaline Potion"},{"floor":23.0,"key":"Milkshake"},{"floor":33.0,"key":"hexamod:SoulburnPotion"}],"is_trial":false,"path_per_floor":["R","M","?","M","?","?","T","E","R","M","M","E","?","E","M","B",null,"R","M","$","M","M","M","T","?","NM","?","E","?","R","M","M","B",null,"R","M","M","M","?","M","T","E","R","$","?","?","E","R","M","B",null,"E","$","R","B","B",null],"character_chosen":"THE_AUTOMATON","items_purchased":["Panache","bronze:GetLatest","Vajra","bronze:Branch","bronze:Iterate","infinitespire:Satchel","bronze:Terminator"],"campfire_rested":5,"item_purchase_floors":[20,20,20,20,44,53,53],"current_hp_per_floor":[70,69,69,69,69,69,69,50,60,60,60,58,58,56,56,38,80,80,72,72,72,54,54,54,54,48,32,17,17,41,34,34,21,80,80,77,70,64,64,51,51,40,64,64,64,54,54,79,81,55,85,80,80,85,85,61],"gold":44,"neow_bonus":"RANDOM_COMMON_RELIC","is_daily":false,"chose_seed":false,"campfire_upgraded":1,"win_rate":0.0,"timestamp":1613767190,"path_taken":["R","M","?","M","?","?","T","E","R","?","M","E","?","E","M","BOSS","R","M","$","M","M","M","T","?","NM","?","E","?","R","?","M","BOSS","R","M","M","M","?","M","T","E","R","$","?","?","E","R","M","BOSS","E","$","R","BOSS","BOSS"],"items_purchased_type":["Card","Card","Relic","Card","Card","Relic","Card"],"build_version":"2020-12-22","purchased_purges":3,"victory":true,"max_hp_per_floor":[70,70,70,70,70,70,70,70,80,80,80,80,80,80,80,80,80,80,80,80,80,80,80,80,80,80,80,80,80,80,80,80,80,80,80,80,80,80,80,80,80,80,80,80,80,85,85,85,85,85,85,85,85,85,85,85],"card_choices":[{"not_picked":["bronze:Philosophize","bronze:FineTuning"],"picked":"bronze:OilSpill","floor":2.0},{"not_picked":["bronze:BronzeOrb","bronze:Philosophize","bronze:CloningBeam"],"picked":"SKIP","floor":4.0},{"not_picked":["bronze:Turbo","bronze:Overheat","bronze:Mutator"],"picked":"SKIP","floor":8.0},{"not_picked":["bronze:WildBeam","bronze:FineTuning"],"picked":"bronze:Branch","floor":10.0},{"not_picked":["bronze:ForceShield","bronze:DelayedGuard"],"picked":"bronze:Constructor","floor":11.0},{"not_picked":["bronze:Backtrace","bronze:FineTuning"],"picked":"bronze:Verify","floor":12.0},{"not_picked":["bronze:HyperBeam","bronze:ItsAFeature"],"picked":"bronze:OilSpill","floor":14.0},{"not_picked":["bronze:Backtrace","bronze:Shield","bronze:BugBarrage"],"picked":"SKIP","floor":15.0},{"not_picked":["bronze:Mutator","bronze:Format"],"picked":"bronze:SpaghettiCode","floor":16.0},{"not_picked":["bronze:DarkDash","bronze:Frontload"],"picked":"bronze:Repulsor+1","floor":19.0},{"not_picked":["bronze:Boost","bronze:FindAndReplace","bronze:Flail"],"picked":"SKIP","floor":20.0},{"not_picked":["bronze:Separator","bronze:Return+1","bronze:Deprecate"],"picked":"SKIP","floor":21.0},{"not_picked":["bronze:ChosenStrike","bronze:BronzeArmor+1"],"picked":"bronze:ClassDefault","floor":22.0},{"not_picked":["bronze:Constructor+1","bronze:DelayedSlice","bronze:Frontload"],"picked":"SKIP","floor":23.0},{"not_picked":["bronze:ItsAFeature+1","bronze:Iterate+1"],"picked":"bronze:AlphaBuild","floor":26.0},{"not_picked":["bronze:Safeguard","bronze:FollowUp+1"],"picked":"bronze:Shell","floor":28.0},{"not_picked":["bronze:BuggyMess","bronze:CutThrough","bronze:BronzeArmor+1"],"picked":"SKIP","floor":31.0},{"not_picked":["bronze:Backtrace","bronze:Separator","bronze:CutThrough"],"picked":"SKIP","floor":32.0},{"not_picked":["bronze:Virus","bronze:AlphaBuild"],"picked":"bronze:ThunderWave","floor":33.0},{"not_picked":["bronze:NullPointer+1","bronze:WildBeam","bronze:ChildClass"],"picked":"SKIP","floor":36.0},{"not_picked":["bronze:NullPointer","bronze:BugBarrage+1"],"picked":"bronze:OilSpill+1","floor":37.0},{"not_picked":["bronze:BuggyMess","bronze:Return+1"],"picked":"bronze:WhirlingStrike","floor":38.0},{"not_picked":["bronze:Overload","bronze:ClassDefault+1","bronze:Invalidate+1"],"picked":"SKIP","floor":40.0},{"not_picked":["bronze:NullPointer+1","bronze:DarkDash"],"picked":"bronze:Constructor","floor":42.0},{"not_picked":["bronze:NullPointer+1","bronze:Separator+1","bronze:ThunderWave"],"picked":"SKIP","floor":44.0},{"not_picked":["bronze:DelayedGuard+1","bronze:Iterate"],"picked":"bronze:Frontload+1","floor":45.0},{"not_picked":["infinitespire:FutureSight","hubris:InfiniteBlow"],"picked":"infinitespire:TheBestDefense","floor":46},{"not_picked":["bronze:Separator","bronze:ChildClass+1"],"picked":"bronze:Constructor+1","floor":46},{"not_picked":["bronze:Break","bronze:Allocate"],"picked":"bronze:Terminator+1","floor":47},{"not_picked":["bronze:BitShift+1","bronze:DelayedSlice"],"picked":"bronze:Branch+1","floor":49},{"not_picked":["bronze:Break","bronze:CutThrough+1","bronze:WildBeam+1"],"picked":"SKIP","floor":52},{"not_picked":["bronze:Break","bronze:WildBeam+1"],"picked":"bronze:CutThrough+1","floor":52}],"player_experience":463614,"relics_obtained":[{"floor":8.0,"key":"Grinning Jar"},{"floor":12.0,"key":"Replay:WaspNest"},{"floor":14.0,"key":"Happy Flower"},{"floor":18.0,"key":"Old Coin"},{"floor":24.0,"key":"Quantum Egg"},{"floor":26.0,"key":"hubris:SlimyHat"},{"floor":27.0,"key":"Nilry\u0027s Codex"},{"floor":28.0,"key":"Gambling Chip"},{"floor":41.0,"key":"Chameleon Ring"},{"floor":42.0,"key":"Simple Rune"},{"floor":45.0,"key":"Pocketwatch"},{"floor":46,"key":"Durian"},{"floor":47,"key":"Blood Vial"},{"floor":52,"key":"Akabeko"}],"event_choices":[{"damage_healed":0.0,"max_hp_gain":0.0,"max_hp_loss":0.0,"gold_gain":0.0,"event_name":"Wheel of Change","player_choice":"Cursed","floor":6.0,"gold_loss":0.0,"damage_taken":0.0,"cards_obtained":["Decay"]},{"cards_removed":["bronze:Strike"],"damage_healed":0.0,"max_hp_gain":0.0,"max_hp_loss":0.0,"gold_gain":0.0,"event_name":"The Cleric","player_choice":"Card Removal","floor":13.0,"gold_loss":0.0,"damage_taken":0.0},{"damage_healed":0.0,"max_hp_gain":0.0,"max_hp_loss":0.0,"gold_gain":0.0,"event_name":"FaceTrader","player_choice":"Trade","floor":29.0,"gold_loss":0.0,"damage_taken":0.0,"relics_obtained":["CultistMask"]}],"is_beta":false,"boss_relics":[{"not_picked":["hubris:ScarierMask","infinitespire:Cupcake"],"picked":"Fusion Hammer"},{"not_picked":["ReplayTheSpireMod:DimensionalGlitch","Runic Pyramid"],"picked":"Sozu"}],"items_purged_floors":[20,44,53],"is_endless":false,"potions_floor_spawned":[4,10,14,15,22,23,26,31,33,37,42,46,46,52],"ascension_level":1}}