{"host":"htqwg582tjjtn9p7","time":1613751848,"event":{"mods":["2.2 Compatiblity","AchievementEnabler","Act Like it!","Aspiration","BaseMod","Better Third Choice","Colored Map","Conspire","Curses Come First","Displayed Cursed Tome","Energized Spire","Force Act Four","Fox Events","GifTheSpireLib","Hermit","Highlight Path","JesterMod","Mad Scientist","Minty Spire (QoL Compilation)","Pale of the Ancients","Permanent Neow","Random Character Button","Relic Stats","Reliquary","Replay The Spire","Robot Space Explorer","Somnambulant","Spicy Shops","Spikes Relics","StSLib","Stuff the Spire","The Blue Laboratory","The Bug Knight","The Forsaken","The Gatherer","The Judge","The Jungle","The Marked","The Runesmith","The Servant 0.9.4","Uncapped"],"gold_per_floor":[109,124,124,185,196,227,227,238,264,294,65,77,111,129,129,227,227,217,19,32,82,132,159,159,159],"floor_reached":24,"language":"ENG","playtime":1169,"items_purged":["RobotSpaceExplorer:Defend"],"score":395,"play_id":"22049441-7a60-46a0-a121-8d7e2edddc30","local_time":"20210219172408","is_ascension_mode":true,"campfire_choices":[{"data":"RobotSpaceExplorer:Strike","floor":7,"key":"PURGE"},{"floor":15,"key":"REST"}],"circlet_count":0,"master_deck":["AscendersBane","RobotSpaceExplorer:Strike","RobotSpaceExplorer:Strike","RobotSpaceExplorer:Strike","RobotSpaceExplorer:Defend","RobotSpaceExplorer:Defend","RobotSpaceExplorer:Defend","RobotSpaceExplorer:Scan","RobotSpaceExplorer:MiniLasers","RobotSpaceExplorer:ScrapMissile","RobotSpaceExplorer:StunGrenade","RobotSpaceExplorer:MiniDrones","RobotSpaceExplorer:Ammunition","RobotSpaceExplorer:PowerGlove","RobotSpaceExplorer:Jetpack","RobotSpaceExplorer:SurgingStrike","RobotSpaceExplorer:ScrapMissile","RobotSpaceExplorer:ScrapMissile","RobotSpaceExplorer:Autoloader","RobotSpaceExplorer:PowerCollector+1","RobotSpaceExplorer:Pulsar","RobotSpaceExplorer:StarDust","RobotSpaceExplorer:GlueShot","RobotSpaceExplorer:DualCore"],"relics":["RobotSpaceExplorer:RoboCore","StuffTheSpire:Gunfinga","SsserpentHead","Peace Pipe","Omamori","StuffTheSpire:OldFever","Oddly Smooth Stone","Lizard Tail","energizedSpire:SpiderWeb","WarpedTongs","MiniBlackHole"],"acts_visited":["Exordium","TheCity"],"potions_floor_usage":[6,10,14,16,18,20,20],"damage_taken":[{"damage":0,"enemies":"Small Slimes","floor":1,"turns":3},{"damage":0,"enemies":"conspire:RoseBush","floor":2,"turns":3},{"damage":0,"enemies":"2 Louse","floor":4,"turns":2},{"damage":0,"enemies":"Red Slaver","floor":5,"turns":3},{"damage":10,"enemies":"Lagavulin","floor":6,"turns":5},{"damage":6,"enemies":"Blue Slaver","floor":8,"turns":4},{"damage":7,"enemies":"3 Sentries","floor":10,"turns":5},{"damage":0,"enemies":"2 Fungi Beasts","floor":12,"turns":3},{"damage":0,"enemies":"Replay:BlueRogue","floor":13,"turns":5},{"damage":7,"enemies":"Large Slime","floor":14,"turns":3},{"damage":8,"enemies":"Hexaghost","floor":16,"turns":9},{"damage":25,"enemies":"2 Thieves","floor":18,"turns":4},{"damage":16,"enemies":"3 Byrds","floor":20,"turns":4},{"damage":21,"enemies":"Replay:Snechameleon","floor":23,"turns":7},{"damage":13,"enemies":"Shelled Parasite and Fungi","floor":24,"turns":3}],"seed_played":"-3301586023415503385","potions_obtained":[{"floor":2,"key":"blueLaboratory:RememoryPotion"},{"floor":4,"key":"blueLaboratory:HorrorPotion"},{"floor":13,"key":"Fruit Juice"},{"floor":14,"key":"Weak Potion"},{"floor":16,"key":"ColorlessPotion"},{"floor":18,"key":"Adrenaline Potion"}],"is_trial":false,"path_per_floor":["M","M","?","M","M","E","R","M","T","E","$","M","E","M","R","B",null,"M","$","M","?","?","E","M"],"character_chosen":"RobotSpaceExplorer","items_purchased":["Oddly Smooth Stone","RobotSpaceExplorer:Pulsar","RobotSpaceExplorer:StarDust","blueLaboratory:FruitPunch"],"campfire_rested":1,"item_purchase_floors":[11,19,19,19],"current_hp_per_floor":[68,68,68,68,68,58,58,52,52,45,45,45,45,43,67,59,75,50,50,36,36,36,15,2,2],"gold":159,"neow_bonus":"RANDOM_COMMON_RELIC","is_daily":false,"chose_seed":false,"campfire_upgraded":0,"win_rate":0.0,"timestamp":1613751848,"path_taken":["M","M","?","?","M","E","R","M","T","E","$","M","E","M","R","BOSS","M","$","M","?","?","E","M"],"items_purchased_type":["Relic","Card","Card","Potion"],"build_version":"2020-12-22","purchased_purges":1,"victory":false,"max_hp_per_floor":[75,75,75,75,75,75,75,75,75,75,75,75,75,80,80,80,80,80,80,82,82,82,82,82,82],"relic_stats":{"Peace Pipe":1,"SsserpentHead":150,"Lizard Tail":0,"counters":[15,63],"obtain_stats":[{"Peace Pipe":6,"SsserpentHead":3,"StuffTheSpire:Gunfinga":0,"Lizard Tail":13,"Oddly Smooth Stone":11,"MiniBlackHole":23,"RobotSpaceExplorer:RoboCore":0,"Omamori":9,"energizedSpire:SpiderWeb":17,"StuffTheSpire:OldFever":10,"WarpedTongs":22},{"Peace Pipe":5,"SsserpentHead":2,"StuffTheSpire:Gunfinga":0,"Lizard Tail":9,"Oddly Smooth Stone":7,"MiniBlackHole":14,"RobotSpaceExplorer:RoboCore":0,"Omamori":6,"energizedSpire:SpiderWeb":11,"StuffTheSpire:OldFever":7,"WarpedTongs":13},{"Peace Pipe":16,"SsserpentHead":6,"StuffTheSpire:Gunfinga":0,"Lizard Tail":33,"Oddly Smooth Stone":25,"MiniBlackHole":60,"RobotSpaceExplorer:RoboCore":0,"Omamori":20,"energizedSpire:SpiderWeb":45,"StuffTheSpire:OldFever":25,"WarpedTongs":53}],"WarpedTongs":[10]},"card_choices":[{"not_picked":["RobotSpaceExplorer:SwiftStep","RobotSpaceExplorer:MiniBoosters"],"picked":"RobotSpaceExplorer:ScrapMissile","floor":1},{"not_picked":["RobotSpaceExplorer:SurgingStrike","RobotSpaceExplorer:ImprovisedAttack"],"picked":"RobotSpaceExplorer:StunGrenade","floor":2},{"not_picked":["RobotSpaceExplorer:Ammunition","RobotSpaceExplorer:BigMissile"],"picked":"RobotSpaceExplorer:MiniDrones","floor":4},{"not_picked":["RobotSpaceExplorer:GlueShot","RobotSpaceExplorer:FrostMissile"],"picked":"RobotSpaceExplorer:Ammunition","floor":5},{"not_picked":["RobotSpaceExplorer:GlueSpray","RobotSpaceExplorer:Counterblock"],"picked":"RobotSpaceExplorer:PowerGlove","floor":6},{"not_picked":["RobotSpaceExplorer:TurboDodge","RobotSpaceExplorer:DoubleBlock","RobotSpaceExplorer:SurgingStrike"],"picked":"SKIP","floor":8},{"not_picked":["RobotSpaceExplorer:ToxicBomb","RobotSpaceExplorer:ShovelStrike"],"picked":"RobotSpaceExplorer:Jetpack","floor":10},{"not_picked":["RobotSpaceExplorer:SlimeMissile","RobotSpaceExplorer:ShockKick"],"picked":"RobotSpaceExplorer:SurgingStrike","floor":12},{"not_picked":["RobotSpaceExplorer:ToxicBomb","RobotSpaceExplorer:LuckyStrike"],"picked":"RobotSpaceExplorer:ScrapMissile","floor":13},{"not_picked":["RobotSpaceExplorer:SwiftStep","RobotSpaceExplorer:Discharger"],"picked":"RobotSpaceExplorer:ScrapMissile","floor":14},{"not_picked":["RobotSpaceExplorer:BlastShield","RobotSpaceExplorer:HighVoltage"],"picked":"RobotSpaceExplorer:Autoloader","floor":16},{"not_picked":["RobotSpaceExplorer:SwiftStep","RobotSpaceExplorer:ExhaustFan"],"picked":"RobotSpaceExplorer:PowerCollector+1","floor":18},{"not_picked":["RobotSpaceExplorer:SlimeMissile","RobotSpaceExplorer:StunGrenade"],"picked":"RobotSpaceExplorer:GlueShot","floor":20},{"not_picked":["RobotSpaceExplorer:SwiftStep","RobotSpaceExplorer:StunGrenade"],"picked":"RobotSpaceExplorer:DualCore","floor":23}],"player_experience":2041100,"relics_obtained":[{"floor":6,"key":"Peace Pipe"},{"floor":9,"key":"Omamori"},{"floor":10,"key":"StuffTheSpire:OldFever"},{"floor":13,"key":"Lizard Tail"},{"floor":23,"key":"MiniBlackHole"}],"event_choices":[{"damage_healed":0,"gold_gain":0,"player_choice":"Trade","damage_taken":0,"relics_obtained":["SsserpentHead"],"max_hp_gain":0,"max_hp_loss":0,"event_name":"FaceTrader","floor":3,"gold_loss":0},{"damage_healed":0,"gold_gain":0,"player_choice":"Smashed Altar","damage_taken":0,"max_hp_gain":0,"max_hp_loss":0,"event_name":"Forgotten Altar","floor":21,"gold_loss":0,"cards_obtained":["Decay"]},{"damage_healed":0,"gold_gain":0,"player_choice":"Rummage","damage_taken":0,"relics_obtained":["WarpedTongs"],"max_hp_gain":0,"max_hp_loss":0,"event_name":"Accursed Blacksmith","floor":22,"gold_loss":0,"cards_obtained":["Pain"]}],"is_beta":false,"boss_relics":[{"not_picked":["Ring of Chaos","Tiny House"],"picked":"energizedSpire:SpiderWeb"}],"items_purged_floors":[11],"is_endless":false,"potions_floor_spawned":[2,4,13,14,16,18],"killed_by":"Shelled Parasite and Fungi","ascension_level":10}}