{"host":"qfskrnw3pl1q86j0","time":1613736151,"event":{"mods":["BaseMod","Block Reminder","Hermit","Marisa????????","Minty Spire (QoL Compilation)","Quick Restart","Random Character Button","Relic Stats","StSLib","The Poker Player","slay the spire mod where everything is the same but ironclad has a cowboy hat"],"gold_per_floor":[113,132,152,152,152,152,172,172,254,267,280,300,300,146,146,244,244,262,262,262,295,146,146,178,189,216,216,226,226,326,338,338,442,442,462,482,500,511,521,521,821,821,821,850,866,900,140,140,140,140],"floor_reached":51,"language":"ENG","playtime":1871,"items_purged":["Strike_MRS","Strike_MRS","Defend_MRS"],"score":791,"play_id":"5034e0ee-2ab2-4982-a950-96f5884b3df7","local_time":"20210219130231","is_ascension_mode":false,"campfire_choices":[{"data":"GrandCross","floor":6.0,"key":"SMITH"},{"data":"UpSweep","floor":8.0,"key":"SMITH"},{"data":"PowerUp","floor":13.0,"key":"SMITH"},{"data":"EarthLightRay","floor":15.0,"key":"SMITH"},{"data":"GalacticHalo","floor":23.0,"key":"SMITH"},{"data":"AsteroidBelt","floor":27.0,"key":"SMITH"},{"data":"MachineGunSpark","floor":29.0,"key":"SMITH"},{"data":"AlicesGift","floor":32.0,"key":"SMITH"},{"data":"CollectingQuirk","floor":40.0,"key":"SMITH"},{"data":"Strike_MRS","floor":42.0,"key":"SMITH"},{"data":"Finesse","floor":49,"key":"SMITH"}],"circlet_count":0,"master_deck":["Strike_MRS+1","Defend_MRS","Defend_MRS","MasterSpark+1","UpSweep+1","GrandCross+1","PowerUp+1","GalacticHalo+1","EarthLightRay+1","EnergyFlow+1","MachineGunSpark+1","MillisecondPulsars+1","UnstableBomb+1","AlicesGift+1","AsteroidBelt+1","OortCloud+1","CollectingQuirk+1","PowerUp+1","MilkyWay+1","MachineGunSpark+1","Finesse+1"],"relics":["MiniHakkero","Frozen Egg 2","SlaversCollar","Vajra","Red Mask","Singing Bowl","CeramicFish","SproutingBranch","Bottled Flame","Philosopher\u0027s Stone","Prayer Wheel","Ancient Tea Set","MealTicket","White Beast Statue","DollysMirror"],"acts_visited":["Exordium","TheCity","TheBeyond"],"potions_floor_usage":[50,50],"damage_taken":[{"damage":0.0,"enemies":"Cultist","floor":1.0,"turns":3.0},{"damage":0.0,"enemies":"Small Slimes","floor":2.0,"turns":3.0},{"damage":3.0,"enemies":"Jaw Worm","floor":3.0,"turns":3.0},{"damage":1.0,"enemies":"Red Slaver","floor":7.0,"turns":2.0},{"damage":7.0,"enemies":"Blue Slaver","floor":10.0,"turns":3.0},{"damage":0.0,"enemies":"2 Fungi Beasts","floor":11.0,"turns":2.0},{"damage":12.0,"enemies":"Large Slime","floor":12.0,"turns":5.0},{"damage":11.0,"enemies":"Hexaghost","floor":16.0,"turns":7.0},{"damage":12.0,"enemies":"Shell Parasite","floor":18.0,"turns":4.0},{"damage":7.0,"enemies":"Masked Bandits","floor":21.0,"turns":3.0},{"damage":0.0,"enemies":"Gremlin Leader","floor":24.0,"turns":2.0},{"damage":8.0,"enemies":"2 Thieves","floor":25.0,"turns":3.0},{"damage":0.0,"enemies":"Centurion and Healer","floor":28.0,"turns":5.0},{"damage":14.0,"enemies":"Colosseum Slavers","floor":30.0,"turns":4.0},{"damage":7.0,"enemies":"Colosseum Nobs","floor":30.0,"turns":3.0},{"damage":12.0,"enemies":"Snake Plant","floor":31.0,"turns":3.0},{"damage":12.0,"enemies":"Champ","floor":33.0,"turns":7.0},{"damage":16.0,"enemies":"3 Darklings","floor":35.0,"turns":3.0},{"damage":19.0,"enemies":"3 Shapes","floor":36.0,"turns":4.0},{"damage":19.0,"enemies":"3 Darklings","floor":37.0,"turns":3.0},{"damage":5.0,"enemies":"4 Shapes","floor":38.0,"turns":6.0},{"damage":3.0,"enemies":"Maw","floor":39.0,"turns":4.0},{"damage":0.0,"enemies":"Jaw Worm Horde","floor":44.0,"turns":2.0},{"damage":23.0,"enemies":"4 Shapes","floor":45.0,"turns":7.0},{"damage":28.0,"enemies":"Nemesis","floor":46.0,"turns":5.0},{"damage":31,"enemies":"Awakened One","floor":50,"turns":5}],"seed_played":"6968013356289433633","potions_obtained":[{"floor":3.0,"key":"PowerPotion"},{"floor":7.0,"key":"BottledSpark"},{"floor":11.0,"key":"BlessingOfTheForge"},{"floor":18.0,"key":"Block Potion"},{"floor":21.0,"key":"DistilledChaos"},{"floor":30.0,"key":"CultistPotion"},{"floor":36.0,"key":"PowerPotion"}],"is_trial":false,"path_per_floor":["M","M","M","?","?","R","M","R","T","M","M","M","R","$","R","B",null,"M","?","?","?","$","R","E","M","T","R","M","R","?","M","R","B",null,"M","M","M","M","M","R","?","R","T","M","M","E","$","?","R","B",null],"character_chosen":"MARISA","items_purchased":["MachineGunSpark","AsteroidBelt","MealTicket","White Beast Statue","DollysMirror","Finesse"],"campfire_rested":0,"item_purchase_floors":[14,22,47,47,47,47],"current_hp_per_floor":[54,54,51,56,56,56,55,55,55,48,52,44,44,44,44,39,80,70,70,70,69,69,69,77,75,75,75,83,83,70,69,69,78,88,84,78,76,94,96,96,96,96,96,98,93,85,85,85,85,74],"gold":140,"neow_bonus":"REMOVE_TWO","is_daily":false,"chose_seed":false,"campfire_upgraded":11,"win_rate":0.0,"timestamp":1613736151,"path_taken":["M","M","?","?","?","R","?","R","T","M","M","M","R","?","R","BOSS","M","?","?","?","$","R","E","M","T","R","M","R","?","M","R","BOSS","M","M","M","M","M","R","?","R","T","M","?","E","$","?","R","BOSS"],"items_purchased_type":["Card","Card","Relic","Relic","Relic","Card"],"build_version":"2020-12-22","purchased_purges":3,"victory":true,"max_hp_per_floor":[75,75,75,80,80,80,80,80,80,80,80,80,80,80,80,80,80,80,80,80,80,80,80,82,82,82,82,84,84,86,88,88,88,88,90,90,92,94,96,96,96,96,96,98,102,104,104,104,104,104],"relic_stats":{"Singing Bowl":24,"counters":[26,101],"CeramicFish":45,"Prayer Wheel":2,"MealTicket":0,"obtain_stats":[{"Singing Bowl":24,"CeramicFish":26,"Vajra":19,"SproutingBranch":30,"Frozen Egg 2":9,"Ancient Tea Set":46,"White Beast Statue":47,"SlaversCollar":17,"Bottled Flame":30,"DollysMirror":47,"Philosopher\u0027s Stone":34,"Prayer Wheel":43,"MealTicket":47,"Red Mask":21,"MiniHakkero":0},{"Singing Bowl":11,"CeramicFish":12,"Vajra":9,"SproutingBranch":15,"Frozen Egg 2":4,"Ancient Tea Set":25,"White Beast Statue":25,"SlaversCollar":8,"Bottled Flame":15,"DollysMirror":25,"Philosopher\u0027s Stone":17,"Prayer Wheel":22,"MealTicket":25,"Red Mask":10,"MiniHakkero":0},{"Singing Bowl":37,"CeramicFish":40,"Vajra":32,"SproutingBranch":52,"Frozen Egg 2":11,"Ancient Tea Set":96,"White Beast Statue":96,"SlaversCollar":28,"Bottled Flame":52,"DollysMirror":96,"Philosopher\u0027s Stone":62,"Prayer Wheel":82,"MealTicket":96,"Red Mask":35,"MiniHakkero":0}]},"card_choices":[{"not_picked":["WitchLeyline","MysteriousBeam"],"picked":"GrandCross","floor":1.0},{"not_picked":["RefractionSpark","ManaRampage"],"picked":"PowerUp","floor":2.0},{"not_picked":["LuminesStrike","Orbital"],"picked":"GalacticHalo","floor":3.0},{"not_picked":["PowerUp","OpenUniverse","PropBag"],"picked":"SKIP","floor":7.0},{"not_picked":["GrandCross","GravityBeat"],"picked":"EarthLightRay","floor":10.0},{"not_picked":["ManaConvection","OneTimeOff","Acceleration"],"picked":"SKIP","floor":11.0},{"not_picked":["FinalSpark","DoubleSpark"],"picked":"EnergyFlow+1","floor":12.0},{"not_picked":["TreasureHunter","CollectingQuirk"],"picked":"MillisecondPulsars+1","floor":16.0},{"not_picked":["DoubleSpark","EarthLightRay"],"picked":"UnstableBomb+1","floor":18.0},{"not_picked":["PulseMagic","6A"],"picked":"AlicesGift","floor":21.0},{"not_picked":["NonDirectionalLaser","ShootingEcho","MaximisePower"],"picked":"Singing Bowl","floor":24.0},{"not_picked":["6A","PulseMagic"],"picked":"OortCloud+1","floor":25.0},{"not_picked":["GrandCross","Occultation+1","ShootingEcho"],"picked":"Singing Bowl","floor":28.0},{"not_picked":["WitchOfGreed+1","NonDirectionalLaser","UnstableBomb+1"],"picked":"Singing Bowl","floor":30.0},{"not_picked":["WitchLeyline","FairyDestructionRay","IllusionStar+1"],"picked":"Singing Bowl","floor":31.0},{"not_picked":["BigCrunch","MaximisePower"],"picked":"CollectingQuirk","floor":33.0},{"not_picked":["DoubleSpark","SprinkleStarSeal","WitchOfGreed+1"],"picked":"Singing Bowl","floor":35.0},{"not_picked":["DC","LuminesStrike+1"],"picked":"PowerUp+1","floor":36.0},{"not_picked":["FairyDestructionRay","Occultation","LuminesStrike+1"],"picked":"Singing Bowl","floor":37.0},{"not_picked":["Orbital+1","SporeBomb","EventHorizon+1"],"picked":"Singing Bowl","floor":38.0},{"not_picked":["MagicAbsorber","IllusionStar","ChargeUpSpray"],"picked":"Singing Bowl","floor":39.0},{"not_picked":["JA","WitchLeyline"],"picked":"MilkyWay+1","floor":44.0},{"not_picked":["ShootingEcho","DeepEcoloBomb","NonDirectionalLaser+1"],"picked":"Singing Bowl","floor":44.0},{"not_picked":["IllusionStar+1","ShootingEcho","PulseMagic+1"],"picked":"Singing Bowl","floor":45.0},{"not_picked":["DoubleSpark+1","GrandCross","Occultation"],"picked":"Singing Bowl","floor":45.0},{"not_picked":["EventHorizon+1","Acceleration","BigCrunch"],"picked":"Singing Bowl","floor":46.0}],"player_experience":1088070,"relics_obtained":[{"floor":9.0,"key":"Frozen Egg 2"},{"floor":21.0,"key":"Red Mask"},{"floor":24.0,"key":"Singing Bowl"},{"floor":26.0,"key":"CeramicFish"},{"floor":30.0,"key":"SproutingBranch"},{"floor":30.0,"key":"Bottled Flame"},{"floor":43.0,"key":"Prayer Wheel"},{"floor":46.0,"key":"Ancient Tea Set"}],"event_choices":[{"damage_healed":0.0,"max_hp_gain":5.0,"max_hp_loss":0.0,"gold_gain":0.0,"event_name":"Big Fish","player_choice":"Donut","floor":4.0,"gold_loss":0.0,"damage_taken":0.0},{"damage_healed":0.0,"max_hp_gain":0.0,"max_hp_loss":0.0,"gold_gain":0.0,"event_name":"Living Wall","player_choice":"Grow","floor":5.0,"gold_loss":0.0,"damage_taken":0.0,"cards_upgraded":["MasterSpark"]},{"damage_healed":0.0,"max_hp_gain":0.0,"max_hp_loss":0.0,"gold_gain":0.0,"event_name":"The Mausoleum","player_choice":"Opened","floor":19.0,"gold_loss":0.0,"damage_taken":0.0,"relics_obtained":["Vajra"]},{"damage_healed":0.0,"max_hp_gain":0.0,"max_hp_loss":0.0,"gold_gain":0.0,"event_name":"Cursed Tome","player_choice":"Ignored","floor":20.0,"gold_loss":0.0,"damage_taken":0.0},{"damage_healed":0.0,"max_hp_gain":0.0,"max_hp_loss":0.0,"gold_gain":0.0,"event_name":"Masked Bandits","player_choice":"Fought Bandits","floor":21.0,"gold_loss":0.0,"damage_taken":0.0},{"damage_healed":0.0,"max_hp_gain":0.0,"max_hp_loss":0.0,"gold_gain":0.0,"event_name":"Colosseum","player_choice":"Fight","floor":30.0,"gold_loss":0.0,"damage_taken":0.0},{"damage_healed":0.0,"max_hp_gain":0.0,"max_hp_loss":0.0,"gold_gain":0.0,"event_name":"Colosseum","player_choice":"Fought Nobs","floor":30.0,"gold_loss":0.0,"damage_taken":0.0},{"damage_healed":0.0,"max_hp_gain":0.0,"max_hp_loss":0.0,"gold_gain":300.0,"event_name":"Wheel of Change","player_choice":"Gold","floor":41.0,"gold_loss":0.0,"damage_taken":0.0},{"damage_healed":0,"gold_gain":0,"player_choice":"Ignored","damage_taken":0,"max_hp_gain":0,"max_hp_loss":0,"event_name":"NoteForYourself","floor":48,"gold_loss":0}],"is_beta":false,"boss_relics":[{"not_picked":["BewitchedHakkero","Pandora\u0027s Box"],"picked":"SlaversCollar"},{"not_picked":["Empty Cage","Tiny House"],"picked":"Philosopher\u0027s Stone"}],"items_purged_floors":[14,22,47],"is_endless":false,"potions_floor_spawned":[3,7,11,18,21,30,36,44,45,46],"ascension_level":0}}