{"host":"kkheweh6jrpo3b02","time":1613706496,"event":{"mods":["AchievementEnabler","BaseMod","Colored Map","Googly Eyes","Highlight Path","Jorbs\u0027s Wanderer Trilogy","Minty Spire (QoL Compilation)","Quick Restart","Replay The Spire","StSLib","SuperFastMode","The Construct","The Runesmith"],"gold_per_floor":[114,132,147,147,113,146,146,178,178,213,225,156,156,166,166,264,264,277,277,296,296,313,343,358,358,385,385,412,428,441,441,441,545,545,572,591,144,173,200,200,235,235,235,235,235,277,301,346,346,366,366],"floor_reached":50,"language":"ENG","playtime":9205,"items_purged":["Delirium","stsjorbsmod:Defend_Wanderer"],"score":817,"play_id":"de6845e3-e3cb-4968-9d70-16b8fbd65785","local_time":"20210218224816","is_ascension_mode":true,"campfire_choices":[{"data":"stsjorbsmod:Thorns","floor":7.0,"key":"SMITH"},{"floor":15.0,"key":"REST"},{"data":"stsjorbsmod:Feast","floor":25,"key":"SMITH"},{"floor":32,"key":"REST"},{"data":"stsjorbsmod:IvoryTower","floor":40,"key":"SMITH"},{"data":"stsjorbsmod:ChatteringStrike","floor":42,"key":"SMITH"},{"data":"Secret Weapon","floor":45,"key":"SMITH"},{"data":"stsjorbsmod:FindFamiliar","floor":49,"key":"SMITH"}],"circlet_count":0,"master_deck":["stsjorbsmod:ForbiddenGrimoire+1","stsjorbsmod:Strike_Wanderer+1","stsjorbsmod:Defend_Wanderer","stsjorbsmod:Defend_Wanderer","stsjorbsmod:Defend_Wanderer+1","stsjorbsmod:FreshAdventure","stsjorbsmod:EyeOfTheStorm","stsjorbsmod:TrueStrike","stsjorbsmod:ChatteringStrike+1","stsjorbsmod:Thorns+1","stsjorbsmod:Index+1","stsjorbsmod:HedgeWizard","stsjorbsmod:Feast+1","stsjorbsmod:HedgeWizard","stsjorbsmod:FranticSearch","stsjorbsmod:Aid+1","stsjorbsmod:MistyStep","stsjorbsmod:MageArmor+1","stsjorbsmod:FaerieFire","Ghostly","Ghostly","Ghostly","Ghostly+1","Ghostly","stsjorbsmod:IvoryTower+1","ReplayTheSpireMod:Private Reserves","stsjorbsmod:ArcaneForm","stsjorbsmod:TinyHut+1","stsjorbsmod:FracturedMind+1","stsjorbsmod:LocateObject+1","stsjorbsmod:Materialize+1","stsjorbsmod:ColorSpray","Secret Weapon+1","stsjorbsmod:FindFamiliar+1","stsjorbsmod:Patron"],"relics":["stsjorbsmod:GrimoireRelic","NeowsBlessing","Bag of Marbles","construct:BoolHorns","Replay:WaspNest","Turnip","ReplayTheSpireMod:CursedCoin","Blue Doll","Painkiller Herb","Pear","stsjorbsmod:AlchemistsFireRelic","PreservedInsect","Sundial","Omamori","Ring of Chaos","Orrery","Oddly Smooth Stone","Snack Pack","Replay:Bottled Steam","Question Card","Garlic"],"acts_visited":["Exordium","TheCity","TheBeyond"],"potions_floor_usage":[23,29,38,50,50,50],"damage_taken":[{"damage":0.0,"enemies":"Cultist","floor":1.0,"turns":1.0},{"damage":0.0,"enemies":"Small Slimes","floor":2.0,"turns":1.0},{"damage":0.0,"enemies":"Jaw Worm","floor":3.0,"turns":1.0},{"damage":8.0,"enemies":"Replay:BlueRogue","floor":6.0,"turns":5.0},{"damage":19.0,"enemies":"3 Sentries","floor":8.0,"turns":7.0},{"damage":17.0,"enemies":"Lagavulin","floor":10.0,"turns":6.0},{"damage":13.0,"enemies":"3 Louse","floor":11.0,"turns":3.0},{"damage":8.0,"enemies":"Blue Slaver","floor":14.0,"turns":3.0},{"damage":15.0,"enemies":"Slime Boss","floor":16.0,"turns":9.0},{"damage":11,"enemies":"Shell Parasite","floor":18,"turns":5},{"damage":0,"enemies":"3 Byrds","floor":20,"turns":2},{"damage":13,"enemies":"Centurion and Healer","floor":22,"turns":8},{"damage":6,"enemies":"Book of Stabbing","floor":23,"turns":5},{"damage":17,"enemies":"Snake Plant","floor":24,"turns":4},{"damage":36,"enemies":"Gremlin Leader","floor":28,"turns":7},{"damage":9,"enemies":"3 Cultists","floor":29,"turns":5},{"damage":0,"enemies":"Snecko","floor":30,"turns":6},{"damage":12,"enemies":"Automaton","floor":33,"turns":10},{"damage":0,"enemies":"3 Darklings","floor":35,"turns":7},{"damage":1,"enemies":"Orb Walker","floor":36,"turns":5},{"damage":0,"enemies":"Writhing Mass","floor":38,"turns":6},{"damage":7,"enemies":"Sphere and 2 Shapes","floor":39,"turns":6},{"damage":10,"enemies":"Nemesis","floor":41,"turns":6},{"damage":0,"enemies":"Reptomancer","floor":46,"turns":6},{"damage":4,"enemies":"Spire Growth","floor":47,"turns":6},{"damage":13,"enemies":"R_Hoarder","floor":48,"turns":7},{"damage":68,"enemies":"Awakened One","floor":50,"turns":7}],"seed_played":"-5136279669162551576","potions_obtained":[{"floor":6.0,"key":"Elixir"},{"floor":8.0,"key":"BlessingOfTheForge"},{"floor":10.0,"key":"Doom Potion"},{"floor":11.0,"key":"Adrenaline Potion"},{"floor":20,"key":"SpeedPotion"},{"floor":22,"key":"Energy Potion"},{"floor":24,"key":"LiquidBronze"},{"floor":30,"key":"Block Potion"},{"floor":38,"key":"Block Potion"}],"is_trial":false,"path_per_floor":["M","M","M","?","$","E","R","E","T","E","M","$","?","M","R","B",null,"?","T","?","?","?","E","?","T","T","T","E","?","?","?","T","B",null,"?","?","T","?","?","T","E","T","T","?","T","E","?","E","T","B"],"character_chosen":"WANDERER","items_purchased":["stsjorbsmod:Index+1","ReplayTheSpireMod:CursedCoin","Blue Doll","ReplayTheSpireMod:Private Reserves","Orrery","Oddly Smooth Stone"],"campfire_rested":2,"item_purchase_floors":[5,12,12,37,37,37],"current_hp_per_floor":[68,68,68,68,68,62,62,46,46,35,24,24,10,4,25,10,70,63,73,74,74,61,61,48,48,48,48,12,12,18,18,32,20,47,49,49,49,51,55,55,51,51,51,51,51,57,57,53,53,0,0],"gold":366,"neow_bonus":"THREE_ENEMY_KILL","is_daily":false,"chose_seed":false,"campfire_upgraded":6,"win_rate":0.0,"timestamp":1613706496,"path_taken":["M","M","?","?","?","E","R","E","T","E","M","$","?","?","R","BOSS","?","?","?","?","?","E","?","T","T","?","E","?","?","?","T","BOSS","?","?","T","?","?","T","E","T","T","?","T","E","?","E","T","BOSS"],"items_purchased_type":["Card","Relic","Relic","Card","Relic","Relic"],"build_version":"2020-12-22","purchased_purges":2,"victory":false,"max_hp_per_floor":[68,68,68,68,68,68,68,68,68,70,70,70,70,70,70,70,70,72,82,82,82,82,84,86,86,86,86,86,92,94,47,47,47,47,49,49,49,51,55,55,55,55,55,55,55,57,57,57,57,57,57],"card_choices":[{"not_picked":["stsjorbsmod:Message","stsjorbsmod:Hibernate"],"picked":"stsjorbsmod:TrueStrike","floor":1.0},{"not_picked":["stsjorbsmod:Mindworm","stsjorbsmod:Materialize"],"picked":"stsjorbsmod:ChatteringStrike","floor":2.0},{"not_picked":["stsjorbsmod:Stalwart","stsjorbsmod:SmithingStrike"],"picked":"stsjorbsmod:Thorns","floor":3.0},{"not_picked":["stsjorbsmod:MagicMirror","stsjorbsmod:WeightOfMemory"],"picked":"stsjorbsmod:Patron","floor":6.0},{"not_picked":["stsjorbsmod:HoldMonster","stsjorbsmod:Hurt","stsjorbsmod:PurgeMind"],"picked":"SKIP","floor":8.0},{"not_picked":["stsjorbsmod:MagicMissiles","stsjorbsmod:DoubleCheck","stsjorbsmod:Mindworm"],"picked":"SKIP","floor":10.0},{"not_picked":["stsjorbsmod:WeightOfMemory","stsjorbsmod:Mania"],"picked":"stsjorbsmod:HedgeWizard","floor":11.0},{"not_picked":["stsjorbsmod:FaerieFire","stsjorbsmod:Mending","stsjorbsmod:TollTheDead"],"picked":"SKIP","floor":14.0},{"not_picked":["stsjorbsmod:DeathThroes","stsjorbsmod:Entangle"],"picked":"stsjorbsmod:Feast","floor":16.0},{"not_picked":["stsjorbsmod:WanderingMind","stsjorbsmod:Prestidigitation","stsjorbsmod:Will"],"picked":"SKIP","floor":18},{"not_picked":["stsjorbsmod:BlackTentacles","stsjorbsmod:Thorns"],"picked":"stsjorbsmod:HedgeWizard","floor":20},{"not_picked":["stsjorbsmod:Pyromancy","stsjorbsmod:ChatteringStrike"],"picked":"stsjorbsmod:MistyStep","floor":22},{"not_picked":["stsjorbsmod:WeightOfMemory","stsjorbsmod:RayOfFrost+1","stsjorbsmod:MagicMirror"],"picked":"SKIP","floor":23},{"not_picked":["stsjorbsmod:ChatteringStrike","stsjorbsmod:ArcaneWeapon+1","stsjorbsmod:Materialize"],"picked":"SKIP","floor":24},{"not_picked":["stsjorbsmod:Trauma","stsjorbsmod:Thorns","stsjorbsmod:Materialize"],"picked":"SKIP","floor":28},{"not_picked":["stsjorbsmod:FlameWard","stsjorbsmod:UnseenServant"],"picked":"stsjorbsmod:MageArmor+1","floor":29},{"not_picked":["stsjorbsmod:ArcaneWeapon","stsjorbsmod:OldPocket"],"picked":"stsjorbsmod:FaerieFire","floor":30},{"not_picked":["stsjorbsmod:Pyromancy","stsjorbsmod:Determination"],"picked":"stsjorbsmod:IvoryTower","floor":33},{"not_picked":["stsjorbsmod:BurningFlask+1","stsjorbsmod:SchoolsOfMagic+1","stsjorbsmod:RefuseToForget"],"picked":"SKIP","floor":35},{"not_picked":["stsjorbsmod:ParryingBlow","stsjorbsmod:Mending","stsjorbsmod:WeightOfMemory"],"picked":"SKIP","floor":36},{"not_picked":["stsjorbsmod:Hurt+1","stsjorbsmod:Hibernate"],"picked":"stsjorbsmod:ArcaneForm","floor":37},{"not_picked":["stsjorbsmod:HoldMonster","stsjorbsmod:FracturedMind"],"picked":"stsjorbsmod:TinyHut+1","floor":37},{"not_picked":["stsjorbsmod:MagicMirror","stsjorbsmod:Fireball"],"picked":"stsjorbsmod:FracturedMind+1","floor":37},{"not_picked":["stsjorbsmod:ChainLightning","stsjorbsmod:UnseenServant"],"picked":"stsjorbsmod:LocateObject+1","floor":37},{"not_picked":["stsjorbsmod:ArcaneWeapon+1","stsjorbsmod:Index"],"picked":"stsjorbsmod:Materialize+1","floor":38},{"not_picked":["stsjorbsmod:DisguiseSelf+1","stsjorbsmod:FaerieFire","stsjorbsmod:FracturedMind"],"picked":"SKIP","floor":39},{"not_picked":["stsjorbsmod:Introspection+1","stsjorbsmod:Channel"],"picked":"stsjorbsmod:ColorSpray","floor":41},{"not_picked":["ReplayTheSpireMod:Necrogeddon","Replay:Sssssssssshield"],"picked":"Secret Weapon","floor":44},{"not_picked":["stsjorbsmod:Mania","stsjorbsmod:AnimateObjects","stsjorbsmod:ChatteringStrike+1"],"picked":"SKIP","floor":46},{"not_picked":["stsjorbsmod:HedgeWizard","stsjorbsmod:MistyStep","stsjorbsmod:Index"],"picked":"stsjorbsmod:FindFamiliar","floor":47},{"not_picked":["stsjorbsmod:Introspection+1","stsjorbsmod:Message+1","stsjorbsmod:FaerieFire"],"picked":"stsjorbsmod:Patron","floor":48}],"player_experience":516897,"relics_obtained":[{"floor":6.0,"key":"Bag of Marbles"},{"floor":8.0,"key":"construct:BoolHorns"},{"floor":9.0,"key":"Replay:WaspNest"},{"floor":10.0,"key":"Turnip"},{"floor":19,"key":"Pear"},{"floor":23,"key":"stsjorbsmod:AlchemistsFireRelic"},{"floor":26,"key":"PreservedInsect"},{"floor":27,"key":"Sundial"},{"floor":28,"key":"Omamori"},{"floor":41,"key":"Snack Pack"},{"floor":43,"key":"Replay:Bottled Steam"},{"floor":46,"key":"Question Card"},{"floor":48,"key":"Garlic"}],"event_choices":[{"damage_healed":0.0,"max_hp_gain":0.0,"max_hp_loss":0.0,"gold_gain":0.0,"event_name":"Shining Light","player_choice":"Entered Light","floor":13.0,"gold_loss":0.0,"damage_taken":14.0,"cards_upgraded":["stsjorbsmod:Defend_Wanderer","stsjorbsmod:Strike_Wanderer"]},{"damage_healed":0,"gold_gain":0,"cards_transformed":["stsjorbsmod:Strike_Wanderer","stsjorbsmod:Strike_Wanderer"],"player_choice":"Became Test Subject","damage_taken":0,"max_hp_gain":0,"max_hp_loss":0,"event_name":"Drug Dealer","floor":21,"gold_loss":0,"cards_obtained":["stsjorbsmod:FranticSearch","stsjorbsmod:Aid"]},{"damage_healed":0,"gold_gain":0,"player_choice":"Became a Ghost","damage_taken":0,"max_hp_gain":0,"max_hp_loss":47,"event_name":"Ghosts","floor":31,"gold_loss":0,"cards_obtained":["Ghostly","Ghostly","Ghostly","Ghostly","Ghostly"]},{"damage_healed":0,"gold_gain":0,"player_choice":"Memory 1","damage_taken":0,"max_hp_gain":0,"max_hp_loss":0,"event_name":"SensoryStone","floor":44,"gold_loss":0}],"is_beta":false,"boss_relics":[{"not_picked":["Busted Crown","Snecko Eye"],"picked":"Painkiller Herb"},{"not_picked":["Runic Pyramid","Coffee Dripper"],"picked":"Ring of Chaos"}],"items_purged_floors":[12,37],"is_endless":false,"potions_floor_spawned":[6,8,10,11,20,22,24,28,30,38,39,47,48],"killed_by":"Awakened One","ascension_level":3}}