{"host":"3vmw6m3qsasieibr","time":1613701324,"event":{"mods":["AchievementEnabler","BaseMod","Colored Map","Colored Powertips","Highlight Path","Minty Spire (QoL Compilation)","SuperFastMode"],"gold_per_floor":[114,127,127,143,153,183,183,214,214,28,43,58,58,8,8,103,103,115,115,115],"floor_reached":19,"language":"ENG","playtime":1060,"items_purged":["Regret"],"score":215,"play_id":"5fcbabfb-ea4f-49c8-837b-f516ef4e86f5","local_time":"20210219122204","is_ascension_mode":true,"campfire_choices":[{"floor":7,"key":"REST"},{"floor":15,"key":"REST"}],"circlet_count":0,"master_deck":["Strike_G","Strike_G","Strike_G","Strike_G","Defend_G","Defend_G","Defend_G","Defend_G","Defend_G","Survivor","Neutralize","Cloak And Dagger","Bouncing Flask","Die Die Die","Quick Slash","Dash","Footwork","Crippling Poison","Accuracy","Cloak And Dagger","Envenom","Deadly Poison"],"relics":["Ring of the Snake","Eternal Feather","Gremlin Horn","Mercury Hourglass","Pantograph","Black Star"],"acts_visited":["Exordium","TheCity"],"potions_floor_usage":[19],"damage_taken":[{"damage":7,"enemies":"Jaw Worm","floor":1,"turns":5},{"damage":0,"enemies":"Small Slimes","floor":2,"turns":3},{"damage":4,"enemies":"2 Louse","floor":4,"turns":3},{"damage":0,"enemies":"Lots of Slimes","floor":5,"turns":1},{"damage":37,"enemies":"3 Sentries","floor":6,"turns":8},{"damage":41,"enemies":"Lagavulin","floor":8,"turns":7},{"damage":6,"enemies":"Large Slime","floor":11,"turns":5},{"damage":12,"enemies":"Blue Slaver","floor":12,"turns":3},{"damage":9,"enemies":"The Guardian","floor":16,"turns":10},{"damage":33,"enemies":"Shell Parasite","floor":18,"turns":8},{"damage":55,"enemies":"Masked Bandits","floor":19,"turns":3}],"seed_played":"1089803340564172025","potions_obtained":[{"floor":5,"key":"LiquidMemories"},{"floor":6,"key":"DuplicationPotion"},{"floor":8,"key":"Block Potion"}],"is_trial":false,"path_per_floor":["M","M","?","M","M","E","R","E","T","$","M","M","$","?","R","B",null,"M","?"],"character_chosen":"THE_SILENT","items_purchased":["Footwork","Crippling Poison"],"campfire_rested":2,"item_purchase_floors":[10,10],"current_hp_per_floor":[70,70,70,66,66,29,61,20,20,20,14,2,2,2,37,53,77,44,0,0],"gold":115,"neow_bonus":"TEN_PERCENT_HP_BONUS","is_daily":false,"chose_seed":false,"campfire_upgraded":0,"win_rate":0.0,"timestamp":1613701324,"path_taken":["M","M","?","M","M","E","R","E","T","$","M","M","$","?","R","BOSS","M","?"],"items_purchased_type":["Card","Card"],"build_version":"2020-12-22","purchased_purges":1,"victory":false,"max_hp_per_floor":[77,77,77,77,77,77,77,77,77,77,77,77,77,77,77,77,77,77,77,77],"card_choices":[{"not_picked":["Backflip","Poisoned Stab"],"picked":"Cloak And Dagger","floor":1},{"not_picked":["Blur","Eviscerate"],"picked":"Bouncing Flask","floor":2},{"not_picked":["Blade Dance","Deadly Poison"],"picked":"Die Die Die","floor":4},{"not_picked":["Underhanded Strike","Outmaneuver"],"picked":"Quick Slash","floor":5},{"not_picked":["Backflip","Flying Knee"],"picked":"Dash","floor":6},{"not_picked":["Riddle With Holes","Dagger Throw","Burst"],"picked":"SKIP","floor":8},{"not_picked":["Prepared","Cloak And Dagger"],"picked":"Accuracy","floor":11},{"not_picked":["PiercingWail","Flying Knee"],"picked":"Cloak And Dagger","floor":12},{"not_picked":["A Thousand Cuts","Bullet Time"],"picked":"Envenom","floor":16},{"not_picked":["Slice","Deflect"],"picked":"Deadly Poison","floor":18}],"player_experience":446812,"relics_obtained":[{"floor":6,"key":"Gremlin Horn"},{"floor":8,"key":"Mercury Hourglass"},{"floor":9,"key":"Pantograph"}],"event_choices":[{"damage_healed":0,"gold_gain":0,"player_choice":"Box","damage_taken":0,"relics_obtained":["Eternal Feather"],"max_hp_gain":0,"max_hp_loss":0,"event_name":"Big Fish","floor":3,"gold_loss":0,"cards_obtained":["Regret"]},{"cards_removed":["Strike_G"],"damage_healed":0,"gold_gain":0,"player_choice":"Card Removal","damage_taken":0,"max_hp_gain":0,"max_hp_loss":0,"event_name":"The Cleric","floor":14,"gold_loss":50},{"damage_healed":0,"gold_gain":0,"player_choice":"Fought Bandits","damage_taken":0,"max_hp_gain":0,"max_hp_loss":0,"event_name":"Masked Bandits","floor":19,"gold_loss":0}],"is_beta":false,"boss_relics":[{"not_picked":["Calling Bell","SacredBark"],"picked":"Black Star"}],"items_purged_floors":[10],"is_endless":false,"potions_floor_spawned":[5,6,8,11,16],"killed_by":"Masked Bandits","ascension_level":4}}