{"host":"t1puqh5lxz8sp6fn","time":1613778494,"event":{"mods":["AchievementEnabler","BaseMod","Colored Powertips","Minty Spire (QoL Compilation)","Rare Cards Sparkle","Relic Stats","StSLib"],"gold_per_floor":[117,117,133,145,158,158,186,186,186,200,200,74,74,88,88,177,177,197,197,218,4,4,4],"floor_reached":22,"playtime":914,"items_purged":["Strike_B"],"score":326,"play_id":"28faf0b5-10c1-4f82-8eac-9161b8255f7d","local_time":"20210219204814","is_ascension_mode":true,"campfire_choices":[{"data":"Beam Cell","floor":6,"key":"SMITH"},{"floor":13,"key":"REST"},{"data":"Echo Form","floor":15,"key":"SMITH"}],"circlet_count":0,"master_deck":["AscendersBane","Strike_B","Strike_B","Defend_B","Defend_B","Defend_B","Defend_B","Zap","Dualcast","Cold Snap","Beam Cell+1","Gash","Buffer+1","Echo Form+1","Leap","Gash","Electrodynamics","Compile Driver","Barrage","Recycle"],"relics":["Cracked Core","Oddly Smooth Stone","Mango","WingedGreaves","Calipers","Golden Idol","Inserter","Strawberry"],"acts_visited":["Exordium","TheCity"],"potions_floor_usage":[7,16,16],"damage_taken":[{"damage":6,"enemies":"Jaw Worm","floor":1,"turns":3},{"damage":0,"enemies":"2 Louse","floor":3,"turns":2},{"damage":0,"enemies":"Cultist","floor":4,"turns":2},{"damage":7,"enemies":"Looter","floor":5,"turns":4},{"damage":18,"enemies":"3 Sentries","floor":7,"turns":13},{"damage":12,"enemies":"Lots of Slimes","floor":10,"turns":4},{"damage":0,"enemies":"Blue Slaver","floor":14,"turns":3},{"damage":4,"enemies":"Hexaghost","floor":16,"turns":6},{"damage":18,"enemies":"Shell Parasite","floor":18,"turns":6},{"damage":32,"enemies":"2 Thieves","floor":20,"turns":4},{"damage":26,"enemies":"Snake Plant","floor":22,"turns":2}],"seed_played":"1563907444330975181","potions_obtained":[{"floor":1,"key":"Block Potion"},{"floor":14,"key":"Swift Potion"},{"floor":16,"key":"GamblersBrew"},{"floor":18,"key":"Regen Potion"}],"is_trial":false,"path_per_floor":["M","?","M","M","M","R","E","?","T","M","?","$","R","M","R","B",null,"M","?","M","$","M"],"character_chosen":"DEFECT","items_purchased":["ColorlessPotion","Strawberry","Recycle"],"campfire_rested":1,"item_purchase_floors":[12,21,21],"current_hp_per_floor":[58,51,51,51,44,44,40,14,14,2,2,2,25,25,25,21,63,45,45,13,20,0,0],"gold":4,"neow_bonus":"RANDOM_COMMON_RELIC","is_daily":false,"chose_seed":false,"campfire_upgraded":2,"win_rate":0.0,"timestamp":1613778494,"path_taken":["M","?","M","M","M","R","E","?","T","M","?","?","R","?","R","BOSS","M","?","M","$","M"],"items_purchased_type":["Potion","Relic","Card"],"build_version":"2020-12-13","purchased_purges":1,"victory":false,"max_hp_per_floor":[71,71,71,71,71,71,85,85,85,85,77,77,77,77,77,77,77,77,77,77,84,84,84],"relic_stats":{"Inserter":[6],"counters":[11,49],"Golden Idol":29,"obtain_stats":[{"Calipers":9,"Inserter":17,"Golden Idol":11,"Strawberry":21,"Oddly Smooth Stone":0,"Mango":7,"WingedGreaves":8,"Cracked Core":0},{"Calipers":5,"Inserter":8,"Golden Idol":6,"Strawberry":10,"Oddly Smooth Stone":0,"Mango":5,"WingedGreaves":5,"Cracked Core":0},{"Calipers":24,"Inserter":37,"Golden Idol":28,"Strawberry":47,"Oddly Smooth Stone":0,"Mango":24,"WingedGreaves":24,"Cracked Core":0}]},"card_choices":[{"not_picked":["Steam Power","Go for the Eyes"],"picked":"Cold Snap","floor":1},{"not_picked":["Hologram","Gash"],"picked":"Beam Cell","floor":3},{"not_picked":["Barrage","Coolheaded"],"picked":"Gash","floor":4},{"not_picked":["Stack","Go for the Eyes"],"picked":"Buffer","floor":5},{"not_picked":["Static Discharge","Ball Lightning"],"picked":"Echo Form","floor":7},{"not_picked":["Stack","Steam"],"picked":"Leap","floor":10},{"not_picked":["Coolheaded","Reprogram"],"picked":"Gash","floor":14},{"not_picked":["Rainbow","Biased Cognition"],"picked":"Electrodynamics","floor":16},{"not_picked":["Darkness","Streamline"],"picked":"Compile Driver","floor":18},{"not_picked":["Double Energy","Skim"],"picked":"Barrage","floor":20}],"player_experience":546365,"relics_obtained":[{"floor":7,"key":"Mango"},{"floor":9,"key":"Calipers"}],"event_choices":[{"cards_removed":["Strike_B"],"damage_healed":0,"gold_gain":0,"player_choice":"Card Removal","damage_taken":7,"max_hp_gain":0,"max_hp_loss":0,"event_name":"Golden Wing","floor":2,"gold_loss":0},{"damage_healed":0,"gold_gain":0,"player_choice":"Success","damage_taken":26,"relics_obtained":["WingedGreaves"],"max_hp_gain":0,"max_hp_loss":0,"event_name":"Scrap Ooze","floor":8,"gold_loss":0},{"damage_healed":0,"gold_gain":0,"player_choice":"Lose Max HP","damage_taken":0,"relics_obtained":["Golden Idol"],"max_hp_gain":0,"max_hp_loss":8,"event_name":"Golden Idol","floor":11,"gold_loss":0},{"damage_healed":0,"gold_gain":0,"player_choice":"Upgraded","damage_taken":0,"max_hp_gain":0,"max_hp_loss":0,"event_name":"Upgrade Shrine","floor":19,"gold_loss":0,"cards_upgraded":["Buffer"]}],"is_beta":false,"boss_relics":[{"not_picked":["Velvet Choker","Runic Pyramid"],"picked":"Inserter"}],"items_purged_floors":[12],"is_endless":false,"potions_floor_spawned":[1,14,16,18,20],"killed_by":"Snake Plant","ascension_level":15}}