{"host":"i2s4iw62z1dejrqn","time":1613761046,"event":{"mods":["AchievementEnabler","BaseMod","Minty Spire (QoL Compilation)","Random Character Button","SuperFastMode"],"gold_per_floor":[17,17,29,29,44,70,87,97,120,45,93,111,111,146,146,247,247,263,0,11,11,26,26,38,38,88,88,106,131,147,157,157,256,256,271,128,142,58,68,94,94,94,117,146,172,184,210,253,265,277,289,301,32,59,59,59],"floor_reached":55,"language":"KOR","playtime":4023,"items_purged":["Strike_B"],"score":1070,"play_id":"8db79a3d-139a-4809-8050-0147ed54b699","local_time":"20210220035725","is_ascension_mode":true,"campfire_choices":[{"data":"Dualcast","floor":13.0,"key":"SMITH"},{"data":"Defragment","floor":15.0,"key":"SMITH"},{"floor":23.0,"key":"REST"},{"data":"Fusion","floor":25.0,"key":"SMITH"},{"data":"Mayhem","floor":27.0,"key":"SMITH"},{"floor":32.0,"key":"REST"},{"floor":41.0,"key":"RECALL"},{"data":"Buffer","floor":46.0,"key":"SMITH"},{"data":"Thunder Strike","floor":49.0,"key":"SMITH"},{"data":"Static Discharge","floor":52.0,"key":"SMITH"}],"circlet_count":0,"master_deck":["Defend_B","Defend_B","Defend_B+1","Zap","Dualcast+1","Recycle","Static Discharge+1","Steam","Electrodynamics","Rebound","Fusion+1","Coolheaded","Self Repair","Capacitor","Defragment+1","Seek","Mayhem+1","Genetic Algorithm","Hologram+1","Sweeping Beam","Steam+1","Coolheaded","Leap+1","Buffer+1","Reinforced Body+1","Thunder Strike+1","Madness","Coolheaded+1","Genetic Algorithm+1","Stack+1","Seek+1","Panacea+1","White Noise+1"],"relics":["Cracked Core","Akabeko","Ancient Tea Set","DataDisk","Inserter","PreservedInsect","War Paint","Busted Crown","Medical Kit","Toxic Egg 2","MawBank","Blue Candle","Orichalcum"],"acts_visited":["Exordium","TheCity","TheBeyond","TheEnding"],"potions_floor_usage":[55,55],"damage_taken":[{"damage":1.0,"enemies":"Cultist","floor":1.0,"turns":3.0},{"damage":1.0,"enemies":"Jaw Worm","floor":3.0,"turns":4.0},{"damage":0.0,"enemies":"2 Louse","floor":5.0,"turns":2.0},{"damage":23.0,"enemies":"Lagavulin","floor":6.0,"turns":7.0},{"damage":0.0,"enemies":"Gremlin Gang","floor":7.0,"turns":3.0},{"damage":1.0,"enemies":"2 Fungi Beasts","floor":8.0,"turns":2.0},{"damage":14.0,"enemies":"Red Slaver","floor":12.0,"turns":2.0},{"damage":9.0,"enemies":"3 Sentries","floor":14.0,"turns":4.0},{"damage":6.0,"enemies":"The Guardian","floor":16.0,"turns":11.0},{"damage":30.0,"enemies":"Chosen","floor":18.0,"turns":5.0},{"damage":19.0,"enemies":"Spheric Guardian","floor":20.0,"turns":6.0},{"damage":22.0,"enemies":"Snecko","floor":22.0,"turns":5.0},{"damage":16.0,"enemies":"Snake Plant","floor":24.0,"turns":4.0},{"damage":14.0,"enemies":"Centurion and Healer","floor":28.0,"turns":5.0},{"damage":12.0,"enemies":"Gremlin Leader","floor":29.0,"turns":4.0},{"damage":4.0,"enemies":"Cultist and Chosen","floor":30.0,"turns":5.0},{"damage":30.0,"enemies":"Chosen and Byrds","floor":31.0,"turns":5.0},{"damage":27.0,"enemies":"Champ","floor":33.0,"turns":10.0},{"damage":8.0,"enemies":"3 Darklings","floor":35.0,"turns":4.0},{"damage":0.0,"enemies":"3 Shapes","floor":37.0,"turns":4.0},{"damage":42.0,"enemies":"Writhing Mass","floor":39.0,"turns":7.0},{"damage":7.0,"enemies":"Nemesis","floor":40.0,"turns":11.0},{"damage":0.0,"enemies":"Jaw Worm Horde","floor":44.0,"turns":3.0},{"damage":7.0,"enemies":"4 Shapes","floor":45.0,"turns":6.0},{"damage":0.0,"enemies":"Spire Growth","floor":47.0,"turns":9.0},{"damage":0.0,"enemies":"Giant Head","floor":48.0,"turns":13.0},{"damage":37.0,"enemies":"Time Eater","floor":50.0,"turns":12.0},{"damage":23.0,"enemies":"Shield and Spear","floor":54.0,"turns":4.0},{"damage":77,"enemies":"The Heart","floor":55,"turns":5}],"seed_played":"-487648292625263062","potions_obtained":[{"floor":6.0,"key":"EssenceOfDarkness"},{"floor":8.0,"key":"Weak Potion"},{"floor":12.0,"key":"FocusPotion"},{"floor":16.0,"key":"Fire Potion"},{"floor":20.0,"key":"SkillPotion"},{"floor":28.0,"key":"AttackPotion"},{"floor":29.0,"key":"Regen Potion"},{"floor":31.0,"key":"PowerPotion"},{"floor":35.0,"key":"FocusPotion"},{"floor":40.0,"key":"DuplicationPotion"},{"floor":45.0,"key":"Swift Potion"},{"floor":54.0,"key":"LiquidBronze"}],"is_trial":false,"path_per_floor":["M","?","M","?","M","E","M","M","T","$","T","M","R","E","R","B",null,"M","$","M","?","M","R","M","R","T","R","M","E","M","M","R","B",null,"M","$","M","$","M","E","R","?","T","M","M","R","M","E","R","B",null,"R","$","E","B"],"character_chosen":"DEFECT","items_purchased":["Mayhem","Genetic Algorithm","Medical Kit","Madness","FocusPotion","Panacea+1","DistilledChaos","DistilledChaos"],"campfire_rested":2,"item_purchase_floors":[19,19,36,38,53,53,53,53],"current_hp_per_floor":[67,67,66,71,71,48,48,47,47,47,47,40,40,38,38,39,70,47,47,35,35,20,44,35,35,35,35,28,23,40,17,41,21,65,64,64,71,71,36,36,36,80,80,80,80,80,80,80,80,50,73,73,73,57,0,0],"gold":59,"neow_bonus":"TRANSFORM_TWO_CARDS","is_daily":false,"chose_seed":false,"campfire_upgraded":7,"win_rate":0.0,"timestamp":1613761045,"path_taken":["M","?","M","?","M","E","M","M","T","?","?","?","R","E","R","BOSS","M","$","M","?","?","R","M","R","T","R","M","E","M","M","R","BOSS","M","$","M","$","M","E","R","?","T","M","M","R","?","E","R","BOSS","R","$","E","BOSS"],"items_purchased_type":["Card","Card","Relic","Card","Potion","Card","Potion","Potion"],"build_version":"2020-12-22","purchased_purges":1,"victory":false,"max_hp_per_floor":[75,75,75,80,80,80,80,80,80,80,80,80,80,80,80,80,80,80,80,80,80,80,80,80,80,80,80,80,80,80,80,80,80,80,80,80,80,80,80,80,80,80,80,80,80,80,80,80,80,80,80,80,80,80,80,80],"card_choices":[{"not_picked":["Compile Driver","Cold Snap","Gash"],"picked":"SKIP","floor":1.0},{"not_picked":["Conserve Battery","Cold Snap"],"picked":"Electrodynamics","floor":3.0},{"not_picked":["Stack","Conserve Battery"],"picked":"Rebound","floor":5.0},{"not_picked":["Go for the Eyes","Compile Driver"],"picked":"Fusion","floor":6.0},{"not_picked":["Turbo","Compile Driver"],"picked":"Coolheaded","floor":7.0},{"not_picked":["Static Discharge","Compile Driver"],"picked":"Self Repair","floor":8.0},{"not_picked":["Leap","Rebound"],"picked":"Capacitor","floor":12.0},{"not_picked":["Turbo","Scrape"],"picked":"Defragment","floor":14.0},{"not_picked":["Meteor Strike","Rainbow"],"picked":"Seek","floor":16.0},{"not_picked":["Ball Lightning","Go for the Eyes","Stack"],"picked":"SKIP","floor":18.0},{"not_picked":["Turbo","Sunder"],"picked":"Hologram","floor":20.0},{"not_picked":["Capacitor","Blizzard"],"picked":"Steam+1","floor":22.0},{"not_picked":["Steam+1","Gash"],"picked":"Coolheaded","floor":24.0},{"not_picked":["Fusion","Sunder","Leap+1"],"picked":"SKIP","floor":28.0},{"not_picked":["Fusion","Sunder"],"picked":"Leap+1","floor":28.0},{"not_picked":["Compile Driver+1","Gash+1"],"picked":"Buffer","floor":29.0},{"not_picked":["Leap","FTL+1","Fusion"],"picked":"SKIP","floor":30.0},{"not_picked":["Leap","Turbo"],"picked":"Reinforced Body+1","floor":31.0},{"not_picked":["Creative AI","Core Surge"],"picked":"Thunder Strike","floor":33.0},{"not_picked":["Leap"],"picked":"SKIP","floor":35.0},{"not_picked":["Hello World"],"picked":"SKIP","floor":37.0},{"not_picked":[],"picked":"Coolheaded+1","floor":39.0},{"not_picked":["Capacitor"],"picked":"SKIP","floor":40.0},{"not_picked":[],"picked":"Genetic Algorithm+1","floor":44.0},{"not_picked":[],"picked":"Stack+1","floor":45.0},{"not_picked":["Beam Cell+1"],"picked":"SKIP","floor":47.0},{"not_picked":[],"picked":"Seek+1","floor":48.0},{"not_picked":[],"picked":"White Noise+1","floor":54.0}],"player_experience":483508,"relics_obtained":[{"floor":6.0,"key":"Akabeko"},{"floor":11.0,"key":"Ancient Tea Set"},{"floor":14.0,"key":"DataDisk"},{"floor":26.0,"key":"PreservedInsect"},{"floor":29.0,"key":"War Paint"},{"floor":40.0,"key":"Toxic Egg 2"},{"floor":43.0,"key":"MawBank"},{"floor":48.0,"key":"Blue Candle"},{"floor":54.0,"key":"Orichalcum"}],"event_choices":[{"damage_healed":0.0,"max_hp_gain":0.0,"max_hp_loss":0.0,"gold_gain":0.0,"cards_transformed":["Strike_B"],"event_name":"Living Wall","player_choice":"Change","floor":2.0,"gold_loss":0.0,"damage_taken":0.0,"cards_obtained":["Steam"]},{"damage_healed":0.0,"max_hp_gain":5.0,"max_hp_loss":0.0,"gold_gain":0.0,"event_name":"Big Fish","player_choice":"Donut","floor":4.0,"gold_loss":0.0,"damage_taken":0.0},{"damage_healed":0.0,"max_hp_gain":0.0,"max_hp_loss":0.0,"gold_gain":0.0,"cards_transformed":["Defend_B"],"event_name":"Transmorgrifier","player_choice":"Transformed","floor":21.0,"gold_loss":0.0,"damage_taken":0.0,"cards_obtained":["Sweeping Beam"]},{"damage_healed":44.0,"max_hp_gain":0.0,"max_hp_loss":0.0,"gold_gain":0.0,"event_name":"Wheel of Change","player_choice":"Full Heal","floor":42.0,"gold_loss":0.0,"damage_taken":0.0}],"is_beta":false,"boss_relics":[{"not_picked":["Pandora\u0027s Box","Runic Dome"],"picked":"Inserter"},{"not_picked":["Philosopher\u0027s Stone","Runic Pyramid"],"picked":"Busted Crown"}],"items_purged_floors":[10],"is_endless":false,"potions_floor_spawned":[6,8,12,16,20,28,29,31,35,40,45,48,54],"killed_by":"The Heart","ascension_level":9}}