{"host":"rm0ctv8qd8mnbkg1","time":1613739771,"event":{"mods":["BaseMod","Beaked The Cultist","BetterRewards","Colored Map","DNKmod","Dark Map","Defuse TimeMaze Blight","Downfall","Friendly Minions","Hubris","Marisa????????","Minty Spire (QoL Compilation)","MostiFishMod","Permanent Neow","Rare Cards Sparkle","Relic Sorter","Reliquary","Replay The Spire","RumiaBox-????????","Shade Mod","Shop Mod","Spicy Shops","Spire Arcade","StSLib","The Construct","The Servant 0.9.4","TheVacant","Wandering Minibosses","??????REMEMod"],"gold_per_floor":[10000,10016,10036,10061,10084,10095,10122,10151,10168,10018,10018,10030,10057,7974,7985,8082,8082,7982,7998,8015,8115,7532,7559,7559,7579,7579,7592,5788,5788,5198,5224,5243,5346,5346,5346,5346],"floor_reached":34,"language":"ENG","playtime":1036,"items_purged":["ReplayTheSpireMod:Splinters"],"score":807,"play_id":"c7a2ae86-69b3-4196-90d1-48ff9e5a15c6","local_time":"20210219130251","is_ascension_mode":true,"campfire_choices":[{"data":"sneckomod:Unknown","floor":1,"key":"SMITH"}],"circlet_count":0,"master_deck":["sneckomod:Defend","sneckomod:Defend","sneckomod:Defend","sneckomod:TailWhip","sneckomod:SnekBite","sneckomod:Unknown+1","sneckomod:Unknown","sneckomod:RainOfDice","sneckomod:WideSting+1","sneckomod:Unknown1Cost","sneckomod:RainOfDice","MostiFishMod:StrandedSiren","sneckomod:RainOfDice","REME_AllRoundStrike","sneckomod:RainOfDice","Replay:SS_forest_2","REME_PuzzleBox","The Bomb","Dramatic Entrance","sneckomod:WideSting","sneckomod:Transmogrify+1","Guardian:ExploitGems","sneckomod:IronFang+1","Brutality","sneckomod:IronFang","sneckomod:SerpentMind","REME_ShortnessOfBreath+1","sneckomod:Unknown0Cost","Replay:GuardianBash","sneckomod:UnknownDexterity","sneckomod:UnknownRareAttack+1","Slimebound:Tackle+1","Slimebound:Tackle+1","Slimebound:Tackle+1","Writhe","Shame","sneckomod:UnknownRarePower"],"relics":["sneckomod:SneckoSoul","REME_ComplimentaryCards","DaveBox","DianDianMeat","StoneCalendar","reliquary:RosewoodLute","Ancient Tea Set","reliquary:Buckler","wanderingMiniBosses:Blackblade","reliquary:Boomerang","Oddly Smooth Stone","Chameleon Ring","HandDrill","ReplayTheSpireMod:ShopPack","Juzu Bracelet","Du-Vu Doll","hubris:EmptyBottle","Mercury Hourglass","reliquary:ThirdArm","downfall:HeartBlessingGreen","downfall:GremlinSack","hubris:CuriousFeather","hexamod:BolsterEngine","ClockworkSouvenir","hubris:MedicalManual","ThornShield","Ccalipers","BirthdayGift-Tetrahedron","Unceasing Top","Strange Spoon","hubris:64BitClover","ReplayTheSpireMod:CursedCoin","ReplayFunnel","SSSystem","War Paint","Blood Vial","hubris:Backtick","sneckomod:ConfusingCodex"],"acts_visited":["Exordium","TheCity","TheBeyond"],"potions_floor_usage":[12,14,16,16],"damage_taken":[{"damage":0,"enemies":"2 Louse","floor":2,"turns":3},{"damage":0,"enemies":"Jaw Worm","floor":3,"turns":2},{"damage":0,"enemies":"Cultist","floor":6,"turns":2},{"damage":0,"enemies":"3 Sentries","floor":8,"turns":3},{"damage":0,"enemies":"Red Slaver","floor":9,"turns":3},{"damage":0,"enemies":"Exordium Thugs","floor":12,"turns":9},{"damage":0,"enemies":"Gremlin Nob","floor":13,"turns":3},{"damage":0,"enemies":"downfall:FleeingMerchant","floor":14,"turns":4},{"damage":0,"enemies":"Blue Slaver","floor":15,"turns":1},{"damage":0,"enemies":"DF_ARCHETYPE_STREAMLINE","floor":16,"turns":2},{"damage":0,"enemies":"Chosen","floor":19,"turns":1},{"damage":0,"enemies":"Shell Parasite","floor":20,"turns":1},{"damage":0,"enemies":"Shell Parasite","floor":21,"turns":1},{"damage":0,"enemies":"downfall:FleeingMerchant","floor":22,"turns":2},{"damage":0,"enemies":"Gremlin Leader","floor":23,"turns":1},{"damage":0,"enemies":"Snecko","floor":25,"turns":1},{"damage":0,"enemies":"Snake Plant","floor":27,"turns":1},{"damage":0,"enemies":"Slavers","floor":31,"turns":1},{"damage":0,"enemies":"Chosen and Byrds","floor":32,"turns":1},{"damage":0,"enemies":"SI_MIRROR_ARCHETYPE","floor":33,"turns":1}],"seed_played":"-6628080294543620294","potions_obtained":[{"floor":0,"key":"LiquidBronze"},{"floor":0,"key":"PowerPotion"},{"floor":2,"key":"Weak Potion"},{"floor":3,"key":"hexamod:SoulburnPotion"},{"floor":21,"key":"Explosive Potion"},{"floor":32,"key":"Venom Potion"}],"is_trial":false,"path_per_floor":["R","M","M","?","T","M","T","E","M","?","R","M","E","$","M","B",null,"R","M","M","?","$","E","T","M","R","M","$","?","$","E","M","B",null],"character_chosen":"THE_SNECKO","items_purchased":["Oddly Smooth Stone","Chameleon Ring","REME_AllRoundStrike","sneckomod:RainOfDice","HandDrill","ReplayTheSpireMod:ShopPack","Replay:SS_forest_2","Juzu Bracelet","Du-Vu Doll","hubris:EmptyBottle","Mercury Hourglass","bronze:BurnAndBuffPotion","AttackPotion","hubris:CuriousFeather","hexamod:BolsterEngine","ClockworkSouvenir","hubris:MedicalManual","BirthdayGift-Tetrahedron","Unceasing Top","Strange Spoon","sneckomod:UnknownDexterity","sneckomod:UnknownRareAttack+1","hubris:64BitClover","ReplayTheSpireMod:CursedCoin","ReplayFunnel","SSSystem","War Paint"],"campfire_rested":0,"item_purchase_floors":[14,14,14,14,14,14,14,14,14,14,14,14,14,22,22,22,22,28,28,28,28,28,30,30,30,30,30],"current_hp_per_floor":[1001,1003,1006,759,759,764,764,770,777,1038,1046,1055,1055,1130,1146,1163,1163,1181,1200,1200,1335,1335,1361,1361,1361,1388,1388,1445,1538,1605,1605,1605,1640,1640,1640,1640],"gold":5346,"neow_bonus":"THREE_SMALL_POTIONS","is_daily":false,"chose_seed":false,"campfire_upgraded":1,"win_rate":0.0,"timestamp":1613739771,"path_taken":["R","M","M","?","?","M","T","E","M","?","R","M","E","$","M","BOSS","R","M","M","?","$","E","T","M","R","M","?","?","$","E","M","BOSS"],"items_purchased_type":["Relic","Relic","Card","Card","Relic","Relic","Card","Relic","Relic","Relic","Relic","Potion","Potion","Relic","Relic","Relic","Relic","Relic","Relic","Relic","Card","Card","Relic","Relic","Relic","Relic","Relic"],"build_version":"2020-12-22","purchased_purges":1,"victory":false,"max_hp_per_floor":[1001,1003,1006,1010,1010,1015,1015,1021,1028,1038,1046,1055,1055,1130,1146,1163,1163,1181,1200,1200,1335,1335,1361,1361,1361,1388,1388,1445,1538,1605,1605,1605,1640,1640,1640,1640],"card_choices":[{"not_picked":["sneckomod:SoulRoll","sneckomod:SerpentIdol"],"picked":"sneckomod:RainOfDice","floor":2},{"not_picked":["sneckomod:ImprovisedGuard","sneckomod:UnknownDraw"],"picked":"sneckomod:WideSting","floor":3},{"not_picked":["sneckomod:QuickMove","sneckomod:QuickBite"],"picked":"sneckomod:Unknown1Cost","floor":4},{"not_picked":["sneckomod:SoulDraw","sneckomod:DiceCrush"],"picked":"sneckomod:RainOfDice","floor":6},{"not_picked":["sneckomod:QuickBite","sneckomod:DiceBlock"],"picked":"sneckomod:UnknownRarePower","floor":8},{"not_picked":["sneckomod:DiceBlock","sneckomod:MasterEye"],"picked":"sneckomod:UnknownDraw","floor":9},{"not_picked":["sneckomod:SoulDraw","sneckomod:SoulRoll"],"picked":"sneckomod:RainOfDice","floor":12},{"not_picked":["wanderingMiniBosses:FinaleOfPromise"],"picked":"SKIP","floor":12},{"not_picked":["sneckomod:IronFang","sneckomod:Memorize","sneckomod:Unknown1Cost"],"picked":"SKIP","floor":13},{"not_picked":["sneckomod:QuickMove","sneckomod:SoulCleanse","sneckomod:Rotation"],"picked":"SKIP","floor":14},{"not_picked":["Chrysalis","MostiFishMod:BrokenBlackCloak"],"picked":"REME_PuzzleBox","floor":14},{"not_picked":["MostiFishMod:ForestofLight","hubris:Ssssneak"],"picked":"The Bomb","floor":14},{"not_picked":["hubris:Insight","Replay:Parry"],"picked":"Dramatic Entrance","floor":14},{"not_picked":["sneckomod:ImprovisedAttack","sneckomod:CheapStock"],"picked":"sneckomod:WideSting","floor":15},{"not_picked":["sneckomod:SoulExchange","sneckomod:UnknownBoss"],"picked":"sneckomod:Transmogrify","floor":16},{"not_picked":["sneckomod:UnknownClassHEXA_GHOST_PURPLE","sneckomod:UnknownClassBLUE"],"picked":"sneckomod:IronFang+1","floor":19},{"not_picked":["sneckomod:WideSting","sneckomod:PureSnecko","sneckomod:UnknownClassHEXA_GHOST_PURPLE"],"picked":"SKIP","floor":20},{"not_picked":["sneckomod:SoulRoll","sneckomod:SoulDraw+1","sneckomod:UnknownCommonSkill+1"],"picked":"SKIP","floor":22},{"not_picked":["sneckomod:UnendingSupply","sneckomod:SerpentIdol"],"picked":"sneckomod:Unknown0Cost","floor":23},{"not_picked":["sneckomod:RainOfDice","sneckomod:DiceCrush+1","sneckomod:SlitherStrike"],"picked":"SKIP","floor":25},{"not_picked":["sneckomod:UnknownCommonSkill","sneckomod:SnekBeam","sneckomod:SlitherStrike+1"],"picked":"SKIP","floor":27},{"not_picked":["sneckomod:MasterEye+1","sneckomod:Rotation","sneckomod:DiceBoulder+1"],"picked":"SKIP","floor":31},{"not_picked":["sneckomod:SoulRoll+1","sneckomod:DefensiveFlair","sneckomod:QuickMove+1"],"picked":"SKIP","floor":32},{"not_picked":["sneckomod:UnlimitedRolls","sneckomod:Transmogrify"],"picked":"sneckomod:UnknownRarePower","floor":33}],"player_experience":381560,"relics_obtained":[{"floor":4,"key":"StoneCalendar"},{"floor":5,"key":"reliquary:RosewoodLute"},{"floor":7,"key":"Ancient Tea Set"},{"floor":8,"key":"reliquary:Buckler"},{"floor":12,"key":"wanderingMiniBosses:Blackblade"},{"floor":13,"key":"reliquary:Boomerang"},{"floor":21,"key":"downfall:GremlinSack"},{"floor":23,"key":"ThornShield"},{"floor":24,"key":"Ccalipers"},{"floor":31,"key":"Blood Vial"}],"event_choices":[],"is_beta":false,"boss_relics":[{"not_picked":["Busted Crown","EasyGame_NEW"],"picked":"reliquary:ThirdArm"},{"not_picked":["FixedStarFall","reliquary:RedCape"],"picked":"hubris:Backtick"}],"items_purged_floors":[30],"is_endless":false,"potions_floor_spawned":[2,3,6,9,21,25,27,31,32],"ascension_level":1}}