{"host":"08xvxt5w1s7zc7e5","time":1613738374,"event":{"mods":["AchievementEnabler","BaseMod","DeckTracker","Lobotomy","Minty Spire (QoL Compilation)","StSLib"],"gold_per_floor":[119,119,134,150,161,161,161,161],"floor_reached":7,"language":"KOR","playtime":191,"items_purged":[],"score":43,"play_id":"0e32b834-3976-417d-8da0-8284f66110f7","local_time":"20210219213934","is_ascension_mode":false,"campfire_choices":[{"data":"Barricade","floor":6,"key":"SMITH"}],"circlet_count":0,"master_deck":["Strike_R","Strike_R","Strike_R","Strike_R","Strike_R","Defend_R","Defend_R","Defend_R","Defend_R","Bash","MHz","Pommel Strike","VoidDream","Cleave","Murderer","Barricade+1","WallGazer","Body Slam"],"relics":["Burning Blood","CogitoBucket"],"acts_visited":["Exordium"],"potions_floor_usage":[5,5,7],"damage_taken":[{"damage":2,"enemies":"2 Louse","floor":1,"turns":2},{"damage":1,"enemies":"Cultist","floor":3,"turns":3},{"damage":1,"enemies":"Jaw Worm","floor":4,"turns":3},{"damage":1,"enemies":"Large Slime","floor":5,"turns":2},{"damage":81,"enemies":"Lagavulin","floor":7,"turns":11}],"seed_played":"8285568412673136731","potions_obtained":[{"floor":2,"key":"Explosive Potion"},{"floor":2,"key":"AttackPotion"},{"floor":2,"key":"SteroidPotion"}],"is_trial":false,"path_per_floor":["M","?","M","M","M","R","E"],"character_chosen":"IRONCLAD","items_purchased":[],"campfire_rested":0,"item_purchase_floors":[],"current_hp_per_floor":[80,80,80,80,80,80,0,0],"gold":161,"neow_bonus":"","is_daily":false,"chose_seed":false,"campfire_upgraded":1,"win_rate":0.0,"timestamp":1613738374,"path_taken":["M","?","M","M","?","R","E"],"items_purchased_type":[],"build_version":"2020-12-22","purchased_purges":0,"victory":false,"max_hp_per_floor":[80,80,80,80,80,80,80,80],"card_choices":[{"not_picked":["Woodsman","FairyFestival"],"picked":"MHz","floor":1},{"not_picked":["Wild Strike","Havoc"],"picked":"Pommel Strike","floor":1},{"not_picked":["MeatLantern","FairyFestival"],"picked":"VoidDream","floor":3},{"not_picked":["Inflame","Rage"],"picked":"Cleave","floor":3},{"not_picked":["OldLady","SingingMachine"],"picked":"Murderer","floor":4},{"not_picked":["Havoc","Sword Boomerang"],"picked":"Barricade","floor":4},{"not_picked":["Bloodbath","OldLady"],"picked":"WallGazer","floor":5},{"not_picked":["Warcry","Heavy Blade"],"picked":"Body Slam","floor":5}],"player_experience":392213,"relics_obtained":[],"event_choices":[{"damage_healed":0,"gold_gain":0,"player_choice":"Got Potions","damage_taken":0,"max_hp_gain":0,"max_hp_loss":0,"event_name":"Lab","floor":2,"gold_loss":0}],"is_beta":false,"boss_relics":[],"items_purged_floors":[],"is_endless":false,"potions_floor_spawned":[3],"killed_by":"Lagavulin","ascension_level":0}}