{"host":"8m7is3yylgn0pnts","time":1613702965,"event":{"mods":["ATMod(阿瑾Mod)","Act Like it!","Arknights","BaseMod","Downfall","Gensokyo","Hallownest","KinomotoSakuraMod(木之本樱)","Koishi","Lobotomy","Marisa（F雨　魔理沙）","Minty Spire (QoL Compilation)","Remilia_Scarlet Moed（蕾米莉亚・斯卡雷特）3.3.5","Remilia（蕾米莉亚）","StSLib","The Animator","The Gatherer","Waifu the Spire","WarShipGirlsR/战舰少女R mod","Yakumo Yukari mod"],"gold_per_floor":[113,113,113,157,14,32,47,75,75,88,88,103,103,114,114,209,209,225,225,625,0,12,40,53,68,149,149,149,163,163,163,163],"floor_reached":31,"language":"ZHS","playtime":2786,"items_purged":[],"score":307,"play_id":"a366faa2-7c4f-4e25-b945-e0f570406bdc","local_time":"20210219104925","is_ascension_mode":false,"campfire_choices":[{"data":"ats:Explosion Area Strengthen","floor":13,"key":"SMITH"},{"floor":15,"key":"REST"},{"floor":27,"key":"REST"}],"circlet_count":0,"master_deck":["ats:Strike C","ats:Strike G","ats:Armor Crushing Shot","ats:Emotion Absorption","AT_FamilyPortrait","ats:Charging Defense","ats:Healing Drone","Hallownest:skillLeafShield","Hallownest:skillLeafShield","Hallownest:skillLeafShield","Hallownest:skillLeafShield","Hallownest:skillLeafShield","ats:Support Order","ats:Explosion Area Strengthen+1","ats:Mental Burst","ats:Curse Doll","ats:Song Of Battle","ats:Burning Ground","ats:Leaping Hammer","ats:Poison Spread","ats:Shadow Assault","ats:Phantom+1","ats:Healing Drone","ats:Burning Ground","ats:Soul Absorption","ats:Blood Oath","ats:Ambush","ats:Magnetic Hammer","ats:Very Hot Blade","ats:Healing Strengthening","ats:Red Shift"],"relics":["ats:Sanity","AT_ATBox","ats:Originium","ats:Bonebreaker","Fusion Hammer","Mango","ats:Spiritual Recovery","Oddly Smooth Stone","Gensokyo:SongOfSouls"],"acts_visited":["Hallownest:Greenpath","Gensokyo:Gensokyoer"],"potions_floor_usage":[12,23,23,31],"damage_taken":[{"damage":0,"enemies":"Hallownest:monsterHuskGuard","floor":1,"turns":4},{"damage":8,"enemies":"Hallownest:2_Tiktiks_and_1_Crawlid","floor":6,"turns":4},{"damage":0,"enemies":"Hallownest:2_Baldur","floor":7,"turns":2},{"damage":0,"enemies":"Hallownest:eliteCrystalGuardian","floor":8,"turns":5},{"damage":6,"enemies":"Hallownest:monsterMossCharger","floor":10,"turns":5},{"damage":9,"enemies":"Hallownest:1_Baldur_1_Crawlid_1_Warrior","floor":12,"turns":4},{"damage":14,"enemies":"Hallownest:2_Tiktiks_1_Baldur_1_Crawlid","floor":14,"turns":3},{"damage":37,"enemies":"Hallownest:BossFalseKnight","floor":16,"turns":8},{"damage":3,"enemies":"Gensokyo:CosmicMonolith","floor":18,"turns":3},{"damage":12,"enemies":"Gensokyo:AngelMirror","floor":22,"turns":4},{"damage":31,"enemies":"Gensokyo:Tenshi","floor":23,"turns":5},{"damage":14,"enemies":"Gensokyo:Wraith","floor":24,"turns":5},{"damage":31,"enemies":"Gensokyo:Slime_Group","floor":25,"turns":7},{"damage":103,"enemies":"Gensokyo:Chomper_and_Gloop","floor":29,"turns":8},{"damage":16,"enemies":"Gensokyo:Monolith_and_Dog","floor":31,"turns":2}],"seed_played":"9220397774864718134","potions_obtained":[{"floor":10,"key":"SpeedPotion"},{"floor":12,"key":"BlessingOfTheForge"},{"floor":18,"key":"PanachePotion"},{"floor":25,"key":"Explosive Potion"}],"is_trial":false,"path_per_floor":["M","?","?","?","$","M","M","E","T","M","$","M","R","M","R","B",null,"M","?","?","$","M","E","M","M","T","R","?","M","?","M"],"character_chosen":"DOCTOR_CLASS","items_purchased":["ats:Explosion Area Strengthen","Slimebound:ThreeZeroPotion","ats:Healing Drone","ats:Burning Ground","ats:Soul Absorption","Mango","ats:Spiritual Recovery"],"campfire_rested":2,"item_purchase_floors":[5,5,21,21,21,21,21],"current_hp_per_floor":[72,72,72,72,72,66,66,72,72,69,69,66,66,58,72,41,72,72,72,72,86,74,60,58,42,42,67,67,4,4,0,0],"gold":163,"neow_bonus":"TRANSFORM_CARD","is_daily":false,"chose_seed":false,"campfire_upgraded":1,"win_rate":0.0,"timestamp":1613702965,"path_taken":["M","?","?","?","?","?","M","E","T","M","$","M","R","M","R","BOSS","M","?","?","$","M","E","M","M","T","R","?","M","?","M"],"items_purchased_type":["Card","Potion","Card","Card","Card","Relic","Relic"],"build_version":"2020-12-22","purchased_purges":0,"victory":false,"max_hp_per_floor":[72,72,72,72,72,72,72,72,72,72,72,72,72,72,72,72,72,72,72,72,86,86,86,86,86,86,86,86,86,86,86,86],"card_choices":[{"not_picked":["ats:Flexible Camouflage","ats:Closed Bolt Burst Fire"],"picked":"ats:Healing Drone","floor":1},{"not_picked":["ats:Guard Mode","ats:Demon Strength"],"picked":"ats:Mental Burst","floor":6},{"not_picked":["ats:Encircling Forest","ats:LN2 Cannon"],"picked":"ats:Curse Doll","floor":7},{"not_picked":["ats:Composite Medical Shells","ats:Rapid Magazine"],"picked":"ats:Song Of Battle","floor":8},{"not_picked":["ats:Soul Absorption","ats:Cat Scratch"],"picked":"ats:Burning Ground","floor":10},{"not_picked":["ats:Consecutive Shot Auto","ats:Powerful Strike"],"picked":"ats:Leaping Hammer","floor":12},{"not_picked":["ats:Soul Absorption","ats:Curse Doll"],"picked":"ats:Poison Spread","floor":14},{"not_picked":["ats:Echo Reverb","ats:Durian"],"picked":"ats:Shadow Assault","floor":16},{"not_picked":["ats:Cat Scratch","ats:Beaten Up+1"],"picked":"ats:Phantom+1","floor":18},{"not_picked":["ats:Explosion Area Strengthen","ats:Apocalypse"],"picked":"ats:Blood Oath","floor":22},{"not_picked":["ats:Powerful Strike","ats:Phantom"],"picked":"ats:Ambush","floor":23},{"not_picked":["ats:Blood Oath","ats:Powerful Strike+1"],"picked":"ats:Magnetic Hammer","floor":24},{"not_picked":["ats:Burning Ground","ats:Ignite"],"picked":"ats:Very Hot Blade","floor":25},{"not_picked":["ats:Blood Oath","ats:Cat Scratch+1"],"picked":"ats:Red Shift","floor":29}],"player_experience":48563,"relics_obtained":[{"floor":8,"key":"ats:Originium"},{"floor":8,"key":"StoneCalendar"},{"floor":9,"key":"ats:Bonebreaker"},{"floor":23,"key":"ats:Originium"},{"floor":23,"key":"Oddly Smooth Stone"}],"event_choices":[],"is_beta":false,"boss_relics":[{"not_picked":["Runic Dome","bronze:MakeshiftBattery"],"picked":"Fusion Hammer"}],"items_purged_floors":[],"is_endless":false,"potions_floor_spawned":[10,12,18,25],"killed_by":"Gensokyo:Monolith_and_Dog","ascension_level":0}}