{"host":"o5jvvi5yapo90aia","time":1613732759,"event":{"mods":["BaseMod","CapriCore","Minty Spire (QoL Compilation)","MostiFishMod","Prisma Mod","Spicy Shops","StSLib","TestMod","The Immortal","Yakumo Yukari mod","【人物mod】游戏王New YuGiOh mod","【功能Mod】Neow奖励"],"gold_per_floor":[114,114,137,16,91,91,7,17,17],"floor_reached":8,"language":"ZHS","playtime":137,"items_purged":[],"score":88,"play_id":"3378175d-865c-490f-bfdd-1a81f77131fa","local_time":"20210219190559","is_ascension_mode":true,"campfire_choices":[{"data":"Regret","floor":6,"key":"PURGE"}],"circlet_count":0,"master_deck":["AscendersBane","Strike_G","Strike_G","Strike_G","Strike_G","Strike_G","Defend_G","Defend_G","Defend_G","Defend_G","Defend_G","Survivor","Neutralize","Acrobatics"],"relics":["DaveBox","testmod-TestBox","HoveringKite","BrkXgEgg","testmod-Recursion","SynthV:TestCard","Happy Flower","HollowDreamFlower","testmod-IndustrialRevolution"],"acts_visited":["Exordium"],"potions_floor_usage":[],"damage_taken":[{"damage":0,"enemies":"Jaw Worm","floor":1,"turns":4},{"damage":0,"enemies":"2 Louse","floor":3,"turns":2},{"damage":0,"enemies":"Lagavulin","floor":8,"turns":1}],"seed_played":"4741167474699814419","potions_obtained":[],"is_trial":false,"path_per_floor":["M","?","M","$","?","R","$","E"],"character_chosen":"THE_SILENT","items_purchased":["HollowDreamFlower","testmod-IndustrialRevolution"],"campfire_rested":0,"item_purchase_floors":[4,7],"current_hp_per_floor":[61,61,63,63,52,52,52,58,58],"gold":17,"neow_bonus":"BOSS_RELIC","is_daily":false,"chose_seed":false,"campfire_upgraded":0,"win_rate":0.0,"timestamp":1613732759,"path_taken":["M","?","M","$","?","R","$","E"],"items_purchased_type":["Relic","Relic"],"build_version":"2020-12-22","purchased_purges":0,"victory":false,"max_hp_per_floor":[66,66,66,66,66,66,66,66,66],"card_choices":[{"not_picked":["Flying Knee","Outmaneuver"],"picked":"Acrobatics","floor":1},{"not_picked":["Distraction","Poisoned Stab","Cloak And Dagger","Backflip","Dodge and Roll"],"picked":"SKIP","floor":3}],"player_experience":1581021,"relics_obtained":[{"floor":1,"key":"SynthV:TestCard"}],"event_choices":[{"damage_healed":0,"gold_gain":0,"player_choice":"Box","damage_taken":0,"relics_obtained":["Happy Flower"],"max_hp_gain":0,"max_hp_loss":0,"event_name":"Big Fish","floor":2,"gold_loss":0,"cards_obtained":["Regret"]},{"damage_healed":0,"gold_gain":75,"player_choice":"Gather Gold","damage_taken":11,"max_hp_gain":0,"max_hp_loss":0,"event_name":"World of Goop","floor":5,"gold_loss":0}],"is_beta":false,"boss_relics":[],"items_purged_floors":[],"is_endless":false,"potions_floor_spawned":[],"killed_by":"Lagavulin","ascension_level":20}}