{"host":"ydg0vn0pu4pubmdt","time":1613770136,"event":{"mods":["AchievementEnabler","BaseMod","Colored Map","Minty Spire (QoL Compilation)","Quick Restart","SuperFastMode"],"gold_per_floor":[114,114,114,130,55,80,96,96,96,96,96,112,142,153,153,153,153],"floor_reached":16,"language":"KOR","playtime":258,"items_purged":["Strike_R"],"score":270,"play_id":"8fa31ed0-852b-4d9a-9f6e-51fd3c664d2d","local_time":"20210220062856","is_ascension_mode":true,"campfire_choices":[{"data":"Blood for Blood","floor":8.0,"key":"SMITH"},{"data":"Evolve","floor":10.0,"key":"SMITH"},{"data":"Fire Breathing","floor":15,"key":"SMITH"}],"circlet_count":0,"master_deck":["AscendersBane","Strike_R","Strike_R","Strike_R","Defend_R","Defend_R","Defend_R","Defend_R","Bash","Evolve+1","Shrug It Off","Flame Barrier","Blood for Blood+1","Armaments","Fire Breathing+1"],"relics":["Burning Blood","NeowsBlessing","Gambling Chip","Mummified Hand"],"acts_visited":["Exordium"],"potions_floor_usage":[16],"damage_taken":[{"damage":0.0,"enemies":"2 Louse","floor":1.0,"turns":1.0},{"damage":0.0,"enemies":"Jaw Worm","floor":4.0,"turns":1.0},{"damage":0.0,"enemies":"Lagavulin","floor":6.0,"turns":1.0},{"damage":8.0,"enemies":"Cultist","floor":7.0,"turns":5.0},{"damage":12.0,"enemies":"Exordium Wildlife","floor":12.0,"turns":5.0},{"damage":20.0,"enemies":"Gremlin Nob","floor":13.0,"turns":4.0},{"damage":48,"enemies":"Gremlin Gang","floor":14,"turns":5},{"damage":18,"enemies":"Slime Boss","floor":16,"turns":4}],"seed_played":"-4788369165046890618","potions_obtained":[{"floor":4.0,"key":"SteroidPotion"},{"floor":6.0,"key":"ColorlessPotion"},{"floor":12.0,"key":"Block Potion"},{"floor":14,"key":"FearPotion"}],"is_trial":false,"path_per_floor":["M","?","?","M","$","E","M","R","T","R","$","M","E","M","R","B"],"character_chosen":"IRONCLAD","items_purchased":[],"campfire_rested":0,"item_purchase_floors":[],"current_hp_per_floor":[74,79,79,80,80,80,78,78,78,78,78,72,58,16,16,0,0],"gold":153,"neow_bonus":"THREE_ENEMY_KILL","is_daily":false,"chose_seed":false,"campfire_upgraded":3,"win_rate":0.0,"timestamp":1613770136,"path_taken":["M","?","?","?","$","E","M","R","T","R","?","M","E","M","R","BOSS"],"items_purchased_type":[],"build_version":"2020-12-22","purchased_purges":1,"victory":false,"max_hp_per_floor":[75,80,80,80,80,80,80,80,80,80,80,80,80,80,80,80,80],"card_choices":[{"not_picked":["Clash","Heavy Blade"],"picked":"Evolve","floor":1.0},{"not_picked":["Evolve","Headbutt"],"picked":"Shrug It Off","floor":4.0},{"not_picked":["Wild Strike","Headbutt"],"picked":"Flame Barrier","floor":6.0},{"not_picked":["Burning Pact","Cleave"],"picked":"Blood for Blood","floor":7.0},{"not_picked":["Perfected Strike","Headbutt"],"picked":"Armaments","floor":12.0},{"not_picked":["Flex","Inflame"],"picked":"Fire Breathing","floor":13.0},{"not_picked":["Reckless Charge","Searing Blow","Body Slam"],"picked":"SKIP","floor":14}],"player_experience":615826,"relics_obtained":[{"floor":6.0,"key":"Gambling Chip"},{"floor":13.0,"key":"Mummified Hand"}],"event_choices":[{"damage_healed":0.0,"max_hp_gain":5.0,"max_hp_loss":0.0,"gold_gain":0.0,"event_name":"Big Fish","player_choice":"Donut","floor":2.0,"gold_loss":0.0,"damage_taken":0.0},{"cards_removed":["Strike_R"],"damage_healed":0.0,"max_hp_gain":0.0,"max_hp_loss":0.0,"gold_gain":0.0,"event_name":"Living Wall","player_choice":"Forget","floor":3.0,"gold_loss":0.0,"damage_taken":0.0}],"is_beta":false,"boss_relics":[],"items_purged_floors":[5],"is_endless":false,"potions_floor_spawned":[4,6,12,14],"killed_by":"Slime Boss","ascension_level":20}}