{"host":"z1zal7c5ufd23ok6","time":1613773364,"event":{"mods":["Aspiration","Bard","BaseMod","Best Route Mod","Conspire","Downfall","Energized Spire","Halation","Hubris","Infinite Spire","Ironclad Rager","Lobotomy","Minty Spire (QoL Compilation)","READ ME - Guardian Mod","Replay The Spire","Shop Mod","Spikes Relics","StSLib","The Animator","The Bug Knight","The Clintock","The Cursed","The Disciple","The Exalted","The Forsaken","The Hierophant","The Judge","The Jungle","The Kombatant","The Problem Sleuth","Trackpad","Wandering Minibosses"],"gold_per_floor":[116,116,116,68,79,110,100,129,152,152,165,170,170,198,198,188,188],"floor_reached":16,"language":"ENG","playtime":522,"items_purged":[],"score":181,"play_id":"326f1ff2-0d48-42ec-9e31-14dd90db085c","local_time":"20210219172244","is_ascension_mode":true,"campfire_choices":[{"floor":10,"key":"REST"},{"floor":13,"key":"REST"},{"floor":15,"key":"REST"}],"circlet_count":0,"master_deck":["Strike_R","Strike_R","Strike_R","Strike_R","Strike_R","Defend_R+1","Defend_R","Defend_R","Defend_R","Bash","Armaments","Shrug It Off","Armaments","infinitespire:OneForAll","Body Slam","Iron Wave","Shrug It Off","Shrug It Off"],"relics":["Burning Blood","NeowsBlessing","trackpad:AdjectivePendant","infinitespire:FocusingShard","Replay:Wax Seal","Pondfish Scales"],"acts_visited":["Exordium"],"potions_floor_usage":[8],"damage_taken":[{"damage":0.0,"enemies":"Small Slimes","floor":1.0,"turns":1.0},{"damage":0.0,"enemies":"Jaw Worm","floor":5.0,"turns":1.0},{"damage":0.0,"enemies":"Lagavulin","floor":6.0,"turns":1.0},{"damage":10.0,"enemies":"infinitespire:Voidling","floor":7.0,"turns":5.0},{"damage":54,"enemies":"Gremlin Nob","floor":8,"turns":5},{"damage":8,"enemies":"Blue Slaver","floor":11,"turns":3},{"damage":1,"enemies":"3 Louse","floor":12,"turns":5},{"damage":32,"enemies":"3 Sentries","floor":14,"turns":10},{"damage":83,"enemies":"Slime Boss","floor":16,"turns":12}],"seed_played":"-3372641446984622381","potions_obtained":[{"floor":1.0,"key":"Milkshake"},{"floor":3.0,"key":"Doom Potion"},{"floor":3.0,"key":"PowerPotion"},{"floor":14,"key":"Adrenaline Potion"}],"is_trial":false,"path_per_floor":["M","?","?","$","M","E","M","E","T","R","M","M","R","E","R","B"],"character_chosen":"IRONCLAD","items_purchased":["Shrug It Off"],"campfire_rested":3,"item_purchase_floors":[4],"current_hp_per_floor":[80,80,80,80,80,80,76,28,28,52,50,55,79,53,77,0,0],"gold":188,"neow_bonus":"THREE_ENEMY_KILL","is_daily":false,"chose_seed":false,"campfire_upgraded":0,"win_rate":0.0,"timestamp":1613773364,"path_taken":["M","?","?","$","M","E","M","E","T","R","M","?","R","E","R","BOSS"],"items_purchased_type":["Card"],"build_version":"2020-12-22","purchased_purges":0,"victory":false,"max_hp_per_floor":[80,80,80,80,80,80,80,80,80,80,80,80,80,80,80,80,80],"card_choices":[{"not_picked":["Iron Wave","Heavy Blade"],"picked":"Armaments","floor":1.0},{"not_picked":["ReplayTheSpireMod:Corrosion Curse","Life Link"],"picked":"Armaments","floor":5.0},{"not_picked":["Warcry","True Grit","Sever Soul"],"picked":"SKIP","floor":6.0},{"not_picked":["Rampage","Headbutt"],"picked":"infinitespire:OneForAll","floor":7.0},{"not_picked":["Demonic Infusion","Perfected Strike"],"picked":"Body Slam","floor":8},{"not_picked":["Run Through","ReplayTheSpireMod:Muscle Training"],"picked":"Iron Wave","floor":11},{"not_picked":["Thunderclap","Replay:Undeath\u0027s Touch"],"picked":"Shrug It Off","floor":12},{"not_picked":["Spot Weakness","Replay:Undeath\u0027s Touch"],"picked":"Shrug It Off","floor":14}],"player_experience":286818,"relics_obtained":[{"floor":6.0,"key":"trackpad:AdjectivePendant"},{"floor":8,"key":"infinitespire:FocusingShard"},{"floor":9,"key":"Replay:Wax Seal"},{"floor":14,"key":"Pondfish Scales"}],"event_choices":[{"damage_healed":0.0,"max_hp_gain":0.0,"max_hp_loss":0.0,"gold_gain":0.0,"event_name":"Lab","player_choice":"Got Potions","floor":3.0,"gold_loss":0.0,"damage_taken":0.0}],"is_beta":false,"boss_relics":[],"items_purged_floors":[],"is_endless":false,"potions_floor_spawned":[1,6,7,14],"killed_by":"Slime Boss","ascension_level":5}}