{"host":"rjmu5g8hpiele53d","time":1613769656,"event":{"mods":["2.2 Compatiblity","BaseMod","Downfall","GifTheSpireLib","Minty Spire (QoL Compilation)","StSLib"],"gold_per_floor":[99,99,109,124,134,134,134,165,192,214,257,80,80,80,95,190,190,190,203,217,229,229,249,249,265,265,280,291,33,33,50,65,65,65,65],"floor_reached":33,"language":"ENG","playtime":1693,"items_purged":["Pain","downfall:Malfunctioning"],"score":290,"play_id":"1d98009f-c441-4469-bafe-0f4510a8a5a4","local_time":"20210219212056","is_ascension_mode":false,"campfire_choices":[{"data":"bronze:Goto","floor":1,"key":"SMITH"},{"data":"bronze:Flail","floor":6,"key":"SMITH"},{"floor":13,"key":"REST"},{"data":"bronze:HardenedForm","floor":18,"key":"SMITH"}],"circlet_count":0,"master_deck":["bronze:Strike","bronze:Strike","bronze:Strike","bronze:Strike","bronze:Defend","bronze:Defend","bronze:Defend","bronze:Defend","bronze:Replicate","bronze:Goto+1","bronze:Flail+1","bronze:DelayedGuard","bronze:DelayedSlice","bronze:Return","bronze:DelayedSlice","bronze:Format+1","bronze:OilSpill","bronze:OilSpill","bronze:HardenedForm+1","bronze:FineTuning+1","bronze:Shell","Necronomicurse","bronze:Repulsor","bronze:RecursiveStrike","bronze:Optimize"],"relics":["bronze:BronzeCore","WarpedTongs","Bag of Marbles","MawBank","Vajra","SlaversCollar","bronze:BottledCode","MealTicket","Necronomicon","Strawberry","Omamori"],"acts_visited":["Exordium","TheCity"],"potions_floor_usage":[10,16,19,20,21,27,31,33],"damage_taken":[{"damage":3,"enemies":"2 Louse","floor":3,"turns":2},{"damage":4,"enemies":"Cultist","floor":4,"turns":3},{"damage":5,"enemies":"Small Slimes","floor":5,"turns":3},{"damage":2,"enemies":"Gremlin Nob","floor":8,"turns":2},{"damage":8,"enemies":"Red Slaver","floor":9,"turns":3},{"damage":6,"enemies":"Blue Slaver","floor":10,"turns":1},{"damage":21,"enemies":"Lagavulin","floor":11,"turns":6},{"damage":6,"enemies":"downfall:FleeingMerchant","floor":12,"turns":4},{"damage":0,"enemies":"Exordium Wildlife","floor":15,"turns":2},{"damage":2,"enemies":"IC_STATUS_ARCHETYPE","floor":16,"turns":3},{"damage":5,"enemies":"3 Byrds","floor":19,"turns":3},{"damage":2,"enemies":"Shell Parasite","floor":20,"turns":3},{"damage":17,"enemies":"Chosen and Byrds","floor":21,"turns":5},{"damage":2,"enemies":"Centurion and Healer","floor":23,"turns":5},{"damage":19,"enemies":"Snake Plant","floor":25,"turns":3},{"damage":5,"enemies":"Cultist and Chosen","floor":27,"turns":4},{"damage":0,"enemies":"Snecko","floor":28,"turns":3},{"damage":5,"enemies":"downfall:FleeingMerchant","floor":29,"turns":4},{"damage":12,"enemies":"Centurion and Healer","floor":31,"turns":4},{"damage":0,"enemies":"Sentry and Sphere","floor":32,"turns":1},{"damage":28,"enemies":"DF_ARCHETYPE_CLAW","floor":33,"turns":2}],"seed_played":"-6961248054223442200","potions_obtained":[{"floor":3,"key":"DistilledChaos"},{"floor":8,"key":"sneckomod:MuddlingPotion"},{"floor":9,"key":"PowerPotion"},{"floor":23,"key":"Explosive Potion"},{"floor":27,"key":"SneckoOil"},{"floor":31,"key":"Guardian:BlockOnCardUsePotion"}],"is_trial":false,"path_per_floor":["R","?","M","M","M","R","T","E","M","M","E","$","R","?","M","B",null,"R","M","M","M","?","M","T","M","?","M","M","$","T","M","M","B"],"character_chosen":"THE_AUTOMATON","items_purchased":["EntropicBrew","Strawberry"],"campfire_rested":1,"item_purchase_floors":[12,29],"current_hp_per_floor":[84,84,81,77,72,72,72,70,62,56,35,29,54,54,54,52,84,84,79,77,60,60,58,58,39,23,18,18,35,35,23,23,0,0,0],"gold":65,"neow_bonus":"TWENTY_PERCENT_HP_BONUS","is_daily":false,"chose_seed":false,"campfire_upgraded":3,"win_rate":0.0,"timestamp":1613769656,"path_taken":["R","?","M","M","?","R","T","E","M","M","E","$","R","?","M","BOSS","R","M","M","M","?","M","T","M","?","M","M","$","?","M","M","BOSS"],"items_purchased_type":["Potion","Relic"],"build_version":"2020-12-22","purchased_purges":2,"victory":false,"max_hp_per_floor":[84,84,84,84,84,84,84,84,84,84,84,84,84,84,84,84,84,84,84,84,84,74,74,74,74,74,74,74,81,81,81,81,81,81,81],"card_choices":[{"not_picked":["bronze:FineTuning","bronze:Overload"],"picked":"bronze:Flail","floor":3},{"not_picked":["bronze:WildBeam","bronze:Turbo"],"picked":"bronze:DelayedGuard","floor":4},{"not_picked":["bronze:CutThrough","bronze:Overheat"],"picked":"bronze:DelayedSlice","floor":5},{"not_picked":["bronze:FollowUp","bronze:Shell"],"picked":"bronze:Return","floor":8},{"not_picked":["bronze:Shield","bronze:DelayedGuard"],"picked":"bronze:DelayedSlice","floor":9},{"not_picked":["bronze:ChosenStrike","bronze:BuggyMess"],"picked":"bronze:Format","floor":10},{"not_picked":["bronze:DarkDash","bronze:DelayedGuard"],"picked":"bronze:OilSpill","floor":11},{"not_picked":["bronze:Invalidate","bronze:Safeguard"],"picked":"bronze:OilSpill","floor":12},{"not_picked":["bronze:WildBeam","bronze:Deprecate","bronze:Turbo"],"picked":"SKIP","floor":15},{"not_picked":["bronze:RecursiveStrike","bronze:BurnOut"],"picked":"bronze:HardenedForm","floor":16},{"not_picked":["bronze:DelayedGuard","bronze:Turbo+1","bronze:Allocate"],"picked":"SKIP","floor":19},{"not_picked":["bronze:Branch","bronze:DelayedSlice+1","bronze:BronzeArmor+1"],"picked":"SKIP","floor":20},{"not_picked":["bronze:CutThrough+1","bronze:BronzeArmor"],"picked":"bronze:FineTuning+1","floor":21},{"not_picked":["bronze:Deprecate","bronze:DelayedSlice","bronze:Branch"],"picked":"SKIP","floor":23},{"not_picked":["bronze:Fortify","bronze:Turbo"],"picked":"bronze:Shell","floor":25},{"not_picked":["bronze:BronzeArmor+1","bronze:NullPointer","bronze:Iterate"],"picked":"SKIP","floor":27},{"not_picked":["bronze:CutThrough","bronze:ForceShield"],"picked":"bronze:Repulsor","floor":28},{"not_picked":["bronze:Turbo","bronze:BronzeOrb"],"picked":"bronze:RecursiveStrike","floor":29},{"not_picked":["bronze:DarkDash","bronze:Frontload"],"picked":"bronze:Optimize","floor":31},{"not_picked":["bronze:BuggyMess","bronze:BugBarrage","bronze:DelayedGuard+1"],"picked":"SKIP","floor":32}],"player_experience":1658570,"relics_obtained":[{"floor":7,"key":"Bag of Marbles"},{"floor":8,"key":"MawBank"},{"floor":11,"key":"Vajra"},{"floor":24,"key":"MealTicket"},{"floor":26,"key":"Necronomicon"},{"floor":30,"key":"Omamori"}],"event_choices":[],"is_beta":false,"boss_relics":[{"not_picked":["SacredBark","Tiny House"],"picked":"SlaversCollar"}],"items_purged_floors":[12,29],"is_endless":false,"potions_floor_spawned":[3,8,9,20,23,25,27,31],"killed_by":"DF_ARCHETYPE_CLAW","ascension_level":0}}