{"host":"uv5ws9rdk87e8i5k","time":1613763060,"event":{"mods":["AchievementEnabler","BaseMod","Colored Map","Minty Spire (QoL Compilation)","Permanent Neow","Quick Restart","StSLib","SuperFastMode","The Necromancer"],"gold_per_floor":[361,536,35,51,51,85,85,112,180,214,214,224,238,256,256,333,383,399,399,2,2,2,2,27,45,96,112,130,159,159,159],"floor_reached":30,"language":"ENG","playtime":534,"items_purged":["Doubt","Injury"],"score":583,"play_id":"443dffb5-839a-4bbb-aedf-a992f19c79c5","local_time":"20210219133100","is_ascension_mode":true,"campfire_choices":[{"data":"Havoc","floor":7.0,"key":"SMITH"},{"floor":11,"key":"REST"},{"data":"Double Tap","floor":15,"key":"SMITH"},{"data":"Offering","floor":23,"key":"SMITH"}],"circlet_count":0,"master_deck":["AscendersBane","Strike_R+1","Strike_R","Strike_R","Strike_R+1","Strike_R+1","Defend_R","Defend_R+1","Defend_R","Defend_R","Bash","Clothesline+1","Bludgeon+1","Havoc+1","Iron Wave+1","Double Tap+1","Cleave+1","Whirlwind+1","Whirlwind+1","Pommel Strike+1","Offering+1","Headbutt+1","Reaper+1"],"relics":["Burning Blood","Molten Egg 2","MealTicket","Whetstone","Shuriken","Self Forming Clay","Tiny House","Dead Branch","CultistMask","Eternal Feather","Red Skull","InkBottle"],"acts_visited":["Exordium","TheCity"],"potions_floor_usage":[10,16,18,27,29],"damage_taken":[{"damage":3.0,"enemies":"Jaw Worm","floor":1.0,"turns":5.0},{"damage":12.0,"enemies":"2 Louse","floor":4.0,"turns":3.0},{"damage":25.0,"enemies":"3 Sentries","floor":6.0,"turns":6.0},{"damage":12,"enemies":"Gremlin Nob","floor":8,"turns":3},{"damage":16,"enemies":"Lagavulin","floor":10,"turns":5},{"damage":4,"enemies":"Small Slimes","floor":12,"turns":2},{"damage":1,"enemies":"Looter","floor":13,"turns":2},{"damage":1,"enemies":"Exordium Thugs","floor":14,"turns":3},{"damage":0,"enemies":"Slime Boss","floor":16,"turns":5},{"damage":11,"enemies":"Spheric Guardian","floor":18,"turns":3},{"damage":45,"enemies":"Slavers","floor":24,"turns":3},{"damage":12,"enemies":"3 Byrds","floor":25,"turns":2},{"damage":6,"enemies":"Centurion and Healer","floor":27,"turns":3},{"damage":24,"enemies":"Shelled Parasite and Fungi","floor":28,"turns":3},{"damage":65,"enemies":"Book of Stabbing","floor":29,"turns":5},{"damage":11,"enemies":"Snake Plant","floor":30,"turns":2}],"seed_played":"-2713959976480253826","potions_obtained":[{"floor":1.0,"key":"Fruit Juice"},{"floor":10,"key":"FairyPotion"},{"floor":12,"key":"Swift Potion"},{"floor":14,"key":"DuplicationPotion"},{"floor":17,"key":"Fruit Juice"},{"floor":25,"key":"BlessingOfTheForge"},{"floor":28,"key":"AttackPotion"}],"is_trial":false,"path_per_floor":["M","?","$","M","?","E","R","E","T","E","R","M","M","M","R","B",null,"M","?","$","?","?","R","E","M","T","M","M","E","M"],"character_chosen":"IRONCLAD","items_purchased":["Molten Egg 2","PowerPotion","Bludgeon+1","Havoc","Dead Branch"],"campfire_rested":1,"item_purchase_floors":[3,3,3,3,20],"current_hp_per_floor":[75,75,75,74,57,38,38,32,32,22,47,49,54,59,59,65,85,85,85,95,76,76,76,37,31,31,31,13,11,0,0],"gold":159,"neow_bonus":"TWO_FIFTY_GOLD","is_daily":false,"chose_seed":false,"campfire_upgraded":3,"win_rate":0.0,"timestamp":1613763060,"path_taken":["M","?","$","M","?","E","R","E","T","E","R","M","M","M","R","BOSS","M","?","$","?","?","R","E","M","T","?","?","E","M"],"items_purchased_type":["Relic","Potion","Card","Card","Relic"],"build_version":"2020-12-22","purchased_purges":2,"victory":false,"max_hp_per_floor":[80,80,80,85,85,85,85,85,85,85,85,85,85,85,85,85,90,95,95,95,100,100,100,100,100,100,100,100,100,100,100],"card_choices":[{"not_picked":["Warcry","Dropkick"],"picked":"Clothesline","floor":1.0},{"not_picked":["Inflame","Twin Strike+1"],"picked":"Iron Wave+1","floor":4.0},{"not_picked":["Armaments","True Grit"],"picked":"Double Tap","floor":6.0},{"not_picked":["Power Through","Thunderclap+1"],"picked":"Cleave+1","floor":8},{"not_picked":["Pummel+1","Shockwave"],"picked":"Whirlwind+1","floor":10},{"not_picked":["Iron Wave+1","Thunderclap+1","True Grit"],"picked":"SKIP","floor":12},{"not_picked":["Clothesline+1","Metallicize"],"picked":"Whirlwind+1","floor":13},{"not_picked":["Dark Embrace","Exhume"],"picked":"Pommel Strike+1","floor":14},{"not_picked":["Barricade","Bludgeon+1"],"picked":"Offering","floor":16},{"not_picked":["Carnage+1","Feel No Pain","Spot Weakness"],"picked":"SKIP","floor":18},{"not_picked":["Pommel Strike+1","Havoc","True Grit+1"],"picked":"SKIP","floor":24},{"not_picked":["Clothesline+1","Clash+1"],"picked":"Headbutt+1","floor":25},{"not_picked":["Pommel Strike+1","Rupture","Body Slam+1"],"picked":"SKIP","floor":27},{"not_picked":["Anger+1","Second Wind"],"picked":"Reaper+1","floor":28},{"not_picked":["Second Wind","Cleave+1","Headbutt+1"],"picked":"SKIP","floor":29}],"player_experience":227800,"relics_obtained":[{"floor":6.0,"key":"MealTicket"},{"floor":8,"key":"Whetstone"},{"floor":9,"key":"Shuriken"},{"floor":10,"key":"Self Forming Clay"},{"floor":24,"key":"Eternal Feather"},{"floor":26,"key":"Red Skull"},{"floor":29,"key":"InkBottle"}],"event_choices":[{"damage_healed":0.0,"max_hp_gain":0.0,"max_hp_loss":0.0,"gold_gain":175.0,"event_name":"Liars Game","player_choice":"AGREE","floor":2.0,"gold_loss":0.0,"damage_taken":0.0,"cards_obtained":["Doubt"]},{"damage_healed":0.0,"max_hp_gain":0.0,"max_hp_loss":0.0,"gold_gain":0.0,"event_name":"Shining Light","player_choice":"Entered Light","floor":5.0,"gold_loss":0.0,"damage_taken":17.0,"cards_upgraded":["Clothesline","Strike_R"]},{"damage_healed":0,"gold_gain":0,"player_choice":"Ignored","damage_taken":0,"max_hp_gain":0,"max_hp_loss":0,"event_name":"Ghosts","floor":19,"gold_loss":0},{"damage_healed":0,"gold_gain":0,"player_choice":"Shed Blood","damage_taken":24,"max_hp_gain":5,"max_hp_loss":0,"event_name":"Forgotten Altar","floor":21,"gold_loss":0},{"damage_healed":0,"gold_gain":0,"player_choice":"Trade","damage_taken":0,"relics_obtained":["CultistMask"],"max_hp_gain":0,"max_hp_loss":0,"event_name":"FaceTrader","floor":22,"gold_loss":0}],"is_beta":false,"boss_relics":[{"not_picked":["Fusion Hammer","Ectoplasm"],"picked":"Tiny House"}],"items_purged_floors":[3,20],"is_endless":false,"potions_floor_spawned":[1,10,12,14,25,28],"killed_by":"Snake Plant","ascension_level":13}}