{"host":"kbjkhl8b8ylq2ux5","time":1613707983,"event":{"mods":["BaseMod","Colored Map","Colored Powertips","Downfall","Highlight Path","Ironclad Rager","Minty Spire (QoL Compilation)","Quick Restart","Random Character Button","StSLib","SuperFastMode"],"gold_per_floor":[99,109,124,137,154,154,201,201,214,240,240,259,259,82,102,203,253,253,273,158,174,174,193,193,210,225,225,225,225],"floor_reached":27,"language":"ENG","playtime":4127,"items_purged":["hexamod:Defend","hexamod:Defend"],"score":209,"play_id":"8c25fa2a-5c9d-426e-a92d-b8597439c2d8","local_time":"20210218231303","is_ascension_mode":false,"campfire_choices":[{"data":"hexamod:Sear","floor":1,"key":"SMITH"},{"floor":8,"key":"REST"},{"data":"hexamod:Float","floor":11,"key":"SMITH"},{"data":"hexamod:CatchUp","floor":13,"key":"SMITH"},{"data":"hexamod:InspiringFlames","floor":18,"key":"SMITH"}],"circlet_count":0,"master_deck":["hexamod:Strike","hexamod:Strike","hexamod:Strike","hexamod:Defend","hexamod:Defend","hexamod:Sear+1","hexamod:Float+1","hexamod:GhostOfSpireFuture","hexamod:GhostShield","hexamod:AdvancingGuard","hexamod:InspiringFlames+1","hexamod:PhantomFireball","hexamod:CatchUp+1","hexamod:HauntingEcho","Finesse","hexamod:FirstSeal","hexamod:TimeOfNeed+1","hexamod:FastForward","hexamod:NightmareGuise","hexamod:FastForward"],"relics":["hexamod:SpiritBrand","Dream Catcher","Art of War","Tiny House"],"acts_visited":["Exordium","TheCity"],"potions_floor_usage":[15,16,23,27,27,27],"damage_taken":[{"damage":0,"enemies":"Cultist","floor":2,"turns":3},{"damage":3,"enemies":"Jaw Worm","floor":3,"turns":4},{"damage":4,"enemies":"Small Slimes","floor":4,"turns":3},{"damage":28,"enemies":"Gremlin Gang","floor":5,"turns":7},{"damage":9,"enemies":"Exordium Thugs","floor":9,"turns":7},{"damage":6,"enemies":"3 Louse","floor":12,"turns":4},{"damage":0,"enemies":"downfall:FleeingMerchant","floor":14,"turns":4},{"damage":0,"enemies":"Red Slaver","floor":15,"turns":3},{"damage":36,"enemies":"WA_ARCHETYPE_RETAIN","floor":16,"turns":8},{"damage":15,"enemies":"3 Byrds","floor":19,"turns":6},{"damage":2,"enemies":"downfall:FleeingMerchant","floor":20,"turns":4},{"damage":0,"enemies":"Spheric Guardian","floor":21,"turns":5},{"damage":0,"enemies":"Snake Plant","floor":23,"turns":4},{"damage":30,"enemies":"Centurion and Healer","floor":25,"turns":7},{"damage":37,"enemies":"Cultist and Chosen","floor":26,"turns":7},{"damage":32,"enemies":"Slavers","floor":27,"turns":5}],"seed_played":"-93070075113788037","potions_obtained":[{"floor":3,"key":"SkillPotion"},{"floor":5,"key":"DuplicationPotion"},{"floor":12,"key":"CultistPotion"},{"floor":16,"key":"SneckoOil"},{"floor":17,"key":"SteroidPotion"},{"floor":19,"key":"hexamod:EctoCoolerPotion"},{"floor":26,"key":"DistilledChaos"}],"is_trial":false,"path_per_floor":["R","M","M","M","M","?","T","R","M","T","R","M","R","$","M","B",null,"R","M","$","M","?","M","T","M","M","E"],"character_chosen":"THE_SPIRIT","items_purchased":["Finesse"],"campfire_rested":1,"item_purchase_floors":[14],"current_hp_per_floor":[77,77,74,70,42,42,42,65,56,56,56,50,50,50,50,21,82,82,74,79,82,82,82,82,59,29,0,0,0],"gold":225,"neow_bonus":"TEN_PERCENT_HP_BONUS","is_daily":false,"chose_seed":false,"campfire_upgraded":4,"win_rate":0.0,"timestamp":1613707983,"path_taken":["R","M","M","M","M","?","T","R","M","?","R","M","R","$","M","BOSS","R","M","$","M","?","M","T","M","?","E"],"items_purchased_type":["Card"],"build_version":"2020-12-22","purchased_purges":2,"victory":false,"max_hp_per_floor":[77,77,77,77,77,77,77,77,77,77,77,77,77,77,77,77,82,82,82,82,82,82,82,82,82,82,82,82,82],"card_choices":[{"not_picked":["hexamod:Firestarter","hexamod:SpectersWail"],"picked":"hexamod:GhostOfSpireFuture","floor":2},{"not_picked":["hexamod:GhostLash","hexamod:RetreatToShadows"],"picked":"hexamod:GhostShield","floor":3},{"not_picked":["hexamod:ExtraCrispy","hexamod:HeatCrush"],"picked":"hexamod:AdvancingGuard","floor":4},{"not_picked":["hexamod:HeatMetal","hexamod:EtherealExpedition","hexamod:RainOfEmbers"],"picked":"SKIP","floor":5},{"not_picked":["hexamod:GhostOfSpireFuture","hexamod:ThermalTransfer"],"picked":"hexamod:InspiringFlames","floor":8},{"not_picked":["hexamod:SpectersWail","hexamod:NecessarySacrifice"],"picked":"hexamod:PhantomFireball","floor":9},{"not_picked":["hexamod:ShieldOfDarkness","hexamod:BacktrackSmack"],"picked":"hexamod:CatchUp","floor":12},{"not_picked":["hexamod:GhostflameBarrier","hexamod:BurningTouch"],"picked":"hexamod:HauntingEcho","floor":14},{"not_picked":["hexamod:GhostflameBarrier","hexamod:Firestarter"],"picked":"hexamod:FirstSeal","floor":15},{"not_picked":["hexamod:GhostOfSpirePresent","hexamod:HexaLevel"],"picked":"hexamod:TimeOfNeed","floor":16},{"not_picked":["hexamod:GhostLash","hexamod:ShieldOfDarkness"],"picked":"hexamod:FastForward","floor":19},{"not_picked":["hexamod:RecurringNightmare","hexamod:HeatMetal","hexamod:GhostLash"],"picked":"SKIP","floor":20},{"not_picked":["hexamod:Again","hexamod:Incineration"],"picked":"hexamod:NightmareGuise","floor":21},{"not_picked":["hexamod:NecessarySacrifice","hexamod:InspiringFlames","hexamod:Hexaguard"],"picked":"SKIP","floor":23},{"not_picked":["hexamod:SpectralAdrenaline","hexamod:BurningTouch","hexamod:UnleashSpirits"],"picked":"SKIP","floor":25},{"not_picked":["hexamod:GhostLash","hexamod:InspiringFlames"],"picked":"hexamod:FastForward","floor":26}],"player_experience":138262,"relics_obtained":[{"floor":7,"key":"Dream Catcher"},{"floor":10,"key":"Art of War"}],"event_choices":[],"is_beta":false,"boss_relics":[{"not_picked":["bronze:MakeshiftBattery","SacredBark"],"picked":"Tiny House"}],"items_purged_floors":[14,20],"is_endless":false,"potions_floor_spawned":[3,5,12,16,19,26],"killed_by":"Slavers","ascension_level":0}}