{"host":"8elhr9pirthjn68a","time":1613751671,"event":{"mods":["ATMod(阿瑾Mod)","Act Like it!","Arknights","BaseMod","HumanHunterMod(怪物杀人mod)","Marisa（F雨　魔理沙）","Minty Spire (QoL Compilation)","Reimu（博丽灵梦）","RumiaBox-露米娅的神秘盒子","Ryuuou龙王","StSLib","TestMod","【功能Mod】聪明的最终Boss","【遗物卡牌】REMEMod"],"gold_per_floor":[118,68,68,43,43,76,76,110,160,39,52,63,63,463,463,568,568,579,579,589,623,636,636,669,669,669,702,702,718,718,817,817,817,817],"floor_reached":33,"language":"ZHS","playtime":1148,"items_purged":["Defend_B"],"score":414,"play_id":"13881f46-bb74-485f-9c7a-2874100b8558","local_time":"20210220002111","is_ascension_mode":false,"campfire_choices":[{"data":"REME_SelfUpgrade","floor":7.0,"key":"SMITH"},{"data":"AT_WaterDrop","floor":13.0,"key":"SMITH"},{"data":"Dualcast","floor":15.0,"key":"SMITH"},{"data":"AT_RightCognition","floor":23.0,"key":"SMITH"},{"data":"Echo Form","floor":25.0,"key":"SMITH"},{"data":"Hello World","floor":28.0,"key":"SMITH"},{"data":"Coolheaded","floor":30.0,"key":"SMITH"},{"data":"Hologram","floor":32.0,"key":"SMITH"}],"circlet_count":0,"master_deck":["Strike_B","Strike_B","Defend_B","Defend_B","Defend_B","Zap","Dualcast+1","AT_WaterDrop+1","REME_SelfUpgrade+1","Coolheaded+1","Cold Snap","Steam Power","Coolheaded","AT_RightCognition+1","Hologram+1","Meteor Strike","Hello World+1","Echo Form+1","Turbo"],"relics":["Cracked Core","REME_ComplimentaryCards","AT_ATBox","NeowsBlessing","testmod-Brilliant","Baka","Boot","Mummified Hand","DataDisk","Inserter","Red Mask","Oddly Smooth Stone","HornCleat","Smiling Mask","testmod-ObsoleteBoomerang"],"acts_visited":["Exordium","TheCity"],"potions_floor_usage":[33],"damage_taken":[{"damage":0.0,"enemies":"Small Slimes","floor":1.0,"turns":1.0},{"damage":0.0,"enemies":"3 Sentries","floor":6.0,"turns":1.0},{"damage":0.0,"enemies":"Lagavulin","floor":8.0,"turns":1.0},{"damage":0.0,"enemies":"2 Louse","floor":11.0,"turns":1.0},{"damage":0.0,"enemies":"Cultist","floor":12.0,"turns":3.0},{"damage":36.0,"enemies":"The Guardian","floor":16.0,"turns":8.0},{"damage":0.0,"enemies":"2 Thieves","floor":18.0,"turns":1.0},{"damage":22.0,"enemies":"Shell Parasite","floor":20.0,"turns":7.0},{"damage":0.0,"enemies":"Masked Bandits","floor":21.0,"turns":1.0},{"damage":15.0,"enemies":"Snecko","floor":22.0,"turns":4.0},{"damage":0.0,"enemies":"Slavers","floor":24.0,"turns":1.0},{"damage":0.0,"enemies":"Gremlin Leader","floor":27.0,"turns":3.0},{"damage":0.0,"enemies":"Centurion and Healer","floor":29.0,"turns":2.0},{"damage":56,"enemies":"Collector","floor":33,"turns":5}],"seed_played":"-4798044320471996982","potions_obtained":[{"floor":1.0,"key":"DistilledChaos"},{"floor":5.0,"key":"Energy Potion"},{"floor":5.0,"key":"DuplicationPotion"},{"floor":16.0,"key":"BlessingOfTheForge"},{"floor":21.0,"key":"SpeedPotion"},{"floor":22.0,"key":"REME_GoldPotion"}],"is_trial":false,"path_per_floor":["M","?","?","$","?","E","R","E","T","$","M","M","R","?","R","B",null,"M","?","M","?","M","R","E","R","T","E","R","M","R","?","R","B"],"character_chosen":"DEFECT","items_purchased":["Coolheaded","Cold Snap"],"campfire_rested":0,"item_purchase_floors":[4,10],"current_hp_per_floor":[75,75,68,68,68,68,68,68,68,68,68,71,71,71,71,35,75,75,75,65,65,50,50,50,50,50,50,50,50,50,50,50,0,0],"gold":817,"neow_bonus":"THREE_ENEMY_KILL","is_daily":false,"chose_seed":false,"campfire_upgraded":8,"win_rate":0.0,"timestamp":1613751671,"path_taken":["M","?","?","$","?","E","R","E","T","$","M","?","R","?","R","BOSS","M","?","M","?","M","R","E","R","T","E","R","M","R","?","R","BOSS"],"items_purchased_type":["Card","Card"],"build_version":"2020-12-22","purchased_purges":1,"victory":false,"max_hp_per_floor":[75,75,75,75,75,75,75,75,75,75,75,75,75,75,75,75,75,75,75,75,75,75,75,75,75,75,75,75,75,75,75,75,75,75],"card_choices":[{"not_picked":["Stack","Gash","Capacitor"],"picked":"SKIP","floor":1.0},{"not_picked":["Chaos","REME_Compress","Scrape"],"picked":"SKIP","floor":6.0},{"not_picked":["Stack","Chaos","Conserve Battery"],"picked":"SKIP","floor":8.0},{"not_picked":["REME_Compress","Reprogram"],"picked":"Steam Power","floor":11.0},{"not_picked":["Leap","Darkness","Recycle","Coolheaded","Steam"],"picked":"SKIP","floor":12.0},{"not_picked":["Leap","Darkness","Recycle","Steam"],"picked":"Coolheaded","floor":12.0},{"not_picked":["Echo Form","Meteor Strike","Seek","REME_ForAll","Fission","Creative AI","Multi-Cast"],"picked":"AT_RightCognition","floor":16.0},{"not_picked":["Streamline","Sweeping Beam","Go for the Eyes","Recycle"],"picked":"Hologram","floor":18.0},{"not_picked":["Rebound","AT_HeatAcrobatics","Conserve Battery","AT_RobotInSpace+1"],"picked":"Meteor Strike","floor":20.0},{"not_picked":["Stack","AT_RobotInSpace","Gash+1","Streamline"],"picked":"Hello World","floor":22.0},{"not_picked":["Ball Lightning","Hologram"],"picked":"Echo Form","floor":24.0},{"not_picked":["Conserve Battery","Coolheaded","Cold Snap","Steam Power"],"picked":"Turbo","floor":27.0},{"not_picked":["Streamline","REME_Compress","Compile Driver"],"picked":"SKIP","floor":29.0}],"player_experience":131941,"relics_obtained":[{"floor":1.0,"key":"Baka"},{"floor":6.0,"key":"Boot"},{"floor":8.0,"key":"Mummified Hand"},{"floor":9.0,"key":"DataDisk"},{"floor":21.0,"key":"Red Mask"},{"floor":24.0,"key":"Oddly Smooth Stone"},{"floor":26.0,"key":"HornCleat"},{"floor":27.0,"key":"Smiling Mask"},{"floor":27.0,"key":"testmod-ObsoleteBoomerang"}],"event_choices":[{"cards_removed":["Strike_B"],"damage_healed":0.0,"max_hp_gain":0.0,"max_hp_loss":0.0,"gold_gain":0.0,"event_name":"The Cleric","player_choice":"Card Removal","floor":2.0,"gold_loss":50.0,"damage_taken":0.0},{"cards_removed":["Strike_B"],"damage_healed":0.0,"max_hp_gain":0.0,"max_hp_loss":0.0,"gold_gain":0.0,"event_name":"Golden Wing","player_choice":"Card Removal","floor":3.0,"gold_loss":0.0,"damage_taken":7.0},{"damage_healed":0.0,"max_hp_gain":0.0,"max_hp_loss":0.0,"gold_gain":0.0,"event_name":"Lab","player_choice":"Got Potions","floor":5.0,"gold_loss":0.0,"damage_taken":0.0},{"damage_healed":0.0,"max_hp_gain":0.0,"max_hp_loss":0.0,"gold_gain":400.0,"event_name":"恩洛斯的盘子","player_choice":"Sell","floor":14.0,"relics_lost":["testmod-TestBox"],"gold_loss":0.0,"damage_taken":0.0},{"damage_healed":0.0,"max_hp_gain":0.0,"max_hp_loss":0.0,"gold_gain":0.0,"event_name":"Masked Bandits","player_choice":"Fought Bandits","floor":21.0,"gold_loss":0.0,"damage_taken":0.0},{"damage_healed":0.0,"max_hp_gain":0.0,"max_hp_loss":0.0,"gold_gain":99.0,"event_name":"Nest","player_choice":"Stole From Cult","floor":31.0,"gold_loss":0.0,"damage_taken":0.0}],"is_beta":false,"boss_relics":[{"not_picked":["AddBug","SacredBark"],"picked":"Inserter"}],"items_purged_floors":[10],"is_endless":false,"potions_floor_spawned":[1,6,8,16,21,22],"killed_by":"Collector","ascension_level":0}}