{"host":"ihsge0lre3slh6sc","time":1613706476,"event":{"mods":["Act Like it!","Arknights","BaseMod","CapriCore","Highlight Path","Lobotomy","LobotomyExtend","Minty Spire (QoL Compilation)","MostiFishMod","Quick Restart","Shop Mod","StSLib","TestMod","The Immortal","Waifu the Spire","WarShipGirlsR/战舰少女R mod","[IsaacMod]以撒尖塔","【遗物卡牌】REMEMod","篝火指南"],"gold_per_floor":[115,133,58,73,84,118,118,153,153,153,165,181,81,81,81,179,179,197,157,167,178,196,214,249,262,309,184,34,47,47,66,66,161,161,176,186,11,22,35,65,77,77,77,77,77,77,100,146,146,202,202],"floor_reached":50,"language":"ZHS","playtime":1847,"items_purged":["MostiFishMod:Disappear","rmod:strick","SingingMachine","WallGazer","MeatLantern"],"score":590,"play_id":"7479179b-f690-41fc-81f5-29eeebff15a7","local_time":"20210219114756","is_ascension_mode":false,"campfire_choices":[{"data":"rmod:diamondstrike","floor":7.0,"key":"SMITH"},{"data":"rmod:circuitoustactics","floor":10.0,"key":"SMITH"},{"data":"rmod:aluminumsupply","floor":15,"key":"SMITH"},{"data":"rmod:openingtorpedo","floor":30,"key":"SMITH"},{"floor":32,"key":"RECALL"},{"data":"rmod:advancebysurprise","floor":44,"key":"SMITH"},{"data":"rmod:basicallowance","floor":49,"key":"SMITH"}],"circlet_count":0,"master_deck":["rmod:strick","rmod:strick","rmod:defend","rmod:defend","rmod:defend","rmod:defend","rmod:basicallowance+1","rmod:maingunfire","rmod:advancebysurprise+1","LongBird","SnowQueen","rmod:diamondstrike+1","Murderer","rmod:aluminumsupply+1","rmod:intelligenceanalysis","rmod:circuitoustactics+1","rmod:acesubmarine+1","rmod:openingtorpedo+1","Scorched","rmod:robin","rmod:acesubmarine+1"],"relics":["rmod:firstchargereward","HushsDoor","testmod-TestBox","DaveBox","testmod-SaigiyounoYou","Void","BrkXgEgg","CogitoBucket","RabbitCall","SynthV:TestCard","Art of War","Anchor","AspirationHeart","testmod-TimeTraveler","ChangeAnything","Vajra","Nunchaku","AtMidnight","BehaviorAdjustment","Bottled Flame","testmod-BlackFramedGlasses","testmod-OneHitWonder","LetterFromLob","SalivaCoin"],"acts_visited":["Exordium","TheCity","TheBeyond"],"potions_floor_usage":[50,50,50],"damage_taken":[{"damage":0.0,"enemies":"Cultist","floor":1.0,"turns":3.0},{"damage":0.0,"enemies":"Jaw Worm","floor":2.0,"turns":2.0},{"damage":0.0,"enemies":"ats:Genji","floor":4.0,"turns":2.0},{"damage":0.0,"enemies":"Looter","floor":5.0,"turns":3.0},{"damage":30.0,"enemies":"Lagavulin","floor":6.0,"turns":5.0},{"damage":6.0,"enemies":"Gremlin Nob","floor":8.0,"turns":3.0},{"damage":5.0,"enemies":"Blue Slaver","floor":11.0,"turns":2.0},{"damage":2.0,"enemies":"Exordium Wildlife","floor":12.0,"turns":2.0},{"damage":28,"enemies":"The Guardian","floor":16,"turns":6},{"damage":11,"enemies":"Chosen","floor":18,"turns":3},{"damage":8,"enemies":"Shell Parasite","floor":20,"turns":2},{"damage":11,"enemies":"Snake Plant","floor":21,"turns":3},{"damage":10,"enemies":"3 Cultists","floor":22,"turns":3},{"damage":0,"enemies":"Chosen and Byrds","floor":23,"turns":1},{"damage":0,"enemies":"Gremlin Leader","floor":24,"turns":2},{"damage":0,"enemies":"Snake Plant","floor":25,"turns":2},{"damage":0,"enemies":"Centurion and Healer","floor":29,"turns":2},{"damage":40,"enemies":"Cultist and Chosen","floor":31,"turns":1},{"damage":57,"enemies":"Champ","floor":33,"turns":3},{"damage":0,"enemies":"3 Darklings","floor":35,"turns":1},{"damage":40,"enemies":"Orb Walker","floor":36,"turns":1},{"damage":0,"enemies":"3 Darklings","floor":38,"turns":1},{"damage":0,"enemies":"Sphere and 2 Shapes","floor":39,"turns":1},{"damage":13,"enemies":"Giant Head","floor":40,"turns":4},{"damage":8,"enemies":"Transient","floor":41,"turns":5},{"damage":1,"enemies":"Spire Growth","floor":47,"turns":2},{"damage":10,"enemies":"Nemesis","floor":48,"turns":3},{"damage":86,"enemies":"Donu and Deca","floor":50,"turns":5}],"seed_played":"7022051756891320576","potions_obtained":[{"floor":2.0,"key":"ColorlessPotion"},{"floor":5.0,"key":"Energy Potion"},{"floor":8.0,"key":"SteroidPotion"}],"is_trial":false,"path_per_floor":["M","M","$","M","M","E","R","E","T","R","M","M","$","?","R","B",null,"M","?","M","M","M","M","E","M","T","$","R","M","R","M","R","B",null,"M","M","$","M","M","E","M","?","T","R","$","?","M","E","R","B"],"character_chosen":"PRAEFECT","items_purchased":[],"campfire_rested":0,"item_purchase_floors":[],"current_hp_per_floor":[75,75,75,75,75,50,50,51,51,51,67,71,71,71,71,56,85,77,77,73,75,74,79,85,85,85,85,85,85,85,50,50,6,85,85,47,47,56,62,62,70,82,82,82,82,67,73,74,74,0,0],"gold":202,"neow_bonus":"","is_daily":false,"chose_seed":false,"campfire_upgraded":6,"win_rate":0.0,"timestamp":1613706476,"path_taken":["M","M","?","M","M","E","R","E","T","R","M","M","$","?","R","BOSS","M","?","?","M","M","M","E","M","T","$","R","M","R","M","R","BOSS","M","M","$","M","M","E","M","?","T","R","$","?","?","E","R","BOSS"],"items_purchased_type":[],"build_version":"2020-12-22","purchased_purges":5,"victory":false,"max_hp_per_floor":[75,75,75,75,75,75,75,75,75,75,85,85,85,85,85,85,85,85,85,85,85,85,85,85,85,85,85,85,85,85,85,85,85,85,85,85,85,85,85,85,85,85,85,85,85,85,85,85,85,85,85],"card_choices":[{"not_picked":["FairyFestival","HeroicMonk"],"picked":"WallGazer","floor":1.0},{"not_picked":["rmod:tearstotiara","rmod:luckystar"],"picked":"rmod:advancebysurprise","floor":1.0},{"not_picked":["NakedNest","Bloodbath"],"picked":"LongBird","floor":2.0},{"not_picked":["rmod:steelsupply","rmod:victimresponsibility","rmod:seals+1","rmod:ammunitionsupply","rmod:supportescort"],"picked":"SKIP","floor":2.0},{"not_picked":["CherryBlossoms","OSAHOGD"],"picked":"SnowQueen","floor":4.0},{"not_picked":["rmod:fuelsupply","rmod:fletcherpendant","rmod:highspeedshooting","rmod:firesupport"],"picked":"rmod:diamondstrike","floor":4.0},{"not_picked":["Bloodbath","WhitesApple"],"picked":"Murderer","floor":5.0},{"not_picked":["rmod:selfconfidence","rmod:unsinkable","rmod:fuelsupply","rmod:stealaluminum+1"],"picked":"rmod:aluminumsupply","floor":5.0},{"not_picked":["rmod:steelsupply","rmod:aviationdawn","rmod:aluminumsupply","rmod:advancebysurprise"],"picked":"rmod:intelligenceanalysis","floor":6.0},{"not_picked":["UniverseFragment","ShyLook"],"picked":"SingingMachine","floor":6.0},{"not_picked":["rmod:selfconfidence","rmod:ring","rmod:aggressivemary","rmod:robin"],"picked":"rmod:circuitoustactics","floor":8.0},{"not_picked":["rmod:aviationdawn","rmod:diamondstrike","rmod:circuitoustactics","rmod:overbreakdown","rmod:victimresponsibility"],"picked":"SKIP","floor":11.0},{"not_picked":["BigBadWolf","QueenBee"],"picked":"BigBird","floor":12.0},{"not_picked":["rmod:bulid","rmod:tearstotiara","rmod:sl","rmod:ammunitionsupply","rmod:highspeedshooting"],"picked":"SKIP","floor":12.0},{"not_picked":["rmod:bulid","rmod:tearstotiara","rmod:sl","rmod:ammunitionsupply","rmod:highspeedshooting"],"picked":"SKIP","floor":12.0},{"not_picked":["rmod:auspiciousomen+1","rmod:timeschanged+1","rmod:desperatesituation+1","rmod:secretscript+1"],"picked":"rmod:acesubmarine+1","floor":16},{"not_picked":["rmod:combined","rmod:generalist+1","rmod:launchingtorpedo","rmod:guardianhero+1","rmod:circuitoustactics"],"picked":"SKIP","floor":18},{"not_picked":["rmod:intelligenceanalysis","rmod:diamondstrike","rmod:advancebysurprise","rmod:steelsupply","rmod:overbreakdown"],"picked":"SKIP","floor":20},{"not_picked":["rmod:aggressivemary+1","rmod:combined","rmod:tearstotiara","rmod:aviationdawn","rmod:diamondstrike"],"picked":"SKIP","floor":21},{"not_picked":["rmod:aggressivemary+1","rmod:combined","rmod:tearstotiara","rmod:aviationdawn","rmod:diamondstrike"],"picked":"SKIP","floor":21},{"not_picked":["rmod:maintain","rmod:punchline","rmod:ammunitionsupply","rmod:u235+1"],"picked":"rmod:openingtorpedo","floor":22},{"not_picked":["GalaxyChild","Bloodbath"],"picked":"Scorched","floor":22},{"not_picked":["rmod:rockthrower","rmod:circuitoustactics","rmod:aluminumsupply","rmod:generalist","rmod:mineteam"],"picked":"SKIP","floor":23},{"not_picked":["NothingThere","OldLady"],"picked":"MeatLantern","floor":24},{"not_picked":["rmod:firesupport+1","rmod:steelsupply","rmod:openingtorpedo","rmod:launchingtorpedo"],"picked":"rmod:robin","floor":24},{"not_picked":["rmod:guardianhero","rmod:supportescort","rmod:steelsupply","rmod:intelligenceanalysis","rmod:tearstotiara+1"],"picked":"SKIP","floor":25},{"not_picked":["rmod:unsinkable","rmod:supportescort","rmod:expedition+1","rmod:aluminumsupply","rmod:circuitoustactics"],"picked":"SKIP","floor":29},{"not_picked":["rmod:slowdown","rmod:guardianhero","rmod:firesupport+1","rmod:supportescort+1","rmod:concentratefire"],"picked":"SKIP","floor":31},{"not_picked":["rmod:desperatesituation+1","rmod:stealaluminum+1","rmod:auspiciousomen+1","rmod:seals+1"],"picked":"rmod:acesubmarine+1","floor":33},{"not_picked":["rmod:ammunitionsupply+1","rmod:diamondstrike+1","rmod:intelligenceanalysis","rmod:victimresponsibility","rmod:aluminumsupply"],"picked":"SKIP","floor":35},{"not_picked":["rmod:aviationdawn+1","rmod:fletcherpendant+1","rmod:unsinkable+1","rmod:circuitoustactics+1","rmod:firesupport"],"picked":"SKIP","floor":36},{"not_picked":["rmod:abidefaith+1","rmod:fuelsupply+1","rmod:aluminumsupply","rmod:overbreakdown","rmod:luckystar"],"picked":"SKIP","floor":38},{"not_picked":["rmod:royalracing+1","rmod:guardianhero+1","rmod:ammunitionsupply","rmod:highspeedmaneuver+1","rmod:aviationdawn"],"picked":"SKIP","floor":39},{"not_picked":["rmod:steelsupply+1","rmod:slowdown","rmod:intelligenceanalysis","rmod:diaomin","rmod:firesupport"],"picked":"SKIP","floor":40},{"not_picked":["rmod:wolves","rmod:circuitoustactics","rmod:aluminumsupply+1","rmod:unsinkable","rmod:fletcherpendant+1"],"picked":"SKIP","floor":41},{"not_picked":["rmod:spoils+1","rmod:advancebysurprise+1","rmod:wasp","rmod:maintain","rmod:aluminumsupply"],"picked":"SKIP","floor":47},{"not_picked":["GalaxyChild","Alriune","NothingThere"],"picked":"Singing Bowl","floor":48},{"not_picked":["rmod:desperatesituation+1","rmod:firesupport+1","rmod:ammunitionsupply","rmod:lonelyqueen","rmod:steelsupply"],"picked":"SKIP","floor":48}],"player_experience":740379,"relics_obtained":[{"floor":1.0,"key":"SynthV:TestCard"},{"floor":1.0,"key":"LetterFromLob"},{"floor":2.0,"key":"LetterFromLob"},{"floor":4.0,"key":"LetterFromLob"},{"floor":5.0,"key":"LetterFromLob"},{"floor":6.0,"key":"Art of War"},{"floor":6.0,"key":"LetterFromLob"},{"floor":8.0,"key":"Anchor"},{"floor":8.0,"key":"LetterFromLob"},{"floor":11.0,"key":"LetterFromLob"},{"floor":12.0,"key":"LetterFromLob"},{"floor":16,"key":"LetterFromLob"},{"floor":18,"key":"LetterFromLob"},{"floor":20,"key":"LetterFromLob"},{"floor":21,"key":"LetterFromLob"},{"floor":22,"key":"LetterFromLob"},{"floor":23,"key":"LetterFromLob"},{"floor":24,"key":"Vajra"},{"floor":24,"key":"LetterFromLob"},{"floor":25,"key":"LetterFromLob"},{"floor":26,"key":"Nunchaku"},{"floor":29,"key":"AtMidnight"},{"floor":29,"key":"LetterFromLob"},{"floor":31,"key":"LetterFromLob"},{"floor":33,"key":"LetterFromLob"},{"floor":35,"key":"LetterFromLob"},{"floor":38,"key":"LetterFromLob"},{"floor":39,"key":"LetterFromLob"},{"floor":40,"key":"Bottled Flame"},{"floor":40,"key":"LetterFromLob"},{"floor":41,"key":"LetterFromLob"},{"floor":43,"key":"testmod-BlackFramedGlasses"},{"floor":47,"key":"LetterFromLob"},{"floor":48,"key":"SalivaCoin"}],"event_choices":[{"cards_removed":["rmod:strick"],"damage_healed":0,"gold_gain":0,"player_choice":"Forget","damage_taken":0,"max_hp_gain":0,"max_hp_loss":0,"event_name":"Living Wall","floor":14,"gold_loss":0}],"is_beta":false,"boss_relics":[{"not_picked":["Runic Pyramid","RhineCircuit"],"picked":"testmod-TimeTraveler"},{"not_picked":[]},{"not_picked":["REME_DuelDisc","BloodWine"],"picked":"testmod-Prudence"},{"not_picked":[]}],"items_purged_floors":[3,13,27,28,37],"is_endless":false,"potions_floor_spawned":[2,5,8,16,20,21,31,38,40,48],"killed_by":"Donu and Deca","ascension_level":0}}