{"host":"i09pxcjttd31eh4q","time":1613717686,"event":{"mods":["AchievementEnabler","BaseMod","Colored Map","Keyboard Shortcuts","Minty Spire (QoL Compilation)","StSLib","SuperFastMode"],"gold_per_floor":[109,122,47,65,78,89,122,122,122,137,152,170,170,9,9,81,81,98,108,128,78,93,93,103,103,103,103,103,122,122,122,122],"floor_reached":31,"language":"KOR","playtime":815,"items_purged":["Writhe","Infinite Blades"],"score":536,"play_id":"ab34c746-1d42-4ecb-894b-04cd9494c4d2","local_time":"20210219155446","is_ascension_mode":true,"campfire_choices":[{"data":"Noxious Fumes","floor":8,"key":"SMITH"},{"data":"Deadly Poison","floor":13,"key":"SMITH"},{"data":"Deadly Poison","floor":15,"key":"SMITH"},{"data":"Concentrate","floor":23,"key":"SMITH"},{"data":"Acrobatics","floor":25,"key":"SMITH"},{"data":"Acrobatics","floor":28,"key":"SMITH"}],"circlet_count":0,"master_deck":["AscendersBane","Survivor","Neutralize","Cloak And Dagger","Deadly Poison+1","Noxious Fumes+1","Deadly Poison+1","Escape Plan","Calculated Gamble","Leg Sweep","Burst","Expertise","Venomology","Dagger Throw","Deadly Poison","Prepared","Grand Finale","Corpse Explosion","Concentrate+1","Bouncing Flask+1","Acrobatics+1","Acrobatics+1","Concentrate+1","Backflip+1"],"relics":["Ring of the Snake","Lizard Tail","InkBottle","Pantograph","Membership Card","Pandora\u0027s Box","Lantern"],"acts_visited":["Exordium","TheCity"],"potions_floor_usage":[5,7,10,19,20,20,22,24,24,29,31],"damage_taken":[{"damage":0.0,"enemies":"Small Slimes","floor":1.0,"turns":6.0},{"damage":0.0,"enemies":"2 Louse","floor":2.0,"turns":4.0},{"damage":1,"enemies":"Cultist","floor":4,"turns":5},{"damage":0,"enemies":"3 Louse","floor":5,"turns":2},{"damage":11,"enemies":"Exordium Wildlife","floor":6,"turns":4},{"damage":10,"enemies":"3 Sentries","floor":7,"turns":7},{"damage":17,"enemies":"Exordium Thugs","floor":10,"turns":5},{"damage":0,"enemies":"Blue Slaver","floor":11,"turns":4},{"damage":0,"enemies":"Looter","floor":12,"turns":4},{"damage":3,"enemies":"Hexaghost","floor":16,"turns":9},{"damage":6,"enemies":"Chosen","floor":18,"turns":5},{"damage":0,"enemies":"Spheric Guardian","floor":19,"turns":2},{"damage":26,"enemies":"Centurion and Healer","floor":20,"turns":4},{"damage":22,"enemies":"Snake Plant","floor":22,"turns":4},{"damage":28,"enemies":"Shelled Parasite and Fungi","floor":24,"turns":4},{"damage":10,"enemies":"Centurion and Healer","floor":29,"turns":4},{"damage":27,"enemies":"Chosen and Byrds","floor":31,"turns":3}],"seed_played":"-9020637171828405462","potions_obtained":[{"floor":2.0,"key":"Explosive Potion"},{"floor":4,"key":"ColorlessPotion"},{"floor":6,"key":"Fire Potion"},{"floor":10,"key":"CunningPotion"},{"floor":11,"key":"Energy Potion"},{"floor":20,"key":"GamblersBrew"},{"floor":22,"key":"Fruit Juice"},{"floor":24,"key":"FearPotion"}],"is_trial":false,"path_per_floor":["M","M","$","M","M","M","E","R","T","M","M","M","R","$","R","B",null,"M","M","M","$","M","R","M","R","T","?","R","M","?","M"],"character_chosen":"THE_SILENT","items_purchased":["Membership Card"],"campfire_rested":0,"item_purchase_floors":[14],"current_hp_per_floor":[59,59,59,58,58,47,37,37,37,20,20,20,20,20,20,42,60,54,54,28,28,6,6,35,35,35,15,15,5,5,0,0],"gold":122,"neow_bonus":"ONE_RARE_RELIC","is_daily":false,"chose_seed":false,"campfire_upgraded":6,"win_rate":0.0,"timestamp":1613717686,"path_taken":["M","M","$","M","M","M","E","R","T","M","M","M","R","$","R","BOSS","M","M","M","$","M","R","M","R","T","?","R","M","?","M"],"items_purchased_type":["Relic"],"build_version":"2020-12-22","purchased_purges":2,"victory":false,"max_hp_per_floor":[66,66,66,66,66,66,66,66,66,66,66,66,66,66,66,66,66,66,66,66,66,66,66,71,71,71,76,76,76,76,76,76],"card_choices":[{"not_picked":["Setup","Slice"],"picked":"Cloak And Dagger","floor":1.0},{"not_picked":["Quick Slash","Prepared"],"picked":"Deadly Poison","floor":2.0},{"not_picked":["Underhanded Strike","Choke"],"picked":"Noxious Fumes","floor":4},{"not_picked":["Cloak And Dagger","Outmaneuver"],"picked":"Deadly Poison","floor":5},{"not_picked":["Deflect","Slice"],"picked":"Escape Plan","floor":6},{"not_picked":["Glass Knife","Dash"],"picked":"Calculated Gamble","floor":7},{"not_picked":["Poisoned Stab","Quick Slash","Sucker Punch"],"picked":"SKIP","floor":10},{"not_picked":["Poisoned Stab","Quick Slash","Sucker Punch"],"picked":"SKIP","floor":10},{"not_picked":["Deflect","Dagger Throw"],"picked":"Leg Sweep","floor":11},{"not_picked":["Slice","Poisoned Stab","Underhanded Strike"],"picked":"SKIP","floor":12},{"not_picked":["Venomology","Envenom"],"picked":"Burst","floor":16},{"not_picked":["Blade Dance","Cloak And Dagger"],"picked":"Bouncing Flask+1","floor":18},{"not_picked":["Footwork","Cloak And Dagger","Poisoned Stab"],"picked":"SKIP","floor":19},{"not_picked":["Noxious Fumes","Blade Dance"],"picked":"Acrobatics","floor":20},{"not_picked":["Bouncing Flask+1","Finisher"],"picked":"Acrobatics","floor":22},{"not_picked":["Quick Slash","Masterful Stab+1"],"picked":"Concentrate+1","floor":24},{"not_picked":["Blur","Sucker Punch+1"],"picked":"Backflip+1","floor":29}],"player_experience":927543,"relics_obtained":[{"floor":7,"key":"InkBottle"},{"floor":9,"key":"Pantograph"},{"floor":26,"key":"Lantern"}],"event_choices":[{"damage_healed":0,"gold_gain":0,"player_choice":"Shed Blood","damage_taken":25,"max_hp_gain":5,"max_hp_loss":0,"event_name":"Forgotten Altar","floor":27,"gold_loss":0},{"cards_removed":["Unload"],"damage_healed":0,"gold_gain":0,"player_choice":"Elegance","damage_taken":0,"max_hp_gain":0,"max_hp_loss":0,"event_name":"Back to Basics","floor":30,"gold_loss":0}],"is_beta":false,"boss_relics":[{"not_picked":["Astrolabe","Snecko Eye"],"picked":"Pandora\u0027s Box"}],"items_purged_floors":[3,21],"is_endless":false,"potions_floor_spawned":[2,4,6,10,11,20,22,24],"killed_by":"Chosen and Byrds","ascension_level":20}}