{"host":"p0hktren06injwdf","time":1613700070,"event":{"mods":["AchievementEnabler","BaseMod","Colored Map","DeckTracker","Minty Spire (QoL Compilation)","Permanent Neow","StSLib","SuperFastMode"],"gold_per_floor":[117,136,155,168,25,25,41,69,69,69,69,69,69,69,69,141,141,98,39,0,16,16,16,16],"floor_reached":23,"language":"KOR","playtime":441,"items_purged":[],"score":382,"play_id":"d0a2d516-b9a7-46ce-b152-ecfb72cc81ce","local_time":"20210219110110","is_ascension_mode":true,"campfire_choices":[{"data":"Cloak And Dagger","floor":6,"key":"SMITH"},{"floor":12,"key":"REST"},{"data":"Neutralize","floor":15,"key":"SMITH"}],"circlet_count":0,"master_deck":["AscendersBane","Strike_G","Strike_G","Strike_G","Defend_G","Defend_G","Defend_G","Defend_G","Survivor","Neutralize+1","Flash of Steel","Cloak And Dagger+1","Footwork","Blade Dance","Dagger Throw","Footwork","Backflip","Poisoned Stab","Finisher","A Thousand Cuts","Deflect","Endless Agony"],"relics":["Ring of the Snake","Thread and Needle","Eternal Feather","Empty Cage"],"acts_visited":["Exordium","TheCity"],"potions_floor_usage":[8,10,23,23],"damage_taken":[{"damage":0,"enemies":"2 Louse","floor":1,"turns":3},{"damage":7,"enemies":"Jaw Worm","floor":2,"turns":6},{"damage":0,"enemies":"Small Slimes","floor":3,"turns":4},{"damage":3,"enemies":"Looter","floor":4,"turns":4},{"damage":2,"enemies":"Large Slime","floor":7,"turns":9},{"damage":39,"enemies":"Gremlin Nob","floor":8,"turns":6},{"damage":0,"enemies":"Exordium Thugs","floor":10,"turns":1},{"damage":5,"enemies":"The Guardian","floor":16,"turns":17},{"damage":23,"enemies":"2 Thieves","floor":18,"turns":5},{"damage":9,"enemies":"Chosen","floor":21,"turns":6},{"damage":28,"enemies":"Book of Stabbing","floor":23,"turns":4}],"seed_played":"8938525550650203964","potions_obtained":[{"floor":1,"key":"Ancient Potion"},{"floor":8,"key":"SmokeBomb"},{"floor":16,"key":"Dexterity Potion"},{"floor":21,"key":"DuplicationPotion"}],"is_trial":false,"path_per_floor":["M","M","M","M","$","R","M","E","T","M","?","R","$","?","R","B",null,"M","$","?","M","?","E"],"character_chosen":"THE_SILENT","items_purchased":["Footwork","Backflip","Deflect"],"campfire_rested":1,"item_purchase_floors":[5,5,19],"current_hp_per_floor":[59,52,52,49,49,49,47,8,8,8,8,39,39,32,44,39,59,36,36,36,27,27,0,0],"gold":16,"neow_bonus":"RANDOM_COLORLESS","is_daily":false,"chose_seed":false,"campfire_upgraded":2,"win_rate":0.0,"timestamp":1613700070,"path_taken":["M","M","M","M","$","R","M","E","T","M","?","R","$","?","R","BOSS","M","$","?","M","?","E"],"items_purchased_type":["Card","Card","Card"],"build_version":"2020-12-22","purchased_purges":0,"victory":false,"max_hp_per_floor":[66,66,66,66,66,66,66,66,66,66,66,66,66,66,66,66,66,66,66,66,66,66,66,66],"card_choices":[{"not_picked":["Forethought","Trip"],"picked":"Flash of Steel","floor":0},{"not_picked":["Accuracy","Underhanded Strike"],"picked":"Cloak And Dagger","floor":1},{"not_picked":["Crippling Poison","Poisoned Stab"],"picked":"Footwork","floor":2},{"not_picked":["Dagger Spray","Acrobatics"],"picked":"Blade Dance","floor":3},{"not_picked":["Flying Knee","Sucker Punch"],"picked":"Dagger Throw","floor":4},{"not_picked":["Underhanded Strike","Heel Hook"],"picked":"Poisoned Stab","floor":7},{"not_picked":["Slice","Crippling Poison"],"picked":"Finisher","floor":8},{"not_picked":["Glass Knife","Phantasmal Killer"],"picked":"A Thousand Cuts","floor":16},{"not_picked":["Infinite Blades+1","Distraction","Prepared"],"picked":"SKIP","floor":18},{"not_picked":["Crippling Poison","Finisher+1"],"picked":"Endless Agony","floor":21}],"player_experience":1087814,"relics_obtained":[{"floor":8,"key":"Thread and Needle"},{"floor":9,"key":"Eternal Feather"}],"event_choices":[{"damage_healed":0,"gold_gain":0,"player_choice":"Fled","damage_taken":0,"max_hp_gain":0,"max_hp_loss":0,"event_name":"Scrap Ooze","floor":11,"gold_loss":0},{"cards_removed":["Strike_G"],"damage_healed":0,"gold_gain":0,"player_choice":"Card Removal","damage_taken":7,"max_hp_gain":0,"max_hp_loss":0,"event_name":"Golden Wing","floor":14,"gold_loss":0},{"damage_healed":0,"gold_gain":0,"player_choice":"Paid Fearfully","damage_taken":0,"max_hp_gain":0,"max_hp_loss":0,"event_name":"Masked Bandits","floor":20,"gold_loss":39},{"damage_healed":0,"gold_gain":0,"player_choice":"Ignored","damage_taken":0,"max_hp_gain":0,"max_hp_loss":0,"event_name":"The Mausoleum","floor":22,"gold_loss":0}],"is_beta":false,"boss_relics":[{"not_picked":["Runic Pyramid","Snecko Eye"],"picked":"Empty Cage"}],"items_purged_floors":[],"is_endless":false,"potions_floor_spawned":[1,8,16,21],"killed_by":"Book of Stabbing","ascension_level":20}}