{"host":"utqe55yv0jihe4d6","time":1613706707,"event":{"mods":["2.2 Compatiblity","AchievementEnabler","BaseMod","Block Reminder","Colored Map","Colored Powertips","Minty Spire (QoL Compilation)","Quick Restart","Rare Cards Sparkle","Relic Stats","SuperFastMode"],"gold_per_floor":[115,115,128,143,153,153,153],"floor_reached":6,"language":"ENG","playtime":202,"items_purged":[],"score":76,"play_id":"76b54998-1089-4d84-849b-c5b57add8f0c","local_time":"20210218225147","is_ascension_mode":true,"campfire_choices":[],"circlet_count":0,"master_deck":["AscendersBane","Strike_R","Strike_R","Strike_R","Strike_R","Strike_R","Defend_R","Defend_R","Defend_R","Defend_R","Bash","Pommel Strike","Decay","Disarm","Armaments"],"relics":["Velvet Choker"],"acts_visited":["Exordium"],"potions_floor_usage":[5],"damage_taken":[{"damage":0,"enemies":"Small Slimes","floor":1,"turns":3},{"damage":1,"enemies":"Cultist","floor":3,"turns":3},{"damage":2,"enemies":"2 Louse","floor":4,"turns":3},{"damage":20,"enemies":"Lots of Slimes","floor":5,"turns":6},{"damage":46,"enemies":"3 Sentries","floor":6,"turns":11}],"seed_played":"1137165513336963534","potions_obtained":[{"floor":4,"key":"Swift Potion"}],"is_trial":false,"path_per_floor":["M","?","M","M","M","E"],"character_chosen":"IRONCLAD","items_purchased":[],"campfire_rested":0,"item_purchase_floors":[],"current_hp_per_floor":[68,68,67,65,45,0,0],"gold":153,"neow_bonus":"BOSS_RELIC","is_daily":false,"chose_seed":false,"campfire_upgraded":0,"win_rate":0.0,"timestamp":1613706707,"path_taken":["M","?","M","M","M","E"],"items_purchased_type":[],"build_version":"2020-12-22","purchased_purges":0,"victory":false,"max_hp_per_floor":[75,75,75,75,75,75,75],"relic_stats":{"counters":[5,26],"obtain_stats":[{"Velvet Choker":0,"Burning Blood":0},{"Velvet Choker":0,"Burning Blood":0},{"Velvet Choker":0,"Burning Blood":0}]},"card_choices":[{"not_picked":["Flex","Perfected Strike"],"picked":"Pommel Strike","floor":1},{"not_picked":["Havoc","Clash"],"picked":"Disarm","floor":3},{"not_picked":["Rampage","Warcry","Havoc"],"picked":"SKIP","floor":4},{"not_picked":["Power Through","Rage"],"picked":"Armaments","floor":5}],"player_experience":3094628,"relics_obtained":[],"event_choices":[{"damage_healed":0,"gold_gain":0,"player_choice":"Cursed","damage_taken":0,"max_hp_gain":0,"max_hp_loss":0,"event_name":"Wheel of Change","floor":2,"gold_loss":0,"cards_obtained":["Decay"]}],"is_beta":false,"boss_relics":[],"items_purged_floors":[],"is_endless":false,"potions_floor_spawned":[4],"killed_by":"3 Sentries","ascension_level":20}}