{"host":"2qv44oxt58ptq59r","time":1613761042,"event":{"mods":["AchievementEnabler","BaseMod","Colored Powertips","Highlight Path","Minty Spire (QoL Compilation)","Permanent Neow","StSLib"],"gold_per_floor":[114,130,6,6,6,6,40,40,66,101,111,111,145,159,159,264,264,281,281,281,296,5,5,5,5],"floor_reached":24,"language":"ENG","playtime":9352,"items_purged":["Strike_R"],"score":343,"play_id":"e90e51a8-ee17-4132-9cd4-fbdf79dce977","local_time":"20210219185722","is_ascension_mode":true,"campfire_choices":[{"data":"Headbutt","floor":6,"key":"SMITH"},{"data":"Disarm","floor":8,"key":"SMITH"},{"floor":12,"key":"RECALL"},{"data":"Seeing Red","floor":15,"key":"SMITH"},{"floor":23,"key":"REST"}],"circlet_count":0,"master_deck":["AscendersBane","Strike_R","Defend_R","Defend_R","Defend_R","Defend_R","Bash+1","Ghostly Armor","Headbutt+1","Disarm+1","Seeing Red+1","Dark Embrace","Inflame","Exhume","Berserk+1","Immolate+1","True Grit+1","Inflame","Feed"],"relics":["Burning Blood","Blood Vial","Strawberry","Red Skull","StoneCalendar","Astrolabe","Orichalcum"],"acts_visited":["Exordium","TheCity"],"potions_floor_usage":[7,7,10,16,16,24],"damage_taken":[{"damage":6,"enemies":"Cultist","floor":1,"turns":4},{"damage":0,"enemies":"2 Louse","floor":2,"turns":3},{"damage":17,"enemies":"Lagavulin","floor":7,"turns":6},{"damage":12,"enemies":"Gremlin Nob","floor":10,"turns":5},{"damage":1,"enemies":"Small Slimes","floor":11,"turns":5},{"damage":43,"enemies":"Lagavulin","floor":13,"turns":9},{"damage":0,"enemies":"2 Fungi Beasts","floor":14,"turns":5},{"damage":60,"enemies":"Hexaghost","floor":16,"turns":9},{"damage":33,"enemies":"2 Thieves","floor":18,"turns":4},{"damage":22,"enemies":"Spheric Guardian","floor":21,"turns":4},{"damage":74,"enemies":"Book of Stabbing","floor":24,"turns":10}],"seed_played":"-6272129397981426516","potions_obtained":[{"floor":1,"key":"AttackPotion"},{"floor":2,"key":"Weak Potion"},{"floor":13,"key":"ElixirPotion"},{"floor":14,"key":"Fire Potion"},{"floor":21,"key":"GamblersBrew"}],"is_trial":false,"path_per_floor":["M","M","$","?","?","R","E","R","T","E","M","R","E","M","R","B",null,"M","?","?","M","$","R","E"],"character_chosen":"IRONCLAD","items_purchased":["SteroidPotion","Feed","Orichalcum"],"campfire_rested":1,"item_purchase_floors":[3,22,22],"current_hp_per_floor":[80,86,86,86,91,91,80,80,87,83,90,90,55,63,63,11,78,53,53,53,39,39,69,0,0],"gold":5,"neow_bonus":"TEN_PERCENT_HP_BONUS","is_daily":false,"chose_seed":false,"campfire_upgraded":3,"win_rate":0.0,"timestamp":1613761042,"path_taken":["M","M","$","?","?","R","E","R","T","E","M","R","E","M","R","BOSS","M","?","?","?","$","R","E"],"items_purchased_type":["Potion","Card","Relic"],"build_version":"2020-12-22","purchased_purges":1,"victory":false,"max_hp_per_floor":[88,88,88,88,93,93,93,93,100,100,100,100,100,100,100,100,100,100,100,100,100,100,100,100,100],"card_choices":[{"not_picked":["Dual Wield","Anger"],"picked":"Ghostly Armor","floor":1},{"not_picked":["Searing Blow","Twin Strike"],"picked":"Headbutt","floor":2},{"not_picked":["Impervious","Infernal Blade"],"picked":"Disarm","floor":7},{"not_picked":["Heavy Blade","Battle Trance"],"picked":"Seeing Red","floor":10},{"not_picked":["Cleave","Metallicize"],"picked":"Dark Embrace","floor":11},{"not_picked":["Sentinel","Pummel","Power Through"],"picked":"SKIP","floor":13},{"not_picked":["Wild Strike","Flex"],"picked":"Inflame","floor":14},{"not_picked":["Brutality","Berserk"],"picked":"Exhume","floor":16},{"not_picked":["Power Through","Iron Wave+1","Headbutt"],"picked":"SKIP","floor":18},{"not_picked":["Twin Strike","Headbutt","Second Wind+1"],"picked":"SKIP","floor":21}],"player_experience":5764260,"relics_obtained":[{"floor":7,"key":"Blood Vial"},{"floor":9,"key":"Strawberry"},{"floor":10,"key":"Red Skull"},{"floor":13,"key":"StoneCalendar"}],"event_choices":[{"damage_healed":0,"gold_gain":0,"player_choice":"Grow","damage_taken":0,"max_hp_gain":0,"max_hp_loss":0,"event_name":"Living Wall","floor":4,"gold_loss":0,"cards_upgraded":["Bash"]},{"damage_healed":0,"gold_gain":0,"player_choice":"Donut","damage_taken":0,"max_hp_gain":5,"max_hp_loss":0,"event_name":"Big Fish","floor":5,"gold_loss":0},{"damage_healed":0,"gold_gain":0,"player_choice":"Ignored","damage_taken":0,"max_hp_gain":0,"max_hp_loss":0,"event_name":"Cursed Tome","floor":19,"gold_loss":0},{"damage_healed":0,"gold_gain":0,"player_choice":"Copied","damage_taken":0,"max_hp_gain":0,"max_hp_loss":0,"event_name":"Duplicator","floor":20,"gold_loss":0,"cards_obtained":["Inflame"]}],"is_beta":false,"boss_relics":[{"not_picked":["Fusion Hammer","Busted Crown"],"picked":"Astrolabe"}],"items_purged_floors":[3],"is_endless":false,"potions_floor_spawned":[1,2,13,14,21],"killed_by":"Book of Stabbing","ascension_level":10}}