{"host":"snn1c4qsf0fj7fzf","time":1613760013,"event":{"mods":["AchievementEnabler","Act Like it!","Aspiration","Astrologer","BaseMod","Colored Powertips","Downfall","Gensokyo","Hermit","Hubris","Infinite Spire","Lobotomy","Minty Spire (QoL Compilation)","Random Character Button","Rare Cards Sparkle","Reimu??????","Reliquary","Replay The Spire","Shop Mod","Spire Arcade","StSLib","The Administrix","The Cursed","The Gatherer","The Hierophant","The Poker Player","The Runesmith"],"gold_per_floor":[99,118,136,156,171,188,211,246,246,246,265,297,297,21,31,131,131,131,149,168,78,90,124,124,124,136,21,21,36,36,47,65,65,65,65],"floor_reached":33,"language":"ENG","playtime":2623,"items_purged":["Slimebound:Split","Slimebound:Tackle"],"score":347,"play_id":"aba359dc-fa16-498f-b518-d67e2d882aa0","local_time":"20210220024013","is_ascension_mode":true,"campfire_choices":[{"data":"Slimebound:CorrosiveSpit","floor":1,"key":"SMITH"},{"data":"Slimebound:MassRepurpose","floor":10,"key":"PURGE"},{"data":"Slimebound:ServeAndProtect","floor":13,"key":"PURGE"},{"data":"Slimebound:Equalize","floor":18,"key":"PURGE"},{"data":"Slimebound:LeechLife","floor":28,"key":"PURGE"},{"data":"Slimebound:FlameTackle+1","floor":30,"key":"PURGE"}],"circlet_count":0,"master_deck":["Slimebound:Strike_Slimebound","Slimebound:Strike_Slimebound","Slimebound:Defend_Slimebound","Slimebound:Defend_Slimebound","Slimebound:Defend_Slimebound","Slimebound:CorrosiveSpit+1","Slimebound:SplitMire","Slimebound:SamplingLick","Slimebound:SplitAcid","Slimebound:RallyTheTroops","Slimebound:SplitLeeching","Slimebound:RallyTheTroops","Slimebound:ItLooksTasty+1","Slimebound:MassRepurpose","Slimebound:LevelUp","Slimebound:MassRepurpose","Slimebound:SamplingLick","Slimebound:HauntingLick"],"relics":["Slimebound:AbsorbEndCombat","Kunai","Slimebound:ScrapOozeRelic","Shuriken","aspiration:KaomsHeart"],"acts_visited":["Exordium","TheCity"],"potions_floor_usage":[5,5,22],"damage_taken":[{"damage":4,"enemies":"Cultist","floor":2,"turns":3},{"damage":9,"enemies":"Jaw Worm","floor":3,"turns":2},{"damage":0,"enemies":"2 Louse","floor":4,"turns":2},{"damage":2,"enemies":"Lots of Slimes","floor":5,"turns":2},{"damage":7,"enemies":"Blue Slaver","floor":6,"turns":3},{"damage":19,"enemies":"Lagavulin","floor":8,"turns":6},{"damage":2,"enemies":"3 Louse","floor":11,"turns":2},{"damage":31,"enemies":"Gremlin Nob","floor":12,"turns":4},{"damage":0,"enemies":"downfall:FleeingMerchant","floor":14,"turns":4},{"damage":13,"enemies":"Red Slaver","floor":15,"turns":2},{"damage":16,"enemies":"SI_SHIV_ARCHETYPE","floor":16,"turns":6},{"damage":19,"enemies":"downfall:LooterAlt2","floor":19,"turns":3},{"damage":16,"enemies":"Shell Parasite","floor":20,"turns":3},{"damage":5,"enemies":"downfall:FleeingMerchant","floor":21,"turns":4},{"damage":0,"enemies":"Snecko","floor":22,"turns":3},{"damage":30,"enemies":"Replay:Snechameleon","floor":23,"turns":5},{"damage":28,"enemies":"Centurion and Healer","floor":26,"turns":4},{"damage":6,"enemies":"downfall:FleeingMerchant","floor":27,"turns":4},{"damage":20,"enemies":"3 Cultists","floor":29,"turns":4},{"damage":14,"enemies":"Sentry and Sphere","floor":31,"turns":4},{"damage":19,"enemies":"Centurion and Healer","floor":32,"turns":5},{"damage":78,"enemies":"WA_ARCHETYPE_CALM","floor":33,"turns":8}],"seed_played":"-793303500188662217","potions_obtained":[{"floor":3,"key":"Adrenaline Potion"},{"floor":4,"key":"Adrenaline Potion"},{"floor":11,"key":"ZuzhouPotion:ReiMu"},{"floor":12,"key":"FearPotion"},{"floor":16,"key":"Slimebound:SlimyTonguePotion"},{"floor":19,"key":"Swift Potion"},{"floor":26,"key":"FearPotion"}],"is_trial":false,"path_per_floor":["R","M","M","M","M","M","T","E","?","R","M","E","R","$","M","B",null,"R","M","M","$","M","E","T","?","M","$","R","M","R","M","M","B"],"character_chosen":"SLIMEBOUND","items_purchased":["aspiration:KaomsHeart","aspiration:KMNothing","aspiration:KMNothing","aspiration:KMNothing","aspiration:KMNothing","aspiration:KMNothing","aspiration:KMNothing"],"campfire_rested":0,"item_purchase_floors":[14,21,21,21,27,27,27],"current_hp_per_floor":[47,47,42,46,48,45,45,32,32,32,34,7,7,115,102,102,165,165,150,140,143,145,121,121,121,101,101,101,87,87,75,64,0,0,0],"gold":65,"neow_bonus":"REMOVE_TWO","is_daily":false,"chose_seed":false,"campfire_upgraded":1,"win_rate":0.0,"timestamp":1613760013,"path_taken":["R","M","M","?","M","M","T","E","?","R","M","E","R","$","M","BOSS","R","M","M","$","M","E","T","?","M","$","R","?","R","M","M","BOSS"],"items_purchased_type":["Relic","Relic","Relic","Relic","Relic","Relic","Relic"],"build_version":"2020-12-22","purchased_purges":2,"victory":false,"max_hp_per_floor":[65,65,65,65,65,65,65,65,65,65,65,65,65,165,165,165,165,165,165,165,165,165,165,165,165,165,165,165,165,165,165,165,165,165,165],"card_choices":[{"not_picked":["Slimebound:LivingWall","Slimebound:PressTheAttack"],"picked":"Slimebound:SplitMire","floor":2},{"not_picked":["Slimebound:HauntingLick","Slimebound:Chomp"],"picked":"Slimebound:SamplingLick","floor":3},{"not_picked":["Slimebound:LivingWall","Slimebound:LeechEnergy"],"picked":"Slimebound:SplitAcid","floor":4},{"not_picked":["Slimebound:Prepare","Slimebound:GoopTackle","Slimebound:Schlurp"],"picked":"SKIP","floor":5},{"not_picked":["Slimebound:ItLooksTasty","Slimebound:SplitBruiser"],"picked":"Slimebound:MassRepurpose","floor":6},{"not_picked":["Slimebound:SplitAcid","Slimebound:WasteNot","Slimebound:ViciousTackle"],"picked":"SKIP","floor":8},{"not_picked":["Slimebound:AcidTongue","Slimebound:RainOfGoop"],"picked":"Slimebound:ServeAndProtect","floor":11},{"not_picked":["Slimebound:SamplingLick","Slimebound:HungryTackle"],"picked":"Slimebound:RallyTheTroops","floor":12},{"not_picked":["Slimebound:HauntingLick","Slimebound:Grow"],"picked":"Slimebound:Equalize","floor":14},{"not_picked":["Slimebound:TongueLash","Slimebound:Replication"],"picked":"Slimebound:SplitLeeching","floor":15},{"not_picked":["Slimebound:TagTeam","Slimebound:CheckThePlaybook"],"picked":"Slimebound:RallyTheTroops","floor":16},{"not_picked":["Slimebound:SlimeSpikes+1","Slimebound:SplitAcid"],"picked":"Slimebound:ItLooksTasty+1","floor":19},{"not_picked":["Slimebound:RollThrough","Slimebound:LivingWall","Slimebound:PressTheAttack+1"],"picked":"SKIP","floor":20},{"not_picked":["Slimebound:Equalize","Slimebound:SlimeBarrage+1"],"picked":"Slimebound:MassRepurpose","floor":21},{"not_picked":["Slimebound:HauntingLick","Slimebound:GoopTackle","Slimebound:FlameTackle+1"],"picked":"SKIP","floor":22},{"not_picked":["Slimebound:HauntingLick","Slimebound:GoopTackle"],"picked":"Slimebound:FlameTackle+1","floor":22},{"not_picked":["Slimebound:GoopSpray","Slimebound:LivingWall"],"picked":"Slimebound:LevelUp","floor":23},{"not_picked":["Slimebound:SpikyOuterGoop","Slimebound:SplitAcid+1"],"picked":"Slimebound:SamplingLick","floor":26},{"not_picked":["Slimebound:Gluttony","Slimebound:HauntingLick"],"picked":"Slimebound:LeechLife","floor":27},{"not_picked":["Slimebound:FinishingTackle","Slimebound:SlimeTap"],"picked":"Slimebound:HauntingLick","floor":29},{"not_picked":["Slimebound:SlimeBarrage","Slimebound:HauntingLick","Slimebound:Grow+1"],"picked":"SKIP","floor":31},{"not_picked":["Slimebound:ItLooksTasty","Slimebound:HauntingLick","Slimebound:ComboTackle"],"picked":"SKIP","floor":32}],"player_experience":441545,"relics_obtained":[{"floor":7,"key":"Replay:Baseball"},{"floor":8,"key":"Kunai"},{"floor":12,"key":"Shuriken"},{"floor":23,"key":"aspiration:KMNothing"},{"floor":24,"key":"aspiration:KMNothing"}],"event_choices":[],"is_beta":false,"boss_relics":[{"not_picked":["aspiration:KMNothing","aspiration:KMNothing"],"picked":"aspiration:KMNothing"}],"items_purged_floors":[21,27],"is_endless":false,"potions_floor_spawned":[3,4,11,12,16,19,26,29,31,32],"killed_by":"WA_ARCHETYPE_CALM","ascension_level":1}}