{"host":"5zhjtp2pgwgfdund","time":1613708492,"event":{"mods":["2.2 Compatiblity","AchievementEnabler","Act Like it!","BaseMod","Colored Map","Colored Powertips","Downfall","Gensokyo","Infinite Spire","Minty Spire (QoL Compilation)","Replay The Spire","Shop Mod","StSLib","The Bug Knight","The Jungle"],"gold_per_floor":[99,111,111,128,128,144,168,268,168,181,196,230,230,240,255,352,352,352,367,379,379,430,447,526,426,86,163,163,163,163,182,194,194,194,194],"floor_reached":33,"language":"ENG","playtime":2205,"items_purged":[],"score":289,"play_id":"02f83cad-cbd4-4a10-a7e8-16479c4a68c0","local_time":"20210218232132","is_ascension_mode":true,"campfire_choices":[{"floor":1,"key":"RECALL"},{"floor":9,"key":"REST"},{"floor":13,"key":"REST"},{"floor":18,"key":"DIG"},{"floor":25,"key":"REST"},{"floor":28,"key":"REST"}],"circlet_count":0,"master_deck":["bronze:Strike","bronze:Strike","bronze:Strike","bronze:Strike","bronze:Defend+1","bronze:Defend","bronze:Defend","bronze:Defend","bronze:Replicate+1","bronze:Goto","bronze:Frontload","bronze:WhirlingStrike","bronze:Spike","bronze:Explode","bronze:Branch","bronze:Library","bronze:Branch","bronze:DarkDash","bronze:Iterate","bronze:Shield","bronze:Return","bronze:HyperBeam","Pot Of Greed","Pot Of Greed","bronze:BugBarrage+1","bronze:OilSpill","Pot Of Greed","bronze:CutThrough+1","bronze:Flail","bronze:WildBeam","bronze:Assembly","The Bomb","bronze:BronzeOrb","downfall:Bewildered","bronze:Constructor","bronze:GetLatest"],"relics":["bronze:BronzeCore","ReplayFunnel","downfall:HeartBlessingRed","Tiny Chest","SlaversCollar","Grinning Jar","downfall:KnowingSkull","downfall:HeartBlessingBlue","Replay:Accelerometer","bronze:CableSpool","sneckomod:BabySnecko"],"acts_visited":["Exordium","TheCity"],"potions_floor_usage":[10,22,33,33,33],"damage_taken":[{"damage":2,"enemies":"Small Slimes","floor":2,"turns":4},{"damage":3,"enemies":"2 Louse","floor":4,"turns":3},{"damage":45,"enemies":"2 Louse","floor":5,"turns":3},{"damage":0,"enemies":"Cultist","floor":6,"turns":3},{"damage":5,"enemies":"downfall:LooterAlt","floor":10,"turns":3},{"damage":8,"enemies":"Red Slaver","floor":11,"turns":5},{"damage":10,"enemies":"Replay:BlueRogue","floor":12,"turns":5},{"damage":1,"enemies":"Exordium Wildlife","floor":14,"turns":2},{"damage":16,"enemies":"Large Slime","floor":15,"turns":4},{"damage":21,"enemies":"SI_SHIV_ARCHETYPE","floor":16,"turns":10},{"damage":12,"enemies":"downfall:LooterAlt2","floor":19,"turns":3},{"damage":16,"enemies":"Shell Parasite","floor":20,"turns":6},{"damage":24,"enemies":"Snake Plant","floor":22,"turns":5},{"damage":11,"enemies":"Snecko","floor":23,"turns":3},{"damage":0,"enemies":"downfall:FleeingMerchant","floor":26,"turns":4},{"damage":14,"enemies":"Cultist and Chosen","floor":31,"turns":6},{"damage":14,"enemies":"Centurion and Healer","floor":32,"turns":3},{"damage":55,"enemies":"IC_MUSHROOM_ARCHETYPE","floor":33,"turns":7}],"seed_played":"542519901818700305","potions_obtained":[{"floor":2,"key":"sneckomod:MuddlingPotion"},{"floor":5,"key":"Swift Potion"},{"floor":11,"key":"Death Potion"},{"floor":15,"key":"Regen Potion"},{"floor":31,"key":"Languid Potion"},{"floor":32,"key":"LifebloodPotion"}],"is_trial":false,"path_per_floor":["R","M","?","M","?","M","T","?","R","M","M","E","R","M","M","B",null,"R_BF","M","M","?","M","M","T","R","$","T","R","T","?","M","M","B"],"character_chosen":"THE_AUTOMATON","items_purchased":["bronze:Assembly","The Bomb","bronze:BronzeOrb"],"campfire_rested":4,"item_purchase_floors":[26,26,26],"current_hp_per_floor":[70,68,68,65,20,20,20,20,41,36,28,18,39,38,22,1,70,70,58,42,35,20,9,9,43,43,43,67,67,67,53,39,0,0,0],"gold":194,"neow_bonus":"UPGRADE_CARD","is_daily":false,"chose_seed":false,"campfire_upgraded":0,"win_rate":0.0,"timestamp":1613708492,"path_taken":["R","M","?","M","?","M","T","?","R","?","M","E","R","M","M","BOSS","R_BF","M","M","?","M","M","T","R","?","?","R","?","?","?","M","BOSS"],"items_purchased_type":["Card","Card","Card"],"build_version":"2020-12-22","purchased_purges":0,"victory":false,"max_hp_per_floor":[70,70,70,70,70,70,70,70,70,70,70,70,70,70,70,70,70,70,70,70,70,70,70,70,80,80,80,80,80,80,80,80,80,80,80],"card_choices":[{"not_picked":["bronze:Refactor","bronze:GetLatest"],"picked":"bronze:Frontload","floor":2},{"not_picked":["bronze:Safeguard","bronze:Philosophize"],"picked":"bronze:WhirlingStrike","floor":4},{"not_picked":[],"picked":"bronze:Spike","floor":5},{"not_picked":[],"picked":"bronze:Explode","floor":5},{"not_picked":["bronze:CutThrough","bronze:Iterate"],"picked":"bronze:Branch","floor":5},{"not_picked":["bronze:DelayedSlice","bronze:ClassDefault"],"picked":"bronze:Library","floor":6},{"not_picked":["bronze:FineTuning","bronze:WildBeam"],"picked":"bronze:Branch","floor":10},{"not_picked":["bronze:Deprecate","bronze:FindAndReplace"],"picked":"bronze:DarkDash","floor":11},{"not_picked":["bronze:DelayedSlice","bronze:Overheat"],"picked":"bronze:Iterate","floor":12},{"not_picked":["bronze:CutThrough","bronze:GetLatest"],"picked":"bronze:Shield","floor":14},{"not_picked":["bronze:DelayedGuard","bronze:WildBeam"],"picked":"bronze:Return","floor":15},{"not_picked":["bronze:Assembly","bronze:SpaghettiCode"],"picked":"bronze:HyperBeam","floor":16},{"not_picked":["bronze:Iterate","bronze:Frontload"],"picked":"bronze:BugBarrage+1","floor":19},{"not_picked":["bronze:DarkDash","bronze:Deprecate"],"picked":"bronze:OilSpill","floor":20},{"not_picked":["bronze:Invalidate","bronze:DigitalCarnage"],"picked":"bronze:CutThrough+1","floor":22},{"not_picked":["bronze:BugBarrage","bronze:Turbo+1"],"picked":"bronze:Flail","floor":23},{"not_picked":["bronze:BuggyMess","bronze:Invalidate"],"picked":"bronze:WildBeam","floor":26},{"not_picked":["bronze:Hardcode","bronze:FollowUp"],"picked":"bronze:Constructor","floor":31},{"not_picked":["bronze:DelayedGuard","bronze:NullPointer"],"picked":"bronze:GetLatest","floor":32}],"player_experience":162386,"relics_obtained":[{"floor":7,"key":"ReplayFunnel"},{"floor":12,"key":"Tiny Chest"},{"floor":18,"key":"Grinning Jar"},{"floor":27,"key":"Replay:Accelerometer"},{"floor":29,"key":"bronze:CableSpool"}],"event_choices":[],"is_beta":false,"boss_relics":[{"not_picked":["Kintsugi","Velvet Choker"],"picked":"SlaversCollar"}],"items_purged_floors":[],"is_endless":false,"potions_floor_spawned":[2,5,11,15,19,20,31,32],"killed_by":"IC_MUSHROOM_ARCHETYPE","ascension_level":1}}