{"host":"swphzoo6hmc78epl","time":1613699992,"event":{"mods":["BaseMod","Highlight Path","Minty Spire (QoL Compilation)","Quick Restart"],"gold_per_floor":[109,109,109,34,48,73,88,104,104,164,183,200,232,232,232,335,335,349,349,368,368,386,386,417,417,417,447,447,447],"floor_reached":28,"language":"ENG","playtime":1176,"items_purged":["Regret"],"score":337,"play_id":"72029eca-d394-4ef1-ad15-ea4b34ae4246","local_time":"20210218205952","is_ascension_mode":true,"campfire_choices":[{"floor":15,"key":"REST"},{"data":"Scrape","floor":23,"key":"SMITH"},{"data":"Hologram","floor":25,"key":"SMITH"}],"circlet_count":0,"master_deck":["Strike_B+1","Strike_B+1","Defend_B","Defend_B","Defend_B","Defend_B","Zap+1","Dualcast","Beam Cell","Gash","Barrage","Sweeping Beam","Go for the Eyes","Gash","Seek","Scrape+1","Biased Cognition","Rebound+1","Hello World","Steam","Gash","Stack","Hologram+1","BootSequence"],"relics":["Cracked Core","NeowsBlessing","Eternal Feather","Whetstone","Letter Opener","Akabeko","Pocketwatch","Empty Cage","Prayer Wheel","CaptainsWheel"],"acts_visited":["Exordium","TheCity"],"potions_floor_usage":[8,10,10,10,10,16,22,24,24,27],"damage_taken":[{"damage":0,"enemies":"2 Louse","floor":1,"turns":1},{"damage":0,"enemies":"Small Slimes","floor":5,"turns":1},{"damage":0,"enemies":"3 Sentries","floor":6,"turns":1},{"damage":0,"enemies":"Cultist","floor":7,"turns":2},{"damage":28,"enemies":"Exordium Wildlife","floor":8,"turns":4},{"damage":5,"enemies":"3 Sentries","floor":10,"turns":3},{"damage":5,"enemies":"Large Slime","floor":11,"turns":3},{"damage":9,"enemies":"Red Slaver","floor":12,"turns":2},{"damage":20,"enemies":"Lagavulin","floor":13,"turns":4},{"damage":15,"enemies":"Hexaghost","floor":16,"turns":7},{"damage":22,"enemies":"Spheric Guardian","floor":18,"turns":4},{"damage":13,"enemies":"3 Byrds","floor":20,"turns":4},{"damage":19,"enemies":"Snake Plant","floor":22,"turns":3},{"damage":28,"enemies":"Book of Stabbing","floor":24,"turns":5},{"damage":16,"enemies":"Gremlin Leader","floor":27,"turns":5},{"damage":1,"enemies":"3 Cultists","floor":28,"turns":2}],"seed_played":"-4234114243391290775","potions_obtained":[{"floor":6,"key":"ColorlessPotion"},{"floor":7,"key":"FocusPotion"},{"floor":8,"key":"EntropicBrew"},{"floor":10,"key":"BlessingOfTheForge"},{"floor":11,"key":"PotionOfCapacity"},{"floor":16,"key":"SpeedPotion"},{"floor":20,"key":"PowerPotion"},{"floor":22,"key":"Block Potion"},{"floor":24,"key":"DuplicationPotion"}],"is_trial":false,"path_per_floor":["M","?","?","$","M","E","M","M","T","?","M","M","E","?","R","B",null,"M","?","M","?","M","R","E","R","T","E","M"],"character_chosen":"DEFECT","items_purchased":[],"campfire_rested":1,"item_purchase_floors":[],"current_hp_per_floor":[75,75,75,75,75,75,75,47,47,42,37,28,8,8,39,24,75,53,53,40,40,21,33,5,17,17,1,0,0],"gold":447,"neow_bonus":"THREE_ENEMY_KILL","is_daily":false,"chose_seed":false,"campfire_upgraded":2,"win_rate":0.0,"timestamp":1613699992,"path_taken":["M","?","?","$","M","E","M","?","T","?","M","M","E","?","R","BOSS","M","?","?","?","M","R","E","R","T","E","M"],"items_purchased_type":[],"build_version":"2020-12-22","purchased_purges":1,"victory":false,"max_hp_per_floor":[75,75,75,75,75,75,75,75,75,75,75,75,75,75,75,75,75,75,75,75,75,75,75,75,75,75,75,75,75],"card_choices":[{"not_picked":["Heatsinks","Hello World"],"picked":"Beam Cell","floor":1},{"not_picked":["Go for the Eyes","Recycle"],"picked":"Gash","floor":5},{"not_picked":["Coolheaded","Tempest"],"picked":"Barrage","floor":6},{"not_picked":["Reprogram","Multi-Cast"],"picked":"Sweeping Beam","floor":7},{"not_picked":["Turbo","Compile Driver"],"picked":"Go for the Eyes","floor":8},{"not_picked":["Reprogram","Steam"],"picked":"Gash","floor":10},{"not_picked":["Redo","Leap"],"picked":"Seek","floor":11},{"not_picked":["Conserve Battery","Barrage"],"picked":"Compile Driver","floor":12},{"not_picked":["Sweeping Beam","Coolheaded"],"picked":"Scrape","floor":13},{"not_picked":["Hyperbeam","Multi-Cast"],"picked":"Biased Cognition","floor":16},{"not_picked":["Sunder","Scrape"],"picked":"Rebound+1","floor":18},{"not_picked":["Coolheaded+1","Hologram"],"picked":"Steam","floor":20},{"not_picked":["Gash","Streamline"],"picked":"Stack","floor":22},{"not_picked":["Gash","Sweeping Beam"],"picked":"Hologram","floor":24},{"not_picked":["Rainbow","Stack"],"picked":"BootSequence","floor":27}],"player_experience":882088,"relics_obtained":[{"floor":6,"key":"Whetstone"},{"floor":9,"key":"Letter Opener"},{"floor":10,"key":"Akabeko"},{"floor":13,"key":"Pocketwatch"},{"floor":24,"key":"Prayer Wheel"},{"floor":27,"key":"CaptainsWheel"}],"event_choices":[{"damage_healed":0,"gold_gain":0,"player_choice":"Box","damage_taken":0,"relics_obtained":["Eternal Feather"],"max_hp_gain":0,"max_hp_loss":0,"event_name":"Big Fish","floor":2,"gold_loss":0,"cards_obtained":["Regret"]},{"damage_healed":0,"gold_gain":0,"player_choice":"Upgraded","damage_taken":0,"max_hp_gain":0,"max_hp_loss":0,"event_name":"Upgrade Shrine","floor":3,"gold_loss":0,"cards_upgraded":["Zap"]},{"damage_healed":0,"gold_gain":30,"player_choice":"Searched \u00273\u0027 times","damage_taken":0,"max_hp_gain":0,"max_hp_loss":0,"event_name":"Dead Adventurer","floor":10,"gold_loss":0},{"damage_healed":0,"gold_gain":0,"player_choice":"Ignored","damage_taken":0,"max_hp_gain":0,"max_hp_loss":0,"event_name":"Shining Light","floor":14,"gold_loss":0},{"damage_healed":0,"gold_gain":0,"cards_transformed":["Compile Driver"],"player_choice":"Transformed","damage_taken":0,"max_hp_gain":0,"max_hp_loss":0,"event_name":"Transmorgrifier","floor":19,"gold_loss":0,"cards_obtained":["Hello World"]},{"damage_healed":0,"gold_gain":0,"player_choice":"Copied","damage_taken":0,"max_hp_gain":0,"max_hp_loss":0,"event_name":"Duplicator","floor":21,"gold_loss":0,"cards_obtained":["Gash"]}],"is_beta":false,"boss_relics":[{"not_picked":["SacredBark","Velvet Choker"],"picked":"Empty Cage"}],"items_purged_floors":[4],"is_endless":false,"potions_floor_spawned":[6,7,8,10,11,16,20,22,24],"killed_by":"3 Cultists","ascension_level":3}}