{"host":"i2s4iw62z1dejrqn","time":1613749847,"event":{"mods":["AchievementEnabler","BaseMod","Minty Spire (QoL Compilation)","Random Character Button","SuperFastMode"],"gold_per_floor":[109,109,109,123,142,142,155,155,155,168,185,199,199,227,227,326,326,315,315,333,24,24,24,24,24,24,34,133,167,86,86,86,182,182,200,215,215,66,66,66],"floor_reached":39,"language":"KOR","playtime":2086,"items_purged":["Defend_G"],"score":657,"play_id":"6bcdf27b-e9e3-4b12-b2fb-8778295509d0","local_time":"20210220005047","is_ascension_mode":true,"campfire_choices":[{"data":"Neutralize","floor":6.0,"key":"SMITH"},{"data":"Cloak And Dagger","floor":8.0,"key":"SMITH"},{"data":"Deadly Poison","floor":13.0,"key":"SMITH"},{"data":"Night Terror","floor":15.0,"key":"SMITH"},{"data":"Burst","floor":23.0,"key":"SMITH"},{"floor":25.0,"key":"REST"},{"data":"Trip","floor":32,"key":"SMITH"}],"circlet_count":0,"master_deck":["Strike_G","Defend_G","Defend_G","Defend_G","Defend_G","Survivor","Neutralize+1","Dagger Throw","Backstab","Cloak And Dagger+1","Deadly Poison+1","Blade Dance","Outmaneuver","Backflip","Night Terror+1","Tools of the Trade","Backflip+1","Burst+1","Setup","Footwork+1","Well Laid Plans","Envenom","Night Terror","Trip+1","Adrenaline","Catalyst+1","Burst+1"],"relics":["Ring of the Snake","Question Card","StrikeDummy","SlaversCollar","ClockworkSouvenir","Kunai","StoneCalendar","Nloth\u0027s Gift","Busted Crown","DollysMirror"],"acts_visited":["Exordium","TheCity","TheBeyond"],"potions_floor_usage":[29,37,39,39,39,39,39],"damage_taken":[{"damage":0.0,"enemies":"Cultist","floor":1.0,"turns":1.0},{"damage":0.0,"enemies":"Jaw Worm","floor":4.0,"turns":1.0},{"damage":0.0,"enemies":"2 Louse","floor":5.0,"turns":1.0},{"damage":10.0,"enemies":"Exordium Thugs","floor":7.0,"turns":7.0},{"damage":0.0,"enemies":"2 Fungi Beasts","floor":10.0,"turns":3.0},{"damage":2.0,"enemies":"Blue Slaver","floor":11.0,"turns":3.0},{"damage":0.0,"enemies":"Lots of Slimes","floor":12.0,"turns":5.0},{"damage":2.0,"enemies":"Gremlin Nob","floor":14.0,"turns":3.0},{"damage":0.0,"enemies":"Hexaghost","floor":16.0,"turns":8.0},{"damage":22.0,"enemies":"2 Thieves","floor":18.0,"turns":4.0},{"damage":5.0,"enemies":"3 Byrds","floor":20.0,"turns":7.0},{"damage":0.0,"enemies":"3 Cultists","floor":24.0,"turns":1.0},{"damage":10,"enemies":"Cultist and Chosen","floor":27,"turns":6},{"damage":2,"enemies":"Gremlin Leader","floor":29,"turns":7},{"damage":26,"enemies":"Collector","floor":33,"turns":9},{"damage":32,"enemies":"3 Darklings","floor":35,"turns":6},{"damage":8,"enemies":"Orb Walker","floor":36,"turns":3},{"damage":0,"enemies":"Sphere and 2 Shapes","floor":37,"turns":1},{"damage":18,"enemies":"Spire Growth","floor":39,"turns":1}],"seed_played":"438924126244772880","potions_obtained":[{"floor":4.0,"key":"ColorlessPotion"},{"floor":7.0,"key":"DistilledChaos"},{"floor":10.0,"key":"EssenceOfSteel"},{"floor":16.0,"key":"SmokeBomb"},{"floor":18.0,"key":"LiquidBronze"},{"floor":20.0,"key":"EntropicBrew"},{"floor":27,"key":"Fire Potion"},{"floor":35,"key":"Dexterity Potion"},{"floor":36,"key":"SmokeBomb"}],"is_trial":false,"path_per_floor":["M","?","?","M","M","R","M","R","T","M","M","M","R","E","R","B",null,"M","?","M","$","?","R","M","R","T","M","?","E","$","?","R","B",null,"M","M","M","$","M"],"character_chosen":"THE_SILENT","items_purchased":["ClockworkSouvenir","Well Laid Plans","Trip","DollysMirror"],"campfire_rested":1,"item_purchase_floors":[21,21,30,38],"current_hp_per_floor":[63,63,56,56,56,56,46,46,46,46,44,44,44,42,42,42,63,41,41,36,36,36,36,36,57,57,47,47,45,45,45,45,19,57,25,17,17,17,0,0],"gold":66,"neow_bonus":"THREE_ENEMY_KILL","is_daily":false,"chose_seed":false,"campfire_upgraded":6,"win_rate":0.0,"timestamp":1613749847,"path_taken":["M","?","?","M","M","R","M","R","T","M","M","M","R","E","R","BOSS","M","?","M","$","?","R","M","R","T","M","?","E","?","?","R","BOSS","M","M","?","?","M"],"items_purchased_type":["Relic","Card","Card","Relic"],"build_version":"2020-12-22","purchased_purges":1,"victory":false,"max_hp_per_floor":[70,70,70,70,70,70,70,70,70,70,70,70,70,70,70,70,70,70,70,70,70,70,70,70,70,70,70,70,70,70,70,70,70,70,70,70,70,70,70,70],"card_choices":[{"not_picked":["Sucker Punch","Dodge and Roll"],"picked":"Dagger Throw","floor":1.0},{"not_picked":["Sucker Punch","Slice"],"picked":"Cloak And Dagger","floor":4.0},{"not_picked":["Acrobatics","Calculated Gamble"],"picked":"Deadly Poison","floor":5.0},{"not_picked":["Quick Slash","Dagger Throw"],"picked":"Blade Dance","floor":7.0},{"not_picked":["Flying Knee","Infinite Blades","Underhanded Strike"],"picked":"Outmaneuver","floor":10.0},{"not_picked":["Setup","Blade Dance","Dagger Spray","Caltrops"],"picked":"SKIP","floor":11.0},{"not_picked":["Heel Hook","Flechettes","Infinite Blades"],"picked":"Backflip","floor":12.0},{"not_picked":["Prepared","Dash","Flying Knee"],"picked":"Night Terror","floor":14.0},{"not_picked":["Bullet Time","Unload","Night Terror"],"picked":"Tools of the Trade","floor":16.0},{"not_picked":["Acrobatics","Distraction","Deflect"],"picked":"Backflip+1","floor":18.0},{"not_picked":["Leg Sweep","Bane","Accuracy+1"],"picked":"Footwork+1","floor":20.0},{"not_picked":["Prepared","Dash","Slice"],"picked":"Envenom","floor":27},{"not_picked":["PiercingWail","Bane+1","Dash+1"],"picked":"Night Terror","floor":29},{"not_picked":["Bullet Time","Storm of Steel","Malaise"],"picked":"Adrenaline","floor":33},{"not_picked":["Concentrate"],"picked":"Catalyst+1","floor":35},{"not_picked":["Expertise","Bane"],"picked":"SKIP","floor":36}],"player_experience":477207,"relics_obtained":[{"floor":9.0,"key":"Question Card"},{"floor":14.0,"key":"StrikeDummy"},{"floor":26.0,"key":"Kunai"},{"floor":29,"key":"StoneCalendar"}],"event_choices":[{"damage_healed":0.0,"max_hp_gain":0.0,"max_hp_loss":0.0,"gold_gain":0.0,"cards_transformed":["Strike_G"],"event_name":"Living Wall","player_choice":"Change","floor":2.0,"gold_loss":0.0,"damage_taken":0.0,"cards_obtained":["Backstab"]},{"cards_removed":["Strike_G"],"damage_healed":0.0,"max_hp_gain":0.0,"max_hp_loss":0.0,"gold_gain":0.0,"event_name":"Golden Wing","player_choice":"Card Removal","floor":3.0,"gold_loss":0.0,"damage_taken":7.0},{"damage_healed":0.0,"max_hp_gain":0.0,"max_hp_loss":0.0,"gold_gain":0.0,"cards_transformed":["Strike_G","Strike_G"],"event_name":"Drug Dealer","player_choice":"Became Test Subject","floor":19.0,"gold_loss":0.0,"damage_taken":0.0,"cards_obtained":["Burst","Setup"]},{"damage_healed":0.0,"max_hp_gain":0.0,"max_hp_loss":0.0,"gold_gain":0.0,"event_name":"Cursed Tome","player_choice":"Ignored","floor":22.0,"gold_loss":0.0,"damage_taken":0.0},{"damage_healed":0,"gold_gain":99,"player_choice":"Stole From Cult","damage_taken":0,"max_hp_gain":0,"max_hp_loss":0,"event_name":"Nest","floor":28,"gold_loss":0},{"damage_healed":0,"gold_gain":0,"player_choice":"Traded Relic","damage_taken":0,"relics_obtained":["Nloth\u0027s Gift"],"max_hp_gain":0,"max_hp_loss":0,"event_name":"N\u0027loth","floor":31,"relics_lost":["NeowsBlessing"],"gold_loss":0}],"is_beta":false,"boss_relics":[{"not_picked":["Empty Cage","Snecko Eye"],"picked":"SlaversCollar"},{"not_picked":["Runic Pyramid","Fusion Hammer"],"picked":"Busted Crown"}],"items_purged_floors":[21],"is_endless":false,"potions_floor_spawned":[4,7,10,16,18,20,27,35,36],"killed_by":"Spire Growth","ascension_level":9}}