{"host":"1dkd4flhdqbv9eyg","time":1613708218,"event":{"mods":["AchievementEnabler","Aspiration","BaseMod","Better Note","DeckTracker","Energized Spire","Evolution","Gold Saver","Minty Spire (QoL Compilation)","Spicy Shops","StSLib"],"gold_per_floor":[1103,470,489,505,580,605,617,617,617,637,665,665,681,681,681,782,782,800,1160,562,662,680,680,696,696,723,742,742,755,773,792,792,889,889,908,908,920,932,492,492,521,532,532,198,233,244,244,258,258,258,258,258,10,39,39],"floor_reached":56,"language":"ENG","playtime":2849,"items_purged":["Perfected Strike+1"],"score":1373,"play_id":"d7b7f59a-63f5-4094-9dde-2a12a83ecb11","local_time":"20210218201658","is_ascension_mode":false,"campfire_choices":[{"data":"Armaments","floor":8,"key":"SMITH"},{"data":"Anger","floor":15,"key":"SMITH"},{"data":"Fire Breathing","floor":23,"key":"SMITH"},{"floor":25,"key":"RECALL"},{"data":"Armaments","floor":32,"key":"SMITH"},{"floor":40,"key":"REST"},{"floor":47,"key":"REST"},{"floor":49,"key":"REST"},{"floor":52,"key":"REST"}],"circlet_count":0,"master_deck":["Cleave","Sword Boomerang","Headbutt","Thunderclap","Wild Strike","Armaments+1","Shrug It Off+1","True Grit","Armaments+1","Wild Strike","Reckless Charge","Iron Wave","Power Through+1","Iron Wave","Wild Strike","Wild Strike","Anger+1","Immolate","Immolate","CurseOfTheBell","Fire Breathing+1","Reckless Charge","Decay","Power Through+1","Anger+1","Warcry+1","Deep Breath+1","Master of Strategy+1","Thunderclap","Warcry+1","Fire Breathing","Blood for Blood","Warcry+1"],"relics":["Burning Blood","EVO:Axolotl","aspiration:Nostalgia","PureWater","Paper Frog","Blue Candle","MealTicket","Bag of Marbles","aspiration:StickyExplosives","Calling Bell","aspiration:Lifesprig","Toxic Egg 2","Pocketwatch","Blood Vial","Oddly Smooth Stone","Membership Card","aspiration:HatOfInfinitePower","aspiration:ChemicalBlood","Fusion Hammer","Bottled Tornado","Potion Belt","Lee\u0027s Waffle","Anchor","War Paint","Sundial","Bag of Preparation","Bronze Scales","Happy Flower","Centennial Puzzle","Nunchaku"],"acts_visited":["Exordium","TheCity","TheBeyond","TheEnding"],"potions_floor_usage":[11,16,16,19,22,24,37,41,45,48,50,50,50,54,54,55,55,55,55,55],"damage_taken":[{"damage":0,"enemies":"Small Slimes","floor":1,"turns":2},{"damage":0,"enemies":"Jaw Worm","floor":3,"turns":2},{"damage":0,"enemies":"2 Louse","floor":4,"turns":1},{"damage":23,"enemies":"3 Sentries","floor":6,"turns":4},{"damage":2,"enemies":"Exordium Thugs","floor":7,"turns":3},{"damage":0,"enemies":"Blue Slaver","floor":10,"turns":2},{"damage":0,"enemies":"Lagavulin","floor":11,"turns":3},{"damage":0,"enemies":"Exordium Wildlife","floor":13,"turns":1},{"damage":0,"enemies":"Slime Boss","floor":16,"turns":3},{"damage":5,"enemies":"Chosen","floor":18,"turns":2},{"damage":10,"enemies":"Spheric Guardian","floor":22,"turns":4},{"damage":6,"enemies":"Shelled Parasite and Fungi","floor":24,"turns":3},{"damage":4,"enemies":"Sentry and Sphere","floor":27,"turns":3},{"damage":11,"enemies":"Snake Plant","floor":29,"turns":3},{"damage":0,"enemies":"Chosen and Byrds","floor":30,"turns":1},{"damage":0,"enemies":"Snecko","floor":31,"turns":3},{"damage":48,"enemies":"Champ","floor":33,"turns":8},{"damage":19,"enemies":"3 Shapes","floor":35,"turns":3},{"damage":9,"enemies":"3 Darklings","floor":37,"turns":2},{"damage":0,"enemies":"Spire Growth","floor":38,"turns":4},{"damage":33,"enemies":"Giant Head","floor":41,"turns":7},{"damage":0,"enemies":"4 Shapes","floor":42,"turns":1},{"damage":20,"enemies":"Nemesis","floor":45,"turns":3},{"damage":0,"enemies":"Jaw Worm Horde","floor":46,"turns":1},{"damage":21,"enemies":"Maw","floor":48,"turns":3},{"damage":90,"enemies":"Awakened One","floor":50,"turns":9},{"damage":24,"enemies":"Shield and Spear","floor":54,"turns":4},{"damage":88,"enemies":"The Heart","floor":55,"turns":6}],"seed_played":"6234616649312749064","potions_obtained":[{"floor":3,"key":"Strength Potion"},{"floor":7,"key":"LiquidMemories"},{"floor":11,"key":"ColorlessPotion"},{"floor":13,"key":"Energy Potion"},{"floor":18,"key":"BloodPotion"},{"floor":22,"key":"Fruit Juice"},{"floor":24,"key":"Energy Potion"},{"floor":31,"key":"Explosive Potion"},{"floor":33,"key":"Swift Potion"},{"floor":35,"key":"DistilledChaos"},{"floor":38,"key":"Dexterity Potion"},{"floor":41,"key":"Weak Potion"},{"floor":54,"key":"Ancient Potion"}],"is_trial":false,"path_per_floor":["M","$","M","M","?","E","M","R","T","M","E","?","M","?","R","B",null,"M","?","$","?","M","R","M","R","T","M","?","M","M","M","R","B",null,"M","?","M","M","$","R","E","M","T","$","E","M","R","M","R","B",null,"R","$","E","B",null],"character_chosen":"IRONCLAD","items_purchased":["Paper Frog","Blue Candle","MealTicket","Reckless Charge","Fire Breathing","Blood Vial","Oddly Smooth Stone","Membership Card","aspiration:HatOfInfinitePower","Bottled Tornado","Potion Belt","Lee\u0027s Waffle","Deep Breath+1","Anchor","Bag of Preparation","Master of Strategy+1","Fire Breathing","Happy Flower","Centennial Puzzle","Blood for Blood"],"campfire_rested":4,"item_purchase_floors":[2,2,2,2,20,20,20,20,20,39,39,39,39,39,44,44,53,53,53,53],"current_hp_per_floor":[80,80,80,80,69,52,56,56,56,62,68,73,79,79,79,85,85,85,66,81,81,84,84,86,86,86,90,90,85,90,90,90,48,90,77,77,76,84,97,97,70,78,78,93,81,89,97,82,97,13,97,97,97,79,30],"gold":39,"neow_bonus":"NOSTALGIA","is_daily":false,"chose_seed":false,"campfire_upgraded":4,"win_rate":0.0,"timestamp":1613708218,"path_taken":["M","$","M","M","?","E","M","R","T","M","E","?","M","?","R","BOSS","M","?","$","?","M","R","M","R","T","M","?","M","?","M","R","BOSS","M","?","M","M","$","R","E","M","T","$","E","M","R","M","R","BOSS","R","$","E","BOSS"],"items_purchased_type":["Relic","Relic","Relic","Card","Card","Relic","Relic","Relic","Relic","Relic","Relic","Relic","Card","Relic","Relic","Card","Card","Relic","Relic","Card"],"build_version":"2020-12-22","purchased_purges":1,"victory":true,"max_hp_per_floor":[80,80,80,80,80,80,80,80,80,80,80,85,85,85,85,85,85,85,85,85,85,90,90,90,90,90,90,90,90,90,90,90,90,90,90,90,90,90,97,97,97,97,97,97,97,97,97,97,97,97,97,97,97,97,97],"card_choices":[{"not_picked":["Warcry","Heavy Blade"],"picked":"Wild Strike","floor":1},{"not_picked":["Searing Blow","Carnage"],"picked":"Iron Wave","floor":3},{"not_picked":["Whirlwind","Shrug It Off"],"picked":"Power Through","floor":4},{"not_picked":["Metallicize","Sever Soul"],"picked":"Iron Wave","floor":6},{"not_picked":["Shrug It Off","Shockwave"],"picked":"Wild Strike","floor":7},{"not_picked":["Flame Barrier","Heavy Blade"],"picked":"Wild Strike","floor":10},{"not_picked":["Clothesline","Dual Wield"],"picked":"Anger","floor":11},{"not_picked":["Flex","Pommel Strike"],"picked":"Immolate","floor":13},{"not_picked":["Double Tap","Reaper"],"picked":"Immolate","floor":16},{"not_picked":["Dropkick","Sword Boomerang","Demon Form"],"picked":"SKIP","floor":18},{"not_picked":["Dual Wield+1","Clash+1"],"picked":"Perfected Strike+1","floor":22},{"not_picked":["Seeing Red+1","Heavy Blade","Perfected Strike"],"picked":"SKIP","floor":24},{"not_picked":["Flex+1","Bloodletting+1"],"picked":"Reckless Charge","floor":27},{"not_picked":["Headbutt","Armaments+1","Entrench+1"],"picked":"SKIP","floor":29},{"not_picked":["Wild Strike","Metallicize"],"picked":"Power Through+1","floor":30},{"not_picked":["Bludgeon","Flex+1"],"picked":"Anger+1","floor":31},{"not_picked":["Cleave+1","Sword Boomerang+1"],"picked":"Warcry+1","floor":35},{"not_picked":["Bloodletting+1","Thunderclap+1","Shrug It Off+1"],"picked":"SKIP","floor":37},{"not_picked":["Twin Strike+1","Whirlwind+1","Pummel+1"],"picked":"SKIP","floor":38},{"not_picked":["Dual Wield+1","Sentinel+1","Berserk"],"picked":"SKIP","floor":41},{"not_picked":["Sword Boomerang+1","Cleave+1","Heavy Blade"],"picked":"SKIP","floor":42},{"not_picked":["Clothesline+1","Sever Soul"],"picked":"Thunderclap","floor":45},{"not_picked":["Combust+1","Clash","Sword Boomerang+1"],"picked":"SKIP","floor":46},{"not_picked":["Perfected Strike","Burning Pact+1"],"picked":"Warcry+1","floor":48},{"not_picked":["Cleave+1","Thunderclap+1"],"picked":"Warcry+1","floor":54}],"player_experience":132384,"relics_obtained":[{"floor":6,"key":"Bag of Marbles"},{"floor":11,"key":"aspiration:StickyExplosives"},{"floor":17,"key":"aspiration:Lifesprig"},{"floor":17,"key":"Toxic Egg 2"},{"floor":17,"key":"Pocketwatch"},{"floor":26,"key":"aspiration:ChemicalBlood"},{"floor":41,"key":"War Paint"},{"floor":43,"key":"Sundial"},{"floor":45,"key":"Bronze Scales"},{"floor":54,"key":"Nunchaku"}],"event_choices":[{"damage_healed":0,"gold_gain":75,"player_choice":"Gather Gold","damage_taken":11,"max_hp_gain":0,"max_hp_loss":0,"event_name":"World of Goop","floor":5,"gold_loss":0},{"damage_healed":0,"gold_gain":0,"player_choice":"Donut","damage_taken":0,"max_hp_gain":5,"max_hp_loss":0,"event_name":"Big Fish","floor":12,"gold_loss":0},{"cards_removed":["Bash"],"damage_healed":0,"gold_gain":0,"player_choice":"Purged","damage_taken":0,"max_hp_gain":0,"max_hp_loss":0,"event_name":"Purifier","floor":14,"gold_loss":0},{"damage_healed":0,"gold_gain":360,"player_choice":"GOLD GOLD GOLD GOLD ","damage_taken":36,"max_hp_gain":0,"max_hp_loss":0,"event_name":"Knowing Skull","floor":19,"potions_obtained":[],"gold_loss":0,"cards_obtained":[]},{"damage_healed":0,"gold_gain":100,"player_choice":"Pray","damage_taken":0,"max_hp_gain":0,"max_hp_loss":0,"event_name":"Golden Shrine","floor":21,"gold_loss":0},{"damage_healed":0,"gold_gain":0,"player_choice":"Cursed","damage_taken":0,"max_hp_gain":0,"max_hp_loss":0,"event_name":"Wheel of Change","floor":28,"gold_loss":0,"cards_obtained":["Decay"]},{"damage_healed":0,"gold_gain":0,"player_choice":"Ignored","damage_taken":0,"max_hp_gain":0,"max_hp_loss":0,"event_name":"Tomb of Lord Red Mask","floor":36,"gold_loss":0}],"is_beta":false,"boss_relics":[{"not_picked":["Runic Cube","aspiration:SecretTechniqueScroll"],"picked":"Calling Bell"},{"not_picked":["Runic Pyramid","Coffee Dripper"],"picked":"Fusion Hammer"}],"items_purged_floors":[39],"is_endless":false,"potions_floor_spawned":[3,7,11,13,18,22,24,31,35,38,41,45,54],"ascension_level":0}}