{"host":"2l5k2wp87eek7qja","time":1613776327,"event":{"mods":["BaseMod","Colored Map","Minty Spire (QoL Compilation)","Relic Stats"],"gold_per_floor":[112,262,262,277,277,277,307,66,66,66,79,94,94,120,120,194,194,209,83,83,96,116,116,116],"floor_reached":23,"language":"ENG","playtime":574,"items_purged":["Strike_G","Strike_G"],"score":448,"play_id":"fabe3583-6e3b-4208-b530-a95710697133","local_time":"20210220011207","is_ascension_mode":true,"campfire_choices":[{"data":"Neutralize","floor":6,"key":"SMITH"},{"data":"Die Die Die","floor":10,"key":"SMITH"},{"data":"Noxious Fumes","floor":13,"key":"SMITH"},{"data":"Catalyst","floor":15,"key":"SMITH"}],"circlet_count":0,"master_deck":["AscendersBane","Strike_G","Strike_G","Strike_G","Defend_G","Defend_G","Defend_G","Defend_G","Defend_G","Survivor","Neutralize+1","Masterful Stab","Blade Dance+1","Die Die Die+1","Noxious Fumes+1","Catalyst+1","Corpse Explosion","Noxious Fumes","Deadly Poison","Ghostly","Ghostly","Ghostly","PiercingWail","Concentrate"],"relics":["Ring of the Snake","NeowsBlessing","Bag of Preparation","Oddly Smooth Stone","Eternal Feather","FossilizedHelix","Sozu"],"acts_visited":["Exordium","TheCity"],"potions_floor_usage":[16,23],"damage_taken":[{"damage":0,"enemies":"Small Slimes","floor":1,"turns":1},{"damage":0,"enemies":"2 Louse","floor":4,"turns":1},{"damage":0,"enemies":"Gremlin Nob","floor":7,"turns":1},{"damage":0,"enemies":"Cultist","floor":11,"turns":2},{"damage":0,"enemies":"2 Fungi Beasts","floor":12,"turns":2},{"damage":5,"enemies":"3 Sentries","floor":14,"turns":5},{"damage":6,"enemies":"Slime Boss","floor":16,"turns":8},{"damage":11,"enemies":"2 Thieves","floor":18,"turns":2},{"damage":6,"enemies":"3 Byrds","floor":21,"turns":3},{"damage":1,"enemies":"Sentry and Sphere","floor":22,"turns":4},{"damage":31,"enemies":"Gremlin Leader","floor":23,"turns":4}],"seed_played":"3760566486453642882","potions_obtained":[{"floor":1,"key":"DistilledChaos"},{"floor":11,"key":"SkillPotion"},{"floor":14,"key":"SteroidPotion"},{"floor":16,"key":"SpeedPotion"}],"is_trial":false,"path_per_floor":["M","?","?","M","?","R","E","$","T","R","M","M","R","E","R","B",null,"M","$","?","M","M","E"],"character_chosen":"THE_SILENT","items_purchased":["Oddly Smooth Stone","Deadly Poison"],"campfire_rested":0,"item_purchase_floors":[8,19],"current_hp_per_floor":[59,59,52,52,52,52,52,52,52,61,61,61,66,61,66,60,65,54,54,33,27,26,0,0],"gold":116,"neow_bonus":"THREE_ENEMY_KILL","is_daily":false,"chose_seed":false,"campfire_upgraded":4,"win_rate":0.0,"timestamp":1613776327,"path_taken":["M","?","?","M","?","R","E","$","T","R","?","M","R","E","R","BOSS","M","$","?","M","M","E"],"items_purchased_type":["Relic","Card"],"build_version":"2020-12-22","purchased_purges":2,"victory":false,"max_hp_per_floor":[66,66,66,66,66,66,66,66,66,66,66,66,66,66,66,66,66,66,66,33,33,33,33,33],"relic_stats":{"Sozu":0,"counters":[11,33],"Eternal Feather":19,"Bag of Preparation":[16],"obtain_stats":[{"Sozu":17,"NeowsBlessing":0,"Oddly Smooth Stone":8,"Eternal Feather":9,"Bag of Preparation":7,"FossilizedHelix":14,"Ring of the Snake":0},{"Sozu":7,"NeowsBlessing":0,"Oddly Smooth Stone":3,"Eternal Feather":3,"Bag of Preparation":3,"FossilizedHelix":6,"Ring of the Snake":0},{"Sozu":20,"NeowsBlessing":0,"Oddly Smooth Stone":3,"Eternal Feather":3,"Bag of Preparation":3,"FossilizedHelix":12,"Ring of the Snake":0}],"Ring of the Snake":[22]},"card_choices":[{"not_picked":["Sucker Punch","Deadly Poison"],"picked":"Masterful Stab","floor":1},{"not_picked":["Deadly Poison","Leg Sweep"],"picked":"Blade Dance","floor":4},{"not_picked":["Sucker Punch","Deflect"],"picked":"Die Die Die","floor":7},{"not_picked":["Quick Slash","Bane","Outmaneuver"],"picked":"SKIP","floor":11},{"not_picked":["Slice","Acrobatics"],"picked":"Noxious Fumes","floor":12},{"not_picked":["Prepared","Slice"],"picked":"Catalyst","floor":14},{"not_picked":["Burst","Adrenaline"],"picked":"Corpse Explosion","floor":16},{"not_picked":["Cloak And Dagger","Dagger Spray"],"picked":"Noxious Fumes","floor":18},{"not_picked":["Eviscerate","Riddle With Holes"],"picked":"PiercingWail","floor":21},{"not_picked":["Setup","Prepared"],"picked":"Concentrate","floor":22}],"player_experience":821340,"relics_obtained":[{"floor":7,"key":"Bag of Preparation"},{"floor":9,"key":"Eternal Feather"},{"floor":14,"key":"FossilizedHelix"}],"event_choices":[{"damage_healed":0,"gold_gain":150,"player_choice":"AGREE","damage_taken":0,"max_hp_gain":0,"max_hp_loss":0,"event_name":"Liars Game","floor":2,"gold_loss":0,"cards_obtained":["Doubt"]},{"cards_removed":["Doubt"],"damage_healed":0,"gold_gain":0,"player_choice":"Card Removal","damage_taken":7,"max_hp_gain":0,"max_hp_loss":0,"event_name":"Golden Wing","floor":3,"gold_loss":0},{"damage_healed":0,"gold_gain":0,"player_choice":"Upgraded","damage_taken":0,"max_hp_gain":0,"max_hp_loss":0,"event_name":"Upgrade Shrine","floor":5,"gold_loss":0,"cards_upgraded":["Blade Dance"]},{"damage_healed":0,"gold_gain":0,"player_choice":"Became a Ghost","damage_taken":0,"max_hp_gain":0,"max_hp_loss":33,"event_name":"Ghosts","floor":20,"gold_loss":0,"cards_obtained":["Ghostly","Ghostly","Ghostly"]}],"is_beta":false,"boss_relics":[{"not_picked":["Calling Bell","Runic Dome"],"picked":"Sozu"}],"items_purged_floors":[8,19],"is_endless":false,"potions_floor_spawned":[1,11,14,16],"killed_by":"Gremlin Leader","ascension_level":20}}