{"host":"6z6y4ky8uzsz1dpj","time":1613739254,"event":{"mods":["AchievementEnabler","BaseMod","BetterRewards","Challenge The Spire","Colored Map","Hubris","Minty Spire (QoL Compilation)","Quick Restart","Relic Stats","Replay The Spire","StSLib"],"gold_per_floor":[118,130,49,67,78,78,78],"floor_reached":6,"language":"ENG","playtime":862,"items_purged":["Strike_R"],"score":53,"play_id":"64194160-f7a2-457d-a114-9250835fc399","local_time":"20210219075414","is_ascension_mode":true,"campfire_choices":[],"circlet_count":0,"master_deck":["Strike_R","Strike_R","Strike_R","Strike_R","Defend_R","Defend_R","Defend_R","Defend_R","Bash","ReplayReversal","Iron Wave","ReplayTheSpireMod:Corrosion Curse","Flame Barrier","Spot Weakness","Barricade"],"relics":["Burning Blood","Calipers","Chemical X"],"acts_visited":["Exordium"],"potions_floor_usage":[6,6],"damage_taken":[{"damage":4,"enemies":"Cultist","floor":1,"turns":5},{"damage":6,"enemies":"Jaw Worm","floor":2,"turns":4},{"damage":3,"enemies":"2 Louse","floor":4,"turns":5},{"damage":3,"enemies":"Blue Slaver","floor":5,"turns":4},{"damage":33,"enemies":"Gremlin Nob","floor":6,"turns":6}],"seed_played":"-6511028785051952197","potions_obtained":[{"floor":4,"key":"Venom Potion"},{"floor":5,"key":"EssenceOfSteel"}],"is_trial":false,"path_per_floor":["M","M","$","M","M","E"],"character_chosen":"IRONCLAD","items_purchased":["Chemical X","ReplayReversal","Flame Barrier"],"campfire_rested":0,"item_purchase_floors":[0,0,3],"current_hp_per_floor":[66,66,66,69,72,39,39],"gold":78,"neow_bonus":"","is_daily":false,"chose_seed":false,"campfire_upgraded":0,"win_rate":0.0,"timestamp":1613739254,"path_taken":["M","M","$","M","M","E"],"items_purchased_type":["Relic","Card","Card"],"build_version":"2020-12-22","purchased_purges":1,"victory":false,"max_hp_per_floor":[80,80,80,80,80,80,80],"relic_stats":{"counters":[5,24],"Chemical X":[1],"obtain_stats":[{"Calipers":0,"hubris:64BitClover":0,"Chemical X":0,"Burning Blood":0},{"Calipers":0,"hubris:64BitClover":0,"Chemical X":0,"Burning Blood":0},{"Calipers":0,"hubris:64BitClover":0,"Chemical X":0,"Burning Blood":0}],"Burning Blood":24},"card_choices":[{"not_picked":["Anger","Cleave"],"picked":"Iron Wave","floor":1},{"not_picked":["Pummel","Reckless Charge"],"picked":"ReplayTheSpireMod:Corrosion Curse","floor":2},{"not_picked":["Massacre","Clash"],"picked":"Spot Weakness","floor":4},{"not_picked":["Iron Wave","Clothesline"],"picked":"Barricade","floor":5}],"player_experience":642880,"relics_obtained":[],"event_choices":[],"is_beta":false,"boss_relics":[],"items_purged_floors":[0],"is_endless":false,"potions_floor_spawned":[4,5],"killed_by":"Gremlin Nob","ascension_level":8}}