{"host":"nozk9xg7ssf2drdi","time":1613714224,"event":{"mods":["BaseMod","Colored Map","Minty Spire (QoL Compilation)","Relic Stats","StSLib","everything is the same but u backflip on backflip"],"gold_per_floor":[11,27,302,313,330,364,364,395,420,720,740,45,74,94,94,171,171,189,202,202,14,14,14,33,33,33,52,85,85,10,45,45,118,118,134,53,0,0,0,0,25,38,38,68,68,114,114,133,133,133,133,133,133,33,61,61],"floor_reached":57,"language":"ENG","playtime":8190,"items_purged":["Regret","Normality"],"score":3117,"play_id":"7c07ff31-8cba-47b6-bea6-a40f6889e1c3","local_time":"20210218235704","is_ascension_mode":true,"campfire_choices":[{"data":"Fire Breathing","floor":7.0,"key":"SMITH"},{"data":"Flame Barrier","floor":15.0,"key":"SMITH"},{"data":"Apotheosis","floor":23.0,"key":"SMITH"},{"data":"Battle Trance","floor":25.0,"key":"SMITH"},{"data":"Offering","floor":29.0,"key":"SMITH"},{"data":"Evolve","floor":32.0,"key":"SMITH"},{"floor":40.0,"key":"RECALL"},{"floor":49.0,"key":"REST"},{"floor":53,"key":"REST"}],"circlet_count":0,"master_deck":["AscendersBane","Defend_R","Power Through","Flame Barrier+1","Combust","Pummel","Barricade","True Grit","Fire Breathing+1","Entrench","Clothesline","Evolve+1","Shrug It Off","Enlightenment","Offering+1","Battle Trance+1","Writhe","Apotheosis+1","Bite","Bite","Bite","Bite","Bite","Doubt","Inflame","Dark Embrace","Iron Wave+1","Combust","Flame Barrier","Corruption+1","Shrug It Off","Whirlwind+1","Violence","Magnetism","Offering","Body Slam+1","Body Slam+1","Sentinel"],"relics":["Burning Blood","Red Skull","Bag of Marbles","Orichalcum","Old Coin","Anchor","Toolbox","Bronze Scales","Cursed Key","Juzu Bracelet","Singing Bowl","Molten Egg 2","Gambling Chip","Fusion Hammer","Red Mask","Pantograph","StrikeDummy","Incense Burner","Turnip"],"acts_visited":["Exordium","TheCity","TheBeyond","TheEnding"],"potions_floor_usage":[56,56],"damage_taken":[{"damage":0.0,"enemies":"Jaw Worm","floor":1.0,"turns":4.0},{"damage":3.0,"enemies":"Cultist","floor":2.0,"turns":3.0},{"damage":4.0,"enemies":"2 Louse","floor":4.0,"turns":3.0},{"damage":30.0,"enemies":"Gremlin Gang","floor":5.0,"turns":6.0},{"damage":32.0,"enemies":"3 Sentries","floor":6.0,"turns":7.0},{"damage":36.0,"enemies":"Gremlin Nob","floor":8.0,"turns":4.0},{"damage":6.0,"enemies":"3 Louse","floor":11.0,"turns":4.0},{"damage":0.0,"enemies":"3 Sentries","floor":13.0,"turns":5.0},{"damage":2.0,"enemies":"Lots of Slimes","floor":14.0,"turns":4.0},{"damage":6.0,"enemies":"Hexaghost","floor":16.0,"turns":10.0},{"damage":10.0,"enemies":"3 Byrds","floor":18.0,"turns":3.0},{"damage":13.0,"enemies":"Shell Parasite","floor":19.0,"turns":6.0},{"damage":12.0,"enemies":"Centurion and Healer","floor":24.0,"turns":8.0},{"damage":0.0,"enemies":"Cultist and Chosen","floor":27.0,"turns":5.0},{"damage":17.0,"enemies":"Gremlin Leader","floor":28.0,"turns":6.0},{"damage":16.0,"enemies":"Book of Stabbing","floor":31.0,"turns":5.0},{"damage":40.0,"enemies":"Collector","floor":33.0,"turns":13.0},{"damage":25.0,"enemies":"3 Darklings","floor":35.0,"turns":9.0},{"damage":38.0,"enemies":"Reptomancer","floor":41.0,"turns":4.0},{"damage":0.0,"enemies":"Orb Walker","floor":42.0,"turns":3.0},{"damage":10.0,"enemies":"Giant Head","floor":44.0,"turns":12.0},{"damage":33.0,"enemies":"2 Orb Walkers","floor":46.0,"turns":4.0},{"damage":0.0,"enemies":"Reptomancer","floor":47.0,"turns":2.0},{"damage":29.0,"enemies":"Transient","floor":48.0,"turns":6.0},{"damage":41,"enemies":"Time Eater","floor":50,"turns":8},{"damage":12,"enemies":"Donu and Deca","floor":51,"turns":6},{"damage":21,"enemies":"Shield and Spear","floor":55,"turns":5},{"damage":30,"enemies":"The Heart","floor":56,"turns":6}],"seed_played":"8826709047765798426","potions_obtained":[{"floor":4.0,"key":"Regen Potion"},{"floor":8.0,"key":"Block Potion"},{"floor":14.0,"key":"Dexterity Potion"},{"floor":16.0,"key":"Weak Potion"},{"floor":24.0,"key":"SkillPotion"},{"floor":27.0,"key":"SteroidPotion"},{"floor":31.0,"key":"AttackPotion"},{"floor":35.0,"key":"Weak Potion"},{"floor":46.0,"key":"SmokeBomb"},{"floor":48.0,"key":"SpeedPotion"},{"floor":55,"key":"Strength Potion"}],"is_trial":false,"path_per_floor":["M","M","?","M","M","E","R","E","T","T","M","$","E","M","R","B",null,"M","M","?","$","?","R","M","R","T","M","E","R","?","E","R","B",null,"M","$","?","?","?","R","E","M","T","E","?","?","E","M","R","B","B",null,"R","$","E","B",null],"character_chosen":"IRONCLAD","items_purchased":["Evolve","Anchor","Toolbox","Block Potion","BlessingOfTheForge","Shrug It Off","Enlightenment","Apotheosis","Whirlwind+1"],"campfire_rested":2,"item_purchase_floors":[12,12,12,12,12,12,12,21,36],"current_hp_per_floor":[74,75,75,75,51,40,40,10,10,10,10,10,16,20,20,20,61,57,54,54,54,54,54,59,59,59,59,59,59,59,59,59,46,56,52,52,52,52,44,44,33,44,44,64,79,55,67,70,79,65,79,79,79,79,79,79],"gold":61,"neow_bonus":"TRANSFORM_TWO_CARDS","is_daily":false,"chose_seed":false,"campfire_upgraded":6,"win_rate":0.0,"timestamp":1613714224,"path_taken":["M","M","?","M","?","E","R","E","T","?","?","$","E","M","R","BOSS","M","M","?","$","?","R","M","R","T","M","E","R","?","E","R","BOSS","M","?","?","?","?","R","E","M","T","E","?","?","E","M","R","BOSS","BOSS","R","$","E","BOSS"],"items_purchased_type":["Card","Relic","Relic","Potion","Potion","Card","Card","Card","Card"],"build_version":"2020-12-22","purchased_purges":2,"victory":true,"max_hp_per_floor":[75,75,75,75,75,75,75,75,75,75,75,75,75,75,75,75,75,75,79,79,79,55,55,59,59,59,59,59,59,59,59,59,59,59,59,59,59,59,61,61,67,69,69,69,79,79,79,79,79,79,79,79,79,79,79,79],"relic_stats":{"Singing Bowl":6,"counters":[28,161],"Bronze Scales":[504],"Gambling Chip":[54],"Pantograph":14,"Turnip":[2],"Juzu Bracelet":3,"Orichalcum":[48],"Cursed Key":2,"obtain_stats":[{"Singing Bowl":26,"Juzu Bracelet":20,"Incense Burner":46,"Orichalcum":9,"Cursed Key":17,"Burning Blood":0,"Old Coin":10,"Anchor":12,"Bronze Scales":13,"Gambling Chip":31,"Pantograph":41,"Toolbox":12,"Molten Egg 2":28,"Fusion Hammer":34,"Turnip":55,"Bag of Marbles":8,"Red Mask":37,"StrikeDummy":44,"Red Skull":6},{"Singing Bowl":13,"Juzu Bracelet":12,"Incense Burner":22,"Orichalcum":6,"Cursed Key":10,"Burning Blood":0,"Old Coin":6,"Anchor":7,"Bronze Scales":8,"Gambling Chip":16,"Pantograph":19,"Toolbox":7,"Molten Egg 2":15,"Fusion Hammer":17,"Turnip":27,"Bag of Marbles":6,"Red Mask":18,"StrikeDummy":21,"Red Skull":5},{"Singing Bowl":67,"Juzu Bracelet":59,"Incense Burner":128,"Orichalcum":27,"Cursed Key":50,"Burning Blood":0,"Old Coin":27,"Anchor":31,"Bronze Scales":36,"Gambling Chip":83,"Pantograph":109,"Toolbox":31,"Molten Egg 2":78,"Fusion Hammer":96,"Turnip":155,"Bag of Marbles":27,"Red Mask":105,"StrikeDummy":124,"Red Skull":23}],"Burning Blood":141},"card_choices":[{"not_picked":["Headbutt","Pummel"],"picked":"Combust","floor":1.0},{"not_picked":["Havoc","Clash"],"picked":"Pummel","floor":2.0},{"not_picked":["Rampage","Seeing Red"],"picked":"Barricade","floor":4.0},{"not_picked":["Wild Strike","Cleave"],"picked":"True Grit","floor":5.0},{"not_picked":["Inflame","Anger"],"picked":"Fire Breathing","floor":6.0},{"not_picked":["Brutality","Perfected Strike"],"picked":"Entrench","floor":8.0},{"not_picked":["Warcry","Rampage"],"picked":"Clothesline","floor":11.0},{"not_picked":["Combust","Fire Breathing"],"picked":"Offering","floor":13.0},{"not_picked":["Feel No Pain","Warcry"],"picked":"Battle Trance","floor":14.0},{"not_picked":["Berserk","Corruption"],"picked":"Feed","floor":16.0},{"not_picked":["Flex","Iron Wave","Thunderclap"],"picked":"SKIP","floor":18.0},{"not_picked":["Iron Wave","Thunderclap","Perfected Strike+1"],"picked":"SKIP","floor":19.0},{"not_picked":["Pummel","Flex","Uppercut"],"picked":"SKIP","floor":24.0},{"not_picked":["Iron Wave+1","Sword Boomerang"],"picked":"Inflame","floor":27.0},{"not_picked":["Twin Strike+1","Inflame"],"picked":"Dark Embrace","floor":28.0},{"not_picked":["Dropkick+1","Dark Embrace"],"picked":"Flame Barrier","floor":31.0},{"not_picked":["Offering","Limit Break"],"picked":"Corruption","floor":33.0},{"not_picked":["Havoc","True Grit+1"],"picked":"Shrug It Off","floor":35.0},{"not_picked":["Mind Blast+1","Panacea"],"picked":"Violence","floor":39.0},{"not_picked":["The Bomb","Mind Blast+1","Discovery"],"picked":"Singing Bowl","floor":39.0},{"not_picked":["Apotheosis","Discovery"],"picked":"Magnetism","floor":39.0},{"not_picked":["Armaments","Iron Wave+1","Dark Embrace"],"picked":"Singing Bowl","floor":41.0},{"not_picked":["Armaments","True Grit","Twin Strike+1"],"picked":"Singing Bowl","floor":42.0},{"not_picked":["Intimidate","Flame Barrier+1"],"picked":"Offering","floor":44.0},{"not_picked":["Sword Boomerang+1","Reckless Charge+1"],"picked":"Body Slam+1","floor":46.0},{"not_picked":["Combust","Thunderclap+1"],"picked":"Body Slam+1","floor":48.0},{"not_picked":["Battle Trance","Seeing Red"],"picked":"Sentinel","floor":55}],"player_experience":6103771,"relics_obtained":[{"floor":6.0,"key":"Red Skull"},{"floor":8.0,"key":"Bag of Marbles"},{"floor":9.0,"key":"Orichalcum"},{"floor":10.0,"key":"Old Coin"},{"floor":13.0,"key":"Bronze Scales"},{"floor":26.0,"key":"Singing Bowl"},{"floor":28.0,"key":"Molten Egg 2"},{"floor":31.0,"key":"Gambling Chip"},{"floor":41.0,"key":"Pantograph"},{"floor":44.0,"key":"StrikeDummy"},{"floor":46.0,"key":"Incense Burner"},{"floor":55,"key":"Turnip"}],"event_choices":[{"damage_healed":0.0,"max_hp_gain":0.0,"max_hp_loss":0.0,"gold_gain":275.0,"event_name":"Golden Shrine","player_choice":"Desecrate","floor":3.0,"gold_loss":0.0,"damage_taken":0.0,"cards_obtained":["Regret"]},{"damage_healed":0.0,"max_hp_gain":0.0,"max_hp_loss":0.0,"gold_gain":0.0,"event_name":"The Mausoleum","player_choice":"Opened","floor":20.0,"gold_loss":0.0,"damage_taken":0.0,"relics_obtained":["Juzu Bracelet"],"cards_obtained":["Writhe"]},{"damage_healed":0.0,"max_hp_gain":0.0,"max_hp_loss":24.0,"gold_gain":0.0,"event_name":"Vampires","player_choice":"Became a vampire","floor":22.0,"gold_loss":0.0,"damage_taken":0.0,"cards_obtained":["Bite","Bite","Bite","Bite","Bite"]},{"damage_healed":0.0,"max_hp_gain":0.0,"max_hp_loss":0.0,"gold_gain":0.0,"cards_transformed":["Bash","Defend_R"],"event_name":"Designer","player_choice":"Transformed Cards","floor":30.0,"gold_loss":75.0,"damage_taken":0.0,"cards_obtained":["Iron Wave","Combust"]},{"damage_healed":0.0,"max_hp_gain":0.0,"max_hp_loss":0.0,"gold_gain":0.0,"event_name":"Tomb of Lord Red Mask","player_choice":"Paid","floor":37.0,"gold_loss":53.0,"damage_taken":0.0,"relics_obtained":["Red Mask"]},{"damage_healed":0.0,"max_hp_gain":0.0,"max_hp_loss":0.0,"gold_gain":0.0,"event_name":"Upgrade Shrine","player_choice":"Upgraded","floor":38.0,"gold_loss":0.0,"damage_taken":0.0,"cards_upgraded":["Corruption"]},{"damage_healed":0.0,"max_hp_gain":0.0,"max_hp_loss":0.0,"gold_gain":0.0,"event_name":"SensoryStone","player_choice":"Memory 3","floor":39.0,"gold_loss":0.0,"damage_taken":10.0},{"cards_removed":["Feed"],"damage_healed":5.0,"max_hp_gain":10.0,"max_hp_loss":0.0,"gold_gain":0.0,"event_name":"Bonfire Elementals","player_choice":"Offered Rare","floor":45.0,"gold_loss":0.0,"damage_taken":0.0},{"damage_healed":0.0,"max_hp_gain":0.0,"max_hp_loss":0.0,"gold_gain":0.0,"event_name":"Mysterious Sphere","player_choice":"Fight","floor":46.0,"gold_loss":0.0,"damage_taken":0.0}],"is_beta":false,"boss_relics":[{"not_picked":["Ectoplasm","Coffee Dripper"],"picked":"Cursed Key"},{"not_picked":["SacredBark","Pandora\u0027s Box"],"picked":"Fusion Hammer"}],"items_purged_floors":[12,54],"is_endless":false,"potions_floor_spawned":[4,8,14,16,24,27,28,31,33,35,46,48,55],"ascension_level":20}}