{"host":"1v3mnj67s3trvm6y","time":1613732366,"event":{"mods":["BaseMod","Challenge The Spire","Minty Spire (QoL Compilation)","StSLib","The Cursed"],"gold_per_floor":[115,125,125,145,163,163,88,88,88,106,119,129,157,157,157,256,256,271,271,32,29,39,39,51,51,127,177,208,208,224,51,51,149,149,168,180,190,190,190,215,215,265,265,265,265,308,332,392,392,392,392,392,79,123,123],"floor_reached":56,"language":"ENG","playtime":3998,"items_purged":["TheCursedMod:Defend_TheCursed","TheCursedMod:Strike_TheCursed"],"score":1152,"play_id":"be1fbb53-22b5-42bc-821c-431bc3e2d059","local_time":"20210219195926","is_ascension_mode":false,"campfire_choices":[{"floor":6,"key":"RECALL"},{"data":"TheCursedMod:CursedWand","floor":8,"key":"SMITH"},{"data":"TheCursedMod:FleshFromBone","floor":15,"key":"SMITH"},{"data":"TheCursedMod:CollectTribute","floor":23,"key":"SMITH"},{"floor":25,"key":"REST"},{"data":"TheCursedMod:OutForBlood","floor":29,"key":"SMITH"},{"data":"TheCursedMod:EmpowerCircles","floor":32,"key":"SMITH"},{"floor":41,"key":"REST"},{"floor":49,"key":"REST"},{"data":"TheCursedMod:StingEye","floor":52,"key":"SMITH"}],"circlet_count":0,"master_deck":["TheCursedMod:CursedWand+1","TheCursedMod:CleanUpWorkshop+1","TheCursedMod:Dregs","TheCursedMod:WearCloak","TheCursedMod:FleshFromBone+1","TheCursedMod:CursedStaff","TheCursedMod:RapidMovement","TheCursedMod:CursedBlade","TheCursedMod:SmokeScreen","TheCursedMod:RapidMovement","TheCursedMod:CollectTribute+1","TheCursedMod:CursedBoomerang+1","TheCursedMod:CollectTribute+1","TheCursedMod:RapidMovement+1","TheCursedMod:Hemoplague","TheCursedMod:PrepareRite","TheCursedMod:CircleOfCorruption+1","TheCursedMod:OutForBlood+1","TheCursedMod:StingEye+1","TheCursedMod:CircleOfFlame","TheCursedMod:EmpowerCircles+1","TheCursedMod:DemonSword","TheCursedMod:WearCloak+1","TheCursedMod:CursedShiv","Flash of Steel","Flash of Steel","TheCursedMod:LuckyCharm+1","TheCursedMod:Torture+1","TheCursedMod:Stretching+1","TheCursedMod:AshesToAshes","TheCursedMod:Wield+1","TheCursedMod:BloodBarrier"],"relics":["TheCursedMod:BlackMagic101","Pen Nib","TheCursedMod:BloodyHarpoon","TheCursedMod:DemonicMark","Astrolabe","Kunai","Oddly Smooth Stone","Empty Cage","Toy Ornithopter","Unceasing Top","HornCleat","CeramicFish","Turnip","Calipers","Letter Opener"],"acts_visited":["Exordium","TheCity","TheBeyond","TheEnding"],"potions_floor_usage":[11,13,36,36,47,47,48,54],"damage_taken":[{"damage":1,"enemies":"Jaw Worm","floor":1,"turns":5},{"damage":1,"enemies":"Cultist","floor":2,"turns":5},{"damage":0,"enemies":"Small Slimes","floor":4,"turns":4},{"damage":1,"enemies":"Exordium Thugs","floor":5,"turns":4},{"damage":0,"enemies":"Blue Slaver","floor":10,"turns":3},{"damage":0,"enemies":"Gremlin Gang","floor":11,"turns":5},{"damage":0,"enemies":"Large Slime","floor":12,"turns":5},{"damage":5,"enemies":"Lagavulin","floor":13,"turns":8},{"damage":31,"enemies":"Slime Boss","floor":16,"turns":13},{"damage":2,"enemies":"3 Byrds","floor":18,"turns":5},{"damage":13,"enemies":"2 Thieves","floor":21,"turns":4},{"damage":10,"enemies":"Shelled Parasite and Fungi","floor":22,"turns":4},{"damage":16,"enemies":"Cultist and Chosen","floor":24,"turns":6},{"damage":8,"enemies":"Gremlin Leader","floor":28,"turns":6},{"damage":0,"enemies":"Centurion and Healer","floor":30,"turns":4},{"damage":37,"enemies":"Collector","floor":33,"turns":8},{"damage":10,"enemies":"Orb Walker","floor":35,"turns":4},{"damage":28,"enemies":"3 Darklings","floor":36,"turns":5},{"damage":8,"enemies":"Writhing Mass","floor":37,"turns":6},{"damage":12,"enemies":"Reptomancer","floor":40,"turns":6},{"damage":1,"enemies":"Mind Bloom Boss Battle","floor":42,"turns":6},{"damage":1,"enemies":"Giant Head","floor":46,"turns":6},{"damage":4,"enemies":"Transient","floor":47,"turns":5},{"damage":32,"enemies":"2 Orb Walkers","floor":48,"turns":6},{"damage":12,"enemies":"Awakened One","floor":50,"turns":12},{"damage":28,"enemies":"Shield and Spear","floor":54,"turns":6},{"damage":42,"enemies":"The Heart","floor":55,"turns":9}],"seed_played":"7472506336759008585","potions_obtained":[{"floor":2,"key":"Swift Potion"},{"floor":5,"key":"Swift Potion"},{"floor":10,"key":"DuplicationPotion"},{"floor":21,"key":"Block Potion"},{"floor":22,"key":"TheCursedMod:DregsPotion"},{"floor":36,"key":"Fire Potion"},{"floor":46,"key":"FearPotion"},{"floor":47,"key":"FairyPotion"},{"floor":48,"key":"DuplicationPotion"},{"floor":54,"key":"DuplicationPotion"}],"is_trial":false,"path_per_floor":["M","M","?","M","M","R","$","R","T","M","M","M","E","T","R","B",null,"M","?","$","M","M","R","M","R","T","?","E","R","M","$","R","B",null,"M","M","M","?","$","E","R","?","T","?","?","E","M","?","R","B",null,"R","$","E","B",null],"character_chosen":"THE_CURSED","items_purchased":["Kunai","TheCursedMod:EmpowerCircles","Calipers"],"campfire_rested":3,"item_purchase_floors":[20,31,53],"current_hp_per_floor":[74,73,73,73,72,72,72,72,72,72,72,72,67,67,67,36,75,73,73,73,60,50,50,34,56,56,56,48,48,48,48,48,11,75,65,37,29,24,24,12,34,33,33,33,33,32,38,11,33,21,75,75,75,47,5],"gold":123,"neow_bonus":"REMOVE_CARD","is_daily":false,"chose_seed":false,"campfire_upgraded":6,"win_rate":0.0,"timestamp":1613732366,"path_taken":["M","M","?","M","M","R","?","R","T","M","M","M","E","?","R","BOSS","M","?","?","M","M","R","M","R","T","?","E","R","M","$","R","BOSS","M","?","M","?","$","E","R","?","T","?","?","E","?","?","R","BOSS","R","$","E","BOSS"],"items_purchased_type":["Relic","Card","Relic"],"build_version":"2020-12-22","purchased_purges":2,"victory":true,"max_hp_per_floor":[75,75,75,75,75,75,75,75,75,75,75,75,75,75,75,75,75,75,75,75,75,75,75,75,75,75,75,75,75,75,75,75,75,75,75,75,75,75,75,75,75,75,75,75,75,75,75,75,75,75,75,75,75,75,75],"card_choices":[{"not_picked":["TheCursedMod:BlessingInDisguise","TheCursedMod:LuckyCharm"],"picked":"TheCursedMod:WearCloak","floor":1},{"not_picked":["TheCursedMod:CursedShiv","TheCursedMod:Obscuration"],"picked":"TheCursedMod:FleshFromBone","floor":2},{"not_picked":["TheCursedMod:CircleOfWindfury","TheCursedMod:CursedSpellbook"],"picked":"TheCursedMod:CursedStaff","floor":4},{"not_picked":["TheCursedMod:TacticalStrike","TheCursedMod:CircleOfBlood"],"picked":"TheCursedMod:RapidMovement","floor":5},{"not_picked":["TheCursedMod:CursedSpellbook","TheCursedMod:PrepareRite"],"picked":"TheCursedMod:BloodBarrier","floor":10},{"not_picked":["TheCursedMod:CursedShiv","TheCursedMod:Stigma"],"picked":"TheCursedMod:CursedBlade","floor":11},{"not_picked":["TheCursedMod:PrepareRite","TheCursedMod:Obscuration"],"picked":"TheCursedMod:SmokeScreen","floor":12},{"not_picked":["TheCursedMod:RavingStaff","TheCursedMod:CursedBlade"],"picked":"TheCursedMod:RapidMovement","floor":13},{"not_picked":["TheCursedMod:AntiAging","TheCursedMod:DemonicPact"],"picked":"TheCursedMod:CollectTribute","floor":16},{"not_picked":["TheCursedMod:Torture","TheCursedMod:Obscuration"],"picked":"TheCursedMod:Hemoplague","floor":18},{"not_picked":["TheCursedMod:Stigma","TheCursedMod:CursedAmulet","TheCursedMod:Torture"],"picked":"SKIP","floor":21},{"not_picked":["TheCursedMod:FleshFromBone+1","TheCursedMod:CursedMace+1"],"picked":"TheCursedMod:CircleOfCorruption+1","floor":22},{"not_picked":["TheCursedMod:SurpriseAttack+1","TheCursedMod:CircleOfAmplification"],"picked":"TheCursedMod:OutForBlood","floor":24},{"not_picked":["TheCursedMod:CircleOfAmplification+1","TheCursedMod:CircleOfWindfury"],"picked":"TheCursedMod:StingEye","floor":28},{"not_picked":["TheCursedMod:CircleOfCorruption","TheCursedMod:SpreadPlague"],"picked":"TheCursedMod:CircleOfFlame","floor":30},{"not_picked":["TheCursedMod:ShockAndAwe","TheCursedMod:AntiAging"],"picked":"TheCursedMod:DemonSword","floor":33},{"not_picked":["TheCursedMod:CircleOfWindfury+1","TheCursedMod:SpreadPlague"],"picked":"TheCursedMod:FleshFromBone","floor":35},{"not_picked":["TheCursedMod:CircleOfCorruption","TheCursedMod:CircleOfAmplification"],"picked":"TheCursedMod:WearCloak+1","floor":36},{"not_picked":["TheCursedMod:WearCloak+1","TheCursedMod:CircleOfFlame"],"picked":"TheCursedMod:CursedShiv","floor":37},{"not_picked":["Deep Breath","Trip"],"picked":"Flash of Steel","floor":38},{"not_picked":["HandOfGreed","Purity"],"picked":"Flash of Steel","floor":38},{"not_picked":["TheCursedMod:TroublousMinions","TheCursedMod:VitalStrike"],"picked":"TheCursedMod:LuckyCharm+1","floor":40},{"not_picked":["TheCursedMod:CircleOfFocus","TheCursedMod:BloodBarrier+1"],"picked":"TheCursedMod:Torture+1","floor":42},{"not_picked":["TheCursedMod:BloodBarrier+1","TheCursedMod:ManaBullet+1"],"picked":"TheCursedMod:Stretching+1","floor":46},{"not_picked":["TheCursedMod:CursedMace","TheCursedMod:CursedArmor"],"picked":"TheCursedMod:AshesToAshes","floor":47},{"not_picked":["TheCursedMod:DarkBarrier","TheCursedMod:CircleOfCorruption+1"],"picked":"TheCursedMod:Wield+1","floor":48},{"not_picked":["TheCursedMod:Wield","TheCursedMod:CursedShiv"],"picked":"TheCursedMod:BloodBarrier","floor":54}],"player_experience":1537055,"relics_obtained":[{"floor":9,"key":"Pen Nib"},{"floor":13,"key":"TheCursedMod:BloodyHarpoon"},{"floor":14,"key":"TheCursedMod:DemonicMark"},{"floor":28,"key":"Oddly Smooth Stone"},{"floor":40,"key":"Toy Ornithopter"},{"floor":42,"key":"Unceasing Top"},{"floor":43,"key":"HornCleat"},{"floor":46,"key":"CeramicFish"},{"floor":48,"key":"Turnip"},{"floor":54,"key":"Letter Opener"}],"event_choices":[{"damage_healed":0,"gold_gain":0,"player_choice":"Upgraded","damage_taken":0,"max_hp_gain":0,"max_hp_loss":0,"event_name":"Upgrade Shrine","floor":3,"gold_loss":0,"cards_upgraded":["TheCursedMod:CleanUpWorkshop"]},{"damage_healed":0,"gold_gain":0,"cards_transformed":["TheCursedMod:Defend_TheCursed"],"player_choice":"Transformed","damage_taken":0,"max_hp_gain":0,"max_hp_loss":0,"event_name":"Transmorgrifier","floor":19,"gold_loss":0,"cards_obtained":["TheCursedMod:PrepareRite"]},{"damage_healed":0,"gold_gain":100,"player_choice":"Bet on Murderer","damage_taken":0,"max_hp_gain":0,"max_hp_loss":0,"event_name":"The Joust","floor":27,"gold_loss":50},{"damage_healed":0,"gold_gain":0,"player_choice":"Memory 2","damage_taken":5,"max_hp_gain":0,"max_hp_loss":0,"event_name":"SensoryStone","floor":38,"gold_loss":0},{"damage_healed":0,"gold_gain":0,"player_choice":"Fight","damage_taken":0,"max_hp_gain":0,"max_hp_loss":0,"event_name":"MindBloom","floor":42,"gold_loss":0},{"cards_removed":["TheCursedMod:FleshFromBone"],"damage_healed":0,"gold_gain":0,"player_choice":"Removed Skill","damage_taken":0,"max_hp_gain":0,"max_hp_loss":0,"event_name":"Falling","floor":44,"gold_loss":0},{"damage_healed":0,"gold_gain":0,"player_choice":"Ignored","damage_taken":0,"max_hp_gain":0,"max_hp_loss":0,"event_name":"SecretPortal","floor":45,"gold_loss":0},{"damage_healed":0,"gold_gain":0,"player_choice":"Fight","damage_taken":0,"max_hp_gain":0,"max_hp_loss":0,"event_name":"Mysterious Sphere","floor":48,"gold_loss":0}],"is_beta":false,"boss_relics":[{"not_picked":["SacredBark","Velvet Choker"],"picked":"Astrolabe"},{"not_picked":["Pandora\u0027s Box","Runic Pyramid"],"picked":"Empty Cage"}],"items_purged_floors":[7,31],"is_endless":false,"potions_floor_spawned":[2,5,10,21,22,36,46,47,48,54],"ascension_level":0}}