{"host":"rjmu5g8hpiele53d","time":1613767934,"event":{"mods":["2.2 Compatiblity","BaseMod","Downfall","GifTheSpireLib","Minty Spire (QoL Compilation)","StSLib"],"gold_per_floor":[99,113,133,144,319,344,371,371,386,386,401,401,419,2,14,14,14,14],"floor_reached":16,"language":"ENG","playtime":1207,"items_purged":[],"score":104,"play_id":"9e9bc3e9-4e11-4a9f-8bfb-686cde11be4d","local_time":"20210219205214","is_ascension_mode":false,"campfire_choices":[{"data":"bronze:Goto","floor":1.0,"key":"SMITH"},{"data":"bronze:Replicate","floor":8.0,"key":"SMITH"},{"floor":12.0,"key":"REST"}],"circlet_count":0,"master_deck":["bronze:Strike","bronze:Strike","bronze:Strike","bronze:Strike","bronze:Defend","bronze:Defend","bronze:Defend","bronze:Defend","bronze:Replicate+1","bronze:Goto+1","bronze:FineTuning","bronze:Fortify","bronze:WhirlingStrike","Doubt","bronze:FollowUp","bronze:BronzeOrb","bronze:Frontload","bronze:WhirlingStrike","bronze:Shell","Mayhem"],"relics":["bronze:BronzeCore","Boot","Oddly Smooth Stone","Singing Bowl"],"acts_visited":["Exordium"],"potions_floor_usage":[16,16,16],"damage_taken":[{"damage":7.0,"enemies":"2 Louse","floor":2.0,"turns":4.0},{"damage":0.0,"enemies":"Small Slimes","floor":3.0,"turns":2.0},{"damage":0.0,"enemies":"Cultist","floor":4.0,"turns":4.0},{"damage":37.0,"enemies":"Gremlin Nob","floor":6.0,"turns":5.0},{"damage":4.0,"enemies":"downfall:LooterAlt","floor":9.0,"turns":3.0},{"damage":16.0,"enemies":"Gremlin Gang","floor":11.0,"turns":5.0},{"damage":11.0,"enemies":"Exordium Wildlife","floor":13.0,"turns":4.0},{"damage":4.0,"enemies":"downfall:FleeingMerchant","floor":14.0,"turns":4.0},{"damage":5.0,"enemies":"2 Fungi Beasts","floor":15.0,"turns":2.0},{"damage":25,"enemies":"WA_ARCHETYPE_RETAIN","floor":16,"turns":10}],"seed_played":"-1162889849433453021","potions_obtained":[{"floor":4.0,"key":"hexamod:SoulburnPotion"},{"floor":6.0,"key":"Swift Potion"},{"floor":11.0,"key":"GamblersBrew"},{"floor":13.0,"key":"Dexterity Potion"}],"is_trial":false,"path_per_floor":["R","M","M","M","?","E","T","R","M","?","M","R","M","$","M","B"],"character_chosen":"THE_AUTOMATON","items_purchased":["Singing Bowl","Mayhem"],"campfire_rested":1,"item_purchase_floors":[14,14],"current_hp_per_floor":[77,70,70,70,70,33,33,33,29,29,13,36,25,21,18,0,0,0],"gold":14,"neow_bonus":"TEN_PERCENT_HP_BONUS","is_daily":false,"chose_seed":false,"campfire_upgraded":2,"win_rate":0.0,"timestamp":1613767934,"path_taken":["R","M","M","M","?","E","T","R","M","?","M","R","M","$","M","BOSS"],"items_purchased_type":["Relic","Card"],"build_version":"2020-12-22","purchased_purges":0,"victory":false,"max_hp_per_floor":[77,77,77,77,77,77,77,77,77,77,77,77,77,77,79,79,79,79],"card_choices":[{"not_picked":["bronze:OilSpill","bronze:Branch"],"picked":"bronze:FineTuning","floor":2.0},{"not_picked":["bronze:Branch","bronze:CutThrough"],"picked":"bronze:Fortify","floor":3.0},{"not_picked":["bronze:BuggyMess","bronze:Iterate"],"picked":"bronze:WhirlingStrike","floor":4.0},{"not_picked":["bronze:Overheat","bronze:OilSpill"],"picked":"bronze:FollowUp","floor":6.0},{"not_picked":["bronze:WildBeam","bronze:ItsAFeature"],"picked":"bronze:BronzeOrb","floor":9.0},{"not_picked":["bronze:Deprecate","bronze:WildBeam"],"picked":"bronze:WhirlingStrike","floor":11.0},{"not_picked":["bronze:Safeguard","bronze:NullPointer"],"picked":"bronze:Shell","floor":13.0},{"not_picked":["bronze:BitShift","bronze:Frontload","bronze:BugBarrage"],"picked":"SKIP","floor":14.0},{"not_picked":["bronze:DelayedGuard","bronze:SpaghettiCode","bronze:Frontload"],"picked":"Singing Bowl","floor":15.0}],"player_experience":1657363,"relics_obtained":[{"floor":6.0,"key":"Boot"},{"floor":7.0,"key":"Oddly Smooth Stone"}],"event_choices":[],"is_beta":false,"boss_relics":[],"items_purged_floors":[],"is_endless":false,"potions_floor_spawned":[4,6,11,13],"killed_by":"WA_ARCHETYPE_RETAIN","ascension_level":0}}