{"host":"x52zk6e1f2bye2h7","time":1613744708,"event":{"mods":["AchievementEnabler","BaseMod","Highlight Path","Minty Spire (QoL Compilation)","everything is the same but u backflip on backflip"],"gold_per_floor":[109,122,297,133,133,174,174,209,260,260,260,160,160,181,181,302,302,317,143,242,258,296,296,296],"floor_reached":23,"language":"ENG","playtime":1228,"items_purged":["Doubt","Defend_P","Strike_P"],"score":215,"play_id":"fbd4b488-e771-4ecb-afc9-bbde5a0e61a7","local_time":"20210219142508","is_ascension_mode":true,"campfire_choices":[{"floor":7,"key":"REST"},{"data":"Nirvana","floor":10,"key":"SMITH"},{"data":"Nirvana","floor":13,"key":"SMITH"},{"floor":15,"key":"REST"}],"circlet_count":0,"master_deck":["Strike_P","Strike_P","Strike_P","Defend_P","Defend_P","Defend_P","Eruption+1","Vigilance","Wireheading","Nirvana+1","Nirvana+1","CutThroughFate","CutThroughFate","ClearTheMind","Crescendo+1"],"relics":["PureWater","Golden Idol","MealTicket","Du-Vu Doll","Omamori","Meat on the Bone","Philosopher\u0027s Stone","Red Mask"],"acts_visited":["Exordium","TheCity"],"potions_floor_usage":[6,16,22,22],"damage_taken":[{"damage":3,"enemies":"2 Louse","floor":1,"turns":4},{"damage":8,"enemies":"Small Slimes","floor":2,"turns":4},{"damage":46,"enemies":"3 Sentries","floor":6,"turns":10},{"damage":7,"enemies":"Lagavulin","floor":8,"turns":9},{"damage":3,"enemies":"Jaw Worm","floor":14,"turns":3},{"damage":8,"enemies":"Slime Boss","floor":16,"turns":12},{"damage":31,"enemies":"2 Thieves","floor":18,"turns":5},{"damage":12,"enemies":"Shell Parasite","floor":21,"turns":6},{"damage":21,"enemies":"Masked Bandits","floor":22,"turns":5},{"damage":30,"enemies":"Slavers","floor":23,"turns":2}],"seed_played":"-1600375767363917511","potions_obtained":[{"floor":1,"key":"Strength Potion"},{"floor":8,"key":"Strength Potion"},{"floor":14,"key":"LiquidMemories"},{"floor":21,"key":"FearPotion"},{"floor":22,"key":"StancePotion"}],"is_trial":false,"path_per_floor":["M","M","?","$","?","E","R","E","T","R","?","$","R","M","R","B",null,"M","$","?","M","?","E"],"character_chosen":"WATCHER","items_purchased":["Nirvana","CutThroughFate","Fire Potion"],"campfire_rested":2,"item_purchase_floors":[4,4,19],"current_hp_per_floor":[69,61,61,61,61,15,35,28,28,28,10,25,25,34,54,46,67,36,51,51,39,30,0,0],"gold":296,"neow_bonus":"UPGRADE_CARD","is_daily":false,"chose_seed":false,"campfire_upgraded":2,"win_rate":0.0,"timestamp":1613744708,"path_taken":["M","M","?","$","?","E","R","E","T","R","?","$","R","M","R","BOSS","M","$","?","M","?","E"],"items_purchased_type":["Card","Card","Potion"],"build_version":"2020-12-22","purchased_purges":3,"victory":false,"max_hp_per_floor":[72,72,72,72,67,67,67,67,67,67,67,67,67,67,67,67,67,67,67,67,67,67,67,67],"card_choices":[{"not_picked":["Tantrum","Prostrate"],"picked":"Wireheading","floor":1},{"not_picked":["ThirdEye","Indignation"],"picked":"Nirvana","floor":2},{"not_picked":["Protect","Consecrate","FollowUp"],"picked":"SKIP","floor":6},{"not_picked":["Establishment","Prostrate"],"picked":"CutThroughFate","floor":8},{"not_picked":["Perseverance","Crescendo"],"picked":"ClearTheMind","floor":14},{"not_picked":["Fasting2+1","BattleHymn","FlurryOfBlows"],"picked":"SKIP","floor":18},{"not_picked":["PathToVictory","Consecrate","EmptyMind+1"],"picked":"SKIP","floor":21},{"not_picked":["ReachHeaven","FlurryOfBlows+1"],"picked":"Crescendo+1","floor":22}],"player_experience":149740,"relics_obtained":[{"floor":6,"key":"MealTicket"},{"floor":8,"key":"Du-Vu Doll"},{"floor":9,"key":"Omamori"},{"floor":22,"key":"Red Mask"}],"event_choices":[{"damage_healed":0,"gold_gain":175,"player_choice":"AGREE","damage_taken":0,"max_hp_gain":0,"max_hp_loss":0,"event_name":"Liars Game","floor":3,"gold_loss":0,"cards_obtained":["Doubt"]},{"damage_healed":0,"gold_gain":0,"player_choice":"Lose Max HP","damage_taken":0,"relics_obtained":["Golden Idol"],"max_hp_gain":0,"max_hp_loss":5,"event_name":"Golden Idol","floor":5,"gold_loss":0},{"damage_healed":0,"gold_gain":0,"player_choice":"Success","damage_taken":18,"relics_obtained":["Meat on the Bone"],"max_hp_gain":0,"max_hp_loss":0,"event_name":"Scrap Ooze","floor":11,"gold_loss":0},{"damage_healed":0,"gold_gain":99,"player_choice":"Stole From Cult","damage_taken":0,"max_hp_gain":0,"max_hp_loss":0,"event_name":"Nest","floor":20,"gold_loss":0},{"damage_healed":0,"gold_gain":0,"player_choice":"Fought Bandits","damage_taken":0,"max_hp_gain":0,"max_hp_loss":0,"event_name":"Masked Bandits","floor":22,"gold_loss":0}],"is_beta":false,"boss_relics":[{"not_picked":["Busted Crown","Runic Pyramid"],"picked":"Philosopher\u0027s Stone"}],"items_purged_floors":[4,12,19],"is_endless":false,"potions_floor_spawned":[1,8,14,21,22],"killed_by":"Slavers","ascension_level":2}}