{"host":"2c84cb4cp1emursg","time":1613695251,"event":{"mods":["Act Like it!","BaseMod","Better Third Choice","Bossed Relics","Hermit","Mimic Mod","Minty Spire (QoL Compilation)","Permanent Neow","StSLib"],"gold_per_floor":[110,124,124,136,152,186,186,221,255,16,34,34,62,75,75,172,172,192,208,235,235,235,235,262,295,295,307,333,346,346,386,386,490,490,504,726,741,343,357,388,388,417,453,466,466,491,511,511,511,511],"floor_reached":51,"language":"ENG","playtime":3664,"items_purged":["Defend_R"],"score":1208,"play_id":"2f114e4d-2b30-439b-8dde-ddd21f4048d9","local_time":"20210218174051","is_ascension_mode":true,"campfire_choices":[{"data":"Double Tap","floor":7,"key":"SMITH"},{"data":"Perfected Strike","floor":12,"key":"SMITH"},{"data":"Dark Embrace","floor":15,"key":"SMITH"},{"data":"Perfected Strike","floor":23,"key":"SMITH"},{"data":"Offering","floor":30,"key":"SMITH"},{"data":"Sentinel","floor":32,"key":"SMITH"},{"data":"Mayhem","floor":41,"key":"SMITH"},{"data":"Perfected Strike","floor":45,"key":"SMITH"},{"data":"Whirlwind","floor":49,"key":"SMITH"}],"circlet_count":0,"master_deck":["Strike_R","Strike_R","Strike_R","Strike_R","Strike_R","Defend_R+1","Defend_R","Bash","Double Tap+1","Wild Strike","Headbutt","Flex+1","Immolate","Sentinel+1","Dark Embrace+1","The Bomb","Perfected Strike+1","Intimidate","Reaper","Wild Strike+1","True Grit+1","Perfected Strike+1","Intimidate+1","Whirlwind+1","Twin Strike","Offering+1","Burning Pact","Bludgeon","Wild Strike","Twin Strike+1","Mayhem+1","Dual Wield+1","Perfected Strike+1"],"relics":["Black Blood","Ice Cream","Calipers","War Paint","Dream Catcher","Philosopher\u0027s Stone","PreservedInsect","Nilry\u0027s Codex","Red Mask","Happy Flower","FossilizedHelix","Magic Flower","Frozen Eye","Bag of Marbles","Nunchaku","StoneCalendar","Boot"],"acts_visited":["Exordium","TheCity","TheBeyond"],"potions_floor_usage":[6,14,16,24,25,28,29,33,33,43,47,50],"damage_taken":[{"damage":7,"enemies":"Jaw Worm","floor":1,"turns":3},{"damage":1,"enemies":"Cultist","floor":2,"turns":3},{"damage":0,"enemies":"Small Slimes","floor":4,"turns":2},{"damage":9,"enemies":"2 Fungi Beasts","floor":5,"turns":2},{"damage":15,"enemies":"Gremlin Nob","floor":6,"turns":3},{"damage":50,"enemies":"3 Sentries","floor":8,"turns":7},{"damage":12,"enemies":"3 Louse","floor":9,"turns":5},{"damage":13,"enemies":"3 Louse","floor":11,"turns":2},{"damage":0,"enemies":"Lagavulin","floor":13,"turns":4},{"damage":9,"enemies":"Blue Slaver","floor":14,"turns":3},{"damage":12,"enemies":"Slime Boss","floor":16,"turns":7},{"damage":0,"enemies":"Spheric Guardian","floor":18,"turns":2},{"damage":18,"enemies":"Chosen","floor":19,"turns":4},{"damage":0,"enemies":"Masked Bandits","floor":24,"turns":1},{"damage":36,"enemies":"Book of Stabbing","floor":25,"turns":3},{"damage":0,"enemies":"3 Cultists","floor":27,"turns":3},{"damage":0,"enemies":"Gremlin Leader","floor":28,"turns":3},{"damage":2,"enemies":"Snecko","floor":29,"turns":4},{"damage":0,"enemies":"Sentry and Sphere","floor":31,"turns":3},{"damage":82,"enemies":"Collector","floor":33,"turns":9},{"damage":4,"enemies":"3 Shapes","floor":35,"turns":3},{"damage":7,"enemies":"3 Darklings","floor":37,"turns":3},{"damage":41,"enemies":"Maw","floor":39,"turns":8},{"damage":12,"enemies":"Giant Head","floor":40,"turns":4},{"damage":0,"enemies":"Reptomancer","floor":42,"turns":4},{"damage":10,"enemies":"Sphere and 2 Shapes","floor":43,"turns":5},{"damage":0,"enemies":"Sphere and 2 Shapes","floor":44,"turns":2},{"damage":14,"enemies":"Giant Head","floor":46,"turns":4},{"damage":34,"enemies":"Transient","floor":47,"turns":5},{"damage":77,"enemies":"Time Eater","floor":50,"turns":6}],"seed_played":"8022367082550369670","potions_obtained":[{"floor":5,"key":"Weak Potion"},{"floor":8,"key":"SpeedPotion"},{"floor":11,"key":"DuplicationPotion"},{"floor":13,"key":"SteroidPotion"},{"floor":14,"key":"ColorlessPotion"},{"floor":16,"key":"ColorlessPotion"},{"floor":24,"key":"SteroidPotion"},{"floor":25,"key":"Block Potion"},{"floor":28,"key":"Block Potion"},{"floor":29,"key":"FairyPotion"},{"floor":35,"key":"PowerPotion"},{"floor":37,"key":"SmokeBomb"},{"floor":42,"key":"SteroidPotion"},{"floor":44,"key":"Dexterity Potion"}],"is_trial":false,"path_per_floor":["M","M","?","M","M","E","R","E","MIM","$","M","R","E","M","R","B",null,"M","M","T","?","?","R","?","E","T","M","E","M","R","MIM","R","B",null,"M","?","M","$","M","E","R","E","MIM","M","R","E","M","?","R","B",null],"character_chosen":"IRONCLAD","items_purchased":["The Bomb","Perfected Strike","Frozen Eye","Mayhem"],"campfire_rested":0,"item_purchase_floors":[10,10,38,38],"current_hp_per_floor":[71,76,76,80,77,68,68,24,18,18,11,11,17,14,14,8,62,68,68,68,68,52,52,58,28,28,34,64,80,80,80,80,25,66,80,80,80,80,65,71,71,80,80,80,80,80,64,64,64,54],"gold":511,"neow_bonus":"ONE_RANDOM_RARE_CARD","is_daily":false,"chose_seed":false,"campfire_upgraded":9,"win_rate":0.0,"timestamp":1613695251,"path_taken":["M","M","?","M","M","E","R","E","MIM","$","?","R","E","M","R","BOSS","M","M","?","?","?","R","?","E","T","M","E","?","R","?","R","BOSS","M","?","M","$","M","E","R","E","MIM","M","R","E","M","?","R","BOSS"],"items_purchased_type":["Card","Card","Relic","Card"],"build_version":"2020-12-22","purchased_purges":1,"victory":true,"max_hp_per_floor":[80,80,80,80,80,80,80,80,80,80,80,80,80,80,80,80,80,80,80,80,80,80,80,80,80,80,80,80,80,80,80,80,80,80,80,80,80,80,80,80,80,80,80,80,80,80,80,80,80,80],"card_choices":[{"not_picked":["Sword Boomerang","Heavy Blade"],"picked":"Wild Strike","floor":1},{"not_picked":["Iron Wave","Anger"],"picked":"Perfected Strike","floor":2},{"not_picked":["Blood for Blood","Dual Wield"],"picked":"Headbutt","floor":4},{"not_picked":["Bloodletting","Headbutt"],"picked":"Flex","floor":5},{"not_picked":["Hemokinesis","Infernal Blade"],"picked":"Immolate","floor":6},{"not_picked":["Carnage","Anger"],"picked":"Sentinel","floor":8},{"not_picked":["Iron Wave","Feel No Pain"],"picked":"Dark Embrace","floor":9},{"not_picked":["Sword Boomerang","Rage","Flex"],"picked":"SKIP","floor":11},{"not_picked":["Infernal Blade","Flame Barrier"],"picked":"Intimidate","floor":13},{"not_picked":["Carnage","Headbutt","Double Tap"],"picked":"SKIP","floor":14},{"not_picked":["Feed","Bludgeon"],"picked":"Reaper","floor":16},{"not_picked":["Armaments","Clash"],"picked":"Wild Strike+1","floor":18},{"not_picked":["Intimidate+1","Anger+1"],"picked":"True Grit+1","floor":19},{"not_picked":["Combust","Infernal Blade"],"picked":"Intimidate+1","floor":24},{"not_picked":["Cleave","Hemokinesis+1","Clothesline"],"picked":"SKIP","floor":25},{"not_picked":["Hemokinesis","Thunderclap+1"],"picked":"Whirlwind","floor":27},{"not_picked":["Rage","Seeing Red+1"],"picked":"Twin Strike","floor":28},{"not_picked":["Thunderclap","Metallicize"],"picked":"Offering","floor":29},{"not_picked":["Entrench","Sword Boomerang"],"picked":"Burning Pact","floor":31},{"not_picked":["Feed","Double Tap"],"picked":"Bludgeon","floor":33},{"not_picked":["Clash+1","Flex"],"picked":"Wild Strike","floor":35},{"not_picked":["Heavy Blade","Flex+1"],"picked":"Twin Strike+1","floor":37},{"not_picked":["Headbutt","Searing Blow","Flex"],"picked":"SKIP","floor":39},{"not_picked":["Rage+1","Feel No Pain","Shrug It Off+1"],"picked":"SKIP","floor":40},{"not_picked":["Hemokinesis+1","Rage"],"picked":"Dual Wield+1","floor":42},{"not_picked":["Entrench","Dropkick"],"picked":"Perfected Strike","floor":43},{"not_picked":["Cleave+1","Armaments+1","Whirlwind"],"picked":"SKIP","floor":44},{"not_picked":["Disarm","Sword Boomerang+1","Intimidate"],"picked":"SKIP","floor":46},{"not_picked":["Dropkick","Armaments+1","Limit Break"],"picked":"SKIP","floor":47}],"player_experience":556034,"relics_obtained":[{"floor":6,"key":"Ice Cream"},{"floor":8,"key":"Calipers"},{"floor":9,"key":"War Paint"},{"floor":13,"key":"Dream Catcher"},{"floor":20,"key":"PreservedInsect"},{"floor":22,"key":"Nilry\u0027s Codex"},{"floor":24,"key":"Red Mask"},{"floor":25,"key":"Happy Flower"},{"floor":26,"key":"FossilizedHelix"},{"floor":28,"key":"Magic Flower"},{"floor":40,"key":"Bag of Marbles"},{"floor":42,"key":"Nunchaku"},{"floor":43,"key":"StoneCalendar"},{"floor":46,"key":"Boot"}],"event_choices":[{"cards_removed":["Defend_R"],"damage_healed":0,"gold_gain":0,"player_choice":"Offered Basic","damage_taken":0,"max_hp_gain":0,"max_hp_loss":0,"event_name":"Bonfire Elementals","floor":3,"gold_loss":0},{"damage_healed":0,"gold_gain":0,"player_choice":"Read","damage_taken":0,"max_hp_gain":0,"max_hp_loss":0,"event_name":"The Library","floor":21,"gold_loss":0,"cards_obtained":["Perfected Strike"]},{"damage_healed":0,"gold_gain":0,"player_choice":"Obtained Book","damage_taken":16,"max_hp_gain":0,"max_hp_loss":0,"event_name":"Cursed Tome","floor":22,"gold_loss":0},{"damage_healed":0,"gold_gain":0,"player_choice":"Fought Bandits","damage_taken":0,"max_hp_gain":0,"max_hp_loss":0,"event_name":"Masked Bandits","floor":24,"gold_loss":0},{"damage_healed":0,"gold_gain":222,"player_choice":"Wore Mask","damage_taken":0,"max_hp_gain":0,"max_hp_loss":0,"event_name":"Tomb of Lord Red Mask","floor":36,"gold_loss":0},{"cards_removed":["Perfected Strike"],"damage_healed":0,"gold_gain":0,"player_choice":"Removed Attack","damage_taken":0,"max_hp_gain":0,"max_hp_loss":0,"event_name":"Falling","floor":48,"gold_loss":0}],"is_beta":false,"boss_relics":[{"not_picked":["Fusion Hammer","SlaversCollar"],"picked":"Philosopher\u0027s Stone"},{"not_picked":["Cursed Key","Tiny House"],"picked":"Black Blood"}],"items_purged_floors":[38],"is_endless":false,"potions_floor_spawned":[5,8,11,13,14,16,19,24,25,28,29,35,37,42,44],"ascension_level":8}}