{"host":"k6l9gutfcx5zjx93","time":1613712213,"event":{"mods":["Aspiration","BaseMod","BetterRewards","Colored Map","Colored Powertips","Conspire","Downfall","Energized Spire","Hermit","Highlight Path","Hubris","Minty Spire (QoL Compilation)","Permanent Neow","RRrroohrrRGHHhhh!!","Rare Cards Sparkle","Relic Stats","Spicy Shops","StSLib","The Construct"],"gold_per_floor":[118,118,129,140,150,178,59,75,75,93,106,106,106,120,120,120,120],"floor_reached":16,"language":"ENG","playtime":630,"items_purged":[],"score":106,"play_id":"4f01a7f5-0df8-4810-be43-ca4fd9c41797","local_time":"20210218222333","is_ascension_mode":false,"campfire_choices":[{"floor":15,"key":"REST"}],"circlet_count":0,"master_deck":["Strike_G","Strike_G","Strike_G","Strike_G","Strike_G","Defend_G","Defend_G","Defend_G","Defend_G","Defend_G","Survivor","Neutralize","Poisoned Stab","Footwork","Masterful Stab","hubris:SlightOfHand","Noxious Fumes","Bane","A Thousand Cuts","rorgmod:Catalyst"],"relics":["Ring of the Snake","aspiration:HiddenCompartment","Snake Skull","White Beast Statue","rorgmod:Ceramic Fish","hubris:Towel","hubris:PeanutButter"],"acts_visited":["Exordium"],"potions_floor_usage":[11,14,16,16,16],"damage_taken":[{"damage":2,"enemies":"2 Louse","floor":1,"turns":2},{"damage":0,"enemies":"Cultist","floor":3,"turns":4},{"damage":0,"enemies":"Jaw Worm","floor":4,"turns":5},{"damage":0,"enemies":"Large Slime","floor":5,"turns":8},{"damage":47,"enemies":"Gremlin Nob","floor":6,"turns":5},{"damage":2,"enemies":"Red Slaver","floor":8,"turns":4},{"damage":2,"enemies":"2 Fungi Beasts","floor":10,"turns":4},{"damage":29,"enemies":"Lots of Slimes","floor":11,"turns":4},{"damage":0,"enemies":"Looter","floor":14,"turns":3},{"damage":29,"enemies":"Slime Boss","floor":16,"turns":5}],"seed_played":"-5015379107634748281","potions_obtained":[{"floor":2,"key":"EntropicBrew"},{"floor":2,"key":"SneckoOil"},{"floor":2,"key":"SpeedPotion"},{"floor":3,"key":"BlessingOfTheForge"},{"floor":4,"key":"conspire:TimeTravelPotion"},{"floor":11,"key":"Weak Potion"},{"floor":14,"key":"LiquidMemories"}],"is_trial":false,"path_per_floor":["M","?","M","M","M","E","$","M","T","M","M","?","?","M","R","B"],"character_chosen":"THE_SILENT","items_purchased":["White Beast Statue"],"campfire_rested":1,"item_purchase_floors":[7],"current_hp_per_floor":[68,68,68,68,68,21,21,19,19,17,4,4,1,1,22,0,0],"gold":120,"neow_bonus":"RANDOM_COMMON_RELIC","is_daily":false,"chose_seed":false,"campfire_upgraded":0,"win_rate":0.0,"timestamp":1613712213,"path_taken":["M","?","M","M","?","E","$","M","T","M","M","?","?","M","R","BOSS"],"items_purchased_type":["Relic"],"build_version":"2020-12-22","purchased_purges":0,"victory":false,"max_hp_per_floor":[70,70,70,70,70,70,70,70,70,70,70,70,70,70,70,70,70],"relic_stats":{"counters":[22,94],"Snake Skull":[25],"obtain_stats":[{"Potion Belt":9,"rorgmod:Ceramic Fish":9,"Gremlin Horn":4,"Snake Skull":6,"hubris:Towel":12,"aspiration:HiddenCompartment":0,"White Beast Statue":7,"hubris:Zylophone":5,"hubris:PeanutButter":13,"energizedSpire:MagnifyingGlass":17,"Bag of Marbles":19,"Art of War":23,"Ring of the Snake":0,"hubris:Reverence":10},{"Potion Belt":3,"rorgmod:Ceramic Fish":18,"Gremlin Horn":2,"Snake Skull":17,"hubris:Towel":20,"aspiration:HiddenCompartment":12,"White Beast Statue":17,"hubris:Zylophone":2,"hubris:PeanutButter":20,"energizedSpire:MagnifyingGlass":8,"Bag of Marbles":9,"Art of War":11,"Ring of the Snake":0,"hubris:Reverence":4},{"Potion Belt":14,"rorgmod:Ceramic Fish":78,"Gremlin Horn":10,"Snake Skull":74,"hubris:Towel":86,"aspiration:HiddenCompartment":50,"White Beast Statue":74,"hubris:Zylophone":10,"hubris:PeanutButter":86,"energizedSpire:MagnifyingGlass":35,"Bag of Marbles":41,"Art of War":48,"Ring of the Snake":0,"hubris:Reverence":17}],"Ring of the Snake":[44]},"card_choices":[{"not_picked":["Calculated Gamble","Deflect"],"picked":"Poisoned Stab","floor":1},{"not_picked":["Dagger Spray","Poisoned Stab"],"picked":"Footwork","floor":3},{"not_picked":["Bane","Quick Slash"],"picked":"Masterful Stab","floor":4},{"not_picked":["Dagger Spray","rorgmod:Prepared"],"picked":"hubris:SlightOfHand","floor":5},{"not_picked":["Poisoned Stab","rorgmod:Prepared"],"picked":"Noxious Fumes","floor":6},{"not_picked":["Expertise","Choke"],"picked":"Bane","floor":8},{"not_picked":["rorgmod:Reflex","Riddle With Holes"],"picked":"A Thousand Cuts","floor":10},{"not_picked":["Expertise","Calculated Gamble","Masterful Stab"],"picked":"SKIP","floor":11},{"not_picked":["Escape Plan","Leg Sweep"],"picked":"rorgmod:Catalyst","floor":14}],"player_experience":386957,"relics_obtained":[{"floor":6,"key":"Snake Skull"},{"floor":9,"key":"rorgmod:Ceramic Fish"}],"event_choices":[{"damage_healed":0,"gold_gain":0,"player_choice":"Got Potions","damage_taken":0,"max_hp_gain":0,"max_hp_loss":0,"event_name":"Lab","floor":2,"gold_loss":0},{"damage_healed":0,"gold_gain":0,"player_choice":"Success","damage_taken":3,"relics_obtained":["hubris:PeanutButter"],"max_hp_gain":0,"max_hp_loss":0,"event_name":"Scrap Ooze","floor":13,"gold_loss":0}],"is_beta":false,"boss_relics":[],"items_purged_floors":[],"is_endless":false,"potions_floor_spawned":[3,4,6,8,10,11,14],"killed_by":"Slime Boss","ascension_level":0}}