{"host":"pletss163z7s8pvv","time":1613702774,"event":{"mods":["AchievementEnabler","BaseMod","Better Altar","Better Match","Better Note","Better Sensory Stone","Better Skull","Better Third Choice","BetterRewards","CapriCore","ChefMod","Colored Map","Colored Powertips","Conspire","Energized Spire","Evolution","GifTheSpireLib","Hermit","Ironclad Rager","Jedi Mod","Marked Mod","Minty Spire (QoL Compilation)","Retaliation","Spicy Shops","StS++","StSLib","The Alterego","The Blue Laboratory","The Cursed","The Disciple","The Forsaken"],"gold_per_floor":[144,189,234,314,14,104,104,149,174,174,174,219,219,264,264,564,564,609,654,654,654,699,699,744,789,789,789,834,8,98,143,143,443,443,488,488,533,578,578,578,623,713,738,738,738],"floor_reached":44,"language":"ENG","playtime":1704,"items_purged":["Injury"],"score":639,"play_id":"a515bf54-6291-46b0-8a6d-d59784793ec5","local_time":"20210218204614","daily_mods":["Insanity","Uncertain Future","Midas"],"is_ascension_mode":false,"campfire_choices":[{"floor":7,"key":"REST"},{"floor":13,"key":"REST"},{"floor":15,"key":"REST"},{"floor":23,"key":"REST"},{"floor":27,"key":"REST"},{"floor":32,"key":"REST"},{"floor":40,"key":"REST"}],"circlet_count":0,"master_deck":["theForsaken:WordsOfMight","theForsaken:PanicDive","theForsaken:DarkBarrier","theForsaken:Parry","theForsaken:WordsOfPestilence","theForsaken:Eulogy","theForsaken:ScorchingSunlight+1","theForsaken:FatRoll","theForsaken:HealingLight","theForsaken:RainingSunlight","theForsaken:ScorchingSunlight","theForsaken:PanicDive","theForsaken:HorrifyingStrike","theForsaken:StoreUp","theForsaken:FuryStrikes","theForsaken:ChargeAttack","theForsaken:Thunderbolt","theForsaken:WordOfPower","theForsaken:MagicWeapon","theForsaken:PanicDive","theForsaken:SolarFlare","theForsaken:ChargeAttack","theForsaken:PreciseStrike","theForsaken:Parry","theForsaken:LightRoll","theForsaken:HorrifyingStrike","theForsaken:NobleSacrifice","theForsaken:Terrorize","theForsaken:CreepingInfection","theForsaken:StoreUp","theForsaken:Preservation","theForsaken:WrathOfGod+1","theForsaken:WordsOfMight","theForsaken:WardingHymn","theForsaken:WordsOfMight","theForsaken:Preservation","theForsaken:WordsOfPestilence","theForsaken:PowerUp","theForsaken:Preservation","theForsaken:FatRoll","theForsaken:CreepingInfection","theForsaken:QuickAttack","theForsaken:HymnOfPatience","theForsaken:Thunderbolt","theForsaken:DarkBarrier","theForsaken:SpinAttack","theForsaken:CowardsBrand","theForsaken:PanicDive","theForsaken:CorruptedWord","theForsaken:BountifulSunlight","theForsaken:Thunderbolt","theForsaken:PowerUp","theForsaken:PreciseStrike","theForsaken:BindingThorns+1","theForsaken:Thunderbolt+1","theForsaken:Riposte","theForsaken:QuickAttack","theForsaken:Confusion","theForsaken:ShieldBash","theForsaken:SiphonStrike","theForsaken:ChargeAttack+1","theForsaken:Thunderbolt","theForsaken:Thunderbolt+1","theForsaken:FountainOfLife","theForsaken:Eulogy","theForsaken:Confusion","theForsaken:CleansingLight","theForsaken:DarkRift","theForsaken:Thunderbolt+1","theForsaken:BlightOfFamine"],"relics":["theForsaken:JudgementScales","EVO:Axolotl","Lizard Tail","Bottled Tornado","Tiny Chest","energizedSpire:CursedPentagram","MutagenicStrength","Toy Ornithopter","Bronze Scales","Lee\u0027s Waffle","Shuriken","Strawberry","Whetstone","Nunchaku","Busted Crown","Blood Vial","Regal Pillow"],"acts_visited":["Exordium","TheCity","TheBeyond"],"potions_floor_usage":[6,16,25,33,33,33,42,42],"damage_taken":[{"damage":10,"enemies":"conspire:RoseBush","floor":1,"turns":2},{"damage":8,"enemies":"2 Louse","floor":2,"turns":1},{"damage":6,"enemies":"Cultist","floor":3,"turns":3},{"damage":21,"enemies":"Lagavulin","floor":6,"turns":4},{"damage":9,"enemies":"2 Fungi Beasts","floor":8,"turns":3},{"damage":12,"enemies":"Exordium Thugs","floor":12,"turns":4},{"damage":3,"enemies":"3 Louse","floor":14,"turns":2},{"damage":73,"enemies":"Slime Boss","floor":16,"turns":9},{"damage":35,"enemies":"Shell Parasite","floor":18,"turns":6},{"damage":22,"enemies":"3 Byrds","floor":19,"turns":4},{"damage":32,"enemies":"Centurion and Healer","floor":22,"turns":6},{"damage":10,"enemies":"Cultist and Chosen","floor":24,"turns":6},{"damage":40,"enemies":"Shelled Parasite and Fungi","floor":25,"turns":8},{"damage":14,"enemies":"Snake Plant","floor":28,"turns":2},{"damage":20,"enemies":"conspire:Head Lice","floor":30,"turns":4},{"damage":45,"enemies":"Sentry and Sphere","floor":31,"turns":4},{"damage":50,"enemies":"Collector","floor":33,"turns":7},{"damage":33,"enemies":"3 Shapes","floor":35,"turns":2},{"damage":67,"enemies":"3 Darklings","floor":37,"turns":4},{"damage":23,"enemies":"Writhing Mass","floor":38,"turns":7},{"damage":0,"enemies":"Transient","floor":41,"turns":5},{"damage":62,"enemies":"Giant Head","floor":42,"turns":8},{"damage":10,"enemies":"Spire Growth","floor":44,"turns":2}],"seed_played":"778547550210687013","potions_obtained":[{"floor":1,"key":"blueLaboratory:FruitPunch"},{"floor":12,"key":"blueLaboratory:BottleOfRum"},{"floor":14,"key":"LiquidBronze"},{"floor":22,"key":"blueLaboratory:FrostheartPotion"},{"floor":24,"key":"blueLaboratory:HorrorPotion"},{"floor":25,"key":"Block Potion"},{"floor":31,"key":"blueLaboratory:FruitPunch"},{"floor":35,"key":"blueLaboratory:BottleOfVodka"},{"floor":38,"key":"SkillPotion"},{"floor":41,"key":"DDmod:CleansePotion"}],"is_trial":false,"path_per_floor":["M","M","M","?","$","E","R","M","T","?","?","M","R","M","R","B",null,"M","M","?","T","M","R","M","M","T","R","M","$","E","M","R","B",null,"M","?","M","M","?","R","M","E","T","M"],"character_chosen":"THE_FORSAKEN","items_purchased":["Lizard Tail","Lee\u0027s Waffle","Shuriken","Strawberry","Whetstone","theForsaken:Eulogy"],"campfire_rested":7,"item_purchase_floors":[5,29,29,29,29,29],"current_hp_per_floor":[59,51,45,45,45,26,47,38,38,38,38,26,47,44,65,1,71,59,40,40,40,18,39,29,55,55,71,57,85,65,20,45,19,87,87,87,35,14,14,41,50,7,7,0,0],"gold":738,"neow_bonus":"","is_daily":true,"chose_seed":false,"campfire_upgraded":0,"win_rate":0.0,"timestamp":1613702774,"path_taken":["M","M","M","?","$","E","R","M","T","?","?","M","R","M","R","BOSS","M","M","?","?","M","R","M","M","T","R","?","$","E","M","R","BOSS","M","?","M","M","?","R","M","E","T","M"],"items_purchased_type":["Relic","Relic","Relic","Relic","Relic","Card"],"build_version":"2020-12-22","purchased_purges":1,"victory":false,"max_hp_per_floor":[69,69,69,69,69,71,71,71,71,71,71,71,71,71,71,71,71,71,71,71,71,71,71,71,71,71,71,71,85,85,85,85,87,87,87,87,89,91,91,91,93,95,95,95,95],"card_choices":[{"not_picked":["theForsaken:Terrorize","theForsaken:LightRoll"],"picked":"theForsaken:CorruptedWord","floor":1},{"not_picked":["theForsaken:ShieldCharge","theForsaken:CreepingInfection"],"picked":"theForsaken:BountifulSunlight","floor":2},{"not_picked":["theForsaken:PowerUp","theForsaken:Preservation"],"picked":"theForsaken:Thunderbolt","floor":3},{"not_picked":["theForsaken:Terrorize","theForsaken:DarkBarrier","theForsaken:PowerUp"],"picked":"SKIP","floor":6},{"not_picked":["theForsaken:Terrorize","theForsaken:DarkBarrier"],"picked":"theForsaken:PowerUp","floor":6},{"not_picked":["theForsaken:HorrifyingStrike","theForsaken:BountifulSunlight"],"picked":"theForsaken:PreciseStrike","floor":8},{"not_picked":["theForsaken:WrathOfGod+1","theForsaken:CowardsBrand+1"],"picked":"theForsaken:BindingThorns+1","floor":10},{"not_picked":["theForsaken:StoreUp+1","theForsaken:ChargeAttack+1"],"picked":"theForsaken:Thunderbolt+1","floor":10},{"not_picked":["theForsaken:Tranquility","theForsaken:Terrorize"],"picked":"theForsaken:Riposte","floor":12},{"not_picked":["theForsaken:ShieldBash","theForsaken:FatRoll"],"picked":"theForsaken:QuickAttack","floor":14},{"not_picked":["theForsaken:Retribution","theForsaken:Horror"],"picked":"theForsaken:Confusion","floor":16},{"not_picked":["theForsaken:StoreUp","theForsaken:ChargeAttack+1"],"picked":"theForsaken:ShieldBash","floor":18},{"not_picked":["theForsaken:FuryStrikes","theForsaken:Backlash"],"picked":"theForsaken:SiphonStrike","floor":19},{"not_picked":["theForsaken:HorrifyingStrike","theForsaken:PanicDive"],"picked":"theForsaken:ChargeAttack+1","floor":22},{"not_picked":["theForsaken:Preservation","theForsaken:ScorchingSunlight"],"picked":"theForsaken:Thunderbolt","floor":24},{"not_picked":["theForsaken:ShieldCharge","theForsaken:PowerUp+1"],"picked":"theForsaken:Thunderbolt+1","floor":25},{"not_picked":["theForsaken:Backlash+1","theForsaken:SpinAttack"],"picked":"theForsaken:FountainOfLife","floor":28},{"not_picked":["theForsaken:Preservation","theForsaken:ScorchingSunlight"],"picked":"theForsaken:Confusion","floor":30},{"not_picked":["theForsaken:HymnOfPatience+1","theForsaken:BlessedWeapon"],"picked":"theForsaken:CleansingLight","floor":31},{"not_picked":["theForsaken:Mantra","theForsaken:TearsOfSunlight"],"picked":"theForsaken:DarkRift","floor":33},{"not_picked":[],"picked":"theForsaken:Thunderbolt+1","floor":35},{"not_picked":["theForsaken:Thunderbolt+1"],"picked":"SKIP","floor":37},{"not_picked":["theForsaken:HymnOfRest+1"],"picked":"SKIP","floor":38},{"not_picked":[],"picked":"theForsaken:BlightOfFamine","floor":41},{"not_picked":["theForsaken:BlightOfFamine"],"picked":"SKIP","floor":42}],"player_experience":520136,"relics_obtained":[{"floor":6,"key":"Bottled Tornado"},{"floor":9,"key":"Tiny Chest"},{"floor":21,"key":"Toy Ornithopter"},{"floor":26,"key":"Bronze Scales"},{"floor":30,"key":"Nunchaku"},{"floor":42,"key":"Blood Vial"},{"floor":43,"key":"Regal Pillow"}],"event_choices":[{"damage_healed":0,"gold_gain":80,"player_choice":"Gained Gold","damage_taken":0,"max_hp_gain":0,"max_hp_loss":0,"event_name":"Golden Wing","floor":4,"gold_loss":0},{"damage_healed":0,"gold_gain":0,"player_choice":"2","damage_taken":0,"max_hp_gain":0,"max_hp_loss":0,"event_name":"betterMatch:BetterMatch","floor":10,"gold_loss":0,"cards_obtained":["betterMatch:UncommonCard","betterMatch:CommonCard"]},{"cards_removed":["theForsaken:Tranquility"],"damage_healed":0,"gold_gain":0,"player_choice":"Purged","damage_taken":0,"max_hp_gain":0,"max_hp_loss":0,"event_name":"Purifier","floor":11,"gold_loss":0},{"damage_healed":0,"gold_gain":0,"player_choice":"Inject Mutagens","damage_taken":0,"relics_obtained":["MutagenicStrength"],"max_hp_gain":0,"max_hp_loss":0,"event_name":"Drug Dealer","floor":20,"gold_loss":0},{"cards_removed":["theForsaken:HymnOfPatience"],"damage_healed":0,"gold_gain":0,"player_choice":"Removed Skill","damage_taken":0,"max_hp_gain":0,"max_hp_loss":0,"event_name":"Falling","floor":36,"gold_loss":0},{"damage_healed":0,"gold_gain":0,"player_choice":"Leave","damage_taken":0,"max_hp_gain":0,"max_hp_loss":0,"event_name":"conspire:Investor","floor":39,"gold_loss":0}],"is_beta":false,"boss_relics":[{"not_picked":["energizedSpire:MagnifyingGlass","Velvet Choker"],"picked":"energizedSpire:CursedPentagram"},{"not_picked":["StSpp:FireArrow","Coffee Dripper"],"picked":"Busted Crown"}],"items_purged_floors":[29],"is_endless":false,"potions_floor_spawned":[1,12,14,22,24,25,31,35,38,41],"killed_by":"Spire Growth","ascension_level":0}}