{"host":"cpsutu8lprjuipd6","time":1613732615,"event":{"mods":["BaseMod","Colored Map","Minty Spire (QoL Compilation)","Permanent Neow","Quick Restart","StSLib","SuperFastMode","The Bug Knight","Together in Spire"],"gold_per_floor":[117,117,133,133,149,149,161,178,178,178,193,229,238,313,313,421,421,361,361],"floor_reached":18,"language":"KOR","playtime":1804,"items_purged":[],"score":178,"play_id":"1f69950a-7f0f-4a59-a238-0a0caa31906b","local_time":"20210219200335","is_ascension_mode":true,"campfire_choices":[{"data":"HollowMod:CloakDash","floor":6,"key":"SMITH"},{"floor":10,"key":"RECALL"},{"floor":15,"key":"REST"}],"circlet_count":0,"master_deck":["HollowMod:NailStrikeStart","HollowMod:NailStrikeStart","HollowMod:NailStrikeStart","HollowMod:QuickDashStart","HollowMod:QuickDashStart","HollowMod:QuickDashStart","HollowMod:QuickDashStart","HollowMod:FocusHealStart","HollowMod:PogoStrike","HollowMod:BrokenVessel+1","HollowMod:CloakDash+1","HollowMod:CloakDash","HollowMod:HornetsHelp","HollowMod:Hiveblood","HollowMod:Weaversong"],"relics":["HollowMod:VesselMask","Matryoshka","Strawberry","FossilizedHelix","CeramicFish","Snecko Eye"],"acts_visited":["Exordium","TheCity"],"potions_floor_usage":[12,16,16],"damage_taken":[{"damage":3,"enemies":"2 Louse","floor":1,"turns":3},{"damage":0,"enemies":"Cultist","floor":3,"turns":3},{"damage":2,"enemies":"Jaw Worm","floor":5,"turns":4},{"damage":4,"enemies":"2 Fungi Beasts","floor":7,"turns":4},{"damage":9,"enemies":"Red Slaver","floor":8,"turns":5},{"damage":0,"enemies":"Exordium Wildlife","floor":11,"turns":4},{"damage":28,"enemies":"Lagavulin","floor":12,"turns":8},{"damage":58,"enemies":"The Guardian","floor":16,"turns":26},{"damage":16,"enemies":"2 Thieves","floor":18,"turns":4}],"seed_played":"-5404469303556960681","potions_obtained":[{"floor":0,"key":"GamblersBrew"},{"floor":0,"key":"SkillPotion"},{"floor":0,"key":"ColorlessPotion"},{"floor":8,"key":"DistilledChaos"},{"floor":12,"key":"Strength Potion"}],"is_trial":false,"path_per_floor":["M","?","M","T","M","R","M","M","T","R","M","E","?","?","R","B",null,"M"],"character_chosen":"THE_BUGKNIGHT","items_purchased":[],"campfire_rested":1,"item_purchase_floors":[],"current_hp_per_floor":[75,75,75,75,73,73,75,72,79,79,79,54,54,46,70,37,82,73,73],"gold":361,"neow_bonus":"THREE_SMALL_POTIONS","is_daily":false,"chose_seed":false,"campfire_upgraded":1,"win_rate":0.0,"timestamp":1613732615,"path_taken":["M","?","?","?","M","R","M","M","T","R","M","E","?","?","R","BOSS","M"],"items_purchased_type":[],"build_version":"2020-12-22","purchased_purges":0,"victory":false,"max_hp_per_floor":[75,75,75,75,75,75,75,75,82,82,82,82,82,82,82,82,82,82,82],"card_choices":[{"not_picked":["HollowMod:DashSlash","HollowMod:SoulShaman"],"picked":"HollowMod:BrokenVessel","floor":1},{"not_picked":["HollowMod:DashSlash","HollowMod:NewLittleFool"],"picked":"HollowMod:CloakDash","floor":3},{"not_picked":["HollowMod:WraithStrike","HollowMod:CycloneSlash","HollowMod:ChannelNail"],"picked":"SKIP","floor":5},{"not_picked":["HollowMod:WraithStrike","HollowMod:SharpenedNail","HollowMod:HeavyBlow"],"picked":"SKIP","floor":7},{"not_picked":["HollowMod:SharpenedNail","HollowMod:AbyssShriek","HollowMod:DescendingDark"],"picked":"SKIP","floor":8},{"not_picked":["HollowMod:DashSlash","HollowMod:GoodIntentions"],"picked":"HollowMod:CloakDash","floor":11},{"not_picked":["HollowMod:AbyssShriek","HollowMod:CornifersMapStart"],"picked":"HollowMod:HornetsHelp","floor":12},{"not_picked":["HollowMod:ElderbugsWisdom","HollowMod:HerrahsAnger"],"picked":"HollowMod:Weaversong","floor":16}],"player_experience":125922,"relics_obtained":[{"floor":4,"key":"Matryoshka"},{"floor":9,"key":"Strawberry"},{"floor":9,"key":"FossilizedHelix"},{"floor":12,"key":"CeramicFish"}],"event_choices":[{"damage_healed":0,"gold_gain":0,"player_choice":"Forge","damage_taken":0,"max_hp_gain":0,"max_hp_loss":0,"event_name":"Accursed Blacksmith","floor":2,"gold_loss":0,"cards_upgraded":["HollowMod:BrokenVessel"]},{"damage_healed":0,"gold_gain":0,"cards_transformed":["HollowMod:NailStrikeStart"],"player_choice":"Change","damage_taken":0,"max_hp_gain":0,"max_hp_loss":0,"event_name":"Living Wall","floor":13,"gold_loss":0,"cards_obtained":["HollowMod:Hiveblood"]},{"damage_healed":0,"gold_gain":75,"player_choice":"Touch","damage_taken":8,"max_hp_gain":0,"max_hp_loss":0,"event_name":"FaceTrader","floor":14,"gold_loss":0}],"is_beta":false,"boss_relics":[{"not_picked":["Runic Pyramid","Cursed Key"],"picked":"Snecko Eye"}],"items_purged_floors":[],"is_endless":false,"potions_floor_spawned":[5,7,8,12],"killed_by":"2 Thieves","ascension_level":2}}