{"host":"bpr07pynnqpe5ded","time":1613767173,"event":{"mods":["2.2 Compatiblity","Aspiration","BaseMod","Better Note","Better Third Choice","BetterRewards","Downfall","Infinite Spire","Jorbs\u0027s Wanderer Trilogy","Minty Spire (QoL Compilation)","Replay The Spire","Shop Mod","StSLib","The Marked","??????REMEMod"],"gold_per_floor":[99,116,128,139,139,139,139,158,158,169,198,209,109,150,165,270,270,270],"floor_reached":16,"language":"ENG","playtime":1362,"items_purged":[],"score":164,"play_id":"857e0459-9766-471d-abfc-ccd392b753bf","local_time":"20210219203933","is_ascension_mode":false,"campfire_choices":[{"floor":1,"key":"RECALL"},{"data":"hexamod:PhantomCloak","floor":13,"key":"SMITH"}],"circlet_count":0,"master_deck":["hexamod:Strike","hexamod:Strike","hexamod:Strike","hexamod:Strike","hexamod:Defend+1","hexamod:Defend","hexamod:Defend","hexamod:Sear","hexamod:Float+1","hexamod:FourthSeal","hexamod:BacktrackSmack","hexamod:PhantomCloak+1","hexamod:ThirdSeal","hexamod:AdvancingGuard","hexamod:ApocalypticArmor"],"relics":["hexamod:SpiritBrand","REME_ComplimentaryCards","Letter Opener","Bird Faced Urn","downfall:HeartBlessingBlue","CeramicFish"],"acts_visited":["Exordium"],"potions_floor_usage":[10,11,12,14,16,16,16],"damage_taken":[{"damage":0,"enemies":"Cultist","floor":2,"turns":3},{"damage":5,"enemies":"Small Slimes","floor":3,"turns":3},{"damage":1,"enemies":"Jaw Worm","floor":4,"turns":3},{"damage":4,"enemies":"Blue Slaver","floor":8,"turns":3},{"damage":2,"enemies":"2 Fungi Beasts","floor":10,"turns":4},{"damage":12,"enemies":"Gremlin Nob","floor":11,"turns":4},{"damage":4,"enemies":"Gremlin Gang","floor":12,"turns":5},{"damage":17,"enemies":"3 Sentries","floor":14,"turns":9},{"damage":8,"enemies":"Red Slaver","floor":15,"turns":6},{"damage":11,"enemies":"DF_ARCHETYPE_STREAMLINE","floor":16,"turns":12}],"seed_played":"-2214025798657656726","potions_obtained":[{"floor":2,"key":"CultistPotion"},{"floor":2,"key":"sneckomod:MuddlingPotion"},{"floor":3,"key":"Swift Potion"},{"floor":4,"key":"Reflective Coating"},{"floor":8,"key":"hexamod:SoulburnPotion"},{"floor":10,"key":"REME_GoldPotion"},{"floor":11,"key":"LiquidBronze"},{"floor":11,"key":"hexamod:SoulburnPotion"},{"floor":12,"key":"hexamod:EctoCoolerPotion"},{"floor":12,"key":"hexamod:EctoCoolerPotion"},{"floor":14,"key":"hexamod:DoubleChargePotion"},{"floor":14,"key":"Block Potion"},{"floor":15,"key":"hexamod:SoulburnPotion"},{"floor":16,"key":"SmokeBomb"}],"is_trial":false,"path_per_floor":["R","M","M","M","T","?","T","M","?","M","E","M","R","E","M","B"],"character_chosen":"THE_SPIRIT","items_purchased":[],"campfire_rested":0,"item_purchase_floors":[],"current_hp_per_floor":[70,70,65,64,64,64,64,60,60,58,46,48,58,47,47,44,44,44],"gold":270,"neow_bonus":"TRANSFORM_CARD","is_daily":false,"chose_seed":false,"campfire_upgraded":1,"win_rate":0.0,"timestamp":1613767173,"path_taken":["R","M","M","M","?","?","T","?","?","M","E","M","R","E","M","BOSS"],"items_purchased_type":[],"build_version":"2020-12-22","purchased_purges":0,"victory":false,"max_hp_per_floor":[70,70,70,70,70,70,70,70,70,70,70,70,80,80,80,80,80,80],"card_choices":[{"not_picked":["hexamod:NightmareStrike","hexamod:HeatMetal","hexamod:StepThrough"],"picked":"SKIP","floor":2},{"not_picked":["hexamod:RadiantFlame","hexamod:HeatShield","hexamod:BacktrackSmack"],"picked":"SKIP","floor":3},{"not_picked":["hexamod:ShieldOfDarkness","hexamod:CatchUp","hexamod:RadiantFlame"],"picked":"SKIP","floor":4},{"not_picked":["hexamod:GhostShield","hexamod:SpectersWail"],"picked":"hexamod:PhantomCloak","floor":8},{"not_picked":["hexamod:Again","hexamod:StepThrough","hexamod:RetreatToShadows"],"picked":"SKIP","floor":10},{"not_picked":["hexamod:SpectralSpark","hexamod:WildfireWeapon"],"picked":"hexamod:ThirdSeal","floor":11},{"not_picked":["hexamod:EtherealExpedition","hexamod:SpectralAdrenaline"],"picked":"hexamod:AdvancingGuard","floor":12},{"not_picked":["hexamod:ThermalTransfer","hexamod:GhostLash","hexamod:PhantomCloak"],"picked":"SKIP","floor":12},{"not_picked":["hexamod:AdvancingGuard","hexamod:GhostLash"],"picked":"hexamod:ApocalypticArmor","floor":14},{"not_picked":["hexamod:SoulSteal","hexamod:ThermalTransfer","hexamod:HeatMetal"],"picked":"SKIP","floor":14},{"not_picked":["hexamod:GhostShield","hexamod:AdvancingGuard","hexamod:InspiringFlames"],"picked":"SKIP","floor":15},{"not_picked":["hexamod:NightmareStrike","hexamod:GhostLash","hexamod:SwordOfDarkness"],"picked":"SKIP","floor":15}],"player_experience":1166829,"relics_obtained":[{"floor":7,"key":"Letter Opener"},{"floor":11,"key":"Bird Faced Urn"},{"floor":14,"key":"CeramicFish"}],"event_choices":[],"is_beta":false,"boss_relics":[],"items_purged_floors":[],"is_endless":false,"potions_floor_spawned":[2,11,12,14,15],"killed_by":"DF_ARCHETYPE_STREAMLINE","ascension_level":0}}