{"host":"ynimr9ugvc6f046i","time":1613744054,"event":{"mods":["2.2 Compatiblity","BaseMod","Colored Map","DeckTracker","Highlight Path","Keyboard Shortcuts","Minty Spire (QoL Compilation)","Permanent Neow","Quick Restart","StSLib","SuperFastMode"],"gold_per_floor":[109,122,138,138,150,150,178,178,202,202,202,24,54,74,74,147,197,214,214,248,248,259,292,292,292],"floor_reached":24,"language":"KOR","playtime":560,"items_purged":["Strike_R"],"score":498,"play_id":"ad15f82b-4295-4640-a25b-362fb1700a8c","local_time":"20210219231414","is_ascension_mode":true,"campfire_choices":[{"data":"Armaments","floor":6.0,"key":"SMITH"},{"data":"Offering","floor":8.0,"key":"SMITH"},{"data":"Offering","floor":11.0,"key":"SMITH"},{"data":"Carnage","floor":15,"key":"SMITH"}],"circlet_count":0,"master_deck":["AscendersBane","Strike_R","Defend_R","Defend_R","Defend_R","Defend_R+1","Bash","Offering+1","Armaments+1","Carnage+1","Evolve","Offering+1","Flash of Steel","Power Through+1","Iron Wave","Limit Break","Shrug It Off+1"],"relics":["Burning Blood","Art of War","Juzu Bracelet","Orichalcum","Tiny House","Red Mask","Bottled Flame"],"acts_visited":["Exordium","TheCity"],"potions_floor_usage":[14,16,23],"damage_taken":[{"damage":7.0,"enemies":"Cultist","floor":1.0,"turns":3.0},{"damage":6.0,"enemies":"Jaw Worm","floor":2.0,"turns":4.0},{"damage":0.0,"enemies":"Small Slimes","floor":3.0,"turns":3.0},{"damage":15.0,"enemies":"Red Slaver","floor":5.0,"turns":3.0},{"damage":28.0,"enemies":"Lagavulin","floor":7.0,"turns":6.0},{"damage":12,"enemies":"Gremlin Nob","floor":13,"turns":2},{"damage":19,"enemies":"Exordium Thugs","floor":14,"turns":5},{"damage":17,"enemies":"Hexaghost","floor":16,"turns":8},{"damage":12,"enemies":"2 Thieves","floor":18,"turns":4},{"damage":37,"enemies":"Masked Bandits","floor":20,"turns":7},{"damage":12,"enemies":"Chosen","floor":22,"turns":3},{"damage":15,"enemies":"Slavers","floor":23,"turns":5},{"damage":6,"enemies":"Centurion and Healer","floor":24,"turns":6}],"seed_played":"-6008775512750847704","potions_obtained":[{"floor":2.0,"key":"DuplicationPotion"},{"floor":3.0,"key":"Explosive Potion"},{"floor":14,"key":"BlessingOfTheForge"},{"floor":16,"key":"ElixirPotion"},{"floor":17,"key":"SneckoOil"},{"floor":23,"key":"SkillPotion"}],"is_trial":false,"path_per_floor":["M","M","M","?","M","R","E","R","T","?","R","$","E","M","R","B",null,"M","?","?","?","M","E","M"],"character_chosen":"IRONCLAD","items_purchased":["Flash of Steel"],"campfire_rested":0,"item_purchase_floors":[12],"current_hp_per_floor":[67,67,68,68,59,59,37,37,37,42,42,42,36,23,23,12,63,57,57,26,26,20,11,5,5],"gold":292,"neow_bonus":"THREE_RARE_CARDS","is_daily":false,"chose_seed":false,"campfire_upgraded":4,"win_rate":0.0,"timestamp":1613744054,"path_taken":["M","?","M","?","M","R","E","R","T","?","R","$","E","M","R","BOSS","M","?","?","?","M","E","M"],"items_purchased_type":["Card"],"build_version":"2020-12-22","purchased_purges":1,"victory":false,"max_hp_per_floor":[68,68,68,68,68,68,68,68,68,73,73,73,73,73,73,73,78,78,78,78,78,78,78,78,78],"card_choices":[{"not_picked":["Exhume","Limit Break"],"picked":"Offering","floor":0.0},{"not_picked":["Twin Strike","Infernal Blade"],"picked":"Armaments","floor":1.0},{"not_picked":["Headbutt","Pommel Strike"],"picked":"Carnage","floor":2.0},{"not_picked":["Twin Strike","Power Through"],"picked":"Evolve","floor":3.0},{"not_picked":["Hemokinesis","Anger","Havoc"],"picked":"SKIP","floor":5.0},{"not_picked":["Burning Pact","Havoc"],"picked":"Offering","floor":7.0},{"not_picked":["Anger","Carnage","Armaments"],"picked":"SKIP","floor":13},{"not_picked":["Perfected Strike","Infernal Blade","Thunderclap"],"picked":"SKIP","floor":14},{"not_picked":["Sentinel","Sword Boomerang"],"picked":"Power Through","floor":17},{"not_picked":["Rupture","Clash","Warcry"],"picked":"SKIP","floor":18},{"not_picked":["Bloodletting","Anger+1"],"picked":"Shrug It Off+1","floor":22},{"not_picked":["Dropkick","Twin Strike","Rampage+1"],"picked":"SKIP","floor":23}],"player_experience":583596,"relics_obtained":[{"floor":7.0,"key":"Art of War"},{"floor":9.0,"key":"Juzu Bracelet"},{"floor":13,"key":"Orichalcum"},{"floor":20,"key":"Red Mask"},{"floor":23,"key":"Bottled Flame"}],"event_choices":[{"cards_removed":["Strike_R"],"damage_healed":0.0,"max_hp_gain":0.0,"max_hp_loss":0.0,"gold_gain":0.0,"event_name":"Living Wall","player_choice":"Forget","floor":4.0,"gold_loss":0.0,"damage_taken":0.0},{"damage_healed":0.0,"max_hp_gain":5.0,"max_hp_loss":0.0,"gold_gain":0.0,"event_name":"Big Fish","player_choice":"Donut","floor":10.0,"gold_loss":0.0,"damage_taken":0.0},{"damage_healed":0,"gold_gain":0,"cards_transformed":["Strike_R","Strike_R"],"player_choice":"Became Test Subject","damage_taken":0,"max_hp_gain":0,"max_hp_loss":0,"event_name":"Drug Dealer","floor":19,"gold_loss":0,"cards_obtained":["Iron Wave","Limit Break"]},{"damage_healed":0,"gold_gain":0,"player_choice":"Fought Bandits","damage_taken":0,"max_hp_gain":0,"max_hp_loss":0,"event_name":"Masked Bandits","floor":20,"gold_loss":0},{"damage_healed":0,"gold_gain":0,"player_choice":"Forge","damage_taken":0,"max_hp_gain":0,"max_hp_loss":0,"event_name":"Accursed Blacksmith","floor":21,"gold_loss":0,"cards_upgraded":["Power Through"]}],"is_beta":false,"boss_relics":[{"not_picked":["Velvet Choker","Coffee Dripper"],"picked":"Tiny House"}],"items_purged_floors":[12],"is_endless":false,"potions_floor_spawned":[2,3,14,16,23],"killed_by":"Centurion and Healer","ascension_level":20}}