{"host":"6z6y4ky8uzsz1dpj","time":1613757746,"event":{"mods":["AchievementEnabler","BaseMod","BetterRewards","Challenge The Spire","Colored Map","Hubris","Minty Spire (QoL Compilation)","Quick Restart","Relic Stats","Replay The Spire","StSLib"],"gold_per_floor":[118,11,11,22,0,31,31,44,44,56,56,69,94,110,110,182,182,202,117,117,131,145,145,145],"floor_reached":23,"language":"ENG","playtime":1469,"items_purged":["Strike_G","Spreading Infection"],"score":500,"play_id":"56ff55ef-f402-424c-bdb9-98c9ce8defef","local_time":"20210219130226","is_ascension_mode":true,"campfire_choices":[{"data":"ReplayTheSpireMod:Scrap Shanks","floor":7,"key":"SMITH"},{"data":"Cloak And Dagger","floor":11,"key":"SMITH"},{"floor":15,"key":"REST"}],"circlet_count":0,"master_deck":["AscendersBane","Strike_G","Strike_G","Strike_G","Strike_G","Defend_G","Defend_G","Defend_G","Defend_G","Defend_G","Survivor","Neutralize","ReplayTheSpireMod:Scrap Shanks+1","hubris:Sniper","Hidden Blade","Accuracy","Accuracy+1","Underhanded Strike","Reflex","hubris:SlightOfHand","Cloak And Dagger+1","Hidden Blade","Prepared","All Out Attack","Adrenaline","Delirium","Delirium","Hallucinations","Hidden Blade","Noxious Fumes","Eviscerate+1"],"relics":["Ring of the Snake","TwistedFunnel","hubris:GlazedTorus","ReplayTheSpireMod:CursedCoin","CaptainsWheel","hubris:SphereOfDissonance","Replay:Ancient Bell","hubris:ToyBattleship","Replay:Bottled Steam","hubris:CuriousFeather","Question Card"],"acts_visited":["Exordium","TheCity"],"potions_floor_usage":[8,13,14,21,23],"damage_taken":[{"damage":0,"enemies":"2 Louse","floor":1,"turns":2},{"damage":0,"enemies":"Cultist","floor":4,"turns":5},{"damage":26,"enemies":"Gremlin Nob","floor":6,"turns":4},{"damage":0,"enemies":"Small Slimes","floor":8,"turns":2},{"damage":0,"enemies":"3 Louse","floor":10,"turns":2},{"damage":0,"enemies":"2 Fungi Beasts","floor":12,"turns":2},{"damage":5,"enemies":"Replay:BlueRogue","floor":13,"turns":5},{"damage":4,"enemies":"Blue Slaver","floor":14,"turns":2},{"damage":29,"enemies":"Hexaghost","floor":16,"turns":6},{"damage":9,"enemies":"Shell Parasite","floor":18,"turns":4},{"damage":8,"enemies":"Chosen","floor":21,"turns":2},{"damage":5,"enemies":"Centurion and Healer","floor":22,"turns":5},{"damage":21,"enemies":"Slavers","floor":23,"turns":2}],"seed_played":"6256864431052831440","potions_obtained":[{"floor":1,"key":"Elixir"},{"floor":6,"key":"Languid Potion"},{"floor":8,"key":"ColorlessPotion"},{"floor":13,"key":"EssenceOfSteel"},{"floor":18,"key":"Dexterity Potion"},{"floor":21,"key":"Milkshake"}],"is_trial":false,"path_per_floor":["M","$","?","M","$","E","R","M","T","M","R","M","E","M","R","B",null,"M","?","?","M","M","E"],"character_chosen":"THE_SILENT","items_purchased":["ReplayTheSpireMod:Scrap Shanks","TwistedFunnel","Hidden Blade","Accuracy","ReplayTheSpireMod:CursedCoin","Reflex"],"campfire_rested":1,"item_purchase_floors":[0,0,2,2,5,5],"current_hp_per_floor":[56,56,56,56,56,30,30,30,30,30,30,30,25,21,42,13,56,47,47,34,26,21,0,0],"gold":145,"neow_bonus":"","is_daily":false,"chose_seed":false,"campfire_upgraded":2,"win_rate":0.0,"timestamp":1613757746,"path_taken":["M","$","?","M","?","E","R","M","T","M","R","M","E","M","R","BOSS","M","?","?","M","M","E"],"items_purchased_type":["Card","Relic","Card","Card","Relic","Card"],"build_version":"2020-12-22","purchased_purges":2,"victory":false,"max_hp_per_floor":[70,70,70,70,70,70,70,70,70,70,70,70,70,70,70,70,70,70,70,75,75,75,75,75],"relic_stats":{"counters":[160,721],"Question Card":2,"obtain_stats":[{"TwistedFunnel":0,"Golden Egg":6,"Bottled Tornado":45,"Boot":8,"Blood Vial":47,"Replay:Ringing Soul":2,"Replay:Bronze Core":17,"Kunai":43,"Replay:Bottled Steam":26,"Counterbalance":0,"hubris:SphereOfDissonance":48,"Pen Nib":43,"Replay:Ancient Bell":17,"Paper Crane":9,"Akabeko":24,"SlaversCollar":34,"MutagenicStrength":21,"Pandora\u0027s Box":17,"Unceasing Top":0,"Lantern":28,"Regal Pillow":4,"hubris:Metronome":26,"StoneCalendar":0,"Blue Doll":49,"Bag of Preparation":25,"Replay:Multitool":24,"Ancient Tea Set":10,"Cursed Key":17,"Smiling Mask":28,"Pet Ghost":7,"Ninja Scroll":27,"WingedGreaves":0,"hubris:CuriousFeather":17,"Ring of the Snake":0,"hubris:GlazedTorus":47,"Golden Idol":3,"Basket Of Snakes":0,"Thread and Needle":0,"hubris:Towel":21,"Frozen Egg 2":28,"MawBank":26,"Ectoplasm":17,"Turnip":0,"ReplayTheSpireMod:Lightbulb":20,"Toy Ornithopter":20,"Tiny House":17,"Calipers":0,"Gremlin Horn":23,"CeramicFish":23,"hubris:VirtuousBlindfold":17,"HornCleat":38,"Prayer Wheel":0,"Iron Hammer":9,"Toxic Egg 2":28,"Byrd Skull":0,"Girya":43,"ReplayTheSpireMod:CursedCoin":5,"Oddly Smooth Stone":25,"Letter Opener":2,"Question Card":19,"Du-Vu Doll":0,"ReplayTheSpireMod:Shallot":26,"Shuriken":13,"Bronze Scales":9,"hubris:PeanutButter":28,"Onion Ring":46,"ReplayTheSpireMod:TigerMarble":23,"hubris:ToyBattleship":17,"Pocketwatch":11,"ReplayFunnel":43,"Snake Skull":9,"hubris:SlimyHat":25,"Juzu Bracelet":40,"Tough Bandages":41,"Nunchaku":34,"Replay:Bandana":7,"hubris:Icosahedron":11,"Chameleon Ring":25,"Mummified Hand":40,"Pantograph":9,"Tiny Chest":31,"Red Mask":39,"Gremlin Food":8,"hubris:DisguiseKit":34,"ReplayTheSpireMod:Ninjato":6,"Replay:Towering Pillar of Hats":0,"Quantum Egg":31,"Guide Book":36,"Orichalcum":29,"White Beast Statue":12,"Mercury Hourglass":14,"Calling Bell":34,"CaptainsWheel":0,"Anchor":9,"Membership Card":0,"hubris:Potato":14,"hubris:OldNail":10,"TungstenRod":14},{"TwistedFunnel":147,"Golden Egg":100,"Bottled Tornado":145,"Boot":44,"Blood Vial":146,"Replay:Ringing Soul":119,"Replay:Bronze Core":79,"Kunai":39,"Replay:Bottled Steam":56,"Counterbalance":16,"hubris:SphereOfDissonance":41,"Pen Nib":115,"Replay:Ancient Bell":156,"Paper Crane":124,"Akabeko":29,"SlaversCollar":35,"MutagenicStrength":105,"Pandora\u0027s Box":93,"Unceasing Top":118,"Lantern":14,"Regal Pillow":98,"hubris:Metronome":134,"StoneCalendar":71,"Blue Doll":117,"Bag of Preparation":30,"Replay:Multitool":106,"Ancient Tea Set":90,"Cursed Key":104,"Smiling Mask":136,"Pet Ghost":4,"Ninja Scroll":107,"WingedGreaves":96,"hubris:CuriousFeather":156,"Ring of the Snake":0,"hubris:GlazedTorus":69,"Golden Idol":73,"Basket Of Snakes":42,"Thread and Needle":71,"hubris:Towel":11,"Frozen Egg 2":31,"MawBank":30,"Ectoplasm":50,"Turnip":96,"ReplayTheSpireMod:Lightbulb":105,"Toy Ornithopter":130,"Tiny House":8,"Calipers":16,"Gremlin Horn":12,"CeramicFish":83,"hubris:VirtuousBlindfold":25,"HornCleat":37,"Prayer Wheel":96,"Iron Hammer":4,"Toxic Egg 2":58,"Byrd Skull":84,"Girya":65,"ReplayTheSpireMod:CursedCoin":149,"Oddly Smooth Stone":13,"Letter Opener":97,"Question Card":157,"Du-Vu Doll":71,"ReplayTheSpireMod:Shallot":13,"Shuriken":77,"Bronze Scales":89,"hubris:PeanutButter":31,"Onion Ring":115,"ReplayTheSpireMod:TigerMarble":55,"hubris:ToyBattleship":156,"Pocketwatch":101,"ReplayFunnel":143,"Snake Skull":76,"hubris:SlimyHat":56,"Juzu Bracelet":114,"Tough Bandages":39,"Nunchaku":60,"Replay:Bandana":76,"hubris:Icosahedron":125,"Chameleon Ring":134,"Mummified Hand":63,"Pantograph":100,"Tiny Chest":109,"Red Mask":62,"Gremlin Food":21,"hubris:DisguiseKit":60,"ReplayTheSpireMod:Ninjato":44,"Replay:Towering Pillar of Hats":96,"Quantum Egg":34,"Guide Book":36,"Orichalcum":32,"White Beast Statue":126,"Mercury Hourglass":103,"Calling Bell":60,"CaptainsWheel":0,"Anchor":44,"Membership Card":16,"hubris:Potato":7,"hubris:OldNail":22,"TungstenRod":49},{"TwistedFunnel":678,"Golden Egg":454,"Bottled Tornado":665,"Boot":251,"Blood Vial":670,"Replay:Ringing Soul":551,"Replay:Bronze Core":370,"Kunai":223,"Replay:Bottled Steam":294,"Counterbalance":85,"hubris:SphereOfDissonance":235,"Pen Nib":533,"Replay:Ancient Bell":708,"Paper Crane":574,"Akabeko":162,"SlaversCollar":201,"MutagenicStrength":488,"Pandora\u0027s Box":429,"Unceasing Top":546,"Lantern":76,"Regal Pillow":447,"hubris:Metronome":619,"StoneCalendar":332,"Blue Doll":540,"Bag of Preparation":168,"Replay:Multitool":493,"Ancient Tea Set":415,"Cursed Key":485,"Smiling Mask":628,"Pet Ghost":17,"Ninja Scroll":499,"WingedGreaves":441,"hubris:CuriousFeather":708,"Ring of the Snake":0,"hubris:GlazedTorus":327,"Golden Idol":338,"Basket Of Snakes":243,"Thread and Needle":332,"hubris:Towel":56,"Frozen Egg 2":173,"MawBank":168,"Ectoplasm":271,"Turnip":441,"ReplayTheSpireMod:Lightbulb":488,"Toy Ornithopter":605,"Tiny House":42,"Calipers":85,"Gremlin Horn":65,"CeramicFish":384,"hubris:VirtuousBlindfold":140,"HornCleat":211,"Prayer Wheel":441,"Iron Hammer":17,"Toxic Egg 2":299,"Byrd Skull":388,"Girya":319,"ReplayTheSpireMod:CursedCoin":685,"Oddly Smooth Stone":70,"Letter Opener":443,"Question Card":712,"Du-Vu Doll":332,"ReplayTheSpireMod:Shallot":70,"Shuriken":359,"Bronze Scales":409,"hubris:PeanutButter":173,"Onion Ring":533,"ReplayTheSpireMod:TigerMarble":291,"hubris:ToyBattleship":708,"Pocketwatch":465,"ReplayFunnel":655,"Snake Skull":355,"hubris:SlimyHat":294,"Juzu Bracelet":527,"Tough Bandages":223,"Nunchaku":305,"Replay:Bandana":355,"hubris:Icosahedron":585,"Chameleon Ring":619,"Mummified Hand":313,"Pantograph":454,"Tiny Chest":506,"Red Mask":310,"Gremlin Food":113,"hubris:DisguiseKit":305,"ReplayTheSpireMod:Ninjato":251,"Replay:Towering Pillar of Hats":441,"Quantum Egg":190,"Guide Book":206,"Orichalcum":179,"White Beast Statue":590,"Mercury Hourglass":472,"Calling Bell":305,"CaptainsWheel":0,"Anchor":251,"Membership Card":85,"hubris:Potato":31,"hubris:OldNail":121,"TungstenRod":265}],"Ring of the Snake":[320]},"card_choices":[{"not_picked":["Prepared","Dodge and Roll"],"picked":"hubris:Sniper","floor":1},{"not_picked":["Sucker Punch","Deadly Poison"],"picked":"Underhanded Strike","floor":4},{"not_picked":["Slice","ReplayTheSpireMod:Exploit Weakness"],"picked":"hubris:SlightOfHand","floor":6},{"not_picked":["Crippling Poison","Concentrate"],"picked":"Cloak And Dagger","floor":8},{"not_picked":["Sucker Punch","Bullet Time","Slice"],"picked":"SKIP","floor":10},{"not_picked":["ReplayTheSpireMod:Speed Training","Bouncing Flask"],"picked":"Hidden Blade","floor":12},{"not_picked":["Leg Sweep","ReplayTheSpireMod:Tripwire"],"picked":"Prepared","floor":13},{"not_picked":["Underhanded Strike","hubris:Counter"],"picked":"All Out Attack","floor":14},{"not_picked":["A Thousand Cuts","Envenom"],"picked":"Adrenaline","floor":16},{"not_picked":["Amnesia","Shame"],"picked":"Delirium","floor":17},{"not_picked":["Normality","CommonCold"],"picked":"Delirium","floor":17},{"not_picked":["Overencumbered","Writhe"],"picked":"Hallucinations","floor":17},{"not_picked":["Riddle With Holes","Bane"],"picked":"Hidden Blade","floor":18},{"not_picked":["hubris:Counter","Toxin Wave","Underhanded Strike"],"picked":"Noxious Fumes","floor":21},{"not_picked":["Footwork+1","Blur","Sucker Punch"],"picked":"Eviscerate+1","floor":22}],"player_experience":650985,"relics_obtained":[{"floor":6,"key":"CaptainsWheel"},{"floor":9,"key":"hubris:SphereOfDissonance"}],"event_choices":[{"damage_healed":0,"gold_gain":0,"player_choice":"Forge","damage_taken":0,"max_hp_gain":0,"max_hp_loss":0,"event_name":"Accursed Blacksmith","floor":3,"gold_loss":0,"cards_upgraded":["Accuracy"]},{"damage_healed":0,"gold_gain":0,"player_choice":"Obtained Relic","damage_taken":0,"relics_obtained":["Question Card"],"max_hp_gain":0,"max_hp_loss":0,"event_name":"Addict","floor":19,"gold_loss":85},{"damage_healed":0,"gold_gain":0,"player_choice":"Shed Blood","damage_taken":18,"max_hp_gain":5,"max_hp_loss":0,"event_name":"Forgotten Altar","floor":20,"gold_loss":0}],"is_beta":false,"boss_relics":[{"not_picked":["hubris:GrandSneckoEye","ChewingGum"],"picked":"Replay:Ancient Bell"},{"not_picked":["Pet Ghost","Boot"],"picked":"hubris:ToyBattleship"},{"not_picked":["hubris:CrystalStatue","Onion Ring"],"picked":"Replay:Bottled Steam"},{"not_picked":["FossilizedHelix","Peace Pipe"],"picked":"hubris:CuriousFeather"}],"items_purged_floors":[0,5],"is_endless":false,"potions_floor_spawned":[1,6,8,13,18,21],"killed_by":"Slavers","ascension_level":13}}