{"host":"vk2xyavtylxbvrfq","time":1613750000,"event":{"mods":["Bard","BaseMod","Bestiary","Better Altar","Better Match","Better Note","Better Sensory Stone","Better Skull","Better Vampires","Block Reminder","Bossed Relics","Colored Map","Curses Come First","Displayed Cursed Tome","Downfall","Extra Virgin Snecko Oil","Fox Events","Hermit","Ironclad Rager","Marked Mod","Minty Spire (QoL Compilation)","Quick Restart","Rare Cards Sparkle","Relic Sorter","Reliquary","Robot Space Explorer","Shapeshifter Mod","StSLib","The Hayseed","The Marked","The Runesmith","Unceasing Turn Reminder"],"gold_per_floor":[112,187,14,34,34,63,75,75,75,85,85,85,99,14,14,109,109,127,127,145,145,55,55,80,80,80,98,197,209,209,229,229,229,229],"floor_reached":33,"language":"ENG","playtime":1004,"items_purged":[],"score":377,"play_id":"5af914c5-bfd0-40de-88f1-d87e6c250d26","local_time":"20210219105320","is_ascension_mode":true,"campfire_choices":[{"floor":8.0,"key":"REST"},{"floor":11.0,"key":"REST"},{"data":"Metamorphosis","floor":15.0,"key":"SMITH"},{"data":"hermit:Showdown","floor":23.0,"key":"SMITH"},{"floor":25.0,"key":"REST"},{"floor":30.0,"key":"REST"},{"floor":32.0,"key":"REST"}],"circlet_count":0,"master_deck":["hermit:Strike_Hermit","hermit:Strike_Hermit","hermit:Strike_Hermit+1","hermit:Strike_Hermit","hermit:Defend_Hermit","hermit:Defend_Hermit","hermit:Defend_Hermit","hermit:Defend_Hermit","hermit:Snapshot+1","hermit:Covet","hermit:Showdown+1","hermit:Coalescence+1","hermit:Dive","hermit:Glare","hermit:Combo+1","hermit:Glare","Metamorphosis+1","hermit:Magnum","hermit:Glare","hermit:Snapshot","hermit:Deadeye","hermit:Showdown+1","hermit:Dive"],"relics":["hermit:Momento","NeowsBlessing","Membership Card","reliquary:QuartzCube","Mummified Hand","Busted Crown","reliquary:Aerogel","Bottled Tornado"],"acts_visited":["Exordium","TheCity"],"potions_floor_usage":[33,33],"damage_taken":[{"damage":0.0,"enemies":"2 Louse","floor":1.0,"turns":1.0},{"damage":0.0,"enemies":"Small Slimes","floor":4.0,"turns":1.0},{"damage":0.0,"enemies":"Gremlin Nob","floor":6.0,"turns":1.0},{"damage":4.0,"enemies":"Cultist","floor":7.0,"turns":4.0},{"damage":6.0,"enemies":"Looter","floor":10.0,"turns":3.0},{"damage":0.0,"enemies":"Large Slime","floor":13.0,"turns":4.0},{"damage":41.0,"enemies":"The Guardian","floor":16.0,"turns":9.0},{"damage":1.0,"enemies":"Spheric Guardian","floor":18.0,"turns":3.0},{"damage":0.0,"enemies":"3 Byrds","floor":20.0,"turns":4.0},{"damage":28.0,"enemies":"Gremlin Leader","floor":24.0,"turns":6.0},{"damage":0.0,"enemies":"Cultist and Chosen","floor":27.0,"turns":4.0},{"damage":17.0,"enemies":"Sentry and Sphere","floor":29.0,"turns":4.0},{"damage":23.0,"enemies":"Centurion and Healer","floor":31.0,"turns":4.0},{"damage":56,"enemies":"Champ","floor":33,"turns":6}],"seed_played":"-1033310995766555996","potions_obtained":[{"floor":1.0,"key":"EssenceOfSteel"},{"floor":7.0,"key":"champ:CounterPotion"},{"floor":10.0,"key":"FearPotion"},{"floor":16.0,"key":"DistilledChaos"},{"floor":21.0,"key":"foxEvents:VialedCaress"},{"floor":24.0,"key":"LiquidBronze"},{"floor":31.0,"key":"AttackPotion"}],"is_trial":false,"path_per_floor":["M","?","$","M","?","E","M","R","T","M","R","?","M","$","R","B",null,"M","?","M","?","?","R","E","R","T","M","?","M","R","M","R","B"],"character_chosen":"HERMIT","items_purchased":["Membership Card","hermit:Coalescence","Metamorphosis"],"campfire_rested":5,"item_purchase_floors":[3,3,14],"current_hp_per_floor":[68,57,57,57,42,42,38,60,60,54,75,75,75,75,75,34,65,64,64,64,63,63,63,35,53,53,53,53,36,54,31,49,0,0],"gold":229,"neow_bonus":"THREE_ENEMY_KILL","is_daily":false,"chose_seed":false,"campfire_upgraded":2,"win_rate":0.0,"timestamp":1613750000,"path_taken":["M","?","$","M","?","E","M","R","T","M","R","?","?","$","R","BOSS","M","?","?","?","?","R","E","R","T","?","?","M","R","M","R","BOSS"],"items_purchased_type":["Relic","Card","Card"],"build_version":"2020-12-22","purchased_purges":0,"victory":false,"max_hp_per_floor":[75,75,75,75,75,75,75,75,75,75,75,75,75,75,75,75,75,75,75,75,63,63,63,63,63,63,63,63,63,63,63,63,63,63],"card_choices":[{"not_picked":["hermit:HighCaliber","hermit:Snipe"],"picked":"hermit:Showdown","floor":1.0},{"not_picked":["hermit:SprayPray","hermit:Grudge"],"picked":"hermit:Dive","floor":4.0},{"not_picked":["hermit:Malice","hermit:Dive"],"picked":"hermit:BodyArmor","floor":6.0},{"not_picked":["hermit:ItchyTrigger","hermit:Headshot"],"picked":"hermit:Glare","floor":7.0},{"not_picked":["hermit:Desperado","hermit:LuckOfTheDraw"],"picked":"hermit:Combo","floor":10.0},{"not_picked":["hermit:ShadowCloak","hermit:HighCaliber"],"picked":"hermit:Glare","floor":13.0},{"not_picked":["hermit:Purgatory","hermit:BlackWind"],"picked":"hermit:Magnum","floor":16.0},{"not_picked":[],"picked":"hermit:Glare","floor":18.0},{"not_picked":[],"picked":"hermit:Deadeye","floor":20.0},{"not_picked":["hermit:Desperado"],"picked":"SKIP","floor":24.0},{"not_picked":[],"picked":"hermit:Showdown+1","floor":27.0},{"not_picked":["hermit:CursedWeapon+1"],"picked":"SKIP","floor":29.0},{"not_picked":[],"picked":"hermit:Dive","floor":31.0}],"player_experience":1438920,"relics_obtained":[{"floor":6.0,"key":"reliquary:QuartzCube"},{"floor":9.0,"key":"Mummified Hand"},{"floor":24.0,"key":"reliquary:Aerogel"},{"floor":26.0,"key":"Bottled Tornado"}],"event_choices":[{"damage_healed":0.0,"max_hp_gain":0.0,"max_hp_loss":0.0,"gold_gain":75.0,"event_name":"World of Goop","player_choice":"Gather Gold","floor":2.0,"gold_loss":0.0,"damage_taken":11.0},{"damage_healed":0.0,"max_hp_gain":0.0,"max_hp_loss":0.0,"gold_gain":0.0,"event_name":"Shining Light","player_choice":"Entered Light","floor":5.0,"gold_loss":0.0,"damage_taken":15.0,"cards_upgraded":["hermit:Strike_Hermit","hermit:Snapshot"]},{"damage_healed":0.0,"max_hp_gain":0.0,"max_hp_loss":0.0,"gold_gain":0.0,"event_name":"Upgrade Shrine","player_choice":"Upgraded","floor":12.0,"gold_loss":0.0,"damage_taken":0.0,"cards_upgraded":["hermit:Combo"]},{"cards_removed":["Metamorphosis"],"damage_healed":0.0,"max_hp_gain":0.0,"max_hp_loss":0.0,"gold_gain":0.0,"event_name":"betterNote:BetterNote","player_choice":"Take \u0026 Give","floor":19.0,"gold_loss":0.0,"damage_taken":0.0,"cards_obtained":["hermit:Snapshot"]},{"cards_removed":["hermit:BodyArmor"],"damage_healed":0.0,"max_hp_gain":0.0,"max_hp_loss":0.0,"gold_gain":0.0,"event_name":"Designer","player_choice":"Upgrade and Remove","floor":22.0,"gold_loss":90.0,"damage_taken":0.0,"cards_upgraded":["hermit:Coalescence"]},{"damage_healed":0.0,"max_hp_gain":0.0,"max_hp_loss":0.0,"gold_gain":99.0,"event_name":"Nest","player_choice":"Stole From Cult","floor":28.0,"gold_loss":0.0,"damage_taken":0.0}],"is_beta":false,"boss_relics":[{"not_picked":["Snecko Eye","hermit:BartenderGlass"],"picked":"Busted Crown"}],"items_purged_floors":[],"is_endless":false,"potions_floor_spawned":[1,7,10,16,24,31],"killed_by":"Champ","ascension_level":6}}