{"host":"1mxsqhrnflkerv75","time":1613707259,"event":{"mods":["AchievementEnabler","BaseMod","BetterRewards","Curses Come First","Downfall","Hermit","Infinite Spire","Minty Spire (QoL Compilation)","Replay The Spire","Spicy Shops","StSLib","The Cursed","The Saiyan"],"gold_per_floor":[95,95,109,170,187,187,187,187,187,187,218,218,232,265,265,369,469,487,487,487,505,524,556,569,569,594,594,605,630,331,347,347,452,452,467,437,453,24,43,43,43],"floor_reached":40,"language":"ENG","playtime":4525,"items_purged":["ReplayTheSpireMod:Doomed"],"score":486,"play_id":"f46167dd-c6c7-4c0a-83b6-ebd0d1bb41ba","local_time":"20210218230059","is_ascension_mode":false,"campfire_choices":[{"data":"Saiyan:KaioKen","floor":6,"key":"SMITH"},{"data":"Saiyan:AugmentedBlast","floor":8,"key":"SMITH"},{"data":"infinitespire:DeathsTouch","floor":10,"key":"SMITH"},{"floor":15,"key":"REST"},{"data":"Saiyan:PlotArmor","floor":32,"key":"SMITH"}],"circlet_count":0,"master_deck":["Saiyan:SAIYA_Strike","Saiyan:SAIYA_Strike","Saiyan:SAIYA_Strike","Saiyan:SAIYA_Defend","Saiyan:SAIYA_Defend","Saiyan:SAIYA_Defend","Saiyan:SAIYA_Defend","Saiyan:EnergyBlast","Saiyan:KaioKen+1","Saiyan:AugmentedBlast+1","infinitespire:DeathsTouch+1","Saiyan:ExpandingShockwave","Saiyan:MonkeyTail","Saiyan:PowerUp","Saiyan:ReverberatingForce+1","Saiyan:Quickening","Saiyan:PlotArmor+1","Saiyan:MindBoom","Saiyan:GhostAttack","Saiyan:FinalFlash+1","Saiyan:BackAttack+1","Saiyan:MindBoom+1","Saiyan:PowerUp","Saiyan:PlotArmor","Saiyan:TurtleShell","Saiyan:DragonRadar"],"relics":["SaiyanSoul","SaiyanHeart","infinitespire:ShieldingShard","Incense Burner","infinitespire:EmpoweringShard","Replay:Wanted Poster","Dream Catcher","bronze:MakeshiftBattery","Letter Opener","Enchiridion","infinitespire:Beetle Shell","StoneCalendar","Replay:Multitool","Astrolabe","ReplayTheSpireMod:CursedCoin","Lantern","White Beast Statue"],"acts_visited":["Exordium","TheCity","TheBeyond"],"potions_floor_usage":[14,14,16,16,22,22,23,23,29,29,33,40,40,40,40],"damage_taken":[{"damage":0,"enemies":"Small Slimes","floor":1,"turns":3},{"damage":0,"enemies":"Jaw Worm","floor":3,"turns":5},{"damage":5,"enemies":"2 Louse","floor":5,"turns":3},{"damage":3,"enemies":"3 Sentries","floor":11,"turns":4},{"damage":20,"enemies":"Exordium Thugs","floor":13,"turns":2},{"damage":0,"enemies":"Lagavulin","floor":14,"turns":2},{"damage":3,"enemies":"Fading Forest","floor":16,"turns":11},{"damage":0,"enemies":"3 Byrds","floor":18,"turns":4},{"damage":0,"enemies":"2 Thieves","floor":21,"turns":2},{"damage":0,"enemies":"Snake Plant","floor":22,"turns":6},{"damage":8,"enemies":"Slavers","floor":23,"turns":6},{"damage":0,"enemies":"3 Cultists","floor":24,"turns":2},{"damage":0,"enemies":"Centurion and Healer","floor":28,"turns":2},{"damage":5,"enemies":"Nightmare","floor":29,"turns":6},{"damage":0,"enemies":"Sentry and Sphere","floor":31,"turns":2},{"damage":45,"enemies":"Collector","floor":33,"turns":8},{"damage":12,"enemies":"3 Darklings","floor":35,"turns":7},{"damage":0,"enemies":"3 Shapes","floor":37,"turns":2},{"damage":9,"enemies":"Jaw Worm Horde","floor":39,"turns":2},{"damage":67,"enemies":"Reptomancer","floor":40,"turns":5}],"seed_played":"-3451032246963117554","potions_obtained":[{"floor":0,"key":"SteroidPotion"},{"floor":0,"key":"Death Potion"},{"floor":0,"key":"LifebloodPotion"},{"floor":1,"key":"SneckoOil"},{"floor":11,"key":"Energy Potion"},{"floor":14,"key":"Strength Potion"},{"floor":16,"key":"Block Potion"},{"floor":21,"key":"Block Potion"},{"floor":22,"key":"EntropicBrew"},{"floor":29,"key":"Fruit Juice"},{"floor":35,"key":"hexamod:SoulburnPotion"},{"floor":36,"key":"Block Potion"},{"floor":36,"key":"Death Potion"},{"floor":39,"key":"Block Potion"}],"is_trial":false,"path_per_floor":["M","?","M","?","M","R","$","R","T","R","E","?","M","E","R","B",null,"M","?","AVR","M","M","E","M","?","T","?","M","NM","$","M","R","B",null,"M","?","M","$","M","E"],"character_chosen":"SAIYAJIN","items_purchased":["Replay:Multitool","Saiyan:TurtleShell","ReplayTheSpireMod:CursedCoin","Lantern","White Beast Statue"],"campfire_rested":1,"item_purchase_floors":[30,38,38,38,38],"current_hp_per_floor":[62,46,46,46,41,41,41,41,41,41,38,38,18,19,37,47,66,68,68,68,69,72,66,66,50,50,50,51,52,52,52,52,8,82,70,70,70,70,61,0,0],"gold":43,"neow_bonus":"THREE_SMALL_POTIONS","is_daily":false,"chose_seed":false,"campfire_upgraded":4,"win_rate":0.0,"timestamp":1613707259,"path_taken":["M","?","M","?","M","R","$","R","T","R","E","?","?","E","R","BOSS","M","?","AVR","M","M","E","M","?","T","?","?","NM","?","?","R","BOSS","M","?","?","$","?","E"],"items_purchased_type":["Relic","Card","Relic","Relic","Relic"],"build_version":"2020-12-22","purchased_purges":1,"victory":false,"max_hp_per_floor":[62,62,62,62,62,62,62,62,62,62,62,62,62,63,63,66,66,68,68,68,69,72,74,74,74,74,74,75,81,81,81,81,82,82,82,82,82,82,82,83,83],"card_choices":[{"not_picked":["Saiyan:Quickening","Saiyan:Taunt"],"picked":"Saiyan:AugmentedBlast","floor":1},{"not_picked":["infinitespire:Starlight","ReplayTheSpireMod:??????????????????????"],"picked":"infinitespire:DeathsTouch","floor":2},{"not_picked":["Saiyan:SaiyanHubris","Saiyan:BackAttack"],"picked":"Saiyan:DoubleMasenko","floor":3},{"not_picked":["Saiyan:Medicine","Saiyan:DoubleMasenko"],"picked":"Saiyan:SaiyanHubris","floor":5},{"not_picked":["Saiyan:PowerPole","Saiyan:Taunt","Saiyan:SaiyanHubris"],"picked":"SKIP","floor":11},{"not_picked":["Saiyan:SoulSpice","Saiyan:RemoveWeights","Saiyan:PlotArmor"],"picked":"SKIP","floor":13},{"not_picked":["Saiyan:Afterimage","Saiyan:Quickening"],"picked":"Saiyan:ExpandingShockwave","floor":14},{"not_picked":["Saiyan:GenkiDama","Saiyan:SolarFlare"],"picked":"Saiyan:MonkeyTail","floor":16},{"not_picked":["Saiyan:Endure","Saiyan:BurningSoul","Saiyan:PowerPole"],"picked":"SKIP","floor":18},{"not_picked":["Saiyan:RemoveWeights","Saiyan:Furor"],"picked":"Saiyan:PowerUp","floor":21},{"not_picked":["Saiyan:PowerUp+1","Saiyan:TurtleShell"],"picked":"Saiyan:ReverberatingForce+1","floor":22},{"not_picked":["Saiyan:DrainingStrike","Saiyan:PowerStance","Saiyan:BigBangAttack+1"],"picked":"SKIP","floor":23},{"not_picked":["Saiyan:RemoveWeights","Saiyan:Flurry+1"],"picked":"Saiyan:Quickening","floor":24},{"not_picked":["Saiyan:AugmentedBlast+1","Saiyan:Flurry"],"picked":"Saiyan:PlotArmor","floor":28},{"not_picked":["Saiyan:RemoveWeights","Saiyan:SpiritSword","Saiyan:BackAttack"],"picked":"SKIP","floor":29},{"not_picked":["Saiyan:Flurry","Saiyan:Quickening"],"picked":"Saiyan:MindBoom","floor":31},{"not_picked":["Saiyan:MonkeyTail","Saiyan:Rekindle"],"picked":"Saiyan:GhostAttack","floor":33},{"not_picked":["Saiyan:Twize","Saiyan:KiExplosion"],"picked":"Saiyan:PowerUp","floor":35},{"not_picked":["Saiyan:DoubleMasenko","Saiyan:DrainingStrike+1"],"picked":"Saiyan:PlotArmor","floor":37},{"not_picked":["Saiyan:ExtremeSpeed+1","Saiyan:PlotArmor+1"],"picked":"Saiyan:DragonRadar","floor":39}],"player_experience":88933,"relics_obtained":[{"floor":9,"key":"infinitespire:ShieldingShard"},{"floor":14,"key":"infinitespire:EmpoweringShard"},{"floor":23,"key":"Letter Opener"},{"floor":25,"key":"Enchiridion"},{"floor":26,"key":"infinitespire:Beetle Shell"},{"floor":29,"key":"StoneCalendar"}],"event_choices":[{"damage_healed":0,"gold_gain":61,"player_choice":"Gained Gold","damage_taken":0,"max_hp_gain":0,"max_hp_loss":0,"event_name":"Golden Wing","floor":4,"gold_loss":0},{"cards_removed":["Saiyan:SaiyanHubris"],"damage_healed":0,"gold_gain":0,"player_choice":"Gave Card","damage_taken":0,"relics_obtained":["Incense Burner"],"max_hp_gain":0,"max_hp_loss":0,"event_name":"WeMeetAgain","floor":12,"gold_loss":0},{"damage_healed":0,"gold_gain":0,"player_choice":"Ignored","damage_taken":0,"max_hp_gain":0,"max_hp_loss":0,"event_name":"Ghosts","floor":19,"gold_loss":0},{"damage_healed":0,"gold_gain":0,"player_choice":"Obtained Book","damage_taken":16,"max_hp_gain":0,"max_hp_loss":0,"event_name":"Cursed Tome","floor":25,"gold_loss":0},{"damage_healed":0,"gold_gain":0,"player_choice":"Bought 2 Potions","damage_taken":0,"max_hp_gain":0,"max_hp_loss":0,"event_name":"The Woman in Blue","floor":36,"gold_loss":0}],"is_beta":false,"boss_relics":[{"not_picked":["Philosopher\u0027s Stone","Ring of Chaos"],"picked":"Replay:Wanted Poster"},{"not_picked":["Replay:Drink Me","ReplayTheSpireMod:DimensionalGlitch"],"picked":"Astrolabe"}],"items_purged_floors":[38],"is_endless":true,"potions_floor_spawned":[1,11,14,16,21,22,29,35,39],"killed_by":"Reptomancer","ascension_level":0}}