{"host":"9yo5khnuvxldso0z","time":1613715135,"event":{"mods":["BaseMod","Minty Spire (QoL Compilation)","Spire with Friends"],"gold_per_floor":[159,159,170,182,201,232,134,151,227,255,273,273,301,319,319,319,416,416,416,416,416,416,416,416,416,416,416,416,416,416,416,416,416,416,416,416,416,416,416,416,316,316,316,316,316,316,316,316,316,316,241,241,241,241,241,94,94,82,82],"floor_reached":60,"language":"ENG","playtime":8907,"items_purged":["Strike_G","Strike_G"],"score":1409,"play_id":"038f2d6f-f121-420f-aea2-7440c1fc25ef","local_time":"20210218221215","is_ascension_mode":true,"campfire_choices":[{"data":"Eviscerate","floor":12,"key":"SMITH"},{"floor":16,"key":"REST"},{"data":"Backflip","floor":25,"key":"SMITH"},{"floor":34,"key":"REST"},{"floor":43,"key":"REST"},{"floor":47,"key":"RECALL"},{"floor":52,"key":"REST"},{"data":"Caltrops","floor":55,"key":"SMITH"}],"circlet_count":0,"master_deck":["Strike_G","Strike_G","Defend_G","Defend_G","Defend_G+1","Defend_G","Defend_G","Survivor","Neutralize+1","Dagger Throw","Backflip","Deadly Poison","Eviscerate+1","Prepared","PiercingWail","Acrobatics","Blade Dance","Backflip+1","Unload","Armaments+1","Die Die Die","Caltrops+1","Underhanded Strike+1","Dodge and Roll+1","Noxious Fumes","Good Instincts","Footwork","Dash","Dagger Throw+1","Choke","Terror+1","Tools of the Trade","Doppelganger","Bouncing Flask+1","Perfected Strike+1"],"relics":["Tiny House","Tough Bandages","Meat on the Bone","Boot","Mummified Hand","Ectoplasm","TungstenRod","Bottled Lightning","Regal Pillow","Ancient Tea Set","Red Mask","Cursed Key","Torii","Incense Burner","Anchor","Kunai","ClockworkSouvenir","War Paint"],"acts_visited":["Exordium","TheCity","TheBeyond","TheEnding"],"potions_floor_usage":[6,13,22,24,28,57,59,59],"damage_taken":[{"damage":2,"enemies":"Jaw Worm","floor":1,"turns":6},{"damage":0,"enemies":"Cultist","floor":3,"turns":4},{"damage":0,"enemies":"2 Louse","floor":4,"turns":4},{"damage":0,"enemies":"Red Slaver","floor":5,"turns":3},{"damage":16,"enemies":"Gremlin Nob","floor":6,"turns":3},{"damage":6,"enemies":"3 Louse","floor":8,"turns":5},{"damage":15,"enemies":"Lagavulin","floor":10,"turns":9},{"damage":5,"enemies":"Looter","floor":11,"turns":3},{"damage":9,"enemies":"3 Sentries","floor":13,"turns":7},{"damage":0,"enemies":"2 Fungi Beasts","floor":14,"turns":3},{"damage":32,"enemies":"The Guardian","floor":17,"turns":12},{"damage":2,"enemies":"Chosen","floor":19,"turns":3},{"damage":2,"enemies":"Spheric Guardian","floor":20,"turns":3},{"damage":9,"enemies":"Chosen and Byrds","floor":21,"turns":6},{"damage":0,"enemies":"3 Cultists","floor":22,"turns":5},{"damage":35,"enemies":"Gremlin Leader","floor":24,"turns":8},{"damage":14,"enemies":"Book of Stabbing","floor":26,"turns":6},{"damage":23,"enemies":"Slavers","floor":28,"turns":5},{"damage":0,"enemies":"Snake Plant","floor":29,"turns":4},{"damage":0,"enemies":"Cultist and Chosen","floor":30,"turns":5},{"damage":1,"enemies":"Centurion and Healer","floor":31,"turns":6},{"damage":5,"enemies":"Masked Bandits","floor":32,"turns":5},{"damage":45,"enemies":"Collector","floor":35,"turns":7},{"damage":0,"enemies":"3 Shapes","floor":37,"turns":4},{"damage":22,"enemies":"2 Orb Walkers","floor":38,"turns":5},{"damage":0,"enemies":"Orb Walker","floor":39,"turns":2},{"damage":0,"enemies":"Mind Bloom Boss Battle","floor":40,"turns":6},{"damage":27,"enemies":"Nemesis","floor":42,"turns":7},{"damage":49,"enemies":"Reptomancer","floor":44,"turns":6},{"damage":0,"enemies":"Jaw Worm Horde","floor":49,"turns":4},{"damage":19,"enemies":"Spire Growth","floor":50,"turns":6},{"damage":43,"enemies":"Time Eater","floor":53,"turns":16},{"damage":36,"enemies":"Shield and Spear","floor":57,"turns":7},{"damage":31,"enemies":"The Heart","floor":59,"turns":12}],"seed_played":"7453282312728995576","potions_obtained":[{"floor":0,"key":"DuplicationPotion"},{"floor":5,"key":"Fire Potion"},{"floor":8,"key":"GamblersBrew"},{"floor":10,"key":"Strength Potion"},{"floor":15,"key":"Regen Potion"},{"floor":17,"key":"PowerPotion"},{"floor":22,"key":"Regen Potion"},{"floor":28,"key":"Energy Potion"},{"floor":31,"key":"SteroidPotion"},{"floor":37,"key":"CunningPotion"},{"floor":44,"key":"DistilledChaos"}],"is_trial":false,"path_per_floor":["M","?","M","M","M","E","$","M","T","E","M","R","E","M","C","R","B",null,"M","M","M","M","?","E","R","E","T","E","M","M","M","?","C","R","B",null,"M","?","M","?","$","E","R","E","T","?","R","?","M","M","C","R","B",null,"R","$","E","C","B",null],"character_chosen":"THE_SILENT","items_purchased":["Acrobatics","ClockworkSouvenir"],"campfire_rested":4,"item_purchase_floors":[7,56],"current_hp_per_floor":[73,73,73,73,73,57,57,51,51,48,43,43,46,46,46,68,48,75,73,71,62,62,50,42,42,40,40,44,44,44,43,38,38,75,42,75,75,53,53,53,53,38,75,38,38,38,38,38,38,31,31,68,37,75,75,75,39,39,20],"gold":82,"neow_bonus":"","is_daily":false,"chose_seed":true,"campfire_upgraded":3,"win_rate":0.0,"timestamp":1613715135,"path_taken":["M","?","M","M","M","E","$","M","T","E","?","R","E","M","C","R","BOSS","M","M","M","M","?","E","R","E","T","E","?","M","M","?","C","R","BOSS","M","?","M","?","?","E","R","E","T","?","R","?","M","?","C","R","BOSS","R","$","E","C","BOSS"],"items_purchased_type":["Card","Relic"],"build_version":"2020-12-22","purchased_purges":2,"victory":true,"max_hp_per_floor":[75,75,75,75,75,75,75,75,75,75,75,75,75,75,75,75,75,75,75,75,75,75,75,75,75,75,75,75,75,75,75,75,75,75,75,75,75,75,75,75,75,75,75,75,75,75,75,75,75,75,75,75,75,75,75,75,75,75,75],"card_choices":[{"not_picked":["Underhanded Strike","Dodge and Roll"],"picked":"Dagger Throw","floor":0},{"not_picked":["PiercingWail","Well Laid Plans"],"picked":"Backflip","floor":1},{"not_picked":["Infinite Blades","Caltrops"],"picked":"Deadly Poison","floor":3},{"not_picked":["Outmaneuver","Finisher"],"picked":"Eviscerate","floor":4},{"not_picked":["Deadly Poison","Dagger Spray"],"picked":"Prepared","floor":5},{"not_picked":["Heel Hook","Backstab"],"picked":"PiercingWail","floor":6},{"not_picked":["Riddle With Holes","Quick Slash"],"picked":"Blade Dance","floor":8},{"not_picked":["Expertise","Underhanded Strike"],"picked":"Backflip","floor":10},{"not_picked":["Backflip","Outmaneuver","Deadly Poison"],"picked":"SKIP","floor":11},{"not_picked":["Underhanded Strike","Dagger Spray","Predator"],"picked":"SKIP","floor":13},{"not_picked":["Acrobatics","Dagger Spray"],"picked":"Unload","floor":14},{"not_picked":[],"picked":"Armaments+1","floor":15},{"not_picked":["Glass Knife","Venomology"],"picked":"Die Die Die","floor":17},{"not_picked":["Poisoned Stab","Dagger Throw"],"picked":"Caltrops","floor":19},{"not_picked":["Backflip+1","Dagger Spray+1"],"picked":"Underhanded Strike+1","floor":20},{"not_picked":["Sucker Punch","Leg Sweep"],"picked":"Dodge and Roll+1","floor":21},{"not_picked":["Dash","Escape Plan"],"picked":"Noxious Fumes","floor":22},{"not_picked":["Poisoned Stab","Outmaneuver"],"picked":"PiercingWail","floor":24},{"not_picked":["Reflex","Bane+1"],"picked":"Footwork","floor":26},{"not_picked":["Burst","Sucker Punch+1"],"picked":"Dash","floor":28},{"not_picked":["Tactician","Dodge and Roll"],"picked":"Dagger Throw+1","floor":29},{"not_picked":["Tactician+1","Noxious Fumes"],"picked":"Choke","floor":30},{"not_picked":["Underhanded Strike","Acrobatics"],"picked":"Terror","floor":31},{"not_picked":["Adrenaline","Wraith Form v2"],"picked":"Tools of the Trade","floor":35},{"not_picked":["Sucker Punch","Tactician+1","Flying Knee+1"],"picked":"SKIP","floor":37},{"not_picked":["Blade Dance","Quick Slash+1"],"picked":"Doppelganger","floor":38},{"not_picked":["Deflect","All Out Attack+1","Terror"],"picked":"SKIP","floor":39},{"not_picked":["Sucker Punch","Dagger Throw","All Out Attack+1"],"picked":"SKIP","floor":42},{"not_picked":["Predator","Acrobatics","Underhanded Strike+1"],"picked":"SKIP","floor":44},{"not_picked":["Quick Slash","Noxious Fumes","Leg Sweep"],"picked":"SKIP","floor":49},{"not_picked":["Flechettes","Blade Dance","Underhanded Strike+1"],"picked":"SKIP","floor":50},{"not_picked":["Prepared+1","Flying Knee"],"picked":"Bouncing Flask+1","floor":57},{"not_picked":[],"picked":"Perfected Strike+1","floor":58}],"player_experience":107755,"relics_obtained":[{"floor":6,"key":"Tough Bandages"},{"floor":9,"key":"Meat on the Bone"},{"floor":10,"key":"Boot"},{"floor":13,"key":"Mummified Hand"},{"floor":24,"key":"TungstenRod"},{"floor":26,"key":"Bottled Lightning"},{"floor":27,"key":"Regal Pillow"},{"floor":28,"key":"Ancient Tea Set"},{"floor":32,"key":"Red Mask"},{"floor":38,"key":"Torii"},{"floor":40,"key":"Incense Burner"},{"floor":42,"key":"Anchor"},{"floor":44,"key":"Kunai"},{"floor":57,"key":"War Paint"}],"event_choices":[{"damage_healed":0,"gold_gain":0,"player_choice":"Forge","damage_taken":0,"max_hp_gain":0,"max_hp_loss":0,"event_name":"Accursed Blacksmith","floor":2,"gold_loss":0,"cards_upgraded":["Neutralize"]},{"damage_healed":0,"gold_gain":0,"player_choice":"CARD ","damage_taken":12,"max_hp_gain":0,"max_hp_loss":0,"event_name":"Knowing Skull","floor":23,"potions_obtained":[],"gold_loss":0,"cards_obtained":["Good Instincts"]},{"damage_healed":0,"gold_gain":0,"player_choice":"Fought Bandits","damage_taken":0,"max_hp_gain":0,"max_hp_loss":0,"event_name":"Masked Bandits","floor":32,"gold_loss":0},{"damage_healed":0,"gold_gain":0,"player_choice":"Fight","damage_taken":0,"max_hp_gain":0,"max_hp_loss":0,"event_name":"Mysterious Sphere","floor":38,"gold_loss":0},{"damage_healed":0,"gold_gain":0,"player_choice":"Fight","damage_taken":0,"max_hp_gain":0,"max_hp_loss":0,"event_name":"MindBloom","floor":40,"gold_loss":0},{"damage_healed":0,"gold_gain":222,"player_choice":"Wore Mask","damage_taken":0,"max_hp_gain":0,"max_hp_loss":0,"event_name":"Tomb of Lord Red Mask","floor":46,"gold_loss":0},{"cards_removed":["Strike_G"],"damage_healed":0,"gold_gain":0,"player_choice":"Removed Attack","damage_taken":0,"max_hp_gain":0,"max_hp_loss":0,"event_name":"Falling","floor":48,"gold_loss":0}],"is_beta":false,"boss_relics":[{"not_picked":["Velvet Choker","Runic Dome"],"picked":"Ectoplasm"},{"not_picked":["WristBlade","Philosopher\u0027s Stone"],"picked":"Cursed Key"}],"items_purged_floors":[7,41],"is_endless":false,"potions_floor_spawned":[5,8,10,17,21,22,28,31,35,37,44],"ascension_level":3}}