{"host":"91blwi3hgehj6ch9","time":1613776973,"event":{"mods":["2.2 Compatiblity","AchievementEnabler","BaseMod","Colored Map","DeckTracker","Keyboard Shortcuts","Minty Spire (QoL Compilation)","Permanent Neow","Relic Stats","StSLib","SuperFastMode","everything is the same but u backflip on backflip"],"gold_per_floor":[119,119,139,139,150,150,164,164,164,89,106,116,146,158,158,158,158],"floor_reached":16,"language":"KOR","playtime":564,"items_purged":[],"score":208,"play_id":"1ffaa97b-7e1c-43e9-80a6-ec96f05d2565","local_time":"20210220082253","is_ascension_mode":true,"campfire_choices":[{"data":"Dash","floor":6.0,"key":"SMITH"},{"data":"Footwork","floor":8.0,"key":"SMITH"},{"data":"Footwork","floor":15.0,"key":"SMITH"}],"circlet_count":0,"master_deck":["AscendersBane","Strike_G","Strike_G","Strike_G","Strike_G","Defend_G","Defend_G","Defend_G","Defend_G","Survivor","Neutralize","Dash+1","Eviscerate","Footwork+1","Dagger Spray","Noxious Fumes","Skewer","Footwork+1"],"relics":["Ring of the Snake","Art of War","InkBottle","Pocketwatch"],"acts_visited":["Exordium"],"potions_floor_usage":[],"damage_taken":[{"damage":9.0,"enemies":"Jaw Worm","floor":1.0,"turns":6.0},{"damage":0.0,"enemies":"2 Louse","floor":3.0,"turns":2.0},{"damage":1.0,"enemies":"Cultist","floor":5.0,"turns":4.0},{"damage":7.0,"enemies":"Gremlin Gang","floor":7.0,"turns":5.0},{"damage":0.0,"enemies":"Looter","floor":11.0,"turns":4.0},{"damage":0.0,"enemies":"Exordium Wildlife","floor":12.0,"turns":3.0},{"damage":10.0,"enemies":"Lagavulin","floor":13.0,"turns":9.0},{"damage":0.0,"enemies":"Red Slaver","floor":14.0,"turns":5.0},{"damage":53,"enemies":"Slime Boss","floor":16,"turns":8}],"seed_played":"-512020182956105704","potions_obtained":[{"floor":1.0,"key":"AttackPotion"},{"floor":3.0,"key":"BlessingOfTheForge"},{"floor":11.0,"key":"LiquidBronze"},{"floor":12.0,"key":"DuplicationPotion"}],"is_trial":false,"path_per_floor":["M","?","M","?","M","R","M","R","T","?","M","M","E","M","R","B"],"character_chosen":"THE_SILENT","items_purchased":[],"campfire_rested":0,"item_purchase_floors":[],"current_hp_per_floor":[50,50,50,55,54,54,47,47,47,47,47,47,37,37,37,0,0],"gold":158,"neow_bonus":"RANDOM_COMMON_RELIC","is_daily":false,"chose_seed":false,"campfire_upgraded":3,"win_rate":0.0,"timestamp":1613776973,"path_taken":["M","?","M","?","M","R","M","R","T","?","?","M","E","M","R","BOSS"],"items_purchased_type":[],"build_version":"2020-12-22","purchased_purges":0,"victory":false,"max_hp_per_floor":[66,66,66,71,71,71,71,71,71,71,71,71,71,71,71,71,71],"relic_stats":{"counters":[9,46],"Art of War":[5],"obtain_stats":[{"Art of War":0,"InkBottle":9,"Ring of the Snake":0,"Pocketwatch":13},{"Art of War":0,"InkBottle":4,"Ring of the Snake":0,"Pocketwatch":7},{"Art of War":0,"InkBottle":17,"Ring of the Snake":0,"Pocketwatch":33}],"InkBottle":[6],"Ring of the Snake":[18],"Pocketwatch":[21]},"card_choices":[{"not_picked":["Predator","Flechettes"],"picked":"Dash","floor":1.0},{"not_picked":["All Out Attack","Masterful Stab"],"picked":"Eviscerate","floor":3.0},{"not_picked":["Poisoned Stab","Dodge and Roll"],"picked":"Footwork","floor":5.0},{"not_picked":["Backflip","Concentrate"],"picked":"Dagger Spray","floor":7.0},{"not_picked":["Masterful Stab","Eviscerate","Deflect"],"picked":"SKIP","floor":11.0},{"not_picked":["Eviscerate","Quick Slash"],"picked":"Noxious Fumes","floor":12.0},{"not_picked":["Riddle With Holes","Burst"],"picked":"Skewer","floor":13.0},{"not_picked":["Deflect","Crippling Poison"],"picked":"Footwork","floor":14.0}],"player_experience":287373,"relics_obtained":[{"floor":9.0,"key":"InkBottle"},{"floor":13.0,"key":"Pocketwatch"}],"event_choices":[{"cards_removed":["Defend_G"],"damage_healed":0.0,"max_hp_gain":0.0,"max_hp_loss":0.0,"gold_gain":0.0,"event_name":"Living Wall","player_choice":"Forget","floor":2.0,"gold_loss":0.0,"damage_taken":0.0},{"damage_healed":0.0,"max_hp_gain":5.0,"max_hp_loss":0.0,"gold_gain":0.0,"event_name":"Big Fish","player_choice":"Donut","floor":4.0,"gold_loss":0.0,"damage_taken":0.0},{"cards_removed":["Strike_G"],"damage_healed":0.0,"max_hp_gain":0.0,"max_hp_loss":0.0,"gold_gain":0.0,"event_name":"The Cleric","player_choice":"Card Removal","floor":10.0,"gold_loss":75.0,"damage_taken":0.0}],"is_beta":false,"boss_relics":[],"items_purged_floors":[],"is_endless":false,"potions_floor_spawned":[1,3,11,12],"killed_by":"Slime Boss","ascension_level":20}}