{"host":"test","time":1613726068,"event":{"mods":["BaseMod","Colored Map","Colored Powertips","Minty Spire (QoL Compilation)","Relic Stats","SpireBot","StSLib","Twitch Utils","ojb\u0027s Better Paths Mod","ojb\u0027s Info Mod"],"gold_per_floor":[114,86,86,86,106,106,146,146,146,146,167,167,202,41,41,134,134,158,172,172,62,81,119,119,139,139,153,153,176,176,216,216,309,309,322,60,121,454,473,522,539,539,539,570,593,593,620,620,620,620,620,620,620,131,171,171],"floor_reached":57,"language":"JPN","playtime":3175,"items_purged":["Strike_G","Strike_G","Well Laid Plans"],"score":3197,"play_id":"2bc30ea8-0e1b-45e4-a9c1-378dc3b7a7e7","local_time":"20210219181428","is_ascension_mode":true,"campfire_choices":[{"data":"Blade Dance","floor":6.0,"key":"SMITH"},{"data":"Neutralize","floor":8.0,"key":"SMITH"},{"floor":10.0,"key":"REST"},{"data":"Accuracy","floor":15.0,"key":"SMITH"},{"floor":24.0,"key":"REST"},{"data":"Cloak And Dagger","floor":28.0,"key":"SMITH"},{"data":"Night Terror","floor":30.0,"key":"SMITH"},{"data":"Infinite Blades","floor":32.0,"key":"SMITH"},{"data":"Envenom","floor":42.0,"key":"SMITH"},{"floor":49.0,"key":"RECALL"},{"floor":53.0,"key":"DIG"}],"circlet_count":0,"master_deck":["AscendersBane","Defend_G","Defend_G","Defend_G","Defend_G","Survivor","Neutralize+1","Blur","Blade Dance","Blade Dance","Blade Dance+1","Deflect","Infinite Blades+1","Accuracy+1","Night Terror+1","Acrobatics+1","Terror+1","Backflip","Backflip","Cloak And Dagger+1","Envenom+1","Escape Plan","Prepared+1","Outmaneuver","Dodge and Roll","Blade Dance+1","Blade Dance","Master of Strategy","Adrenaline"],"relics":["Ring of the Snake","Blue Candle","Letter Opener","Kunai","Happy Flower","SlaversCollar","FossilizedHelix","White Beast Statue","PreservedInsect","Runic Pyramid","Toolbox","Turnip","Mummified Hand","CeramicFish","Shovel","Pear","Eternal Feather","Membership Card","HornCleat","Akabeko"],"acts_visited":["Exordium","TheCity","TheBeyond","TheEnding"],"potions_floor_usage":[56,56],"damage_taken":[{"damage":0.0,"enemies":"Cultist","floor":1.0,"turns":3.0},{"damage":0.0,"enemies":"Jaw Worm","floor":5.0,"turns":3.0},{"damage":20.0,"enemies":"3 Sentries","floor":7.0,"turns":9.0},{"damage":0.0,"enemies":"2 Louse","floor":11.0,"turns":2.0},{"damage":4.0,"enemies":"Lagavulin","floor":13.0,"turns":6.0},{"damage":0.0,"enemies":"Slime Boss","floor":16.0,"turns":5.0},{"damage":0.0,"enemies":"Shell Parasite","floor":18.0,"turns":1.0},{"damage":25.0,"enemies":"Chosen","floor":19.0,"turns":5.0},{"damage":0.0,"enemies":"Snecko","floor":22.0,"turns":3.0},{"damage":12.0,"enemies":"Slavers","floor":23.0,"turns":3.0},{"damage":0.0,"enemies":"3 Cultists","floor":25.0,"turns":4.0},{"damage":0.0,"enemies":"Shelled Parasite and Fungi","floor":27.0,"turns":4.0},{"damage":0.0,"enemies":"Cultist and Chosen","floor":29.0,"turns":3.0},{"damage":0.0,"enemies":"Book of Stabbing","floor":31.0,"turns":4.0},{"damage":0.0,"enemies":"Collector","floor":33.0,"turns":3.0},{"damage":0.0,"enemies":"3 Shapes","floor":35.0,"turns":4.0},{"damage":0.0,"enemies":"2 Orb Walkers","floor":37.0,"turns":4.0},{"damage":5.0,"enemies":"3 Darklings","floor":39.0,"turns":5.0},{"damage":0.0,"enemies":"Giant Head","floor":40.0,"turns":4.0},{"damage":0.0,"enemies":"Sphere and 2 Shapes","floor":41.0,"turns":3.0},{"damage":0.0,"enemies":"Reptomancer","floor":44.0,"turns":3.0},{"damage":0.0,"enemies":"Spire Growth","floor":45.0,"turns":3.0},{"damage":0.0,"enemies":"Nemesis","floor":47.0,"turns":3.0},{"damage":6.0,"enemies":"Awakened One","floor":50.0,"turns":13.0},{"damage":19.0,"enemies":"Time Eater","floor":51.0,"turns":6.0},{"damage":0,"enemies":"Shield and Spear","floor":55,"turns":6},{"damage":53,"enemies":"The Heart","floor":56,"turns":10}],"seed_played":"1079060694635671904","potions_obtained":[{"floor":7.0,"key":"CultistPotion"},{"floor":11.0,"key":"BlessingOfTheForge"},{"floor":16.0,"key":"Fire Potion"},{"floor":22.0,"key":"Block Potion"},{"floor":25.0,"key":"Energy Potion"},{"floor":27.0,"key":"BlessingOfTheForge"},{"floor":29.0,"key":"Explosive Potion"},{"floor":33.0,"key":"PowerPotion"},{"floor":44.0,"key":"Fruit Juice"},{"floor":45.0,"key":"LiquidBronze"},{"floor":47.0,"key":"Fire Potion"},{"floor":55,"key":"Swift Potion"}],"is_trial":false,"path_per_floor":["M","$","?","?","M","R","E","R","T","R","M","T","E","$","R","B",null,"M","M","?","?","M","E","R","M","T","M","R","M","R","E","R","B",null,"M","$","?","?","M","E","M","R","T","E","M","?","E","T","R","B","B",null,"R","$","E","B",null],"character_chosen":"THE_SILENT","items_purchased":["Blade Dance","Accuracy","Toolbox","Membership Card","SkillPotion","Master of Strategy","HornCleat"],"campfire_rested":2,"item_purchase_floors":[2,14,36,54,54,54,54],"current_hp_per_floor":[44,44,44,37,37,37,17,17,17,35,35,35,31,31,31,31,53,53,28,28,28,28,16,34,34,34,34,34,34,34,34,34,34,54,54,54,54,54,49,49,49,49,49,49,54,54,54,64,64,58,39,66,66,66,66,13],"gold":171,"neow_bonus":"TRANSFORM_TWO_CARDS","is_daily":false,"chose_seed":true,"campfire_upgraded":7,"win_rate":0.0,"timestamp":1613726068,"path_taken":["M","?","?","?","M","R","E","R","T","R","M","?","E","$","R","BOSS","M","M","?","?","M","E","R","M","T","M","R","M","R","E","R","BOSS","M","$","?","?","M","E","M","R","T","E","M","?","E","?","R","BOSS","BOSS","R","$","E","BOSS"],"items_purchased_type":["Card","Card","Relic","Relic","Potion","Card","Relic"],"build_version":"2020-12-18","purchased_purges":3,"victory":true,"max_hp_per_floor":[66,66,60,60,60,60,60,60,60,60,60,60,60,60,60,60,60,60,60,60,60,60,60,60,60,60,60,60,60,60,60,60,60,60,60,60,60,60,60,60,60,60,60,60,65,65,65,75,75,75,75,75,75,75,75,75],"relic_stats":{"Happy Flower":[33],"counters":[27,122],"Blue Candle":[0],"CeramicFish":27,"Eternal Feather":0,"PreservedInsect":319,"Letter Opener":[506],"Shovel":1,"Mummified Hand":[29],"Turnip":[8],"Kunai":[127],"obtain_stats":[{"Pear":48,"Happy Flower":13,"Golden Idol":3,"Blue Candle":7,"CeramicFish":44,"Eternal Feather":53,"PreservedInsect":31,"Letter Opener":9,"White Beast Statue":26,"Akabeko":55,"SlaversCollar":17,"Shovel":47,"HornCleat":54,"Mummified Hand":40,"Toolbox":36,"Turnip":37,"Kunai":12,"Membership Card":54,"FossilizedHelix":23,"Ring of the Snake":0,"Runic Pyramid":34},{"Pear":23,"Happy Flower":5,"Golden Idol":1,"Blue Candle":3,"CeramicFish":21,"Eternal Feather":25,"PreservedInsect":14,"Letter Opener":3,"White Beast Statue":11,"Akabeko":26,"SlaversCollar":6,"Shovel":23,"HornCleat":25,"Mummified Hand":19,"Toolbox":16,"Turnip":17,"Kunai":4,"Membership Card":25,"FossilizedHelix":10,"Ring of the Snake":0,"Runic Pyramid":15},{"Pear":87,"Happy Flower":23,"Golden Idol":3,"Blue Candle":15,"CeramicFish":81,"Eternal Feather":106,"PreservedInsect":55,"Letter Opener":15,"White Beast Statue":44,"Akabeko":112,"SlaversCollar":28,"Shovel":87,"HornCleat":106,"Mummified Hand":75,"Toolbox":62,"Turnip":66,"Kunai":17,"Membership Card":106,"FossilizedHelix":40,"Ring of the Snake":0,"Runic Pyramid":58}],"Ring of the Snake":[54]},"card_choices":[{"not_picked":["Reflex","PiercingWail"],"picked":"Blade Dance","floor":1.0},{"not_picked":["Noxious Fumes","Expertise"],"picked":"Deflect","floor":5.0},{"not_picked":["Prepared","PiercingWail"],"picked":"Dagger Throw","floor":7.0},{"not_picked":["Masterful Stab","Flying Knee","Caltrops"],"picked":"SKIP","floor":11.0},{"not_picked":["Underhanded Strike","Dodge and Roll"],"picked":"Infinite Blades","floor":13.0},{"not_picked":["Corpse Explosion","Die Die Die"],"picked":"Night Terror","floor":16.0},{"not_picked":["Heel Hook","Infinite Blades"],"picked":"Acrobatics+1","floor":18.0},{"not_picked":["Expertise","Cloak And Dagger"],"picked":"Terror","floor":19.0},{"not_picked":["Predator+1","Dagger Throw+1"],"picked":"Backflip","floor":22.0},{"not_picked":["Choke","Flying Knee"],"picked":"Backflip","floor":23.0},{"not_picked":["Acrobatics+1","PiercingWail"],"picked":"Well Laid Plans","floor":25.0},{"not_picked":["Setup+1","Well Laid Plans+1"],"picked":"Cloak And Dagger","floor":27.0},{"not_picked":["Dagger Throw","Deadly Poison+1","Dagger Spray"],"picked":"SKIP","floor":29.0},{"not_picked":["Setup","Heel Hook","Slice"],"picked":"SKIP","floor":31.0},{"not_picked":["Grand Finale","Phantasmal Killer"],"picked":"Envenom","floor":33.0},{"not_picked":["Dagger Throw+1","Backflip"],"picked":"Escape Plan","floor":35.0},{"not_picked":["Distraction","Dodge and Roll"],"picked":"Prepared+1","floor":37.0},{"not_picked":["Accuracy","Deadly Poison+1"],"picked":"Outmaneuver","floor":39.0},{"not_picked":["Sucker Punch","Storm of Steel"],"picked":"Dodge and Roll","floor":40.0},{"not_picked":["Slice","Dash+1"],"picked":"Blade Dance+1","floor":41.0},{"not_picked":["Poisoned Stab","Skewer","Expertise"],"picked":"SKIP","floor":44.0},{"not_picked":["Backflip","Acrobatics"],"picked":"Blade Dance","floor":45.0},{"not_picked":["Flechettes+1","All Out Attack","Finisher"],"picked":"SKIP","floor":47.0},{"not_picked":["Dodge and Roll","Tactician"],"picked":"Adrenaline","floor":55}],"player_experience":2074452,"relics_obtained":[{"floor":7.0,"key":"Blue Candle"},{"floor":9.0,"key":"Letter Opener"},{"floor":12.0,"key":"Kunai"},{"floor":13.0,"key":"Happy Flower"},{"floor":23.0,"key":"FossilizedHelix"},{"floor":26.0,"key":"White Beast Statue"},{"floor":31.0,"key":"PreservedInsect"},{"floor":37.0,"key":"Turnip"},{"floor":40.0,"key":"Mummified Hand"},{"floor":44.0,"key":"CeramicFish"},{"floor":47.0,"key":"Shovel"},{"floor":48.0,"key":"Pear"},{"floor":53.0,"key":"Eternal Feather"},{"floor":55,"key":"Akabeko"}],"event_choices":[{"damage_healed":0.0,"max_hp_gain":0.0,"max_hp_loss":6.0,"gold_gain":0.0,"event_name":"Golden Idol","player_choice":"Lose Max HP","floor":3.0,"gold_loss":0.0,"damage_taken":0.0,"relics_obtained":["Golden Idol"]},{"cards_removed":["Strike_G"],"damage_healed":0.0,"max_hp_gain":0.0,"max_hp_loss":0.0,"gold_gain":0.0,"event_name":"Golden Wing","player_choice":"Card Removal","floor":4.0,"gold_loss":0.0,"damage_taken":7.0},{"damage_healed":0.0,"max_hp_gain":0.0,"max_hp_loss":0.0,"gold_gain":0.0,"event_name":"The Mausoleum","player_choice":"Ignored","floor":20.0,"gold_loss":0.0,"damage_taken":0.0},{"cards_removed":["Strike_G"],"damage_healed":0.0,"max_hp_gain":0.0,"max_hp_loss":0.0,"gold_gain":0.0,"event_name":"Designer","player_choice":"Upgrade and Remove","floor":21.0,"gold_loss":110.0,"damage_taken":0.0,"cards_upgraded":["Terror"]},{"damage_healed":0.0,"max_hp_gain":0.0,"max_hp_loss":0.0,"gold_gain":0.0,"event_name":"Mysterious Sphere","player_choice":"Fight","floor":37.0,"gold_loss":0.0,"damage_taken":0.0},{"damage_healed":0.0,"max_hp_gain":0.0,"max_hp_loss":0.0,"gold_gain":333.0,"event_name":"The Moai Head","player_choice":"Gave Idol","floor":38.0,"relics_lost":["Golden Idol"],"gold_loss":0.0,"damage_taken":0.0},{"cards_removed":["Dagger Throw"],"damage_healed":0.0,"max_hp_gain":0.0,"max_hp_loss":0.0,"gold_gain":0.0,"event_name":"Falling","player_choice":"Removed Attack","floor":46.0,"gold_loss":0.0,"damage_taken":0.0}],"is_beta":true,"boss_relics":[{"not_picked":["Velvet Choker","Empty Cage"],"picked":"SlaversCollar"},{"not_picked":["Snecko Eye","Philosopher\u0027s Stone"],"picked":"Runic Pyramid"}],"items_purged_floors":[14,36,54],"is_endless":false,"potions_floor_spawned":[7,11,16,22,25,27,29,31,33,35,37,39,40,41,44,45,47,55],"ascension_level":20}}