{"host":"xsfbp1yx1f2ea5z7","time":1613734123,"event":{"mods":["100% Spire Juice","AchievementEnabler","Act Like it!","Bard","BaseMod","Beaked The Cultist","Better Altar","Better Match","Better Note","Better Sensory Stone","Better Skull","Better Third Choice","BetterRewards","Block Reminder","ChefMod","Colored Map","Colored Powertips","Conspire","DeckTracker","Downfall","GifTheSpireLib","Halation","Hermit","Hubris","Infinite Spire","Jedi Mod","Jorbs\u0027s Wanderer Trilogy","Marked Mod","Mimic Mod","Minty Spire (QoL Compilation)","Replay The Spire","Robot Space Explorer","Shade Mod","Spicy Shops","StSLib","The Blackbeard","The Hierophant","The Jungle","The Marked","The Mystic","The Runesmith","TheBandit","Unceasing Turn Reminder","Wandering Minibosses","everything is the same but u backflip on backflip"],"gold_per_floor":[99,99,99,99,20,50,50,67,7,0,19,39,62,72,90,188,188,188,199,211,221,234,234,259,169,169,183,197,197,215,226,241,344,344,344,770,770,770,770,770,770,770,494,494,494,494,494,494,494,494],"floor_reached":51,"language":"ENG","playtime":3255,"items_purged":["Slimebound:Strike_Slimebound","Slimebound:Defend_Slimebound","Slimebound:Tackle"],"score":856,"play_id":"a2bf5f35-5ec7-428a-89fb-758f27b5edea","local_time":"20210219192843","is_ascension_mode":false,"campfire_choices":[{"data":"Slimebound:CorrosiveSpit","floor":1,"key":"SMITH"},{"data":"Slimebound:HauntingLick","floor":18,"key":"SMITH"},{"data":"Slimebound:Grow","floor":23,"key":"SMITH"},{"data":"Slimebound:OozeBath","floor":26,"key":"SMITH"},{"data":"Slimebound:SamplingLick","floor":29,"key":"SMITH"},{"data":"Slimebound:MegaLick","floor":40,"key":"SMITH"},{"data":"Slimebound:RejuvenatingLick","floor":47,"key":"SMITH"},{"data":"Slimebound:TongueLash","floor":49,"key":"SMITH"}],"circlet_count":0,"master_deck":["Slimebound:Defend_Slimebound","Slimebound:Split","Slimebound:CorrosiveSpit+1","Slimebound:ItLooksTasty","Slimebound:GoopSpray","Slimebound:Equalize","Slimebound:MegaLick+1","Slimebound:RejuvenatingLick+1","Slimebound:SamplingLick+1","Slimebound:MassFeed","Slimebound:HauntingLick+1","Slimebound:WasteNot+1","Slimebound:Grow+1","Slimebound:OozeBath+1","Slimebound:GoopSpray","Slimebound:Dissolve","Slimebound:Dissolve","Slimebound:SamplingLick+1","Slimebound:OozeBath","Regret","Slimebound:SlimeSlap+1","Slimebound:TongueLash+1","Slimebound:ViciousTackle+1","Slimebound:OozeBath"],"relics":["Slimebound:AbsorbEndCombat","downfall:HeartsMalice","downfall:ShatteredFragment","halation:PinkSoulGem","hubris:MysteriousPyramids","FossilizedHelix","hubris:TenFootPole","Slimebound:TarBlob","Runesmith:AutoHammer","wanderingMiniBosses:Inkheart","ChewingGum","jedi:ominousloannote","infinitespire:Satchel","hubris:MedicalManual","Guide Book","Potion Belt","Regal Pillow"],"acts_visited":["Exordium","TheCity","TheBeyond"],"potions_floor_usage":[9,20,20,22,28,33,46,50],"damage_taken":[{"damage":0,"enemies":"conspire:RoseBush","floor":3,"turns":1},{"damage":0,"enemies":"downfall:FleeingMerchant","floor":5,"turns":1},{"damage":0,"enemies":"Gremlin Nob","floor":6,"turns":1},{"damage":11,"enemies":"Jaw Worm","floor":8,"turns":2},{"damage":0,"enemies":"downfall:FleeingMerchant","floor":9,"turns":4},{"damage":15,"enemies":"downfall:FleeingMerchant","floor":10,"turns":4},{"damage":0,"enemies":"Small Slimes","floor":11,"turns":2},{"damage":0,"enemies":"Blue Slaver","floor":12,"turns":3},{"damage":10,"enemies":"Exordium Thugs","floor":14,"turns":3},{"damage":13,"enemies":"Gremlin Gang","floor":15,"turns":6},{"damage":58,"enemies":"WA_ARCHETYPE_RETAIN","floor":16,"turns":9},{"damage":0,"enemies":"3 Byrds","floor":19,"turns":4},{"damage":0,"enemies":"Spheric Guardian","floor":20,"turns":3},{"damage":8,"enemies":"Centurion and Healer","floor":21,"turns":4},{"damage":4,"enemies":"Snecko","floor":22,"turns":7},{"damage":0,"enemies":"downfall:FleeingMerchant","floor":25,"turns":4},{"damage":6,"enemies":"Shelled Parasite and Fungi","floor":27,"turns":4},{"damage":0,"enemies":"Snake Plant","floor":28,"turns":3},{"damage":3,"enemies":"Snecko","floor":30,"turns":7},{"damage":0,"enemies":"3 Cultists","floor":31,"turns":4},{"damage":0,"enemies":"Shelled Parasite and Fungi","floor":32,"turns":3},{"damage":32,"enemies":"IC_MUSHROOM_ARCHETYPE","floor":33,"turns":6},{"damage":0,"enemies":"downfall:FleeingMerchant","floor":36,"turns":3},{"damage":0,"enemies":"3 Darklings","floor":37,"turns":3},{"damage":0,"enemies":"Orb Walker","floor":38,"turns":2},{"damage":0,"enemies":"Jaw Worm Horde","floor":41,"turns":2},{"damage":0,"enemies":"Jaw Worm Horde","floor":42,"turns":2},{"damage":0,"enemies":"Maw","floor":45,"turns":4},{"damage":0,"enemies":"downfall:LadyInBlue","floor":46,"turns":2},{"damage":12,"enemies":"Nightmare","floor":48,"turns":5},{"damage":0,"enemies":"SI_POISON_ARCHETYPE","floor":50,"turns":3}],"seed_played":"4357866444881581894","potions_obtained":[{"floor":6,"key":"jedi:tentaclejuice"},{"floor":11,"key":"Strength Potion"},{"floor":14,"key":"BlessingOfTheForge"},{"floor":15,"key":"SteroidPotion"},{"floor":16,"key":"Slimebound:SlimedPotion"},{"floor":22,"key":"SteroidPotion"},{"floor":27,"key":"Flashbang"},{"floor":28,"key":"AttackPotion"},{"floor":30,"key":"SpeedPotion"},{"floor":42,"key":"Energy Potion"},{"floor":45,"key":"DuplicationPotion"},{"floor":46,"key":"Dexterity Potion"},{"floor":46,"key":"FearPotion"},{"floor":46,"key":"Fire Potion"}],"is_trial":false,"path_per_floor":["R","?","M","?","$","E","T","M","$","$","M","M","T","M","M","B",null,"R","M","M","M","M","R","T","$","R","M","M","R","M","M","M","B",null,"R_BF","$","M","M","?","R","MIM","M","$","?","M","?","R","NM","R","B",null],"character_chosen":"SLIMEBOUND","items_purchased":["Slimebound:Equalize","Slimebound:Schlurp","jedi:ominousloannote","Slimebound:TongueLash","infinitespire:Satchel","Guide Book"],"campfire_rested":0,"item_purchase_floors":[5,9,36,36,36,43],"current_hp_per_floor":[65,47,47,47,47,47,47,48,64,54,65,65,65,59,63,16,74,74,77,81,73,77,77,77,81,81,82,87,87,84,96,102,73,105,105,108,108,111,111,111,111,120,120,120,123,126,126,116,116,118],"gold":494,"neow_bonus":"THREE_ENEMY_KILL","is_daily":false,"chose_seed":false,"campfire_upgraded":8,"win_rate":0.0,"timestamp":1613734123,"path_taken":["R","?","M","?","$","E","T","M","?","$","?","M","?","M","M","BOSS","R","M","M","M","M","R","T","$","R","M","M","R","M","M","M","BOSS","R_BF","$","M","M","?","R","MIM","M","$","?","M","?","R","NM","R","BOSS"],"items_purchased_type":["Card","Card","Relic","Card","Relic","Relic"],"build_version":"2020-12-22","purchased_purges":3,"victory":true,"max_hp_per_floor":[65,65,65,65,65,65,65,65,65,65,65,65,65,65,74,74,74,74,77,81,81,81,81,81,81,81,84,87,87,87,96,102,105,105,105,108,108,111,111,111,111,120,120,120,123,126,126,126,126,126],"card_choices":[{"not_picked":["Slimebound:SlimeSpikes","Slimebound:SplitAcid"],"picked":"Slimebound:ItLooksTasty","floor":3},{"not_picked":["Slimebound:SelfFormingGoo","Slimebound:BestDefense"],"picked":"Slimebound:GoopSpray","floor":5},{"not_picked":["Slimebound:FinishingTackle","Slimebound:SplitMire"],"picked":"Slimebound:MegaLick","floor":6},{"not_picked":["Slimebound:RainOfGoop","Slimebound:RollThrough"],"picked":"Slimebound:RejuvenatingLick","floor":8},{"not_picked":["Slimebound:Prepare","Slimebound:GoopTackle","Slimebound:ItLooksTasty"],"picked":"SKIP","floor":9},{"not_picked":["Slimebound:SlimeTap","Slimebound:SplitMire","Slimebound:SplitBruiser"],"picked":"SKIP","floor":10},{"not_picked":["Slimebound:Schlurp","Slimebound:Prepare"],"picked":"Slimebound:SamplingLick","floor":11},{"not_picked":["Slimebound:ItLooksTasty","Slimebound:SamplingLick","Slimebound:LeechingTouch"],"picked":"SKIP","floor":12},{"not_picked":["Slimebound:SplitLeeching","Slimebound:RollThrough"],"picked":"Slimebound:MassFeed","floor":14},{"not_picked":["Slimebound:GrowthPunch","Slimebound:Schlurp"],"picked":"Slimebound:HauntingLick","floor":15},{"not_picked":["Slimebound:MinionMaster","Slimebound:Overexert"],"picked":"Slimebound:WasteNot","floor":16},{"not_picked":["Slimebound:SamplingLick","Slimebound:ComboTackle","Slimebound:Schlurp"],"picked":"SKIP","floor":19},{"not_picked":["Slimebound:MegaLick","Slimebound:ComboTackle","Slimebound:PressTheAttack"],"picked":"SKIP","floor":20},{"not_picked":["Slimebound:GoopTackle","Slimebound:LeechEnergy"],"picked":"Slimebound:Grow","floor":21},{"not_picked":["Slimebound:SlimeBarrage","Slimebound:SplitMire+1","Slimebound:SplitBruiser"],"picked":"SKIP","floor":22},{"not_picked":["Slimebound:LivingWall+1","Slimebound:SlimeSpikes"],"picked":"Slimebound:OozeBath","floor":25},{"not_picked":["Slimebound:LeechingTouch","Slimebound:RollThrough+1"],"picked":"Slimebound:GoopSpray","floor":27},{"not_picked":["Slimebound:DisruptingSlam","Slimebound:Prepare"],"picked":"Slimebound:Dissolve","floor":28},{"not_picked":["Slimebound:SlimeBrawl","Slimebound:ComboTackle"],"picked":"Slimebound:Dissolve","floor":30},{"not_picked":["Slimebound:GoopTackle","Slimebound:LevelUp","Slimebound:DisruptingSlam+1"],"picked":"SKIP","floor":31},{"not_picked":["Slimebound:FlameTackle+1","Slimebound:LivingWall"],"picked":"Slimebound:SamplingLick+1","floor":32},{"not_picked":["Slimebound:Overexert","Slimebound:FirmFortitude"],"picked":"Slimebound:OozeBath","floor":33},{"not_picked":["Slimebound:FinishingTackle","Slimebound:SplitAcid"],"picked":"Slimebound:SlimeSlap","floor":36},{"not_picked":["Slimebound:FlameTackle","Slimebound:Prepare","Slimebound:SplitBruiser"],"picked":"SKIP","floor":37},{"not_picked":["Slimebound:RollThrough","Slimebound:LevelUp+1"],"picked":"Slimebound:ViciousTackle+1","floor":38},{"not_picked":["Slimebound:Schlurp+1","Slimebound:SplitMire+1","Slimebound:ComboTackle"],"picked":"SKIP","floor":42},{"not_picked":["Slimebound:GoopTackle+1","Slimebound:FinishingTackle"],"picked":"Slimebound:OozeBath","floor":45},{"not_picked":["Slimebound:Chomp","Slimebound:FlameTackle+1","Slimebound:SplitAcid+1"],"picked":"SKIP","floor":48}],"player_experience":103374,"relics_obtained":[{"floor":6,"key":"hubris:MysteriousPyramids"},{"floor":7,"key":"FossilizedHelix"},{"floor":13,"key":"hubris:TenFootPole"},{"floor":24,"key":"Runesmith:AutoHammer"},{"floor":30,"key":"wanderingMiniBosses:Inkheart"},{"floor":41,"key":"hubris:MedicalManual"},{"floor":46,"key":"Potion Belt"},{"floor":48,"key":"Regal Pillow"}],"event_choices":[{"cards_removed":["Slimebound:Defend_Slimebound"],"damage_healed":0,"gold_gain":0,"player_choice":"Offered Basic","damage_taken":0,"max_hp_gain":0,"max_hp_loss":0,"event_name":"Bonfire Elementals","floor":39,"gold_loss":0},{"cards_removed":["Slimebound:Schlurp"],"damage_healed":0,"gold_gain":0,"player_choice":"Removed Skill","damage_taken":0,"max_hp_gain":0,"max_hp_loss":0,"event_name":"Falling","floor":44,"gold_loss":0}],"is_beta":false,"boss_relics":[{"not_picked":["Replay:Bronze Core","Velvet Choker"],"picked":"Slimebound:TarBlob"},{"not_picked":["hubris:ScarierMask","conspire:RunicOctahedron"],"picked":"ChewingGum"}],"items_purged_floors":[25,36,43],"is_endless":false,"potions_floor_spawned":[6,11,14,15,16,22,27,28,30,31,42,45],"ascension_level":0}}