{"host":"at5b10nm0iti0w4x","time":1613774964,"event":{"mods":["2.2 Compatiblity","AchievementEnabler","BaseMod","Bestiary","Block Reminder","Colored Map","Colored Powertips","Highlight Path","Keyboard Shortcuts","Minty Spire (QoL Compilation)","Quick Restart","Relic Stats","Slay the Relics Exporter","StSLib","SuperFastMode","Unknown Chances"],"gold_per_floor":[118,32,47,47,65,96,96,46,46,73,90,190,203,219,219,316,316,316,316,30,30,30,30,30,30],"floor_reached":24,"language":"ENG","playtime":529,"items_purged":[],"score":210,"play_id":"3bb0ba03-ece6-4d33-b942-ef0f4dc17217","local_time":"20210219174924","is_ascension_mode":false,"campfire_choices":[{"data":"Armaments","floor":7,"key":"SMITH"},{"data":"Armaments","floor":15,"key":"SMITH"}],"circlet_count":0,"master_deck":["Strike_R+1","Strike_R","Strike_R","Strike_R","Strike_R","Defend_R","Defend_R","Defend_R","Bash+1","Twin Strike","Spot Weakness","Flex","Spot Weakness","Armaments+1","Heavy Blade","Clothesline","Corruption","Seeing Red","Armaments+1","Brutality","Inflame+1","Shrug It Off"],"relics":["Burning Blood","NeowsBlessing","Darkstone Periapt","Happy Flower","Paper Frog","Ectoplasm","Brimstone","Whetstone"],"acts_visited":["Exordium","TheCity"],"potions_floor_usage":[16,18,24,24],"damage_taken":[{"damage":0,"enemies":"Jaw Worm","floor":1,"turns":1},{"damage":0,"enemies":"Cultist","floor":3,"turns":1},{"damage":0,"enemies":"Small Slimes","floor":5,"turns":1},{"damage":40,"enemies":"Gremlin Nob","floor":6,"turns":4},{"damage":36,"enemies":"Lagavulin","floor":10,"turns":6},{"damage":7,"enemies":"Looter","floor":11,"turns":3},{"damage":4,"enemies":"Exordium Thugs","floor":13,"turns":4},{"damage":8,"enemies":"Red Slaver","floor":14,"turns":2},{"damage":12,"enemies":"Hexaghost","floor":16,"turns":8},{"damage":21,"enemies":"3 Byrds","floor":18,"turns":5},{"damage":9,"enemies":"Chosen","floor":21,"turns":4},{"damage":16,"enemies":"Shelled Parasite and Fungi","floor":22,"turns":3},{"damage":44,"enemies":"Centurion and Healer","floor":23,"turns":4},{"damage":13,"enemies":"Cultist and Chosen","floor":24,"turns":4}],"seed_played":"-1418751967413770133","potions_obtained":[{"floor":1,"key":"Explosive Potion"},{"floor":10,"key":"AttackPotion"},{"floor":13,"key":"DistilledChaos"},{"floor":21,"key":"Swift Potion"}],"is_trial":false,"path_per_floor":["M","$","M","?","M","E","R","$","T","E","M","?","M","M","R","B",null,"M","?","$","M","M","M","M"],"character_chosen":"IRONCLAD","items_purchased":["Spot Weakness","Flex","Clothesline","Brimstone","Whetstone"],"campfire_rested":0,"item_purchase_floors":[2,2,8,20,20],"current_hp_per_floor":[80,80,80,80,80,46,46,46,46,16,15,15,17,15,15,9,80,65,59,59,56,46,8,0,0],"gold":30,"neow_bonus":"THREE_ENEMY_KILL","is_daily":false,"chose_seed":false,"campfire_upgraded":2,"win_rate":0.0,"timestamp":1613774964,"path_taken":["M","$","M","?","?","E","R","$","T","E","M","?","?","M","R","BOSS","M","?","?","M","?","M","M"],"items_purchased_type":["Card","Card","Card","Relic","Relic"],"build_version":"2020-12-22","purchased_purges":0,"victory":false,"max_hp_per_floor":[80,80,80,80,80,80,80,80,80,80,80,80,80,80,80,80,80,80,80,80,80,80,80,80,80],"relic_stats":{"Darkstone Periapt":0,"Happy Flower":[14],"counters":[14,50],"Ectoplasm":59,"Whetstone":["Bash","Strike_R"],"obtain_stats":[{"Darkstone Periapt":6,"NeowsBlessing":0,"Happy Flower":9,"Brimstone":20,"Ectoplasm":17,"Whetstone":20,"Burning Blood":0,"Paper Frog":10},{"Darkstone Periapt":4,"NeowsBlessing":0,"Happy Flower":4,"Brimstone":10,"Ectoplasm":9,"Whetstone":10,"Burning Blood":0,"Paper Frog":5},{"Darkstone Periapt":7,"NeowsBlessing":0,"Happy Flower":7,"Brimstone":35,"Ectoplasm":30,"Whetstone":35,"Burning Blood":0,"Paper Frog":13}],"Burning Blood":60},"card_choices":[{"not_picked":["Dual Wield","Metallicize"],"picked":"Twin Strike","floor":1},{"not_picked":["Sword Boomerang","Wild Strike"],"picked":"Spot Weakness","floor":3},{"not_picked":["Disarm","Havoc"],"picked":"Armaments","floor":5},{"not_picked":["Second Wind","Sword Boomerang"],"picked":"Heavy Blade","floor":6},{"not_picked":["Twin Strike","Warcry"],"picked":"Corruption","floor":10},{"not_picked":["Havoc","Cleave","Entrench"],"picked":"SKIP","floor":11},{"not_picked":["Warcry","True Grit"],"picked":"Seeing Red","floor":13},{"not_picked":["Pommel Strike","Clothesline"],"picked":"Armaments","floor":14},{"not_picked":["Bludgeon","Exhume"],"picked":"Brutality","floor":16},{"not_picked":["Shockwave","Pommel Strike"],"picked":"Inflame+1","floor":18},{"not_picked":["Clash","Anger","Entrench"],"picked":"SKIP","floor":21},{"not_picked":["Anger","Dual Wield","Flame Barrier"],"picked":"SKIP","floor":22},{"not_picked":["Headbutt","Dark Embrace"],"picked":"Shrug It Off","floor":23}],"player_experience":113055,"relics_obtained":[{"floor":6,"key":"Darkstone Periapt"},{"floor":9,"key":"Happy Flower"},{"floor":10,"key":"Paper Frog"}],"event_choices":[{"cards_removed":["Defend_R"],"damage_healed":0,"gold_gain":0,"player_choice":"Purged","damage_taken":0,"max_hp_gain":0,"max_hp_loss":0,"event_name":"Purifier","floor":4,"gold_loss":0},{"damage_healed":0,"gold_gain":100,"player_choice":"Pray","damage_taken":0,"max_hp_gain":0,"max_hp_loss":0,"event_name":"Golden Shrine","floor":12,"gold_loss":0},{"damage_healed":0,"gold_gain":0,"player_choice":"","damage_taken":6,"max_hp_gain":0,"max_hp_loss":0,"event_name":"Knowing Skull","floor":19,"potions_obtained":[],"gold_loss":0,"cards_obtained":[]}],"is_beta":false,"boss_relics":[{"not_picked":["Sozu","Snecko Eye"],"picked":"Ectoplasm"}],"items_purged_floors":[],"is_endless":false,"potions_floor_spawned":[1,10,13,21],"killed_by":"Cultist and Chosen","ascension_level":0}}