{"host":"tetk82fuf8thwxol","time":1613748385,"event":{"mods":["AchievementEnabler","BaseMod","BetterRewards","Downfall","GifTheSpireLib","Hermit","Minty Spire (QoL Compilation)","Permanent Neow","Quick Restart","Replay The Spire","Shop Mod","Spicy Shops","StSLib"],"gold_per_floor":[114,125,139,139,314,314,339,127,127,146,166,179,210,225,225,225,225],"floor_reached":16,"language":"ENG","playtime":744,"items_purged":["Strike_B","Defend_B"],"score":182,"play_id":"54bc4d6d-be9c-4d50-bb0c-bf6cafa189c0","local_time":"20210219092625","is_ascension_mode":true,"campfire_choices":[{"data":"Loop","floor":6,"key":"SMITH"},{"floor":15,"key":"REST"}],"circlet_count":0,"master_deck":["AscendersBane","Strike_B","Strike_B","Strike_B","Defend_B","Defend_B","Defend_B","Zap","Dualcast","Loop+1","Heatsinks","Leap","Loop","Doubt","Coolheaded","Defragment","Crystallizer","Mirror Shield"],"relics":["Cracked Core","Ice Cream","White Beast Statue","Lee\u0027s Waffle","MealTicket"],"acts_visited":["Exordium"],"potions_floor_usage":[7,13,13,14],"damage_taken":[{"damage":6,"enemies":"2 Louse","floor":1,"turns":3},{"damage":7,"enemies":"Small Slimes","floor":2,"turns":4},{"damage":0,"enemies":"Cultist","floor":3,"turns":4},{"damage":44,"enemies":"Lagavulin","floor":7,"turns":7},{"damage":4,"enemies":"Large Slime","floor":10,"turns":6},{"damage":30,"enemies":"Gremlin Gang","floor":11,"turns":6},{"damage":11,"enemies":"Looter","floor":12,"turns":3},{"damage":4,"enemies":"Gremlin Nob","floor":13,"turns":3},{"damage":17,"enemies":"3 Louse","floor":14,"turns":3},{"damage":47,"enemies":"Slime Boss","floor":16,"turns":6}],"seed_played":"-7105496925427695406","potions_obtained":[{"floor":2,"key":"DistilledChaos"},{"floor":3,"key":"SneckoOil"},{"floor":7,"key":"SteroidPotion"},{"floor":10,"key":"Strength Potion"},{"floor":11,"key":"SkillPotion"},{"floor":13,"key":"BlessingOfTheForge"},{"floor":14,"key":"GamblersBrew"}],"is_trial":false,"path_per_floor":["M","M","M","$","?","R","E","$","T","M","M","M","E","M","R","B"],"character_chosen":"DEFECT","items_purchased":["Ice Cream","Loop","Heatsinks","Leap","Lee\u0027s Waffle","Defragment"],"campfire_rested":1,"item_purchase_floors":[0,0,0,0,8,8],"current_hp_per_floor":[62,55,55,55,55,55,11,82,82,78,48,37,33,16,40,0,0],"gold":225,"neow_bonus":"","is_daily":false,"chose_seed":false,"campfire_upgraded":1,"win_rate":0.0,"timestamp":1613748385,"path_taken":["M","M","M","$","?","R","E","$","T","M","M","M","E","M","R","BOSS"],"items_purchased_type":["Relic","Card","Card","Card","Relic","Card"],"build_version":"2020-12-22","purchased_purges":2,"victory":false,"max_hp_per_floor":[75,75,75,75,75,75,75,82,82,82,82,82,82,82,82,82,82],"card_choices":[{"not_picked":["Steam Power","Compile Driver"],"picked":"Loop","floor":1},{"not_picked":["Hello World","Aggregate","Compile Driver"],"picked":"SKIP","floor":2},{"not_picked":["Hologram","Streamline","Coolheaded"],"picked":"SKIP","floor":3},{"not_picked":["Steam Power","Double Energy"],"picked":"Coolheaded","floor":7},{"not_picked":["Beam Cell","Turbo","Go for the Eyes"],"picked":"SKIP","floor":10},{"not_picked":["Heatsinks","Compile Driver"],"picked":"Crystallizer","floor":11},{"not_picked":["Compile Driver","Self Repair","Buffer"],"picked":"SKIP","floor":12},{"not_picked":["Aggregate","Sweeping Beam","Conserve Battery"],"picked":"SKIP","floor":13},{"not_picked":["Panic Button","Reprogram"],"picked":"Mirror Shield","floor":14}],"player_experience":207207,"relics_obtained":[{"floor":7,"key":"White Beast Statue"},{"floor":13,"key":"MealTicket"}],"event_choices":[{"damage_healed":0,"gold_gain":175,"player_choice":"AGREE","damage_taken":0,"max_hp_gain":0,"max_hp_loss":0,"event_name":"Liars Game","floor":5,"gold_loss":0,"cards_obtained":["Doubt"]}],"is_beta":false,"boss_relics":[],"items_purged_floors":[0,0],"is_endless":false,"potions_floor_spawned":[2,3,7,10,11,12,13,14],"killed_by":"Slime Boss","ascension_level":12}}