{"host":"8t5dkgm85abdp22d","time":1613710882,"event":{"mods":["ATMod(阿瑾Mod)","Act Like it!","BaseMod","Colored Powertips","Conspire","Gensokyo","GungeonMod","Hallownest","Minty Spire (QoL Compilation)","MostiFishMod","Remilia（蕾米莉亚）","RumiaBox-露米娅的神秘盒子","Ryuuou龙王","StSLib","The Bug Knight","UnlockEverythingMod","Waifu the Spire","WarShipGirlsR/战舰少女R mod","Yakumo Yukari mod"],"gold_per_floor":[432,432,467,467,479,479,524,535,558,558,558],"floor_reached":10,"language":"ZHS","playtime":202,"items_purged":[],"score":133,"play_id":"95116d17-dc95-4d62-91df-6a030b3c450b","local_time":"20210219130122","is_ascension_mode":true,"campfire_choices":[{"floor":6,"key":"REST"}],"circlet_count":0,"master_deck":["AT_purpleEX","AT_purpleEX","AT_purpleEX","AT_purpleEX","Defend_purpleEX","Defend_purpleEX","Defend_purpleEX","Defend_purpleEX","Observe_purple_1","Observe_purple_2","Charmbait_purple","Charmbait_purple+1","Boundary_LifeAndDeath_purple"],"relics":["Boundary_crack","Memoryfragments_purpleEX","AT_ATBox","DaveBox","NightmareShop","NeowsBlessing","SynthV:TestCard","AddBug","SecretRecord","Baka","SecretRecord"],"acts_visited":["Exordium"],"potions_floor_usage":[],"damage_taken":[{"damage":0,"enemies":"Small Slimes","floor":1,"turns":1},{"damage":0,"enemies":"conspire:MimicChest","floor":3,"turns":1},{"damage":0,"enemies":"Jaw Worm","floor":5,"turns":1},{"damage":54,"enemies":"Gremlin Nob","floor":7,"turns":4},{"damage":8,"enemies":"2 Louse","floor":8,"turns":4},{"damage":11,"enemies":"3 Sentries","floor":10,"turns":2}],"seed_played":"2539675493441290376","potions_obtained":[{"floor":5,"key":"SpeedPotion"}],"is_trial":false,"path_per_floor":["M","?","?","?","M","R","E","M","T","E"],"character_chosen":"Youkari","items_purchased":[],"campfire_rested":1,"item_purchase_floors":[],"current_hp_per_floor":[140,105,105,91,91,133,79,73,73,62,62],"gold":558,"neow_bonus":"THREE_ENEMY_KILL","is_daily":false,"chose_seed":false,"campfire_upgraded":0,"win_rate":0.0,"timestamp":1613710882,"path_taken":["M","?","?","?","M","R","E","?","T","E"],"items_purchased_type":[],"build_version":"2020-12-22","purchased_purges":0,"victory":false,"max_hp_per_floor":[140,140,140,140,140,140,140,143,143,143,143],"card_choices":[{"not_picked":["WeekHit_purple","DimensionStaggered_purple"],"picked":"Charmbait_purple","floor":1},{"not_picked":["OmniscientAndOmnipotent_Monster_purple","Line_surface_state_purple","Fantasy_PerpetualMotionMachine_purple","MeetDecomposer_purple"],"picked":"Boundary_LifeAndDeath_purple","floor":5},{"not_picked":["Worldmountain_purple","StretchesForeverDream_purple","DimensionStaggered_purple","StateErode_purple","StateDuplicate_purple"],"picked":"SKIP","floor":7},{"not_picked":["Worldmountain_purple","WeekHit_purple","Realm_recovery_purpleEX","Shallow_ocean_purpleEX","PositiveMatter_Antimatter_Universe_purple"],"picked":"SKIP","floor":8}],"player_experience":109874,"relics_obtained":[{"floor":1,"key":"SynthV:TestCard"},{"floor":1,"key":"AddBug"},{"floor":1,"key":"Baka"},{"floor":3,"key":"AT_SilverBalance"},{"floor":5,"key":"SecretRecord"},{"floor":7,"key":"AT_ForceNature"},{"floor":9,"key":"Regal Pillow"}],"event_choices":[{"damage_healed":0,"gold_gain":0,"player_choice":"Take Damage","damage_taken":35,"relics_obtained":["Golden Idol"],"max_hp_gain":0,"max_hp_loss":0,"event_name":"Golden Idol","floor":2,"gold_loss":0},{"damage_healed":0,"gold_gain":0,"player_choice":"Damaged","damage_taken":14,"max_hp_gain":0,"max_hp_loss":0,"event_name":"Wheel of Change","floor":4,"gold_loss":0}],"is_beta":false,"boss_relics":[],"items_purged_floors":[],"is_endless":false,"potions_floor_spawned":[5],"killed_by":"3 Sentries","ascension_level":5}}