{"host":"z3qs3l37sjzyczji","time":1613705539,"event":{"mods":["AchievementEnabler","BaseMod","Colored Map","Colored Powertips","Keyboard Shortcuts","Minty Spire (QoL Compilation)","Relic Stats","SuperFastMode"],"gold_per_floor":[110,35,52,52,70,70,70,104,104,104,130,142,142,169,169,240,240,258,173,189,31,85,115,115,134,134,163,182,198,198,227,227,227,227],"floor_reached":33,"language":"ENG","playtime":1595,"items_purged":["Strike_R"],"score":646,"play_id":"8913f2f0-1677-4369-987a-53b5790a9783","local_time":"20210219033219","daily_mods":["DeadlyEvents","Elite Swarm"],"is_ascension_mode":true,"campfire_choices":[{"data":"Bash","floor":6.0,"key":"SMITH"},{"data":"Fiend Fire","floor":10.0,"key":"SMITH"},{"floor":13.0,"key":"REST"},{"data":"Corruption","floor":15.0,"key":"SMITH"},{"data":"Double Tap","floor":24.0,"key":"SMITH"},{"data":"Feel No Pain","floor":30,"key":"SMITH"},{"data":"Shockwave","floor":32,"key":"SMITH"}],"circlet_count":0,"master_deck":["AscendersBane","Bash+1","Thunderclap","Headbutt","Shockwave+1","Headbutt","Fiend Fire+1","Corruption+1","Bludgeon+1","Impervious","True Grit","Perfected Strike+1","True Grit","Sever Soul+1","Juggernaut","Iron Wave+1","Reckless Charge+1","Havoc+1","Double Tap+1","Pommel Strike+1","Reaper+1","Shrug It Off","Feel No Pain+1"],"relics":["Burning Blood","Magic Flower","Incense Burner","Molten Egg 2","Matryoshka","Pandora\u0027s Box","Toy Ornithopter","Bag of Preparation","Orichalcum","Bag of Marbles","Unceasing Top","Ancient Tea Set","Self Forming Clay","Omamori","TungstenRod"],"acts_visited":["Exordium","TheCity"],"potions_floor_usage":[29,33,33],"damage_taken":[{"damage":1.0,"enemies":"Small Slimes","floor":1.0,"turns":5.0},{"damage":4.0,"enemies":"2 Louse","floor":3.0,"turns":3.0},{"damage":12.0,"enemies":"Cultist","floor":5.0,"turns":4.0},{"damage":35.0,"enemies":"Lagavulin","floor":8.0,"turns":6.0},{"damage":35.0,"enemies":"3 Sentries","floor":11.0,"turns":7.0},{"damage":8.0,"enemies":"Blue Slaver","floor":12.0,"turns":2.0},{"damage":8.0,"enemies":"Gremlin Nob","floor":14.0,"turns":4.0},{"damage":26.0,"enemies":"Slime Boss","floor":16.0,"turns":7.0},{"damage":15.0,"enemies":"2 Thieves","floor":18.0,"turns":4.0},{"damage":12.0,"enemies":"Chosen","floor":20.0,"turns":3.0},{"damage":17.0,"enemies":"Book of Stabbing","floor":23.0,"turns":4.0},{"damage":0.0,"enemies":"Sentry and Sphere","floor":25.0,"turns":3.0},{"damage":51,"enemies":"Gremlin Leader","floor":27,"turns":7},{"damage":16,"enemies":"3 Cultists","floor":28,"turns":5},{"damage":0,"enemies":"Shelled Parasite and Fungi","floor":29,"turns":2},{"damage":10,"enemies":"Book of Stabbing","floor":31,"turns":3},{"damage":61,"enemies":"Champ","floor":33,"turns":10}],"seed_played":"-9009160328542419397","potions_obtained":[{"floor":1.0,"key":"AttackPotion"},{"floor":14.0,"key":"Ancient Potion"},{"floor":16.0,"key":"LiquidBronze"},{"floor":23.0,"key":"Energy Potion"},{"floor":25.0,"key":"HeartOfIron"},{"floor":28,"key":"DistilledChaos"},{"floor":29,"key":"Energy Potion"}],"is_trial":true,"path_per_floor":["M","$","M","?","M","R","?","E","T","R","E","M","R","E","R","B",null,"M","?","M","$","T","E","R","M","T","E","M","M","R","E","R","B"],"character_chosen":"IRONCLAD","items_purchased":["Bag of Preparation"],"campfire_rested":1,"item_purchase_floors":[21],"current_hp_per_floor":[73,73,75,75,69,69,69,40,40,40,14,15,37,38,38,21,62,56,56,53,53,53,45,45,62,62,20,13,41,41,40,40,0,0],"gold":227,"neow_bonus":"","is_daily":false,"chose_seed":false,"campfire_upgraded":6,"win_rate":0.0,"timestamp":1613705539,"path_taken":["M","$","M","?","M","R","?","E","T","R","E","M","R","E","R","BOSS","M","?","M","$","?","E","R","M","T","E","M","M","R","E","R","BOSS"],"items_purchased_type":["Relic"],"build_version":"2020-12-22","purchased_purges":1,"victory":false,"max_hp_per_floor":[75,75,75,75,75,75,75,75,75,75,75,75,75,75,75,75,75,75,75,75,75,75,75,75,75,75,75,75,75,75,75,75,75,75],"relic_stats":{"counters":[17,79],"Self Forming Clay":[30],"Magic Flower":[52],"Pandora\u0027s Box":["True Grit","Perfected Strike","True Grit","Sever Soul","Juggernaut","Iron Wave","Reckless Charge"],"Bag of Preparation":[14],"Orichalcum":[60],"obtain_stats":[{"Self Forming Clay":26,"Magic Flower":8,"Incense Burner":9,"Bag of Preparation":21,"Omamori":27,"Orichalcum":22,"Ancient Tea Set":26,"Burning Blood":0,"Matryoshka":14,"Molten Egg 2":11,"Pandora\u0027s Box":17,"Bag of Marbles":22,"Toy Ornithopter":19,"Unceasing Top":23,"TungstenRod":31},{"Self Forming Clay":12,"Magic Flower":4,"Incense Burner":4,"Bag of Preparation":10,"Omamori":13,"Orichalcum":10,"Ancient Tea Set":12,"Burning Blood":0,"Matryoshka":7,"Molten Egg 2":5,"Pandora\u0027s Box":8,"Bag of Marbles":10,"Toy Ornithopter":9,"Unceasing Top":11,"TungstenRod":16},{"Self Forming Clay":52,"Magic Flower":18,"Incense Burner":18,"Bag of Preparation":45,"Omamori":59,"Orichalcum":45,"Ancient Tea Set":52,"Burning Blood":0,"Matryoshka":31,"Molten Egg 2":25,"Pandora\u0027s Box":38,"Bag of Marbles":45,"Toy Ornithopter":42,"Unceasing Top":49,"TungstenRod":69}],"Burning Blood":132,"Toy Ornithopter":32,"Unceasing Top":[6],"TungstenRod":4},"card_choices":[{"not_picked":["Reckless Charge","Pommel Strike"],"picked":"Thunderclap","floor":1.0},{"not_picked":["Disarm","Anger"],"picked":"Headbutt","floor":3.0},{"not_picked":["Twin Strike","Cleave"],"picked":"Shockwave","floor":5.0},{"not_picked":["Bludgeon","Double Tap"],"picked":"Fiend Fire","floor":8.0},{"not_picked":["Feed+1","Immolate+1"],"picked":"Corruption","floor":11.0},{"not_picked":["Twin Strike+1","Hemokinesis+1","Dropkick+1"],"picked":"SKIP","floor":12.0},{"not_picked":["Demon Form","Corruption"],"picked":"Bludgeon+1","floor":14.0},{"not_picked":["Immolate+1","Brutality"],"picked":"Impervious","floor":16.0},{"not_picked":["Whirlwind+1","Sword Boomerang+1","Armaments"],"picked":"SKIP","floor":18.0},{"not_picked":["Blood for Blood+1","Pommel Strike+1"],"picked":"Havoc+1","floor":20.0},{"not_picked":["Immolate+1","Bludgeon+1"],"picked":"Double Tap","floor":23.0},{"not_picked":["Disarm","Flex"],"picked":"Pommel Strike+1","floor":25.0},{"not_picked":["Exhume","Immolate+1"],"picked":"Reaper+1","floor":27},{"not_picked":["Cleave+1","Sword Boomerang+1"],"picked":"Shrug It Off","floor":28},{"not_picked":["Shrug It Off","Power Through"],"picked":"Feel No Pain","floor":29},{"not_picked":["Reaper+1","Limit Break","Corruption"],"picked":"SKIP","floor":31}],"player_experience":115112,"relics_obtained":[{"floor":8.0,"key":"Magic Flower"},{"floor":9.0,"key":"Incense Burner"},{"floor":11.0,"key":"Molten Egg 2"},{"floor":14.0,"key":"Matryoshka"},{"floor":22.0,"key":"Orichalcum"},{"floor":22.0,"key":"Bag of Marbles"},{"floor":23.0,"key":"Unceasing Top"},{"floor":26.0,"key":"Ancient Tea Set"},{"floor":26.0,"key":"Self Forming Clay"},{"floor":27,"key":"Omamori"},{"floor":31,"key":"TungstenRod"}],"event_choices":[{"damage_healed":0.0,"max_hp_gain":0.0,"max_hp_loss":0.0,"gold_gain":0.0,"event_name":"The Cleric","player_choice":"Leave","floor":4.0,"gold_loss":0.0,"damage_taken":0.0},{"damage_healed":0.0,"max_hp_gain":0.0,"max_hp_loss":0.0,"gold_gain":0.0,"cards_transformed":["Strike_R"],"event_name":"Transmorgrifier","player_choice":"Transformed","floor":7.0,"gold_loss":0.0,"damage_taken":0.0,"cards_obtained":["Headbutt"]},{"damage_healed":0.0,"max_hp_gain":0.0,"max_hp_loss":0.0,"gold_gain":0.0,"event_name":"Addict","player_choice":"Obtained Relic","floor":19.0,"gold_loss":85.0,"damage_taken":0.0,"relics_obtained":["Toy Ornithopter"]}],"is_beta":false,"boss_relics":[{"not_picked":["Runic Cube","SacredBark"],"picked":"Pandora\u0027s Box"}],"items_purged_floors":[2],"is_endless":true,"potions_floor_spawned":[1,14,16,23,25,28,29],"killed_by":"Champ","ascension_level":20}}