{"host":"dscols65uipasqd2","time":1613717206,"event":{"mods":["2.2 Compatiblity","AchievementEnabler","Aspiration","BaseMod","Colored Powertips","Downfall","Energized Spire","GifTheSpireLib","Hermit","Hubris","Infinite Spire","Jorbs\u0027s Wanderer Trilogy","Minty Spire (QoL Compilation)","Rare Cards Sparkle","Relic Stats","Replay The Spire","Robot Space Explorer","Shade Mod","StSLib","Stuff the Spire","The Blue Laboratory","The Cursed","The Disciple","The Forsaken","The Hierophant","The Judge","The Jungle","The Mystic","The Runesmith","TheFirefly","Wandering Minibosses"],"gold_per_floor":[99,99,41,41,41,58,58,89,99,172,199,211,211,211,211],"floor_reached":13,"language":"ENG","playtime":533,"items_purged":[],"score":123,"play_id":"e91ec26e-ee16-4add-9873-8d4ae58aba11","local_time":"20210219014646","is_ascension_mode":true,"campfire_choices":[{"floor":1,"key":"RECALL"}],"circlet_count":0,"master_deck":["sneckomod:Strike","sneckomod:Strike","sneckomod:Strike","sneckomod:Defend","sneckomod:Defend","sneckomod:Defend","sneckomod:TailWhip","sneckomod:SnekBite","sneckomod:Unknown","sneckomod:Unknown","sneckomod:UnknownDraw","sneckomod:DiceBlock","sneckomod:UnknownUncommonPower+1","sneckomod:ImprovisedAttack","sneckomod:SlitherStrike","sneckomod:UnknownX","sneckomod:ImprovisedAttack","sneckomod:UnknownDexterity","sneckomod:Unknown1Cost"],"relics":["StuffTheSpire:OccultApparatus","downfall:HeartsMalice","Runesmith:Nanobots","Bag of Marbles","sneckomod:ConfusingCodex"],"acts_visited":["Exordium"],"potions_floor_usage":[11,13,13],"damage_taken":[{"damage":0,"enemies":"Jaw Worm","floor":2,"turns":1},{"damage":0,"enemies":"downfall:FleeingMerchant","floor":3,"turns":1},{"damage":0,"enemies":"Cultist","floor":4,"turns":1},{"damage":14,"enemies":"2 Louse","floor":6,"turns":3},{"damage":12,"enemies":"3 Sentries","floor":8,"turns":6},{"damage":16,"enemies":"Blue Slaver","floor":9,"turns":4},{"damage":12,"enemies":"Replay:BlueRogue","floor":11,"turns":5},{"damage":8,"enemies":"downfall:LooterAlt","floor":12,"turns":2},{"damage":0,"enemies":"3 Sentries","floor":13,"turns":2}],"seed_played":"-3663238725184076900","potions_obtained":[{"floor":6,"key":"blueLaboratory:HummingbirdPotion"},{"floor":8,"key":"Swift Potion"},{"floor":11,"key":"Death Potion"},{"floor":12,"key":"Strength Potion"}],"is_trial":false,"path_per_floor":["R","M","$","M","?","M","T","E","M","T","E","M","E"],"character_chosen":"THE_SNECKO","items_purchased":["sneckomod:UnknownUncommonPower+1"],"campfire_rested":0,"item_purchase_floors":[3],"current_hp_per_floor":[81,81,81,81,81,67,67,55,39,39,27,19,19,19,19],"gold":211,"neow_bonus":"THREE_ENEMY_KILL","is_daily":false,"chose_seed":false,"campfire_upgraded":0,"win_rate":0.0,"timestamp":1613717206,"path_taken":["R","M","$","M","?","M","T","E","M","?","E","?","E"],"items_purchased_type":["Card"],"build_version":"2020-12-22","purchased_purges":0,"victory":false,"max_hp_per_floor":[90,90,90,90,90,90,90,90,90,90,90,90,90,90,90],"relic_stats":{"counters":[9,22],"obtain_stats":[{"StuffTheSpire:OccultApparatus":5,"Runesmith:Nanobots":7,"sneckomod:ConfusingCodex":11,"downfall:HeartsMalice":0,"Bag of Marbles":8,"sneckomod:SneckoSoul":0},{"StuffTheSpire:OccultApparatus":3,"Runesmith:Nanobots":4,"sneckomod:ConfusingCodex":7,"downfall:HeartsMalice":0,"Bag of Marbles":5,"sneckomod:SneckoSoul":0},{"StuffTheSpire:OccultApparatus":0,"Runesmith:Nanobots":3,"sneckomod:ConfusingCodex":18,"downfall:HeartsMalice":0,"Bag of Marbles":9,"sneckomod:SneckoSoul":0}]},"card_choices":[{"not_picked":["sneckomod:UnknownExhaust","sneckomod:UnknownDexterity"],"picked":"sneckomod:UnknownDraw","floor":2},{"not_picked":["sneckomod:UnknownCommonAttack","sneckomod:DiceBoulder"],"picked":"sneckomod:DiceBlock","floor":3},{"not_picked":["sneckomod:MixItUp","sneckomod:Unknown0Cost"],"picked":"sneckomod:ImprovisedAttack","floor":4},{"not_picked":["sneckomod:DiceBlock","sneckomod:UnknownCommonAttack"],"picked":"sneckomod:SlitherStrike","floor":6},{"not_picked":["sneckomod:UnknownClassFIREFLY_COLOR","sneckomod:DefensiveFlair"],"picked":"sneckomod:UnknownX","floor":8},{"not_picked":["sneckomod:SnakeSap","sneckomod:UnknownClassTHE_CURSED_PURPLE"],"picked":"sneckomod:ImprovisedAttack","floor":9},{"not_picked":["sneckomod:Restock","sneckomod:ImprovisedAttack"],"picked":"sneckomod:UnknownDexterity","floor":11},{"not_picked":["sneckomod:DiceBlock","sneckomod:UnknownBlock"],"picked":"sneckomod:Unknown1Cost","floor":12}],"player_experience":647463,"relics_obtained":[{"floor":7,"key":"Runesmith:Nanobots"},{"floor":8,"key":"Bag of Marbles"},{"floor":11,"key":"sneckomod:ConfusingCodex"}],"event_choices":[],"is_beta":false,"boss_relics":[],"items_purged_floors":[],"is_endless":false,"potions_floor_spawned":[6,8,11,12],"killed_by":"3 Sentries","ascension_level":7}}