{"host":"tlbbab9afexrkdtf","time":1613772624,"event":{"mods":["2.2 Compatiblity","AchievementEnabler","BaseMod","Colored Map","Colored Powertips","Minty Spire (QoL Compilation)","Rare Cards Sparkle","StSLib"],"gold_per_floor":[110,110,185,205,0,0,27,40,63,96,96,61,36,211,211,308,308,328,328,348,34,44,44,44],"floor_reached":23,"language":"ENG","playtime":534,"items_purged":["Doubt"],"score":322,"play_id":"e44dc9ea-ee96-4780-ba0f-549a597999fd","local_time":"20210219171024","is_ascension_mode":true,"campfire_choices":[{"floor":6,"key":"REST"},{"floor":11,"key":"REST"},{"floor":15,"key":"RECALL"}],"circlet_count":0,"master_deck":["Strike_B","Strike_B","Strike_B","Strike_B","Defend_B+1","Defend_B","Defend_B+1","Defend_B","Zap","Dualcast","Lockon","Ball Lightning","Sunder","Cold Snap","Cold Snap","Creative AI","CurseOfTheBell","Conserve Battery+1","Hologram+1","Skim+1"],"relics":["Cracked Core","Vajra","Boot","Bag of Marbles","Meat on the Bone","Calling Bell","Ancient Tea Set","Shuriken","Ice Cream","Darkstone Periapt"],"acts_visited":["Exordium","TheCity"],"potions_floor_usage":[7,7,7,16,22,22,23],"damage_taken":[{"damage":5,"enemies":"Small Slimes","floor":1,"turns":3},{"damage":12,"enemies":"Jaw Worm","floor":4,"turns":2},{"damage":0,"enemies":"Gremlin Nob","floor":7,"turns":3},{"damage":0,"enemies":"2 Louse","floor":8,"turns":1},{"damage":19,"enemies":"3 Sentries","floor":10,"turns":5},{"damage":10,"enemies":"Slime Boss","floor":16,"turns":9},{"damage":19,"enemies":"Spheric Guardian","floor":18,"turns":4},{"damage":12,"enemies":"3 Byrds","floor":20,"turns":5},{"damage":50,"enemies":"3 Cultists","floor":22,"turns":7},{"damage":16,"enemies":"Gremlin Leader","floor":23,"turns":3}],"seed_played":"231130857326565029","potions_obtained":[{"floor":1,"key":"EssenceOfDarkness"},{"floor":4,"key":"Block Potion"},{"floor":10,"key":"Dexterity Potion"},{"floor":16,"key":"Weak Potion"},{"floor":20,"key":"BlessingOfTheForge"},{"floor":22,"key":"EssenceOfSteel"}],"is_trial":false,"path_per_floor":["M","?","?","M","$","R","E","M","T","E","R","?","$","?","R","B",null,"M","?","M","$","M","E"],"character_chosen":"DEFECT","items_purchased":["Vajra","Fire Potion","Cold Snap","Darkstone Periapt"],"campfire_rested":2,"item_purchase_floors":[5,5,13,21],"current_hp_per_floor":[70,54,43,31,31,55,55,55,55,36,60,80,80,80,80,70,79,60,65,53,53,15,0,0],"gold":44,"neow_bonus":"TEN_PERCENT_HP_BONUS","is_daily":false,"chose_seed":false,"campfire_upgraded":0,"win_rate":0.0,"timestamp":1613772624,"path_taken":["M","?","?","M","$","R","E","M","T","E","R","?","?","?","R","BOSS","M","?","?","$","M","E"],"items_purchased_type":["Relic","Potion","Card","Relic"],"build_version":"2020-12-22","purchased_purges":1,"victory":false,"max_hp_per_floor":[82,82,82,82,82,82,82,82,82,82,82,82,82,82,82,82,82,82,82,82,82,82,82,82],"card_choices":[{"not_picked":["Heatsinks","Reprogram"],"picked":"Lockon","floor":1},{"not_picked":["Turbo","Beam Cell"],"picked":"Ball Lightning","floor":4},{"not_picked":["Conserve Battery","Fission"],"picked":"Sunder","floor":7},{"not_picked":["Heatsinks","Reprogram"],"picked":"Turbo","floor":8},{"not_picked":["Fusion","Conserve Battery"],"picked":"Cold Snap","floor":10},{"not_picked":["Hyperbeam","Core Surge"],"picked":"Creative AI","floor":16},{"not_picked":["Beam Cell+1","Tempest+1"],"picked":"Conserve Battery+1","floor":18},{"not_picked":["Compile Driver","All For One"],"picked":"Hologram+1","floor":20},{"not_picked":["Reinforced Body","Gash"],"picked":"Skim+1","floor":22}],"player_experience":338443,"relics_obtained":[{"floor":7,"key":"Boot"},{"floor":9,"key":"Bag of Marbles"},{"floor":10,"key":"Meat on the Bone"},{"floor":17,"key":"Ancient Tea Set"},{"floor":17,"key":"Shuriken"},{"floor":17,"key":"Ice Cream"}],"event_choices":[{"damage_healed":0,"gold_gain":0,"player_choice":"Entered Light","damage_taken":16,"max_hp_gain":0,"max_hp_loss":0,"event_name":"Shining Light","floor":2,"gold_loss":0,"cards_upgraded":["Defend_B","Defend_B"]},{"damage_healed":0,"gold_gain":75,"player_choice":"Gather Gold","damage_taken":11,"max_hp_gain":0,"max_hp_loss":0,"event_name":"World of Goop","floor":3,"gold_loss":0},{"damage_healed":20,"gold_gain":0,"player_choice":"Healed","damage_taken":0,"max_hp_gain":0,"max_hp_loss":0,"event_name":"The Cleric","floor":12,"gold_loss":35},{"damage_healed":0,"gold_gain":175,"player_choice":"AGREE","damage_taken":0,"max_hp_gain":0,"max_hp_loss":0,"event_name":"Liars Game","floor":14,"gold_loss":0,"cards_obtained":["Doubt"]},{"cards_removed":["Turbo"],"damage_healed":5,"gold_gain":0,"player_choice":"Offered Common","damage_taken":0,"max_hp_gain":0,"max_hp_loss":0,"event_name":"Bonfire Elementals","floor":19,"gold_loss":0},{"cards_removed":["Turbo"],"damage_healed":5,"gold_gain":0,"player_choice":"Offered Special","damage_taken":0,"max_hp_gain":0,"max_hp_loss":0,"event_name":"Bonfire Elementals","floor":19,"gold_loss":0}],"is_beta":false,"boss_relics":[{"not_picked":["Empty Cage","Pandora\u0027s Box"],"picked":"Calling Bell"}],"items_purged_floors":[21],"is_endless":false,"potions_floor_spawned":[1,4,10,16,20,22],"killed_by":"Gremlin Leader","ascension_level":9}}