{"host":"ifvrsrzj00f2ebkn","time":1613735106,"event":{"mods":["BaseMod","Colored Map","Colored Powertips","Minty Spire (QoL Compilation)","Random Character Button","Replay The Spire","Shapeshifter Mod","Shop Mod","StSLib"],"gold_per_floor":[99,99,99,115,115,115,115,115,115,115,115,140,140,140,140,235,285,304,304,304,304,304,304,304,304,304,304,304,304,304,323,323,420,420,440,440,440,296,330,330,330,330,330,330,330,330,330,184,184,184],"floor_reached":51,"language":"ENG","playtime":1332,"items_purged":[],"score":798,"play_id":"f85987d3-5105-4540-a1be-19dd8b43a7cc","local_time":"20210219194506","daily_mods":["SealedDeck","Heirloom","Time Dilation","Flight","DeadlyEvents","Elite Swarm"],"is_ascension_mode":true,"campfire_choices":[{"data":"StSShapeShifter:BarkSkin","floor":6,"key":"SMITH"},{"data":"StSShapeShifter:PoisonIvy","floor":8,"key":"SMITH"},{"data":"StSShapeShifter:BarkSkin","floor":10,"key":"SMITH"},{"data":"StSShapeShifter:FoxForm","floor":15,"key":"PURGE"},{"data":"Poison Darts","floor":23,"key":"SMITH"},{"data":"StSShapeShifter:PoisonIvy","floor":28,"key":"SMITH"},{"data":"StSShapeShifter:PoisonIvy","floor":29,"key":"SMITH"},{"data":"StSShapeShifter:ShiftingStrike","floor":40,"key":"SMITH"},{"data":"StSShapeShifter:ShiftingStrike","floor":41,"key":"SMITH"},{"data":"StSShapeShifter:BurstingSpore","floor":44,"key":"SMITH"},{"data":"StSShapeShifter:BurstingSpore","floor":45,"key":"SMITH"},{"data":"StSShapeShifter:UnicornForm","floor":46,"key":"SMITH"},{"data":"StSShapeShifter:StormGryphonForm","floor":47,"key":"SMITH"}],"circlet_count":0,"master_deck":["StSShapeShifter:FesteringBite","StSShapeShifter:ThornToss+1","StSShapeShifter:ShiftingStrike+1","StSShapeShifter:ShiftingStrike+1","StSShapeShifter:FallingLeaves","StSShapeShifter:BarkSkin","StSShapeShifter:BarkSkin+1","StSShapeShifter:PoisonIvy+1","StSShapeShifter:FlowerShield+1","StSShapeShifter:AdaptiveStrikes","StSShapeShifter:BurstingSpore+1","StSShapeShifter:Mystical_Branch","StSShapeShifter:FallingLeaves","StSShapeShifter:BarkSkin+1","StSShapeShifter:PoisonIvy+1","StSShapeShifter:PoisonIvy+1","StSShapeShifter:Guard","StSShapeShifter:FlowerShield","StSShapeShifter:FlowerShield","StSShapeShifter:UnicornForm+1","Poison Darts+1","StSShapeShifter:BurstingSpore+1","StSShapeShifter:PorcupineForm","StSShapeShifter:StormGryphonForm+1","StSShapeShifter:Wildfire2+1"],"relics":["StSShapeShifter:AnimalHeart","StSShapeShifter:TheShapeShiftersMagnolia","TungstenRod","Bird Faced Urn","PrismaticShard","MealTicket","Tiny Chest","NeowsBlessing","Tiny House","NeowsBlessing","NeowsBlessing","NeowsBlessing","NeowsBlessing","NeowsBlessing","Chameleon Ring","Counterbalance","Replay:Kaleidoscope","Chemical X","CaptainsWheel","PreservedInsect","StSShapeShifter:MysticalFossil","Sling"],"acts_visited":["Exordium","TheCity","TheBeyond"],"potions_floor_usage":[],"damage_taken":[{"damage":0,"enemies":"Cultist","floor":4,"turns":3},{"damage":21,"enemies":"3 Sentries","floor":12,"turns":5},{"damage":0,"enemies":"Slime Boss","floor":16,"turns":1},{"damage":0,"enemies":"3 Byrds","floor":18,"turns":2},{"damage":0,"enemies":"2 Thieves","floor":31,"turns":1},{"damage":0,"enemies":"Champ","floor":33,"turns":1},{"damage":0,"enemies":"Orb Walker","floor":35,"turns":1},{"damage":0,"enemies":"Giant Head","floor":39,"turns":1},{"damage":0,"enemies":"Time Eater","floor":50,"turns":1}],"seed_played":"1625526224165145276","potions_obtained":[{"floor":12,"key":"Adrenaline Potion"},{"floor":17,"key":"ColorlessPotion"},{"floor":33,"key":"FearPotion"},{"floor":39,"key":"LifebloodPotion"}],"is_trial":true,"path_per_floor":["WH","?","$","M","WH","R","$","R","T","R","$","E","WH","?","R_BF","B",null,"M","WH","WH","WH","WH","R","WH","?","T","?","R","R","T","M","R_BF","B",null,"M","?","WH","$","E","R","R","T","T","R","R","R","R","$","R_BF","B",null],"character_chosen":"SHAPESHIFTER","items_purchased":["Chemical X","Sling"],"campfire_rested":0,"item_purchase_floors":[38,48],"current_hp_per_floor":[78,78,78,78,85,85,85,85,85,85,85,64,64,64,64,64,85,85,85,85,85,85,85,85,68,68,68,68,68,68,68,60,60,86,86,86,95,104,104,104,104,104,104,104,104,104,104,104,104,104],"gold":184,"neow_bonus":"TEN_PERCENT_HP_BONUS","is_daily":false,"chose_seed":false,"campfire_upgraded":12,"win_rate":0.0,"timestamp":1613735106,"path_taken":["WH","?","?","?","WH","R","$","R","T","R","$","?","WH","?","R_BF","BOSS","M","WH","WH","WH","WH","R","WH","?","T","?","R","R","?","M","R_BF","BOSS","M","?","WH","?","?","R","R","?","T","R","R","R","R","$","R_BF","BOSS"],"items_purchased_type":["Relic","Relic"],"build_version":"2020-12-22","purchased_purges":0,"victory":true,"max_hp_per_floor":[78,78,78,78,85,85,85,85,85,85,85,85,85,85,85,85,90,90,90,90,90,90,90,90,95,95,95,95,95,95,95,95,95,95,95,95,104,104,104,104,104,104,104,104,104,104,104,104,104,104],"card_choices":[{"not_picked":["Armaments","Slice","StSShapeShifter:RatForm"],"picked":"SKIP","floor":4},{"not_picked":["Midas Touch","StSShapeShifter:Earthquake","Atom Bomb"],"picked":"SKIP","floor":12},{"not_picked":["StSShapeShifter:Tornado","Replay:Many Hands"],"picked":"Poison Darts","floor":16},{"not_picked":["StSShapeShifter:BulwarkOfDiscovery","StSShapeShifter:Maul"],"picked":"StSShapeShifter:BurstingSpore","floor":17},{"not_picked":["StSShapeShifter:OakBlade","StSShapeShifter:HummingbirdForm","Vengeance+1"],"picked":"SKIP","floor":18},{"not_picked":["Heavy Blade","Pommel Strike"],"picked":"StSShapeShifter:PorcupineForm","floor":31},{"not_picked":["Reinforced Body+1","Wild Strike+1"],"picked":"StSShapeShifter:Wildfire2+1","floor":35},{"not_picked":["ConjureBlade","SpiritShield","Malaise"],"picked":"SKIP","floor":39}],"player_experience":135757,"relics_obtained":[{"floor":9,"key":"MealTicket"},{"floor":12,"key":"Tiny Chest"},{"floor":26,"key":"Chameleon Ring"},{"floor":27,"key":"Counterbalance"},{"floor":30,"key":"Replay:Kaleidoscope"},{"floor":39,"key":"CaptainsWheel"},{"floor":42,"key":"PreservedInsect"},{"floor":43,"key":"StSShapeShifter:MysticalFossil"}],"event_choices":[{"damage_healed":0,"gold_gain":0,"player_choice":"Shed Blood","damage_taken":23,"max_hp_gain":5,"max_hp_loss":0,"event_name":"Forgotten Altar","floor":25,"gold_loss":0},{"damage_healed":0,"gold_gain":0,"player_choice":"Relic","damage_taken":0,"max_hp_gain":0,"max_hp_loss":0,"event_name":"Wheel of Change","floor":27,"gold_loss":0}],"is_beta":false,"boss_relics":[{"not_picked":["Philosopher\u0027s Stone","Velvet Choker"],"picked":"Tiny House"},{"not_picked":[]}],"items_purged_floors":[],"is_endless":false,"potions_floor_spawned":[12,33,39],"ascension_level":5}}