{"host":"nwd160me4iqdtr8u","time":1613753976,"event":{"mods":["AchievementEnabler","Act Like it!","BaseMod","Colored Map","DeckTracker","Keyboard Shortcuts","Minty Spire (QoL Compilation)","Quick Restart","Rare Cards Sparkle","Smile Girya","StSLib","SuperFastMode","everything is the same but u backflip on backflip"],"gold_per_floor":[111,111,125,144,159,159,173,202,202,212,237,252,252,264,264,366,366,379,304,214,64,75,75,105,105,105,105,20,32,66,98,98,195,195,210,228,245,245,258,284,284,339,339,355,374,299,299,3,3,3],"floor_reached":51,"language":"KOR","playtime":3542,"items_purged":["Parasite","Strike_B"],"score":967,"play_id":"deacc351-7db9-45de-b6c0-4f27d1920dea","local_time":"20210220015936","is_ascension_mode":true,"campfire_choices":[{"data":"Dualcast","floor":6.0,"key":"SMITH"},{"data":"Loop","floor":13.0,"key":"SMITH"},{"data":"Go for the Eyes","floor":15.0,"key":"SMITH"},{"data":"Coolheaded","floor":23.0,"key":"SMITH"},{"data":"Chaos","floor":25.0,"key":"SMITH"},{"data":"Seek","floor":32.0,"key":"SMITH"},{"floor":41,"key":"REST"},{"data":"Hologram","floor":49,"key":"SMITH"}],"circlet_count":0,"master_deck":["Defend_B+1","Defend_B","Defend_B","Defend_B","Zap","Dualcast+1","Seek","Conserve Battery","Genetic Algorithm","Cold Snap","Go for the Eyes+1","Barrage","Compile Driver","Electrodynamics","Self Repair","Coolheaded+1","Loop+1","Seek+1","Hologram+1","Chaos+1","Rebound","Core Surge","Capacitor+1","Skim+1","Recycle","Coolheaded","Echo Form","Force Field+1","FTL","Purity","Thinking Ahead"],"relics":["Cracked Core","Mummified Hand","Singing Bowl","Bronze Scales","Cursed Key","DataDisk","Torii","Dream Catcher","Ancient Tea Set","Red Mask","Nuclear Battery","Happy Flower","TungstenRod","Symbiotic Virus","Lee\u0027s Waffle"],"acts_visited":["Exordium","TheCity","TheBeyond"],"potions_floor_usage":[42,50],"damage_taken":[{"damage":8.0,"enemies":"Jaw Worm","floor":1.0,"turns":4.0},{"damage":0.0,"enemies":"Cultist","floor":3.0,"turns":3.0},{"damage":0.0,"enemies":"2 Louse","floor":4.0,"turns":2.0},{"damage":5.0,"enemies":"Large Slime","floor":5.0,"turns":6.0},{"damage":2.0,"enemies":"Red Slaver","floor":7.0,"turns":3.0},{"damage":10.0,"enemies":"Gremlin Nob","floor":8.0,"turns":5.0},{"damage":3.0,"enemies":"Blue Slaver","floor":10.0,"turns":3.0},{"damage":6.0,"enemies":"3 Sentries","floor":11.0,"turns":4.0},{"damage":0.0,"enemies":"3 Louse","floor":12.0,"turns":1.0},{"damage":0.0,"enemies":"2 Fungi Beasts","floor":14.0,"turns":3.0},{"damage":14.0,"enemies":"Hexaghost","floor":16.0,"turns":7.0},{"damage":5.0,"enemies":"Chosen","floor":18.0,"turns":4.0},{"damage":0.0,"enemies":"3 Byrds","floor":22.0,"turns":3.0},{"damage":3.0,"enemies":"Gremlin Leader","floor":24.0,"turns":4.0},{"damage":1.0,"enemies":"Centurion and Healer","floor":29.0,"turns":5.0},{"damage":8.0,"enemies":"Book of Stabbing","floor":30.0,"turns":5.0},{"damage":0.0,"enemies":"Masked Bandits","floor":31.0,"turns":2.0},{"damage":38.0,"enemies":"Automaton","floor":33.0,"turns":10.0},{"damage":1.0,"enemies":"Orb Walker","floor":35.0,"turns":2.0},{"damage":0.0,"enemies":"3 Darklings","floor":36.0,"turns":3.0},{"damage":1.0,"enemies":"Maw","floor":37.0,"turns":8.0},{"damage":0.0,"enemies":"Jaw Worm Horde","floor":39.0,"turns":4.0},{"damage":60,"enemies":"Giant Head","floor":40,"turns":9},{"damage":13,"enemies":"2 Orb Walkers","floor":42,"turns":3},{"damage":7,"enemies":"Spire Growth","floor":44,"turns":4},{"damage":0,"enemies":"Sphere and 2 Shapes","floor":45,"turns":5},{"damage":33,"enemies":"Time Eater","floor":50,"turns":10}],"seed_played":"4659606372753561963","potions_obtained":[{"floor":3.0,"key":"FocusPotion"},{"floor":5.0,"key":"Energy Potion"},{"floor":7.0,"key":"Ancient Potion"},{"floor":8.0,"key":"PowerPotion"},{"floor":14.0,"key":"Strength Potion"},{"floor":22.0,"key":"PowerPotion"},{"floor":29.0,"key":"ColorlessPotion"},{"floor":33.0,"key":"Explosive Potion"},{"floor":37.0,"key":"Fruit Juice"},{"floor":42,"key":"Weak Potion"},{"floor":44,"key":"Swift Potion"}],"is_trial":false,"path_per_floor":["M","?","M","M","M","R","M","E","T","M","E","M","R","M","R","B",null,"M","?","?","$","M","R","E","R","T","?","?","M","E","?","R","B",null,"M","M","M","?","M","E","R","?","T","M","M","$","?","$","R","B",null],"character_chosen":"DEFECT","items_purchased":["DataDisk","Lee\u0027s Waffle","FocusPotion"],"campfire_rested":1,"item_purchase_floors":[21,48,48],"current_hp_per_floor":[60,60,60,60,55,55,53,43,43,40,34,34,34,36,36,29,65,69,69,69,69,76,76,79,79,79,79,79,79,80,82,82,51,75,81,83,88,84,86,33,58,52,52,45,54,54,50,92,92,66],"gold":3,"neow_bonus":"ONE_RANDOM_RARE_CARD","is_daily":false,"chose_seed":false,"campfire_upgraded":7,"win_rate":0.0,"timestamp":1613753976,"path_taken":["M","?","M","M","M","R","?","E","T","M","E","M","R","M","R","BOSS","M","?","?","$","?","R","E","R","T","?","?","M","E","?","R","BOSS","M","M","M","?","M","E","R","?","T","M","?","$","?","$","R","BOSS"],"items_purchased_type":["Relic","Relic","Potion"],"build_version":"2020-12-22","purchased_purges":2,"victory":true,"max_hp_per_floor":[75,75,75,75,75,75,75,75,75,75,75,75,75,77,77,77,77,79,79,79,79,79,79,79,79,79,79,79,79,81,83,83,83,83,83,83,88,84,86,86,86,86,86,86,88,85,85,92,92,92],"card_choices":[{"not_picked":["Stack","Melter"],"picked":"Conserve Battery","floor":1.0},{"not_picked":["Darkness","Storm"],"picked":"Cold Snap","floor":3.0},{"not_picked":["Static Discharge","Steam"],"picked":"Go for the Eyes","floor":4.0},{"not_picked":["Aggregate","Turbo"],"picked":"Barrage","floor":5.0},{"not_picked":["Sweeping Beam","Leap"],"picked":"Compile Driver","floor":7.0},{"not_picked":["Reinforced Body","Compile Driver"],"picked":"Electrodynamics","floor":8.0},{"not_picked":["Conserve Battery","Leap"],"picked":"Self Repair","floor":10.0},{"not_picked":["Darkness","Cold Snap"],"picked":"Coolheaded","floor":11.0},{"not_picked":["Ball Lightning","Fusion"],"picked":"Loop","floor":12.0},{"not_picked":["Doom and Gloom","Steam","Conserve Battery"],"picked":"Singing Bowl","floor":14.0},{"not_picked":["Thunder Strike","Machine Learning"],"picked":"Seek","floor":16.0},{"not_picked":["Turbo","Genetic Algorithm","Compile Driver"],"picked":"Singing Bowl","floor":18.0},{"not_picked":["Cold Snap","Coolheaded"],"picked":"Hologram","floor":22.0},{"not_picked":["Hyperbeam","Go for the Eyes"],"picked":"Chaos","floor":24.0},{"not_picked":["Leap","Steam"],"picked":"Rebound","floor":29.0},{"not_picked":["Compile Driver","Sweeping Beam","Stack"],"picked":"Singing Bowl","floor":30.0},{"not_picked":["Barrage","Beam Cell","Rebound"],"picked":"Singing Bowl","floor":31.0},{"not_picked":["Electrodynamics","Fission"],"picked":"Core Surge","floor":33.0},{"not_picked":["Tempest+1","Ball Lightning","Capacitor+1"],"picked":"SKIP","floor":35.0},{"not_picked":["Tempest+1","Ball Lightning"],"picked":"Capacitor+1","floor":35.0},{"not_picked":["Recycle","Hello World+1"],"picked":"Skim+1","floor":36.0},{"not_picked":["Skim+1","Reprogram+1"],"picked":"Recycle","floor":37.0},{"not_picked":["Turbo","Redo","Coolheaded+1"],"picked":"Singing Bowl","floor":39.0},{"not_picked":["Redo","Fusion+1"],"picked":"Coolheaded","floor":40},{"not_picked":["Melter","Stack+1"],"picked":"Echo Form","floor":41},{"not_picked":["Streamline+1","White Noise"],"picked":"Force Field+1","floor":42},{"not_picked":["Rip and Tear+1","Sweeping Beam"],"picked":"FTL","floor":44},{"not_picked":["Sweeping Beam","Gash","Compile Driver"],"picked":"Singing Bowl","floor":45},{"not_picked":["Dark Shackles","Panache"],"picked":"Purity","floor":47},{"not_picked":["PanicButton","Violence"],"picked":"Thinking Ahead","floor":47}],"player_experience":422264,"relics_obtained":[{"floor":8.0,"key":"Mummified Hand"},{"floor":9.0,"key":"Singing Bowl"},{"floor":11.0,"key":"Bronze Scales"},{"floor":24.0,"key":"Torii"},{"floor":30.0,"key":"Ancient Tea Set"},{"floor":31.0,"key":"Red Mask"},{"floor":40,"key":"Happy Flower"},{"floor":42,"key":"TungstenRod"},{"floor":43,"key":"Symbiotic Virus"}],"event_choices":[{"damage_healed":0.0,"max_hp_gain":0.0,"max_hp_loss":0.0,"gold_gain":0.0,"cards_transformed":["Strike_B"],"event_name":"Transmorgrifier","player_choice":"Transformed","floor":2.0,"gold_loss":0.0,"damage_taken":0.0,"cards_obtained":["Genetic Algorithm"]},{"cards_removed":["Strike_B"],"damage_healed":0.0,"max_hp_gain":0.0,"max_hp_loss":0.0,"gold_gain":0.0,"event_name":"Beggar","player_choice":"Gave Gold","floor":19.0,"gold_loss":75.0,"damage_taken":0.0},{"cards_removed":["Strike_B"],"damage_healed":0.0,"max_hp_gain":0.0,"max_hp_loss":0.0,"gold_gain":0.0,"event_name":"Designer","player_choice":"Upgrade and Remove","floor":20.0,"gold_loss":90.0,"damage_taken":0.0,"cards_upgraded":["Defend_B"]},{"damage_healed":0.0,"max_hp_gain":0.0,"max_hp_loss":0.0,"gold_gain":0.0,"event_name":"The Mausoleum","player_choice":"Ignored","floor":27.0,"gold_loss":0.0,"damage_taken":0.0},{"damage_healed":0.0,"max_hp_gain":0.0,"max_hp_loss":0.0,"gold_gain":0.0,"event_name":"Addict","player_choice":"Obtained Relic","floor":28.0,"gold_loss":85.0,"damage_taken":0.0,"relics_obtained":["Dream Catcher"]},{"damage_healed":0.0,"max_hp_gain":0.0,"max_hp_loss":0.0,"gold_gain":0.0,"event_name":"Masked Bandits","player_choice":"Fought Bandits","floor":31.0,"gold_loss":0.0,"damage_taken":0.0},{"damage_healed":0.0,"max_hp_gain":0.0,"max_hp_loss":4.0,"gold_gain":0.0,"event_name":"Winding Halls","player_choice":"Max HP","floor":38.0,"gold_loss":0.0,"damage_taken":0.0},{"damage_healed":0,"gold_gain":0,"player_choice":"Fight","damage_taken":0,"max_hp_gain":0,"max_hp_loss":0,"event_name":"Mysterious Sphere","floor":42,"gold_loss":0},{"damage_healed":0,"gold_gain":0,"player_choice":"Memory 2","damage_taken":5,"max_hp_gain":0,"max_hp_loss":0,"event_name":"SensoryStone","floor":47,"gold_loss":0}],"is_beta":false,"boss_relics":[{"not_picked":["Fusion Hammer","Pandora\u0027s Box"],"picked":"Cursed Key"},{"not_picked":["Philosopher\u0027s Stone","Coffee Dripper"],"picked":"Nuclear Battery"}],"items_purged_floors":[46,48],"is_endless":false,"potions_floor_spawned":[3,5,7,8,14,22,29,33,36,37,42,44],"ascension_level":7}}