{"host":"ssceekdvsvld625r","time":1613765504,"event":{"mods":["AchievementEnabler","BaseMod","Better Third Choice","Block Reminder","Colored Map","Colored Powertips","Highlight Path","Minty Spire (QoL Compilation)","Permanent Neow","Quick Restart","Rare Cards Sparkle","Relic Stats","Shop Mod","StSLib"],"gold_per_floor":[117,117,0,16,16,16,55,55,79,79,79,92,126,144,144,273,273,288,309,340,340,8,39,39,39,39,39,39],"floor_reached":27,"language":"ENG","playtime":1452,"items_purged":[],"score":273,"play_id":"8062abc6-3194-4170-84b7-24719e2195b6","local_time":"20210219131144","is_ascension_mode":true,"campfire_choices":[{"data":"Static Discharge","floor":6,"key":"SMITH"},{"floor":8,"key":"REST"},{"floor":11,"key":"REST"},{"data":"Storm","floor":15,"key":"SMITH"},{"floor":24,"key":"REST"}],"circlet_count":0,"master_deck":["Strike_B","Strike_B","Strike_B","Strike_B","Defend_B","Defend_B","Defend_B","Defend_B","Zap+1","Dualcast","Static Discharge+1","Regret","BootSequence","Cold Snap","Barrage","Storm+1","Buffer","White Noise","Heatsinks","Beam Cell","Heatsinks","Loop+1","Defragment"],"relics":["FrozenCore","Blood Vial","Gremlin Horn","Question Card","Golden Idol","Bird Faced Urn","Strawberry","Bronze Scales","Red Mask","MutagenicStrength","Matryoshka","Centennial Puzzle","Letter Opener"],"acts_visited":["Exordium","TheCity"],"potions_floor_usage":[16,20],"damage_taken":[{"damage":4,"enemies":"Jaw Worm","floor":1,"turns":4},{"damage":13,"enemies":"Cultist","floor":4,"turns":3},{"damage":36,"enemies":"Lagavulin","floor":7,"turns":6},{"damage":1,"enemies":"Small Slimes","floor":12,"turns":3},{"damage":36,"enemies":"Gremlin Nob","floor":13,"turns":5},{"damage":2,"enemies":"3 Louse","floor":14,"turns":3},{"damage":42,"enemies":"Hexaghost","floor":16,"turns":9},{"damage":25,"enemies":"Shell Parasite","floor":18,"turns":5},{"damage":4,"enemies":"Spheric Guardian","floor":19,"turns":3},{"damage":15,"enemies":"Masked Bandits","floor":20,"turns":4},{"damage":54,"enemies":"Slavers","floor":23,"turns":3},{"damage":40,"enemies":"Gremlin Leader","floor":27,"turns":3}],"seed_played":"-6027208907130343215","potions_obtained":[{"floor":4,"key":"Energy Potion"},{"floor":7,"key":"LiquidMemories"},{"floor":12,"key":"EssenceOfSteel"},{"floor":20,"key":"SmokeBomb"}],"is_trial":false,"path_per_floor":["M","?","?","M","?","R","E","R","T","?","R","M","E","M","R","B",null,"M","M","?","?","$","E","R","?","T","E"],"character_chosen":"DEFECT","items_purchased":["Matryoshka","Heatsinks"],"campfire_rested":3,"item_purchase_floors":[22,22],"current_hp_per_floor":[71,71,71,60,60,60,26,46,53,53,75,75,42,44,44,8,76,53,59,52,52,52,8,30,30,30,0,0],"gold":39,"neow_bonus":"RANDOM_COMMON_RELIC","is_daily":false,"chose_seed":false,"campfire_upgraded":2,"win_rate":0.0,"timestamp":1613765504,"path_taken":["M","?","?","?","?","R","E","R","T","?","R","M","E","M","R","BOSS","M","M","?","?","$","E","R","?","T","E"],"items_purchased_type":["Relic","Card"],"build_version":"2020-12-22","purchased_purges":0,"victory":false,"max_hp_per_floor":[75,75,75,75,69,69,69,69,76,76,76,76,76,76,76,76,76,76,76,76,76,76,76,76,76,76,76,76],"relic_stats":{"Blood Vial":18,"Centennial Puzzle":[3],"Gremlin Horn":[8,8],"counters":[12,51],"Golden Idol":67,"Bird Faced Urn":[40],"Bronze Scales":[122],"Letter Opener":[15],"Question Card":10,"obtain_stats":[{"Gremlin Horn":2,"Golden Idol":5,"Letter Opener":26,"Question Card":3,"FrozenCore":17,"Blood Vial":0,"Centennial Puzzle":23,"Matryoshka":22,"Bird Faced Urn":7,"Strawberry":9,"Bronze Scales":13,"MutagenicStrength":21,"Red Mask":20,"Cracked Core":0},{"Gremlin Horn":1,"Golden Idol":2,"Letter Opener":11,"Question Card":1,"FrozenCore":7,"Blood Vial":0,"Centennial Puzzle":11,"Matryoshka":10,"Bird Faced Urn":3,"Strawberry":3,"Bronze Scales":5,"MutagenicStrength":10,"Red Mask":10,"Cracked Core":0},{"Gremlin Horn":4,"Golden Idol":7,"Letter Opener":48,"Question Card":4,"FrozenCore":33,"Blood Vial":0,"Centennial Puzzle":48,"Matryoshka":45,"Bird Faced Urn":13,"Strawberry":13,"Bronze Scales":21,"MutagenicStrength":45,"Red Mask":45,"Cracked Core":0}],"FrozenCore":[7]},"card_choices":[{"not_picked":["Beam Cell","Sweeping Beam"],"picked":"Static Discharge","floor":1},{"not_picked":["Turbo","Sweeping Beam","Beam Cell"],"picked":"BootSequence","floor":4},{"not_picked":["Blizzard","Go for the Eyes","Chill"],"picked":"Cold Snap","floor":7},{"not_picked":["Blizzard","Doom and Gloom","Conserve Battery"],"picked":"Barrage","floor":12},{"not_picked":["Turbo","Go for the Eyes","Consume","Lockon"],"picked":"SKIP","floor":13},{"not_picked":["Barrage","Leap","Machine Learning"],"picked":"Storm","floor":14},{"not_picked":["Thunder Strike","Reboot","Fission"],"picked":"Buffer","floor":16},{"not_picked":["Streamline","Beam Cell","Coolheaded"],"picked":"White Noise","floor":18},{"not_picked":["Go for the Eyes","Leap","Force Field"],"picked":"Heatsinks","floor":19},{"not_picked":["Turbo","Recycle","Sweeping Beam+1"],"picked":"Beam Cell","floor":20},{"not_picked":["Redo","Amplify","Force Field+1"],"picked":"Loop+1","floor":23}],"player_experience":59858,"relics_obtained":[{"floor":7,"key":"Bird Faced Urn"},{"floor":9,"key":"Strawberry"},{"floor":13,"key":"Bronze Scales"},{"floor":20,"key":"Red Mask"},{"floor":23,"key":"Centennial Puzzle"},{"floor":26,"key":"Letter Opener"}],"event_choices":[{"damage_healed":0,"gold_gain":0,"player_choice":"Box","damage_taken":0,"relics_obtained":["Gremlin Horn"],"max_hp_gain":0,"max_hp_loss":0,"event_name":"Big Fish","floor":2,"gold_loss":0,"cards_obtained":["Regret"]},{"damage_healed":0,"gold_gain":0,"player_choice":"Paid Gold","damage_taken":0,"relics_obtained":["Question Card"],"max_hp_gain":0,"max_hp_loss":0,"event_name":"WeMeetAgain","floor":3,"gold_loss":117},{"damage_healed":0,"gold_gain":0,"player_choice":"Lose Max HP","damage_taken":0,"relics_obtained":["Golden Idol"],"max_hp_gain":0,"max_hp_loss":6,"event_name":"Golden Idol","floor":5,"gold_loss":0},{"damage_healed":0,"gold_gain":0,"player_choice":"Grow","damage_taken":0,"max_hp_gain":0,"max_hp_loss":0,"event_name":"Living Wall","floor":10,"gold_loss":0,"cards_upgraded":["Zap"]},{"damage_healed":0,"gold_gain":0,"player_choice":"Fought Bandits","damage_taken":0,"max_hp_gain":0,"max_hp_loss":0,"event_name":"Masked Bandits","floor":20,"gold_loss":0},{"damage_healed":0,"gold_gain":0,"player_choice":"Inject Mutagens","damage_taken":0,"relics_obtained":["MutagenicStrength"],"max_hp_gain":0,"max_hp_loss":0,"event_name":"Drug Dealer","floor":21,"gold_loss":0},{"damage_healed":0,"gold_gain":0,"player_choice":"Read","damage_taken":0,"max_hp_gain":0,"max_hp_loss":0,"event_name":"The Library","floor":25,"gold_loss":0,"cards_obtained":["Defragment"]}],"is_beta":false,"boss_relics":[{"not_picked":["Velvet Choker","Busted Crown"],"picked":"FrozenCore"}],"items_purged_floors":[],"is_endless":false,"potions_floor_spawned":[4,7,12,20],"killed_by":"Gremlin Leader","ascension_level":3}}