{"host":"xo0glkmxta74xh34","time":1613775026,"event":{"mods":["BaseMod","Downfall","Minty Spire (QoL Compilation)","Reliquary","Replay The Spire","StSLib"],"gold_per_floor":[99,114,131,191,191,206,206,240,240,63,94,94,109,43,63,167,167,167,180,17,362,379,405,405,35,35,51,51,69,69,100,119,221,221,221,233,251,33,52,52,126,126,4,4,4,4,15,35,53,53],"floor_reached":51,"language":"ENG","playtime":2803,"items_purged":["Slimebound:Strike_Slimebound","Delirium"],"score":802,"play_id":"684b96b3-5a37-449c-bd9f-76e9a20116d7","local_time":"20210219165026","is_ascension_mode":true,"campfire_choices":[{"floor":1,"key":"DIG"},{"floor":9,"key":"REST"},{"floor":12,"key":"REST"},{"data":"Slimebound:Darklings","floor":18,"key":"SMITH"},{"floor":26,"key":"REST"},{"floor":30,"key":"REST"},{"data":"Slimebound:MinionMaster","floor":35,"key":"SMITH"},{"data":"Spreading Infection","floor":42,"key":"PURGE"}],"circlet_count":0,"master_deck":["Slimebound:Strike_Slimebound","Slimebound:Strike_Slimebound","Slimebound:Tackle","Slimebound:Defend_Slimebound","Slimebound:Defend_Slimebound","Slimebound:Defend_Slimebound","Slimebound:Defend_Slimebound","Slimebound:Split","Slimebound:CorrosiveSpit","Flash of Steel","Slimebound:SplitMire","Slimebound:SplitBruiser","Slimebound:SlimeBarrage","Slimebound:LeadByExample","Slimebound:RejuvenatingLick","Slimebound:Recollect","Slimebound:Darklings+1","Slimebound:SplitMire","Slimebound:SplitLeeching","Slimebound:GrowthPunch","Slimebound:DisruptingSlam+1","Slimebound:Nibble","Slimebound:MinionMaster+1","Slimebound:PressTheAttack+1","Slimebound:LevelUp+1","Slimebound:Recycling","Slimebound:MassFeed","Parasite","Slimebound:OozeBath","Slimebound:GoopSpray+1","Slimebound:Replication+1"],"relics":["Slimebound:AbsorbEndCombat","WingedGreaves","Ornamental Fan","Gremlin Horn","Bottled Tornado","reliquary:GummyVitamins","sneckomod:SneckoTalon","Omamori","Red Mask","Orichalcum","hexamod:Sixitude","Lizard Tail","Onion Ring","Calling Bell","Replay:Baseball","Pantograph","Peace Pipe","Membership Card","downfall:ExtraCursedKey","reliquary:JackalopeAntler","ReplayTheSpireMod:TigerMarble"],"acts_visited":["Exordium","TheCity","TheBeyond"],"potions_floor_usage":[8,10,13,16,31,33,48,50],"damage_taken":[{"damage":7,"enemies":"2 Louse","floor":2,"turns":3},{"damage":7,"enemies":"Jaw Worm","floor":3,"turns":4},{"damage":0,"enemies":"Cultist","floor":6,"turns":3},{"damage":26,"enemies":"Lagavulin","floor":8,"turns":5},{"damage":0,"enemies":"downfall:FleeingMerchant","floor":10,"turns":4},{"damage":20,"enemies":"3 Sentries","floor":11,"turns":4},{"damage":13,"enemies":"Lots of Slimes","floor":13,"turns":2},{"damage":15,"enemies":"downfall:FleeingMerchant","floor":14,"turns":4},{"damage":3,"enemies":"Red Slaver","floor":15,"turns":3},{"damage":14,"enemies":"SI_SHIV_ARCHETYPE","floor":16,"turns":5},{"damage":12,"enemies":"Chosen","floor":19,"turns":3},{"damage":15,"enemies":"downfall:FleeingMerchant","floor":20,"turns":4},{"damage":0,"enemies":"downfall:FleeingMerchant","floor":21,"turns":1},{"damage":12,"enemies":"3 Byrds","floor":22,"turns":3},{"damage":39,"enemies":"Masked Bandits","floor":23,"turns":3},{"damage":10,"enemies":"Centurion and Healer","floor":27,"turns":4},{"damage":15,"enemies":"Shelled Parasite and Fungi","floor":29,"turns":3},{"damage":9,"enemies":"Gremlin Leader","floor":31,"turns":4},{"damage":2,"enemies":"Cultist and Chosen","floor":32,"turns":3},{"damage":62,"enemies":"DF_ARCHETYPE_CLAW","floor":33,"turns":7},{"damage":7,"enemies":"3 Shapes","floor":36,"turns":4},{"damage":21,"enemies":"3 Darklings","floor":37,"turns":4},{"damage":5,"enemies":"Writhing Mass","floor":39,"turns":4},{"damage":22,"enemies":"Spire Growth","floor":47,"turns":4},{"damage":12,"enemies":"Jaw Worm Horde","floor":48,"turns":2},{"damage":11,"enemies":"Sphere and 2 Shapes","floor":49,"turns":4},{"damage":22,"enemies":"IC_BLOCK_ARCHETYPE","floor":50,"turns":9}],"seed_played":"8379856257392050046","potions_obtained":[{"floor":2,"key":"Block Potion"},{"floor":5,"key":"Slimebound:ThreeZeroPotion"},{"floor":5,"key":"Swift Potion"},{"floor":11,"key":"champ:CounterPotion"},{"floor":13,"key":"Elixir"},{"floor":16,"key":"Energy Potion"},{"floor":22,"key":"sneckomod:MuddlingPotion"},{"floor":23,"key":"Slimebound:SlimedPotion"},{"floor":29,"key":"Strength Potion"},{"floor":31,"key":"FearPotion"},{"floor":33,"key":"Adrenaline Potion"},{"floor":36,"key":"SmokeBomb"},{"floor":39,"key":"PowerPotion"}],"is_trial":false,"path_per_floor":["R","M","M","?","?","M","T","E","R","$","E","R","M","$","M","B",null,"R","M","$","$","M","?","T","$","R","M","?","M","R","E","M","B",null,"R","M","M","$","M","?","T","R","?","?","?","$","M","M","M","B",null],"character_chosen":"SLIMEBOUND","items_purchased":["Slimebound:Darklings","Slimebound:DisruptingSlam+1","Omamori","hexamod:Sixitude","Membership Card","reliquary:FerryPass","ReplayTheSpireMod:TigerMarble"],"campfire_rested":4,"item_purchase_floors":[10,14,20,25,38,38,43],"current_hp_per_floor":[65,58,57,41,41,45,45,27,46,54,38,57,50,41,46,36,65,65,57,50,50,46,13,13,13,32,24,24,11,30,29,29,16,65,65,60,41,41,44,44,44,44,44,44,44,44,30,20,15,26],"gold":53,"neow_bonus":"RANDOM_COLORLESS","is_daily":false,"chose_seed":false,"campfire_upgraded":2,"win_rate":0.0,"timestamp":1613775026,"path_taken":["R","M","M","?","?","?","T","E","R","$","E","R","M","$","M","BOSS","R","M","?","$","?","?","T","$","R","M","?","M","R","E","M","BOSS","R","M","M","$","M","?","T","R","?","?","?","$","?","M","M","BOSS"],"items_purchased_type":["Card","Card","Relic","Relic","Relic","Relic","Relic"],"build_version":"2020-12-22","purchased_purges":2,"victory":true,"max_hp_per_floor":[65,65,65,65,65,65,65,65,65,65,65,65,65,65,65,65,65,65,65,65,65,65,65,65,65,65,65,65,65,65,65,65,65,65,65,65,65,65,65,65,65,65,65,65,65,65,65,65,65,65],"card_choices":[{"not_picked":["ReplayTheSpireMod:Private Reserves","Survey Options"],"picked":"Flash of Steel","floor":0},{"not_picked":["Slimebound:LeechingTouch","Slimebound:SplitBruiser"],"picked":"Slimebound:SplitMire","floor":2},{"not_picked":["Slimebound:Prepare","Slimebound:GoopTackle"],"picked":"Slimebound:SplitBruiser","floor":3},{"not_picked":["Slimebound:Grow","Slimebound:LeechEnergy"],"picked":"Slimebound:SlimeBarrage","floor":4},{"not_picked":["Slimebound:DisruptingSlam","Slimebound:SplitMire"],"picked":"Slimebound:LeadByExample","floor":4},{"not_picked":["Slimebound:PrepareCrush","Slimebound:SpikyOuterGoop"],"picked":"Slimebound:RejuvenatingLick","floor":6},{"not_picked":["Slimebound:SplitLeeching","Slimebound:FinishingTackle"],"picked":"Slimebound:Recollect","floor":8},{"not_picked":["Slimebound:Dissolve","Slimebound:RollThrough","Slimebound:Recollect"],"picked":"SKIP","floor":10},{"not_picked":["Slimebound:SamplingLick","Slimebound:RainOfGoop"],"picked":"Slimebound:SplitMire","floor":11},{"not_picked":["Slimebound:DouseInSlime","Slimebound:LeechEnergy"],"picked":"Slimebound:SplitLeeching","floor":13},{"not_picked":["Slimebound:SlimeBarrage","Slimebound:SplitLeeching"],"picked":"Slimebound:GrowthPunch","floor":14},{"not_picked":["Slimebound:ComboTackle","Slimebound:SamplingLick"],"picked":"Slimebound:Nibble","floor":15},{"not_picked":["Slimebound:SelfFormingGoo","Slimebound:MassFeed"],"picked":"Slimebound:MinionMaster","floor":16},{"not_picked":["Slimebound:LeechingTouch","Slimebound:PressTheAttack+1","Slimebound:SplitBruiser+1"],"picked":"SKIP","floor":19},{"not_picked":["Slimebound:SplitAcid","Slimebound:MegaLick"],"picked":"Slimebound:PressTheAttack+1","floor":20},{"not_picked":["Slimebound:BestDefense","Slimebound:HauntingLick","Slimebound:SplitSpecialist"],"picked":"SKIP","floor":21},{"not_picked":["Slimebound:FinishingTackle","Slimebound:Recollect"],"picked":"Slimebound:LevelUp+1","floor":22},{"not_picked":["Slimebound:Chomp","Slimebound:DisruptingSlam+1","Slimebound:TongueLash"],"picked":"SKIP","floor":27},{"not_picked":["Slimebound:SplitAcid+1","Slimebound:SlimeSpikes","Slimebound:Chomp"],"picked":"SKIP","floor":29},{"not_picked":["Slimebound:RollThrough+1","Slimebound:HauntingLick+1"],"picked":"Slimebound:Recycling","floor":31},{"not_picked":["Slimebound:GrowthPunch","Slimebound:SamplingLick","Slimebound:Prepare"],"picked":"SKIP","floor":32},{"not_picked":["Slimebound:FirmFortitude","Slimebound:SlimeSlap"],"picked":"Slimebound:MassFeed","floor":33},{"not_picked":["Slimebound:SplitBruiser+1","Slimebound:PressTheAttack+1","Slimebound:ServeAndProtect"],"picked":"SKIP","floor":36},{"not_picked":["Slimebound:Dissolve","Slimebound:DivideAndConquer+1","Slimebound:Schlurp"],"picked":"SKIP","floor":37},{"not_picked":["Slimebound:PressTheAttack","Slimebound:LeechEnergy","Slimebound:BestDefense"],"picked":"SKIP","floor":39},{"not_picked":["Slimebound:HauntingLick","Slimebound:RollThrough+1","Slimebound:Schlurp+1"],"picked":"SKIP","floor":47},{"not_picked":["Slimebound:Schlurp+1","Slimebound:Prepare"],"picked":"Slimebound:GoopSpray+1","floor":48},{"not_picked":["Slimebound:HauntingLick","Slimebound:LivingWall"],"picked":"Slimebound:Replication+1","floor":49}],"player_experience":524133,"relics_obtained":[{"floor":1,"key":"WingedGreaves"},{"floor":4,"key":"Ornamental Fan"},{"floor":7,"key":"Gremlin Horn"},{"floor":8,"key":"Bottled Tornado"},{"floor":11,"key":"reliquary:GummyVitamins"},{"floor":23,"key":"Red Mask"},{"floor":24,"key":"Orichalcum"},{"floor":31,"key":"Onion Ring"},{"floor":34,"key":"Replay:Baseball"},{"floor":34,"key":"Pantograph"},{"floor":34,"key":"Peace Pipe"},{"floor":41,"key":"reliquary:JackalopeAntler"}],"event_choices":[{"damage_healed":0,"gold_gain":0,"player_choice":"Got Potions","damage_taken":0,"max_hp_gain":0,"max_hp_loss":0,"event_name":"Lab","floor":5,"gold_loss":0},{"damage_healed":0,"gold_gain":0,"player_choice":"Fought Bandits","damage_taken":0,"max_hp_gain":0,"max_hp_loss":0,"event_name":"Masked Bandits","floor":23,"gold_loss":0},{"damage_healed":0,"gold_gain":0,"player_choice":"Stole Relic","damage_taken":0,"relics_obtained":["Lizard Tail"],"max_hp_gain":0,"max_hp_loss":0,"event_name":"Addict","floor":28,"gold_loss":0,"cards_obtained":["Pride"]}],"is_beta":false,"boss_relics":[{"not_picked":["Pandora\u0027s Box","Sozu"],"picked":"sneckomod:SneckoTalon"},{"not_picked":["bronze:MakeshiftBattery","Painkiller Herb"],"picked":"Calling Bell"}],"items_purged_floors":[25,43],"is_endless":false,"potions_floor_spawned":[2,11,13,16,22,23,29,31,33,36,39],"ascension_level":4}}