{"host":"p8f0otjoacyb9giz","time":1613758517,"event":{"mods":["AchievementEnabler","BaseMod","Downfall","Minty Spire (QoL Compilation)","StSLib"],"gold_per_floor":[99,118,118,138,32,66,66,84,84,95,113,126,126,158,176,273,273,73,92,92,103,88,88,88,103,3,21,121,149,134,146,163,163,163,163],"floor_reached":33,"language":"ENG","playtime":1700,"items_purged":[],"score":367,"play_id":"afaba2db-ff31-4205-8619-ee63edec9408","local_time":"20210219211517","is_ascension_mode":true,"campfire_choices":[{"data":"sneckomod:TailWhip","floor":1.0,"key":"SMITH"},{"floor":9.0,"key":"RECALL"},{"data":"sneckomod:SerpentMind","floor":18.0,"key":"SMITH"},{"data":"sneckomod:SerpentMind","floor":23.0,"key":"SMITH"},{"data":"sneckomod:SnekBite","floor":26.0,"key":"SMITH"}],"circlet_count":0,"master_deck":["sneckomod:Strike","sneckomod:Strike","sneckomod:Strike","sneckomod:Defend","sneckomod:Defend+1","sneckomod:Defend+1","sneckomod:TailWhip+1","sneckomod:SnekBite+1","sneckomod:Unknown","sneckomod:Unknown","sneckomod:WideSting+1","expansioncontent:Chronoboost","sneckomod:SerpentMind+1","sneckomod:UnknownUncommonPower","sneckomod:ImprovisedAttack","sneckomod:SerpentMind+1","sneckomod:SoulCleanse+1","sneckomod:UnknownClassGUARDIAN"],"relics":["Velvet Choker","War Paint","Eternal Feather","hexamod:CandleOfCauterizing","SlaversCollar","downfall:HeartBlessingGreen","downfall:HeartBlessingRed","downfall:HeartBlessingBlue","Ginger","Gremlin Horn","Shuriken"],"acts_visited":["Exordium","TheCity"],"potions_floor_usage":[33,33,33,33],"damage_taken":[{"damage":4.0,"enemies":"Jaw Worm","floor":2.0,"turns":2.0},{"damage":0.0,"enemies":"Cultist","floor":4.0,"turns":2.0},{"damage":0.0,"enemies":"downfall:FleeingMerchant","floor":5.0,"turns":4.0},{"damage":29.0,"enemies":"Lagavulin","floor":6.0,"turns":5.0},{"damage":0.0,"enemies":"Small Slimes","floor":8.0,"turns":4.0},{"damage":11.0,"enemies":"Exordium Thugs","floor":10.0,"turns":6.0},{"damage":13.0,"enemies":"Blue Slaver","floor":11.0,"turns":2.0},{"damage":5.0,"enemies":"Large Slime","floor":12.0,"turns":7.0},{"damage":10.0,"enemies":"Gremlin Nob","floor":14.0,"turns":3.0},{"damage":0.0,"enemies":"2 Fungi Beasts","floor":15.0,"turns":3.0},{"damage":14.0,"enemies":"SI_SHIV_ARCHETYPE","floor":16.0,"turns":6.0},{"damage":39.0,"enemies":"3 Byrds","floor":19.0,"turns":6.0},{"damage":9.0,"enemies":"Shell Parasite","floor":21.0,"turns":5.0},{"damage":4.0,"enemies":"downfall:FleeingMerchant","floor":22.0,"turns":4.0},{"damage":13.0,"enemies":"3 Cultists","floor":25.0,"turns":4.0},{"damage":20.0,"enemies":"Shelled Parasite and Fungi","floor":27.0,"turns":5.0},{"damage":17,"enemies":"WA_ARCHETYPE_RETAIN","floor":28,"turns":6},{"damage":0,"enemies":"Gremlin Leader","floor":29,"turns":4},{"damage":15,"enemies":"downfall:FleeingMerchant","floor":30,"turns":4},{"damage":9,"enemies":"Centurion and Healer","floor":31,"turns":5},{"damage":27,"enemies":"3 Cultists","floor":32,"turns":4},{"damage":5,"enemies":"DF_ARCHETYPE_CLAW","floor":33,"turns":1}],"seed_played":"-7783122820516878703","potions_obtained":[{"floor":4.0,"key":"hexamod:SoulburnPotion"},{"floor":6.0,"key":"bronze:BurnAndBuffPotion"},{"floor":8.0,"key":"DistilledChaos"},{"floor":11.0,"key":"FairyPotion"},{"floor":14.0,"key":"BlessingOfTheForge"},{"floor":31,"key":"sneckomod:MuddlingPotion"},{"floor":32,"key":"EntropicBrew"}],"is_trial":false,"path_per_floor":["R","M","?","M","$","E","T","M","R","M","M","M","?","E","M","B",null,"R","M","?","M","$","R","T","M","R","M","?","E","$","M","M","B"],"character_chosen":"THE_SNECKO","items_purchased":["expansioncontent:Chronoboost"],"campfire_rested":0,"item_purchase_floors":[5],"current_hp_per_floor":[90,86,86,86,86,57,57,57,63,52,39,34,34,24,24,10,90,90,51,51,42,38,47,47,34,53,33,16,16,1,30,3,0,0,0],"gold":163,"neow_bonus":"BOSS_RELIC","is_daily":false,"chose_seed":false,"campfire_upgraded":4,"win_rate":0.0,"timestamp":1613758517,"path_taken":["R","M","?","?","$","E","T","M","R","M","M","M","?","E","M","BOSS","R","M","?","M","$","R","T","M","R","M","?","E","$","M","M","BOSS"],"items_purchased_type":["Card"],"build_version":"2020-12-22","purchased_purges":0,"victory":false,"max_hp_per_floor":[90,90,90,90,90,90,90,90,90,90,90,90,90,90,90,90,90,90,90,90,90,90,90,90,90,100,100,100,100,100,100,100,100,100,100],"card_choices":[{"not_picked":["sneckomod:UnknownCommonAttack","sneckomod:SoulDraw"],"picked":"sneckomod:WideSting","floor":2.0},{"not_picked":["sneckomod:UnknownBlock","sneckomod:WideSting","sneckomod:DiceBlock"],"picked":"SKIP","floor":4.0},{"not_picked":["sneckomod:DiceBlock","sneckomod:DefensiveFlair","sneckomod:UnknownCommonSkill"],"picked":"SKIP","floor":5.0},{"not_picked":["sneckomod:UnknownBlock","sneckomod:QuickMove"],"picked":"sneckomod:SerpentMind","floor":6.0},{"not_picked":["sneckomod:UnknownUncommonAttack","sneckomod:QuickBite","sneckomod:DiceBlock"],"picked":"SKIP","floor":8.0},{"not_picked":["sneckomod:UnknownCommonSkill","sneckomod:UnknownExhaust"],"picked":"sneckomod:UnknownUncommonPower","floor":10.0},{"not_picked":["sneckomod:UnknownDraw","sneckomod:UnknownX","sneckomod:UnknownBlock"],"picked":"SKIP","floor":11.0},{"not_picked":["sneckomod:UnknownCommonSkill","sneckomod:SerpentIdol","sneckomod:SoulRoll"],"picked":"SKIP","floor":12.0},{"not_picked":["sneckomod:UnknownStrike","sneckomod:SoulDraw","sneckomod:Nope"],"picked":"SKIP","floor":14.0},{"not_picked":["sneckomod:IronFang","sneckomod:UnknownStrike"],"picked":"sneckomod:ImprovisedAttack","floor":15.0},{"not_picked":["sneckomod:DangerNoodle","sneckomod:MorePower"],"picked":"sneckomod:SerpentMind","floor":16.0},{"not_picked":["sneckomod:UnknownBlock","sneckomod:TrashToTreasure","sneckomod:UnknownDraw"],"picked":"SKIP","floor":19.0},{"not_picked":["sneckomod:SerpentIdol","sneckomod:UnknownCommonAttack","sneckomod:UnknownClassGREEN+1"],"picked":"SKIP","floor":21.0},{"not_picked":["sneckomod:RainOfDice","sneckomod:QuickMove","sneckomod:Mudshield"],"picked":"SKIP","floor":22.0},{"not_picked":["sneckomod:UnknownClassGUARDIAN","sneckomod:UnknownCommonAttack","sneckomod:DiceCrush"],"picked":"SKIP","floor":25.0},{"not_picked":["sneckomod:UnknownUncommonAttack","sneckomod:Nope","sneckomod:DiceCrush"],"picked":"SKIP","floor":27.0},{"not_picked":["sneckomod:DiceBlock+1","sneckomod:Unknown0Cost","sneckomod:UnknownCommonSkill+1"],"picked":"SKIP","floor":29},{"not_picked":["sneckomod:ImprovisedAttack","sneckomod:Mudshield"],"picked":"sneckomod:SoulCleanse+1","floor":30},{"not_picked":["sneckomod:UnknownClassGREEN+1","sneckomod:SoulRoll"],"picked":"sneckomod:UnknownClassGUARDIAN","floor":31},{"not_picked":["sneckomod:SoulDraw","sneckomod:UnknownBlock","sneckomod:Unknown2Cost"],"picked":"SKIP","floor":32}],"player_experience":463279,"relics_obtained":[{"floor":6.0,"key":"War Paint"},{"floor":7.0,"key":"Eternal Feather"},{"floor":14.0,"key":"hexamod:CandleOfCauterizing"},{"floor":28,"key":"Ginger"},{"floor":28,"key":"Gremlin Horn"},{"floor":29,"key":"Shuriken"}],"event_choices":[],"is_beta":false,"boss_relics":[{"not_picked":["bronze:MakeshiftBattery","Runic Dome"],"picked":"SlaversCollar"}],"items_purged_floors":[],"is_endless":false,"potions_floor_spawned":[4,6,8,11,14,25,28,31,32],"killed_by":"DF_ARCHETYPE_CLAW","ascension_level":4}}