{"host":"oehe2dxjvdgux73m","time":1613741687,"event":{"mods":["AchievementEnabler","BaseMod","Colored Map","Colored Powertips","DeckTracker","Keyboard Shortcuts","Minty Spire (QoL Compilation)","Permanent Neow","Quick Restart","StSLib","SuperFastMode"],"gold_per_floor":[114,132,152,152,168,168,195,208,234,234,234],"floor_reached":10,"language":"KOR","playtime":167,"items_purged":[],"score":140,"play_id":"65e0ab3f-1c8d-443c-a54b-aa1436ec856a","local_time":"20210219223447","is_ascension_mode":true,"campfire_choices":[{"data":"Acrobatics","floor":6,"key":"SMITH"}],"circlet_count":0,"master_deck":["AscendersBane","Strike_G","Strike_G","Strike_G","Strike_G","Strike_G","Defend_G","Defend_G","Defend_G","Defend_G","Defend_G","Survivor","Neutralize+1","Dagger Spray+1","Acrobatics+1"],"relics":["Ring of the Snake","Singing Bowl","Snake Skull"],"acts_visited":["Exordium"],"potions_floor_usage":[7],"damage_taken":[{"damage":3.0,"enemies":"Jaw Worm","floor":1.0,"turns":5.0},{"damage":0.0,"enemies":"Cultist","floor":2.0,"turns":4.0},{"damage":3.0,"enemies":"Small Slimes","floor":3.0,"turns":4.0},{"damage":3,"enemies":"3 Louse","floor":5,"turns":3},{"damage":48,"enemies":"Gremlin Nob","floor":7,"turns":5},{"damage":2,"enemies":"Gremlin Gang","floor":8,"turns":3},{"damage":0,"enemies":"3 Sentries","floor":10,"turns":1}],"seed_played":"4557293520749931527","potions_obtained":[{"floor":2.0,"key":"Fruit Juice"},{"floor":7,"key":"Weak Potion"},{"floor":8,"key":"SteroidPotion"}],"is_trial":false,"path_per_floor":["M","M","M","?","M","R","E","M","T","E"],"character_chosen":"THE_SILENT","items_purchased":[],"campfire_rested":0,"item_purchase_floors":[],"current_hp_per_floor":[56,56,53,53,50,50,9,9,9,9,9],"gold":234,"neow_bonus":"UPGRADE_CARD","is_daily":false,"chose_seed":false,"campfire_upgraded":1,"win_rate":0.0,"timestamp":1613741687,"path_taken":["M","M","M","?","?","R","E","M","T","E"],"items_purchased_type":[],"build_version":"2020-12-22","purchased_purges":0,"victory":false,"max_hp_per_floor":[66,66,66,66,66,66,73,75,75,75,75],"card_choices":[{"not_picked":["Underhanded Strike","Outmaneuver"],"picked":"Dagger Spray","floor":1.0},{"not_picked":["Caltrops","Blur"],"picked":"Acrobatics","floor":2.0},{"not_picked":["PiercingWail","Catalyst","Slice"],"picked":"SKIP","floor":3.0},{"not_picked":["Underhanded Strike","Bane","Deflect"],"picked":"SKIP","floor":5},{"not_picked":["Phantasmal Killer","PiercingWail","Outmaneuver"],"picked":"Singing Bowl","floor":7},{"not_picked":["Infinite Blades","Sucker Punch","Dagger Spray"],"picked":"Singing Bowl","floor":8}],"player_experience":480503,"relics_obtained":[{"floor":7,"key":"Singing Bowl"},{"floor":9,"key":"Snake Skull"}],"event_choices":[{"damage_healed":0.0,"max_hp_gain":0.0,"max_hp_loss":0.0,"gold_gain":0.0,"event_name":"Upgrade Shrine","player_choice":"Upgraded","floor":4.0,"gold_loss":0.0,"damage_taken":0.0,"cards_upgraded":["Dagger Spray"]}],"is_beta":false,"boss_relics":[],"items_purged_floors":[],"is_endless":false,"potions_floor_spawned":[2,7,8],"killed_by":"3 Sentries","ascension_level":20}}