{"host":"plzv31qd94m7lu76","time":1613713181,"event":{"mods":["BaseMod","Downfall","GifTheSpireLib","Minty Spire (QoL Compilation)","Random Character Button","Replay The Spire","StSLib","Stuff the Spire","Unceasing Turn Reminder"],"gold_per_floor":[115,190,190,40,50,75,75,95,148,179,179,190,14,33,33,133,133,150,150,75,75,88,88,88,88,88,123,123,123],"floor_reached":28,"language":"ENG","playtime":785,"items_purged":["Defend_G","Looming Evil"],"score":269,"play_id":"d17e5d2a-8855-46ce-9bea-f2c7cad6115a","local_time":"20210219063941","is_ascension_mode":false,"campfire_choices":[{"floor":7,"key":"REST"},{"floor":15,"key":"REST"},{"floor":23,"key":"REST"}],"circlet_count":0,"master_deck":["Strike_B","Strike_B","Defend_B","Defend_B+1","Defend_B","Defend_B","Zap","Dualcast","champ:Strike","StuffTheSpire:LoadUp","Scrape+1","Crystallizer","Double Energy","Chill","Redo","Storm","CurseOfTheBell","CurseOfTheBell","Turbo","Defragment+1","Gash","Gash","Creative AI","StuffTheSpire:Harmony","ReplayGash","Hologram+1","StuffTheSpire:DeathNote","ReplayTheSpireMod:System Scan+1"],"relics":["Cracked Core","Orichalcum","Dream Catcher","Bag of Marbles","downfall:ExtraCursedBell","Gremlin Food","Question Card","Du-Vu Doll","ChewingGum","Replay:Towering Pillar of Hats","Girya"],"acts_visited":["Exordium","TheCity"],"potions_floor_usage":[10,10,12,16,27],"damage_taken":[{"damage":1,"enemies":"2 Louse","floor":1,"turns":2},{"damage":9,"enemies":"Small Slimes","floor":5,"turns":3},{"damage":26,"enemies":"Lagavulin","floor":6,"turns":6},{"damage":4,"enemies":"Jaw Worm","floor":8,"turns":3},{"damage":6,"enemies":"Gremlin Nob","floor":10,"turns":3},{"damage":4,"enemies":"Looter","floor":12,"turns":2},{"damage":8,"enemies":"3 Louse","floor":14,"turns":3},{"damage":37,"enemies":"Fading Forest","floor":16,"turns":11},{"damage":16,"enemies":"Spheric Guardian","floor":18,"turns":4},{"damage":9,"enemies":"Shell Parasite","floor":22,"turns":5},{"damage":47,"enemies":"Book of Stabbing","floor":27,"turns":5},{"damage":40,"enemies":"Snake Plant","floor":28,"turns":4}],"seed_played":"1739058653330992164","potions_obtained":[{"floor":1,"key":"Fire Potion"},{"floor":6,"key":"EssenceOfSteel"},{"floor":10,"key":"LiquidMemories"},{"floor":14,"key":"Languid Potion"},{"floor":22,"key":"bronze:BurnAndBuffPotion"}],"is_trial":false,"path_per_floor":["M","?","?","$","M","E","R","M","T","E","?","M","$","M","R","B",null,"M","?","?","?","M","R","$","?","T","E","M"],"character_chosen":"DEFECT","items_purchased":["Crystallizer","Defragment"],"campfire_rested":3,"item_purchase_floors":[4,13],"current_hp_per_floor":[88,77,77,77,68,42,68,64,64,58,63,59,59,51,79,52,94,78,78,78,78,72,94,94,74,74,33,0,0],"gold":123,"neow_bonus":"TWENTY_PERCENT_HP_BONUS","is_daily":false,"chose_seed":false,"campfire_upgraded":0,"win_rate":0.0,"timestamp":1613713181,"path_taken":["M","?","?","?","M","E","R","M","T","E","?","M","$","M","R","BOSS","M","?","?","?","M","R","$","?","T","E","M"],"items_purchased_type":["Card","Card"],"build_version":"2020-12-22","purchased_purges":2,"victory":false,"max_hp_per_floor":[89,89,89,89,89,89,89,89,89,89,94,94,94,94,94,94,94,94,94,94,94,94,94,94,94,94,94,94,94],"card_choices":[{"not_picked":["Glacier","Steam"],"picked":"StuffTheSpire:LoadUp","floor":1},{"not_picked":["Skim","BasicCrystalCard"],"picked":"Double Energy","floor":5},{"not_picked":["Rebound","StuffTheSpire:GlassShard"],"picked":"Chill","floor":6},{"not_picked":["Sweeping Beam","Static Discharge"],"picked":"Redo","floor":8},{"not_picked":["Coolheaded","Consume"],"picked":"Storm","floor":10},{"not_picked":["Rebound","StuffTheSpire:GlassShard","Streamline"],"picked":"Turbo","floor":12},{"not_picked":["Genetic Algorithm","ReplayTheSpireMod:Calculation Training","Cold Snap"],"picked":"Gash","floor":14},{"not_picked":["Coolheaded","Streamline","Reboot"],"picked":"Gash","floor":15},{"not_picked":["Electrodynamics","Echo Form","Buffer"],"picked":"Creative AI","floor":16},{"not_picked":["StuffTheSpire:LoadUp+1","Sunder","Genetic Algorithm","Chill"],"picked":"SKIP","floor":18},{"not_picked":["Defragment","Gash","Turbo"],"picked":"ReplayGash","floor":22},{"not_picked":["Sweeping Beam+1","Compile Driver","Chill"],"picked":"Hologram+1","floor":23},{"not_picked":["Recycle+1","Chaos","Compile Driver"],"picked":"ReplayTheSpireMod:System Scan+1","floor":27}],"player_experience":618007,"relics_obtained":[{"floor":6,"key":"Orichalcum"},{"floor":9,"key":"Dream Catcher"},{"floor":10,"key":"Bag of Marbles"},{"floor":11,"key":"Gremlin Food"},{"floor":11,"key":"Question Card"},{"floor":11,"key":"Du-Vu Doll"},{"floor":26,"key":"Replay:Towering Pillar of Hats"},{"floor":27,"key":"Girya"}],"event_choices":[{"damage_healed":0,"gold_gain":75,"player_choice":"Gather Gold","damage_taken":11,"max_hp_gain":0,"max_hp_loss":0,"event_name":"World of Goop","floor":2,"gold_loss":0},{"cards_removed":["Strike_B"],"damage_healed":0,"gold_gain":0,"player_choice":"Elegance","damage_taken":0,"max_hp_gain":0,"max_hp_loss":0,"event_name":"Back to Basics","floor":19,"gold_loss":0},{"damage_healed":0,"gold_gain":0,"player_choice":"Ignored","damage_taken":0,"max_hp_gain":0,"max_hp_loss":0,"event_name":"Vampires","floor":21,"gold_loss":0}],"is_beta":false,"boss_relics":[{"not_picked":["Coffee Dripper","Tiny House"],"picked":"ChewingGum"}],"items_purged_floors":[4,13],"is_endless":false,"potions_floor_spawned":[1,6,10,14,22],"killed_by":"Snake Plant","ascension_level":0}}