{"host":"pgm1p3lvdjflie30","time":1613758264,"event":{"mods":["ATMod(阿瑾Mod)","AchievementEnabler","Act Like it!","Alarm Clock","Aspiration","BaseMod","Challenge The Spire","Colored Map","Colored Powertips","Conspire","Dark Map","Energized Spire","Gensokyo","GungeonMod","Hallownest","Hermit","HornydragonMod","Jedi Mod","Minty Spire (QoL Compilation)","MostiFishMod","Quarter Circle Forward PUNCH!","Quick Restart","Reimu（博???）","Relic Stats","Reliquary","Replay The Spire","Robot Space Explorer","Spicy Shops","StSLib","TestMod","The Blackbeard","The Bug Knight","The Cursed","The Hayseed","The IronCluck","The Jungle","The Marked","The Runesmith","Waifu the Spire","Yakumo Yukari mod","【功能Mod】混沌之?修复?丁","【?物卡牌】REMEMod","篝火指南"],"gold_per_floor":[114,30,40,56,6,31,49,49,49,49,49,79,79,107,107,204,204,216,216,271,282,282,311,311,331,383,415,455,124,124,34,34,105,105,140,140,140,160,171,209,209,209,236,261,36,65,65,5,5,5,5,5,5,37,37],"floor_reached":56,"language":"ZHS","playtime":2482,"items_purged":["Shame","Looming Evil","Self Repair+1"],"score":2843,"play_id":"378e9438-8beb-4c75-bc2d-486a081a4e38","local_time":"20210220021104","is_ascension_mode":true,"campfire_choices":[{"floor":8,"key":"RECALL"},{"data":"REME_Scribble","floor":10,"key":"SMITH"},{"data":"MostiFishMod:PerfectStrikeMKII","floor":15,"key":"SMITH"},{"floor":24,"key":"DIG"},{"floor":30,"key":"DIG"},{"floor":32,"key":"DIG"},{"floor":42,"key":"DIG"},{"floor":47,"key":"DIG"},{"floor":49,"key":"DIG"},{"floor":52,"key":"DIG"}],"circlet_count":0,"master_deck":["AscendersBane","Strike_R+2","Strike_R+1","Strike_R+1","Strike_R+2","Strike_R+1","Defend_R+1","Defend_R+1","Defend_R+1","Defend_R+1","Bash+1","blackbeard:ReapersScythe","AT_FamilyPortrait","Iron Wave","Blood for Blood","REME_Scribble+1","conspire:SpireCoStock","MostiFishMod:PerfectStrikeMKII+1","Pommel Strike","Wild Strike","ReplayTheSpireMod:Omega Cannon","Perfected Strike","ReplayTheSpireMod:Strike From Hell","Wild Strike","Run Through+1","MostiFishMod:#F4004","ReplayTheSpireMod:Strike From Hell","Burning Pact","jedi:harder","Perfected Strike","Heavy Blade","AT_ManFootWork","Carnage+1","Pommel Strike","jedi:fear","Pot Of Greed","Pot Of Greed","Pot Of Greed","Gensokyo:CustomPotion","Pot Of Greed","ReplayTheSpireMod:Corrosion Curse"],"relics":["AT_ATBox","DaveBox","testmod-TestBox","REME_ComplimentaryCards","testmod-Fanaticism","BirthdayGift-Tetrahedron","aspiration:Nostalgia","Ring of the Snake","SynthV:TestCard","reliquary:Stiletto","HollowMod:PaleOreRelic","Iron Core","reliquary:Crutches","Pantograph","ChewingGum","theJungle:SneckoAutograph","REME_PuzzleBoxRelic","Shovel","Toy Ornithopter","jedi:shrinkray","reliquary:ExpiredCoupon","qcfpunch:Red_Headband","conspire:TreasureMap","Civilization","Simple Rune","theJungle:ParSnip","conspire:BottledYoYo","Ooze Armor","ReplayTheSpireMod:Ring of Collecting","Ring of Searing","jedi:angrymask","Gensokyo:DualWield","jedi:arcanewood","ReplayTheSpireMod:Ring of Exchange","reliquary:PurpleTingedLeaf","reliquary:WeakTea","ReplayTheSpireMod:Ninjato","Gremlin Food","Grinning Jar","aspiration:HiddenCompartment","Sundial","reliquary:RoseTintedGlasses"],"acts_visited":["Exordium","Exordium","Gensokyo:Gensokyoest","TheEnding"],"potions_floor_usage":[6,16,25,33,35,40,46,50,55],"damage_taken":[{"damage":4,"enemies":"conspire:RoseBush","floor":1,"turns":2},{"damage":10,"enemies":"2 Louse","floor":3,"turns":2},{"damage":0,"enemies":"Small Slimes","floor":4,"turns":1},{"damage":18,"enemies":"Replay:BlueRogue","floor":6,"turns":2},{"damage":1,"enemies":"2 Fungi Beasts","floor":7,"turns":1},{"damage":2,"enemies":"Gremlin Nob","floor":14,"turns":2},{"damage":13,"enemies":"Fading Forest","floor":16,"turns":6},{"damage":5,"enemies":"theJungle:5_Spyders","floor":18,"turns":2},{"damage":5,"enemies":"conspire:MimicChest","floor":20,"turns":2},{"damage":1,"enemies":"theJungle:GiantWrat","floor":21,"turns":1},{"damage":5,"enemies":"theJungle:2_Phrogs","floor":23,"turns":2},{"damage":0,"enemies":"theJungle:JungleHuntersEncounter","floor":25,"turns":1},{"damage":5,"enemies":"theJungle:MamaSnecko","floor":27,"turns":2},{"damage":14,"enemies":"theJungle:SlimyTreeVines","floor":28,"turns":2},{"damage":2,"enemies":"theJungle:FunGuy","floor":33,"turns":2},{"damage":0,"enemies":"Gensokyo:AncientGuardian","floor":35,"turns":1},{"damage":3,"enemies":"Gensokyo:3_Bats","floor":38,"turns":1},{"damage":0,"enemies":"Gensokyo:AtlasGolem","floor":39,"turns":1},{"damage":7,"enemies":"Gensokyo:Kasen","floor":40,"turns":2},{"damage":15,"enemies":"Gensokyo:Marisa","floor":44,"turns":2},{"damage":0,"enemies":"Gensokyo:Kasen","floor":46,"turns":1},{"damage":11,"enemies":"Gensokyo:Scarlet_Devils","floor":50,"turns":2},{"damage":96,"enemies":"Shield and Spear","floor":54,"turns":2},{"damage":24,"enemies":"The Heart","floor":55,"turns":4}],"seed_played":"7769180960348708494","potions_obtained":[{"floor":1,"key":"TheSimpletonMod:MoonshinePotion"},{"floor":4,"key":"Fire Potion"},{"floor":6,"key":"Energy Potion"},{"floor":18,"key":"ColorlessPotion"},{"floor":25,"key":"Fire Potion"},{"floor":33,"key":"jedi:holywater"},{"floor":38,"key":"LiquidBronze"},{"floor":44,"key":"Explosive Potion"},{"floor":46,"key":"Explosive Potion"}],"is_trial":false,"path_per_floor":["M","$","M","M","?","E","M","R","T","R","?","?","$","E","R","B",null,"M","?","?","M","?","E","R","M","T","E","M","$","R","?","R","B",null,"M","?","?","M","M","E","?","R","T","E","$","E","R","?","R","B",null,"R","$","E","B",null],"character_chosen":"IRONCLAD","items_purchased":["reliquary:Stiletto","conspire:TreasureMap","Civilization"],"campfire_rested":0,"item_purchase_floors":[2,29,29],"current_hp_per_floor":[70,70,66,72,72,77,77,77,77,77,77,77,77,76,76,80,80,80,80,85,84,48,51,51,57,57,55,51,51,51,51,51,90,95,98,98,98,103,108,116,116,116,116,124,124,129,129,129,129,137,137,137,137,142,150],"gold":37,"neow_bonus":"NOSTALGIA","is_daily":false,"chose_seed":false,"campfire_upgraded":2,"win_rate":0.0,"timestamp":1613758264,"path_taken":["M","$","M","M","?","E","M","R","T","R","?","?","$","E","R","BOSS","M","?","?","?","?","E","R","M","T","E","M","$","R","?","R","BOSS","M","?","?","?","?","E","?","R","T","E","$","E","R","?","R","BOSS","R","$","E","BOSS"],"items_purchased_type":["Relic","Relic","Relic"],"build_version":"2020-12-22","purchased_purges":3,"victory":true,"max_hp_per_floor":[75,75,75,75,75,77,77,77,77,77,77,77,77,77,77,80,80,83,83,86,86,86,89,89,89,89,92,95,95,95,95,95,96,96,98,98,98,106,111,116,116,116,116,124,124,129,129,129,129,137,137,137,137,142,150],"relic_stats":{"Shovel":7,"counters":[24,46],"Sundial":[0],"Pantograph":26,"obtain_stats":[{"jedi:angrymask":40,"ReplayTheSpireMod:Ring of Exchange":43,"Iron Core":11,"AT_ATBox":0,"DaveBox":0,"DemoMod:GlassGuonStoneRelic":1,"Burning Blood":0,"Gensokyo:DualWield":41,"jedi:shrinkray":24,"Ring of Searing":36,"testmod-Fanaticism":0,"Civilization":29,"theJungle:SneckoAutograph":19,"Shovel":22,"Sundial":52,"Pantograph":14,"reliquary:RoseTintedGlasses":54,"HollowMod:PaleOreRelic":6,"BirthdayGift-Tetrahedron":0,"Ring of the Snake":0,"Gremlin Food":46,"conspire:TreasureMap":29,"testmod-TestBox":0,"ReplayTheSpireMod:Ninjato":45,"aspiration:Nostalgia":0,"reliquary:WeakTea":44,"aspiration:HiddenCompartment":49,"reliquary:Crutches":12,"reliquary:ExpiredCoupon":26,"SynthV:TestCard":1,"Ooze Armor":34,"ReplayTheSpireMod:Ring of Collecting":36,"ChewingGum":17,"Simple Rune":30,"reliquary:Stiletto":2,"qcfpunch:Red_Headband":27,"conspire:BottledYoYo":32,"REME_PuzzleBoxRelic":20,"Grinning Jar":47,"jedi:arcanewood":42,"Toy Ornithopter":23,"theJungle:ParSnip":31,"reliquary:PurpleTingedLeaf":43,"REME_ComplimentaryCards":0},{"jedi:angrymask":19,"ReplayTheSpireMod:Ring of Exchange":19,"Iron Core":5,"AT_ATBox":0,"DaveBox":0,"DemoMod:GlassGuonStoneRelic":1,"Burning Blood":0,"Gensokyo:DualWield":19,"jedi:shrinkray":11,"Ring of Searing":16,"testmod-Fanaticism":0,"Civilization":14,"theJungle:SneckoAutograph":8,"Shovel":10,"Sundial":22,"Pantograph":6,"reliquary:RoseTintedGlasses":23,"HollowMod:PaleOreRelic":4,"BirthdayGift-Tetrahedron":0,"Ring of the Snake":0,"Gremlin Food":21,"conspire:TreasureMap":14,"testmod-TestBox":0,"ReplayTheSpireMod:Ninjato":20,"aspiration:Nostalgia":0,"reliquary:WeakTea":20,"aspiration:HiddenCompartment":21,"reliquary:Crutches":5,"reliquary:ExpiredCoupon":12,"SynthV:TestCard":1,"Ooze Armor":15,"ReplayTheSpireMod:Ring of Collecting":16,"ChewingGum":7,"Simple Rune":14,"reliquary:Stiletto":1,"qcfpunch:Red_Headband":13,"conspire:BottledYoYo":14,"REME_PuzzleBoxRelic":9,"Grinning Jar":21,"jedi:arcanewood":19,"Toy Ornithopter":11,"theJungle:ParSnip":14,"reliquary:PurpleTingedLeaf":19,"REME_ComplimentaryCards":0},{"jedi:angrymask":35,"ReplayTheSpireMod:Ring of Exchange":35,"Iron Core":8,"AT_ATBox":0,"DaveBox":0,"DemoMod:GlassGuonStoneRelic":2,"Burning Blood":0,"Gensokyo:DualWield":35,"jedi:shrinkray":23,"Ring of Searing":31,"testmod-Fanaticism":0,"Civilization":28,"theJungle:SneckoAutograph":18,"Shovel":21,"Sundial":40,"Pantograph":10,"reliquary:RoseTintedGlasses":42,"HollowMod:PaleOreRelic":7,"BirthdayGift-Tetrahedron":0,"Ring of the Snake":0,"Gremlin Food":38,"conspire:TreasureMap":28,"testmod-TestBox":0,"ReplayTheSpireMod:Ninjato":37,"aspiration:Nostalgia":0,"reliquary:WeakTea":37,"aspiration:HiddenCompartment":38,"reliquary:Crutches":8,"reliquary:ExpiredCoupon":24,"SynthV:TestCard":2,"Ooze Armor":30,"ReplayTheSpireMod:Ring of Collecting":31,"ChewingGum":16,"Simple Rune":28,"reliquary:Stiletto":2,"qcfpunch:Red_Headband":26,"conspire:BottledYoYo":28,"REME_PuzzleBoxRelic":20,"Grinning Jar":38,"jedi:arcanewood":35,"Toy Ornithopter":23,"theJungle:ParSnip":28,"reliquary:PurpleTingedLeaf":35,"REME_ComplimentaryCards":0}],"Toy Ornithopter":19,"Ring of the Snake":[48]},"card_choices":[{"not_picked":["Feel No Pain","jedi:MakeshiftSword"],"picked":"Iron Wave","floor":1},{"not_picked":["Replay:Undeath\u0027s Touch","Burning Pact","Anger","True Grit"],"picked":"Blood for Blood","floor":3},{"not_picked":["Clash","Replay:Undeath\u0027s Touch","REME_FearOfPain","Evolve"],"picked":"REME_Scribble","floor":4},{"not_picked":["Iron Wave","Dropkick","Replay:Undeath\u0027s Touch","Burning Pact"],"picked":"MostiFishMod:PerfectStrikeMKII","floor":6},{"not_picked":["Carnage","Warcry","Massacre","Sentinel"],"picked":"Pommel Strike","floor":7},{"not_picked":["Pommel Strike","Bloodletting","Replay:Undeath\u0027s Touch","Cold Snap"],"picked":"Wild Strike","floor":14},{"not_picked":["Barricade","Exhume","AT_Dispersion","MostiFishMod:DoubleSword"],"picked":"ReplayTheSpireMod:Omega Cannon","floor":16},{"not_picked":["Warcry","Body Slam","Thunderclap","AT_IchimonjiDouble"],"picked":"Perfected Strike","floor":18},{"not_picked":["Heavy Blade","Armaments","True Grit","Massacre+1"],"picked":"ReplayTheSpireMod:Strike From Hell","floor":20},{"not_picked":["Sword Boomerang","REME_Cut","AT_BodySlamDance","Clash"],"picked":"Wild Strike","floor":21},{"not_picked":["Headbutt","Shrug It Off","Havoc","Replay:Undeath\u0027s Touch"],"picked":"Run Through+1","floor":23},{"not_picked":["Thunderclap","Combust","Dropkick+1","Iron Wave"],"picked":"MostiFishMod:#F4004","floor":25},{"not_picked":["Iron Wave","Cleave","Intimidate","AT_BodySlamDance"],"picked":"ReplayTheSpireMod:Strike From Hell","floor":27},{"not_picked":["True Grit","Clothesline","DemoMod:WhiteBlade","jedi:fear"],"picked":"Burning Pact","floor":28},{"not_picked":["Bludgeon","AT_Dispersion","MostiFishMod:HellRitual","MostiFishMod:DarkDeal","REME_Fury"],"picked":"jedi:harder","floor":33},{"not_picked":["AT_DrawKnifeCut+1","conspire:Charge","Clothesline","Armaments"],"picked":"Perfected Strike","floor":35},{"not_picked":["Armaments","True Grit","AT_BodySlamDance","Havoc"],"picked":"Heavy Blade","floor":38},{"not_picked":["Flame Barrier","Searing Blow","AT_CaressingTears","MostiFishMod:NewArrival"],"picked":"AT_ManFootWork","floor":39},{"not_picked":["jedi:MakeshiftSword","ReplayTheSpireMod:Strike From Hell","Ghostly Armor","Run Through"],"picked":"Carnage+1","floor":40},{"not_picked":["AT_DiedThrough","Rupture","Shockwave","Iron Wave"],"picked":"Pommel Strike","floor":44},{"not_picked":["AT_IchimonjiDouble+1","Armaments+1","True Grit","Headbutt"],"picked":"jedi:fear","floor":46},{"not_picked":["Defy Death","Iron Wave","AT_DiedThrough","Shrug It Off+1"],"picked":"ReplayTheSpireMod:Corrosion Curse","floor":54}],"player_experience":552809,"relics_obtained":[{"floor":1,"key":"SynthV:TestCard"},{"floor":6,"key":"HollowMod:PaleOreRelic"},{"floor":14,"key":"Pantograph"},{"floor":20,"key":"REME_PuzzleBoxRelic"},{"floor":23,"key":"Toy Ornithopter"},{"floor":24,"key":"jedi:shrinkray"},{"floor":26,"key":"reliquary:ExpiredCoupon"},{"floor":27,"key":"qcfpunch:Red_Headband"},{"floor":30,"key":"Simple Rune"},{"floor":32,"key":"conspire:BottledYoYo"},{"floor":36,"key":"ReplayTheSpireMod:Ring of Collecting"},{"floor":36,"key":"Ring of Searing"},{"floor":40,"key":"jedi:angrymask"},{"floor":42,"key":"jedi:arcanewood"},{"floor":43,"key":"ReplayTheSpireMod:Ring of Exchange"},{"floor":43,"key":"reliquary:PurpleTingedLeaf"},{"floor":44,"key":"reliquary:WeakTea"},{"floor":46,"key":"Gremlin Food"},{"floor":47,"key":"Grinning Jar"},{"floor":49,"key":"aspiration:HiddenCompartment"},{"floor":52,"key":"Sundial"},{"floor":54,"key":"reliquary:RoseTintedGlasses"}],"event_choices":[{"damage_healed":0,"gold_gain":0,"player_choice":"Invest 1","damage_taken":0,"max_hp_gain":0,"max_hp_loss":0,"event_name":"conspire:Investor","floor":5,"gold_loss":0},{"damage_healed":0,"gold_gain":30,"player_choice":"Searched \u00272\u0027 times","damage_taken":0,"relics_obtained":["reliquary:Crutches"],"max_hp_gain":0,"max_hp_loss":0,"event_name":"Dead Adventurer","floor":12,"gold_loss":0}],"is_beta":false,"boss_relics":[{"not_picked":["Kintsugi","reliquary:BigHammer"],"picked":"ChewingGum"},{"not_picked":["jedi:paperlyon","conspire:SlowCooker"],"picked":"Ooze Armor"}],"items_purged_floors":[29,45,45],"is_endless":false,"potions_floor_spawned":[1,4,6,14,18,25,33,38,44,46],"ascension_level":18}}