{"host":"lxu17chzujqn8whl","time":1613767053,"event":{"mods":["BaseMod","Minty Spire (QoL Compilation)","Relic Stats","StSLib"],"gold_per_floor":[114,389,403,423,438,470,4,4,27,41,41,59,59,79,79,177,177,197,217,141,176,176,176,202,202,229,262,55,70,20,20,20,121,121,138,148,5,227,227,227,260,279,279],"floor_reached":42,"language":"ENG","playtime":946,"items_purged":["Regret"],"score":541,"play_id":"20e7d1d6-00c3-483f-9eaa-6f342820f7ca","local_time":"20210219123733","is_ascension_mode":false,"campfire_choices":[{"data":"Hyperbeam","floor":8.0,"key":"SMITH"},{"data":"Conserve Battery","floor":11.0,"key":"SMITH"},{"floor":13.0,"key":"REST"},{"data":"Doom and Gloom","floor":15.0,"key":"SMITH"},{"data":"Double Energy","floor":23.0,"key":"SMITH"},{"data":"Buffer","floor":25,"key":"SMITH"},{"data":"Discovery","floor":32,"key":"SMITH"},{"floor":40,"key":"RECALL"}],"circlet_count":0,"master_deck":["Strike_B","Strike_B","Strike_B","Strike_B","Defend_B","Defend_B","Defend_B","Defend_B","Zap","Dualcast","Self Repair","Beam Cell","Doom and Gloom+1","Ball Lightning","Hyperbeam+1","Conserve Battery+1","Barrage","Buffer+1","Turbo","Double Energy+1","Hologram+1","Beam Cell+1","Conserve Battery","Melter","Discovery+1","Static Discharge+1"],"relics":["Cracked Core","Art of War","Gremlin Horn","Orichalcum","Bag of Marbles","Busted Crown","Red Mask","PreservedInsect","Oddly Smooth Stone","DataDisk","Fusion Hammer","Strange Spoon","Vajra"],"acts_visited":["Exordium","TheCity","TheBeyond"],"potions_floor_usage":[24,24,24,24,24,33],"damage_taken":[{"damage":0.0,"enemies":"2 Louse","floor":1.0,"turns":3.0},{"damage":5.0,"enemies":"Cultist","floor":3.0,"turns":4.0},{"damage":12.0,"enemies":"Jaw Worm","floor":4.0,"turns":4.0},{"damage":12.0,"enemies":"Exordium Thugs","floor":5.0,"turns":4.0},{"damage":20.0,"enemies":"3 Sentries","floor":6.0,"turns":6.0},{"damage":0.0,"enemies":"Lots of Slimes","floor":10.0,"turns":1.0},{"damage":8.0,"enemies":"3 Louse","floor":12.0,"turns":3.0},{"damage":1.0,"enemies":"Blue Slaver","floor":14.0,"turns":3.0},{"damage":59.0,"enemies":"The Guardian","floor":16.0,"turns":9.0},{"damage":7.0,"enemies":"Shell Parasite","floor":18.0,"turns":4.0},{"damage":17.0,"enemies":"Spheric Guardian","floor":19.0,"turns":4.0},{"damage":0.0,"enemies":"Masked Bandits","floor":21.0,"turns":1.0},{"damage":0,"enemies":"Slavers","floor":24,"turns":1},{"damage":0,"enemies":"Gremlin Leader","floor":27,"turns":3},{"damage":0,"enemies":"Centurion and Healer","floor":29,"turns":4},{"damage":56,"enemies":"Automaton","floor":33,"turns":9},{"damage":1,"enemies":"Orb Walker","floor":35,"turns":3},{"damage":0,"enemies":"3 Shapes","floor":36,"turns":1},{"damage":28,"enemies":"Reptomancer","floor":41,"turns":5},{"damage":11,"enemies":"3 Darklings","floor":42,"turns":3}],"seed_played":"-5526313598371854247","potions_obtained":[{"floor":4.0,"key":"Fire Potion"},{"floor":5.0,"key":"PowerPotion"},{"floor":6.0,"key":"EntropicBrew"},{"floor":14.0,"key":"SneckoOil"},{"floor":16.0,"key":"SmokeBomb"},{"floor":22.0,"key":"PowerPotion"},{"floor":22.0,"key":"SteroidPotion"},{"floor":24,"key":"BlessingOfTheForge"},{"floor":27,"key":"FocusPotion"},{"floor":33,"key":"PotionOfCapacity"}],"is_trial":false,"path_per_floor":["M","?","M","M","M","E","$","R","T","M","R","M","R","M","R","B",null,"M","M","$","?","?","R","E","R","T","E","$","M","?","$","R","B",null,"M","M","$","?","?","R","E","M"],"character_chosen":"DEFECT","items_purchased":["Gremlin Horn","Orichalcum","Double Energy","Conserve Battery","Melter","Discovery","Strange Spoon"],"campfire_rested":1,"item_purchase_floors":[7,7,20,28,28,28,37],"current_hp_per_floor":[82,82,82,77,72,59,59,59,59,59,59,58,82,82,82,30,82,82,72,72,72,72,72,72,72,72,72,72,79,79,79,79,23,82,82,82,82,82,82,82,61,50,50],"gold":279,"neow_bonus":"TEN_PERCENT_HP_BONUS","is_daily":false,"chose_seed":false,"campfire_upgraded":6,"win_rate":0.0,"timestamp":1613767053,"path_taken":["M","?","M","M","M","E","$","R","T","M","R","M","R","M","R","BOSS","M","?","$","?","?","R","E","R","T","E","$","?","?","?","R","BOSS","M","M","?","?","?","R","E","M"],"items_purchased_type":["Relic","Relic","Card","Card","Card","Card","Relic"],"build_version":"2020-12-22","purchased_purges":1,"victory":false,"max_hp_per_floor":[82,82,82,82,82,82,82,82,82,82,82,82,82,82,82,82,82,82,82,82,82,82,82,82,82,82,82,82,82,82,82,82,82,82,82,82,82,82,82,82,82,82,82],"relic_stats":{"Strange Spoon":[0],"Busted Crown":24,"Gremlin Horn":[15,15],"counters":[20,75],"PreservedInsect":105,"Art of War":[1],"Orichalcum":[72],"obtain_stats":[{"Gremlin Horn":7,"Oddly Smooth Stone":26,"Vajra":41,"PreservedInsect":24,"Orichalcum":7,"Strange Spoon":37,"DataDisk":27,"Busted Crown":17,"Fusion Hammer":34,"Art of War":6,"Bag of Marbles":9,"Red Mask":21,"Cracked Core":0},{"Gremlin Horn":5,"Oddly Smooth Stone":13,"Vajra":19,"PreservedInsect":13,"Orichalcum":5,"Strange Spoon":18,"DataDisk":14,"Busted Crown":9,"Fusion Hammer":16,"Art of War":5,"Bag of Marbles":5,"Red Mask":12,"Cracked Core":0},{"Gremlin Horn":21,"Oddly Smooth Stone":47,"Vajra":72,"PreservedInsect":47,"Orichalcum":21,"Strange Spoon":67,"DataDisk":50,"Busted Crown":37,"Fusion Hammer":63,"Art of War":21,"Bag of Marbles":21,"Red Mask":46,"Cracked Core":0}]},"card_choices":[{"not_picked":["Leap","White Noise"],"picked":"Self Repair","floor":1.0},{"not_picked":["Turbo","Redo"],"picked":"Beam Cell","floor":3.0},{"not_picked":["Capacitor","Defragment"],"picked":"Doom and Gloom","floor":4.0},{"not_picked":["Reinforced Body","BootSequence"],"picked":"Ball Lightning","floor":5.0},{"not_picked":["Steam Power","Redo"],"picked":"Hyperbeam","floor":6.0},{"not_picked":["Coolheaded","Chill"],"picked":"Conserve Battery","floor":10.0},{"not_picked":["Redo","Beam Cell","Rebound"],"picked":"SKIP","floor":12.0},{"not_picked":["Hello World","Ball Lightning"],"picked":"Barrage","floor":14.0},{"not_picked":["Thunder Strike","Meteor Strike"],"picked":"Buffer","floor":16.0},{"not_picked":[],"picked":"Turbo","floor":18.0},{"not_picked":["Darkness"],"picked":"SKIP","floor":19.0},{"not_picked":[],"picked":"Hologram+1","floor":21.0},{"not_picked":[],"picked":"Beam Cell+1","floor":24},{"not_picked":["Leap"],"picked":"SKIP","floor":27},{"not_picked":["Steam+1"],"picked":"SKIP","floor":29},{"not_picked":[],"picked":"Static Discharge+1","floor":35},{"not_picked":["Consume"],"picked":"SKIP","floor":36},{"not_picked":["Force Field"],"picked":"SKIP","floor":41}],"player_experience":714968,"relics_obtained":[{"floor":6.0,"key":"Art of War"},{"floor":9.0,"key":"Bag of Marbles"},{"floor":21.0,"key":"Red Mask"},{"floor":24,"key":"PreservedInsect"},{"floor":26,"key":"Oddly Smooth Stone"},{"floor":27,"key":"DataDisk"},{"floor":41,"key":"Vajra"}],"event_choices":[{"damage_healed":0.0,"max_hp_gain":0.0,"max_hp_loss":0.0,"gold_gain":275.0,"event_name":"Golden Shrine","player_choice":"Desecrate","floor":2.0,"gold_loss":0.0,"damage_taken":0.0,"cards_obtained":["Regret"]},{"damage_healed":0.0,"max_hp_gain":0.0,"max_hp_loss":0.0,"gold_gain":0.0,"event_name":"Masked Bandits","player_choice":"Fought Bandits","floor":21.0,"gold_loss":0.0,"damage_taken":0.0},{"damage_healed":0.0,"max_hp_gain":0.0,"max_hp_loss":0.0,"gold_gain":0.0,"event_name":"Lab","player_choice":"Got Potions","floor":22.0,"gold_loss":0.0,"damage_taken":0.0},{"damage_healed":0,"gold_gain":0,"player_choice":"Bet on Murderer","damage_taken":0,"max_hp_gain":0,"max_hp_loss":0,"event_name":"The Joust","floor":30,"gold_loss":50},{"damage_healed":0,"gold_gain":222,"player_choice":"Wore Mask","damage_taken":0,"max_hp_gain":0,"max_hp_loss":0,"event_name":"Tomb of Lord Red Mask","floor":38,"gold_loss":0},{"damage_healed":0,"gold_gain":0,"player_choice":"Memory 1","damage_taken":0,"max_hp_gain":0,"max_hp_loss":0,"event_name":"SensoryStone","floor":39,"gold_loss":0}],"is_beta":false,"boss_relics":[{"not_picked":["Inserter","Velvet Choker"],"picked":"Busted Crown"},{"not_picked":["Sozu","FrozenCore"],"picked":"Fusion Hammer"}],"items_purged_floors":[7],"is_endless":false,"potions_floor_spawned":[4,5,6,14,16,24,27,29,33,35],"killed_by":"3 Darklings","ascension_level":0}}