{"host":"3d7yvplr5ovcyppx","time":1613720391,"event":{"mods":["AchievementEnabler","BaseMod","Hermit","Jorbs\u0027s Wanderer Trilogy","Minty Spire (QoL Compilation)","Quick Restart","Somnambulant","StSLib","The Cursed","The Disciple","The Servant 0.9.4"],"gold_per_floor":[111,129,129,129,129,159,169,169,169,169,188,201,215,215,215],"floor_reached":14,"language":"ENG","playtime":489,"items_purged":[],"score":106,"play_id":"8de5fb4b-8913-42bf-a374-ab4203778338","local_time":"20210219130951","is_ascension_mode":true,"campfire_choices":[{"data":"Echo Form","floor":8,"key":"SMITH"},{"floor":10,"key":"REST"}],"circlet_count":0,"master_deck":["Strike_B","Strike_B+1","Strike_B+1","Strike_B","Defend_B","Defend_B","Defend_B","Defend_B","Zap","Dualcast","Leap","Beam Cell","Regret","Fusion","Echo Form+1","Ball Lightning","Streamline","Chill"],"relics":["Cracked Core","Matryoshka","Regal Pillow","Bottled Lightning","HornCleat"],"acts_visited":["Exordium"],"potions_floor_usage":[7,12,13],"damage_taken":[{"damage":0,"enemies":"Cultist","floor":1,"turns":4},{"damage":0,"enemies":"2 Louse","floor":2,"turns":2},{"damage":44,"enemies":"Lagavulin","floor":6,"turns":7},{"damage":3,"enemies":"Jaw Worm","floor":7,"turns":3},{"damage":9,"enemies":"2 Fungi Beasts","floor":11,"turns":4},{"damage":6,"enemies":"Looter","floor":12,"turns":3},{"damage":32,"enemies":"Gremlin Gang","floor":13,"turns":4},{"damage":11,"enemies":"3 Sentries","floor":14,"turns":4}],"seed_played":"-6561984673568886798","potions_obtained":[{"floor":1,"key":"Energy Potion"},{"floor":11,"key":"LiquidMemories"},{"floor":12,"key":"Fruit Juice"}],"is_trial":false,"path_per_floor":["M","M","?","?","?","E","M","R","T","R","M","M","M","E"],"character_chosen":"DEFECT","items_purchased":[],"campfire_rested":1,"item_purchase_floors":[],"current_hp_per_floor":[82,82,75,59,59,15,12,12,12,51,42,41,9,0,0],"gold":215,"neow_bonus":"TEN_PERCENT_HP_BONUS","is_daily":false,"chose_seed":false,"campfire_upgraded":1,"win_rate":0.0,"timestamp":1613720391,"path_taken":["M","?","?","?","?","E","M","R","T","R","M","M","M","E"],"items_purchased_type":[],"build_version":"2020-12-22","purchased_purges":0,"victory":false,"max_hp_per_floor":[82,82,82,82,82,82,82,82,82,82,82,87,87,87,87],"card_choices":[{"not_picked":["Recycle","Scrape"],"picked":"Leap","floor":1},{"not_picked":["Reprogram","Barrage"],"picked":"Beam Cell","floor":2},{"not_picked":["Stack","Hologram"],"picked":"Fusion","floor":6},{"not_picked":["Tempest","Rebound"],"picked":"Echo Form","floor":7},{"not_picked":["Go for the Eyes","Steam"],"picked":"Ball Lightning","floor":11},{"not_picked":["Gash","Coolheaded"],"picked":"Streamline","floor":12},{"not_picked":["Rebound","Leap"],"picked":"Chill","floor":13}],"player_experience":78976,"relics_obtained":[{"floor":6,"key":"Bottled Lightning"},{"floor":9,"key":"HornCleat"}],"event_choices":[{"damage_healed":0,"gold_gain":0,"player_choice":"Success","damage_taken":7,"relics_obtained":["Matryoshka"],"max_hp_gain":0,"max_hp_loss":0,"event_name":"Scrap Ooze","floor":3,"gold_loss":0},{"damage_healed":0,"gold_gain":0,"player_choice":"Entered Light","damage_taken":16,"max_hp_gain":0,"max_hp_loss":0,"event_name":"Shining Light","floor":4,"gold_loss":0,"cards_upgraded":["Strike_B","Strike_B"]},{"damage_healed":0,"gold_gain":0,"player_choice":"Box","damage_taken":0,"relics_obtained":["Regal Pillow"],"max_hp_gain":0,"max_hp_loss":0,"event_name":"Big Fish","floor":5,"gold_loss":0,"cards_obtained":["Regret"]}],"is_beta":false,"boss_relics":[],"items_purged_floors":[],"is_endless":false,"potions_floor_spawned":[1,11,12],"killed_by":"3 Sentries","ascension_level":3}}