{"host":"js2su9tbbk4rmjfl","time":1613765163,"event":{"mods":["AchievementEnabler","BaseMod","Block Reminder","Colored Map","Colored Powertips","Highlight Path","Minty Spire (QoL Compilation)","Relic Stats"],"gold_per_floor":[117,30,45,56,69,69,69,69,150,170,170,170,201,166,166,166,166],"floor_reached":16,"language":"ENG","playtime":478,"items_purged":[],"score":190,"play_id":"81278a54-15c7-4e2e-b8f5-72283849bc79","local_time":"20210219210603","is_ascension_mode":true,"campfire_choices":[{"data":"Heavy Blade","floor":6,"key":"SMITH"},{"data":"Inflame","floor":8,"key":"SMITH"},{"data":"Pommel Strike","floor":12,"key":"SMITH"},{"data":"Dual Wield","floor":15,"key":"SMITH"}],"circlet_count":0,"master_deck":["AscendersBane","Strike_R+1","Strike_R","Strike_R","Strike_R","Strike_R","Defend_R","Defend_R","Defend_R","Defend_R","Bash+1","Heavy Blade+1","Inflame+1","Ghostly Armor","Pommel Strike+1","Dual Wield+1"],"relics":["Burning Blood","NeowsBlessing","Eternal Feather","Art of War"],"acts_visited":["Exordium"],"potions_floor_usage":[],"damage_taken":[{"damage":0,"enemies":"Cultist","floor":1,"turns":1},{"damage":0,"enemies":"Small Slimes","floor":3,"turns":1},{"damage":0,"enemies":"Jaw Worm","floor":4,"turns":1},{"damage":10,"enemies":"2 Fungi Beasts","floor":5,"turns":6},{"damage":15,"enemies":"Gremlin Gang","floor":10,"turns":6},{"damage":8,"enemies":"Gremlin Nob","floor":13,"turns":3},{"damage":74,"enemies":"Hexaghost","floor":16,"turns":9}],"seed_played":"4580461367363210723","potions_obtained":[{"floor":3,"key":"GamblersBrew"},{"floor":13,"key":"DistilledChaos"}],"is_trial":false,"path_per_floor":["M","$","M","M","M","R","$","R","T","M","?","R","E","?","R","B"],"character_chosen":"IRONCLAD","items_purchased":["Inflame"],"campfire_rested":0,"item_purchase_floors":[2],"current_hp_per_floor":[74,74,75,75,71,71,71,71,71,62,39,48,46,64,73,0,0],"gold":166,"neow_bonus":"THREE_ENEMY_KILL","is_daily":false,"chose_seed":false,"campfire_upgraded":4,"win_rate":0.0,"timestamp":1613765163,"path_taken":["M","?","?","?","M","R","$","R","T","M","?","R","E","?","R","BOSS"],"items_purchased_type":["Card"],"build_version":"2020-12-22","purchased_purges":0,"victory":false,"max_hp_per_floor":[75,75,75,75,75,75,75,75,75,75,75,75,75,75,75,75,75],"relic_stats":{"counters":[7,27],"Eternal Feather":18,"Art of War":[1],"obtain_stats":[{"NeowsBlessing":0,"Eternal Feather":9,"Art of War":13,"Burning Blood":0},{"NeowsBlessing":0,"Eternal Feather":4,"Art of War":6,"Burning Blood":0},{"NeowsBlessing":0,"Eternal Feather":9,"Art of War":18,"Burning Blood":0}],"Burning Blood":25},"card_choices":[{"not_picked":["Cleave","Evolve"],"picked":"Heavy Blade","floor":1},{"not_picked":["Pommel Strike","Thunderclap"],"picked":"Ghostly Armor","floor":3},{"not_picked":["Body Slam","Armaments","Perfected Strike"],"picked":"SKIP","floor":4},{"not_picked":["Infernal Blade","Warcry"],"picked":"Pommel Strike","floor":5},{"not_picked":["Hemokinesis","Heavy Blade","Pommel Strike"],"picked":"SKIP","floor":10},{"not_picked":["Thunderclap","Juggernaut"],"picked":"Dual Wield","floor":13}],"player_experience":872891,"relics_obtained":[{"floor":9,"key":"Eternal Feather"},{"floor":13,"key":"Art of War"}],"event_choices":[{"damage_healed":0,"gold_gain":0,"player_choice":"Entered Light","damage_taken":23,"max_hp_gain":0,"max_hp_loss":0,"event_name":"Shining Light","floor":11,"gold_loss":0,"cards_upgraded":["Bash","Strike_R"]},{"damage_healed":18,"gold_gain":0,"player_choice":"Healed","damage_taken":0,"max_hp_gain":0,"max_hp_loss":0,"event_name":"The Cleric","floor":14,"gold_loss":35}],"is_beta":false,"boss_relics":[],"items_purged_floors":[],"is_endless":false,"potions_floor_spawned":[3,13],"killed_by":"Hexaghost","ascension_level":18}}