{"host":"08xvxt5w1s7zc7e5","time":1613732229,"event":{"mods":["AchievementEnabler","Act Like it!","BaseMod","DeckTracker","Minty Spire (QoL Compilation)","Quick Restart","Ruina","StSLib","SuperFastMode"],"gold_per_floor":[112,129,144,70,70,86,115,115,167,240,283,298,298,321,321,451,451,472,472,485,510,171,204,223,223,223,223,223,223],"floor_reached":28,"language":"KOR","playtime":675,"items_purged":[],"score":350,"play_id":"076a56a3-b310-43c1-a35e-524a85691ba9","local_time":"20210219195709","is_ascension_mode":false,"campfire_choices":[{"data":"Neutralize","floor":13,"key":"SMITH"},{"data":"Noxious Fumes","floor":15,"key":"SMITH"},{"data":"A Thousand Cuts","floor":27,"key":"SMITH"}],"circlet_count":0,"master_deck":["Strike_G","Strike_G","Strike_G","Defend_G","Defend_G","Defend_G","Defend_G","Survivor","Neutralize+1","Poisoned Stab","Escape Plan","Cloak And Dagger","Malaise","Slice","Noxious Fumes+1","Reflex+1","Backflip+1","Concentrate+1","Dash","A Thousand Cuts+1","Calculated Gamble+1","Backflip+1","Dash","Deadly Poison+1","PiercingWail+1","Outmaneuver+1","Venomology+1","Deflect+1"],"relics":["Ring of the Snake","NeowsBlessing","Toxic Egg 2","Golden Idol","Orichalcum","Pear","Omamori","WristBlade","Lantern","Akabeko","Frozen Egg 2"],"acts_visited":["Exordium","TheCity"],"potions_floor_usage":[7,11,12,18,23,28],"damage_taken":[{"damage":0,"enemies":"Jaw Worm","floor":1,"turns":1},{"damage":0,"enemies":"Small Slimes","floor":2,"turns":1},{"damage":0,"enemies":"2 Louse","floor":3,"turns":1},{"damage":1,"enemies":"Looter","floor":6,"turns":3},{"damage":10,"enemies":"Lagavulin","floor":7,"turns":7},{"damage":0,"enemies":"3 Sentries","floor":11,"turns":7},{"damage":0,"enemies":"Large Slime","floor":12,"turns":6},{"damage":3,"enemies":"Exordium Thugs","floor":14,"turns":5},{"damage":0,"enemies":"Hexaghost","floor":16,"turns":11},{"damage":18,"enemies":"3 Byrds","floor":18,"turns":5},{"damage":3,"enemies":"Chosen","floor":20,"turns":5},{"damage":0,"enemies":"Snecko","floor":21,"turns":5},{"damage":17,"enemies":"Gremlin Leader","floor":23,"turns":6},{"damage":2,"enemies":"Centurion and Healer","floor":24,"turns":7},{"damage":36,"enemies":"Slavers","floor":28,"turns":3}],"seed_played":"3636656053038985520","potions_obtained":[{"floor":2,"key":"Explosive Potion"},{"floor":7,"key":"DistilledChaos"},{"floor":11,"key":"SkillPotion"},{"floor":12,"key":"Regen Potion"},{"floor":24,"key":"Ancient Potion"}],"is_trial":false,"path_per_floor":["M","M","M","$","?","M","E","?","T","T","E","M","R","M","R","B",null,"M","?","M","M","$","E","M","?","T","R","E"],"character_chosen":"THE_SILENT","items_purchased":["Malaise","Outmaneuver+1","Lantern","Venomology+1"],"campfire_rested":0,"item_purchase_floors":[4,22,22,22],"current_hp_per_floor":[70,70,70,70,70,69,59,42,42,52,52,52,52,49,49,49,80,71,71,68,68,68,51,49,34,34,34,0,0],"gold":223,"neow_bonus":"THREE_ENEMY_KILL","is_daily":false,"chose_seed":false,"campfire_upgraded":3,"win_rate":0.0,"timestamp":1613732229,"path_taken":["M","M","M","$","?","M","E","?","T","?","E","M","R","M","R","BOSS","M","?","M","M","$","E","M","?","T","R","E"],"items_purchased_type":["Card","Card","Relic","Card"],"build_version":"2020-12-22","purchased_purges":0,"victory":false,"max_hp_per_floor":[70,70,70,70,70,70,70,70,70,80,80,80,80,80,80,80,80,80,80,80,80,80,80,80,85,85,85,85,85],"card_choices":[{"not_picked":["Infinite Blades","Quick Slash"],"picked":"Poisoned Stab","floor":1},{"not_picked":["Finisher","Cloak And Dagger"],"picked":"Escape Plan","floor":2},{"not_picked":["Deadly Poison","Calculated Gamble"],"picked":"Cloak And Dagger","floor":3},{"not_picked":["Blade Dance","Dodge and Roll"],"picked":"Noxious Fumes","floor":6},{"not_picked":["Riddle With Holes","Outmaneuver+1"],"picked":"Reflex+1","floor":7},{"not_picked":["Blade Dance+1","Quick Slash"],"picked":"Backflip+1","floor":11},{"not_picked":["Masterful Stab","Predator"],"picked":"Concentrate+1","floor":12},{"not_picked":["Setup+1","Predator"],"picked":"Dash","floor":14},{"not_picked":["Malaise+1","Unload"],"picked":"A Thousand Cuts","floor":16},{"not_picked":["Predator","Sucker Punch"],"picked":"Calculated Gamble+1","floor":18},{"not_picked":["Poisoned Stab+1","Leg Sweep+1"],"picked":"Deadly Poison+1","floor":20},{"not_picked":["Choke","Calculated Gamble+1"],"picked":"PiercingWail+1","floor":21},{"not_picked":["Acrobatics+1","Outmaneuver+1"],"picked":"Deflect+1","floor":23},{"not_picked":["Tools of the Trade","Dash","Dagger Throw"],"picked":"SKIP","floor":24}],"player_experience":390084,"relics_obtained":[{"floor":7,"key":"Toxic Egg 2"},{"floor":9,"key":"Orichalcum"},{"floor":10,"key":"Pear"},{"floor":11,"key":"Omamori"},{"floor":23,"key":"Akabeko"},{"floor":26,"key":"Frozen Egg 2"}],"event_choices":[{"damage_healed":0,"gold_gain":0,"cards_transformed":["Strike_G"],"player_choice":"Change","damage_taken":0,"max_hp_gain":0,"max_hp_loss":0,"event_name":"Living Wall","floor":5,"gold_loss":0,"cards_obtained":["Slice"]},{"damage_healed":0,"gold_gain":0,"player_choice":"Take Damage","damage_taken":17,"relics_obtained":["Golden Idol"],"max_hp_gain":0,"max_hp_loss":0,"event_name":"Golden Idol","floor":8,"gold_loss":0},{"damage_healed":0,"gold_gain":0,"cards_transformed":["Strike_G","Defend_G"],"player_choice":"Became Test Subject","damage_taken":0,"max_hp_gain":0,"max_hp_loss":0,"event_name":"Drug Dealer","floor":19,"gold_loss":0,"cards_obtained":["Backflip","Dash"]},{"damage_healed":0,"gold_gain":0,"player_choice":"Shed Blood","damage_taken":20,"max_hp_gain":5,"max_hp_loss":0,"event_name":"Forgotten Altar","floor":25,"gold_loss":0}],"is_beta":false,"boss_relics":[{"not_picked":["Fusion Hammer","Velvet Choker"],"picked":"WristBlade"}],"items_purged_floors":[],"is_endless":false,"potions_floor_spawned":[2,7,11,12,24],"killed_by":"Slavers","ascension_level":0}}