{"host":"ia6vzboaxs0e83w2","time":1613753311,"event":{"mods":["2.2 Compatiblity","BaseMod","Colored Map","DeckTracker","Downfall","Highlight Path","Minty Spire (QoL Compilation)","Random Character Button","StSLib"],"gold_per_floor":[99,99,113,113,123,123,123,149,38,48,48,63,63,48,59,163,163,163,215,124,124,134,134,134,119,119,152,152,252,313,363,381,381,381,381],"floor_reached":33,"language":"POL","playtime":4734,"items_purged":[],"score":286,"play_id":"38530ff3-8dac-43f0-a488-d1a247c0e5b7","local_time":"20210219174831","is_ascension_mode":false,"campfire_choices":[{"data":"Guardian:CurlUp","floor":1,"key":"SMITH"},{"floor":11,"key":"REST"},{"data":"Guardian:FloatingOrbs","floor":13,"key":"SMITH"},{"data":"Guardian:StasisStrike","floor":18,"key":"SMITH"},{"data":"Bite","floor":23,"key":"SMITH"},{"floor":28,"key":"REST"}],"circlet_count":0,"master_deck":["Guardian:Defend_Guardian","Guardian:Defend_Guardian","Guardian:Defend_Guardian","Guardian:Defend_Guardian","Guardian:CurlUp+1","Guardian:TwinSlam","Guardian:StasisField","Guardian:Incinerate","Guardian:FloatingOrbs+1","expansioncontent:AwakenDeath","Guardian:CrystalBeam","Guardian:SentryBeam","Guardian:ExploitGems","Guardian:StasisStrike+1","Guardian:GuardianWhirl","Bite+1","Bite","Bite","Bite","Bite","Guardian:RollAttack","Guardian:Suspension","Guardian:Gem_Cyan","Guardian:Gem_Blue","Guardian:PiercingHide","Guardian:FastForward","Guardian:Gem_Green"],"relics":["Guardian:ModeShifter","Art of War","Sundial","Runic Pyramid","Smiling Mask","Frozen Egg 2","Mercury Hourglass","downfall:CloakOfManyFaces","CultistMask","FaceOfCleric","NlothsMask","GremlinMask","SsserpentHead"],"acts_visited":["Exordium","TheCity"],"potions_floor_usage":[10,12,20,25,32],"damage_taken":[{"damage":10,"enemies":"Small Slimes","floor":3,"turns":4},{"damage":6,"enemies":"Jaw Worm","floor":5,"turns":5},{"damage":19,"enemies":"Lagavulin","floor":8,"turns":10},{"damage":0,"enemies":"downfall:FleeingMerchant","floor":9,"turns":4},{"damage":0,"enemies":"2 Louse","floor":10,"turns":4},{"damage":3,"enemies":"Red Slaver","floor":12,"turns":4},{"damage":10,"enemies":"downfall:FleeingMerchant","floor":14,"turns":4},{"damage":5,"enemies":"Large Slime","floor":15,"turns":6},{"damage":39,"enemies":"IC_STATUS_ARCHETYPE","floor":16,"turns":16},{"damage":3,"enemies":"downfall:FleeingMerchant","floor":20,"turns":4},{"damage":15,"enemies":"Spheric Guardian","floor":22,"turns":5},{"damage":8,"enemies":"downfall:FleeingMerchant","floor":25,"turns":4},{"damage":31,"enemies":"Slavers","floor":27,"turns":6},{"damage":21,"enemies":"downfall:FaceTrader","floor":29,"turns":9},{"damage":10,"enemies":"Chosen","floor":30,"turns":4},{"damage":20,"enemies":"Centurion and Healer","floor":32,"turns":4},{"damage":50,"enemies":"DF_ARCHETYPE_CLAW","floor":33,"turns":5}],"seed_played":"95581378129604653","potions_obtained":[{"floor":3,"key":"Block Potion"},{"floor":8,"key":"GamblersBrew"},{"floor":15,"key":"hexamod:SoulburnPotion"},{"floor":22,"key":"hexamod:SoulburnPotion"},{"floor":29,"key":"ColorlessPotion"}],"is_trial":false,"path_per_floor":["R","?","M","?","M","?","T","E","$","M","R","M","R","$","M","B",null,"R","T","$","?","M","R","T","$","?","E","R","?","M","?","M","B"],"character_chosen":"GUARDIAN","items_purchased":["expansioncontent:AwakenDeath","Guardian:GuardianWhirl"],"campfire_rested":2,"item_purchase_floors":[9,20],"current_hp_per_floor":[88,93,83,77,71,71,71,52,52,52,79,76,76,66,61,22,93,93,93,90,65,54,54,54,52,52,32,51,45,39,39,29,0,0,0],"gold":381,"neow_bonus":"TEN_PERCENT_HP_BONUS","is_daily":false,"chose_seed":false,"campfire_upgraded":4,"win_rate":0.0,"timestamp":1613753311,"path_taken":["R","?","M","?","M","?","T","E","?","M","R","M","R","$","M","BOSS","R","?","$","?","?","R","T","$","?","E","R","?","?","?","M","BOSS"],"items_purchased_type":["Card","Card"],"build_version":"2020-12-22","purchased_purges":0,"victory":false,"max_hp_per_floor":[88,93,93,93,93,93,93,93,93,93,93,93,93,93,93,93,93,93,93,93,65,65,65,65,65,65,65,65,65,66,66,67,67,67,67],"card_choices":[{"not_picked":["Guardian:Suspension","Guardian:Gem_Yellow"],"picked":"Guardian:Gem_Fragmented","floor":3},{"not_picked":["Guardian:Reroute","Guardian:Gem_Red"],"picked":"Guardian:StasisField","floor":5},{"not_picked":["Guardian:Gem_Crimson","Guardian:Gem_Lightblue"],"picked":"Guardian:Incinerate","floor":8},{"not_picked":["Guardian:BronzeArmor","Guardian:Gem_Green"],"picked":"Guardian:FloatingOrbs","floor":9},{"not_picked":["Guardian:Gem_Purple","Guardian:ChargeCore"],"picked":"Guardian:CrystalBeam","floor":10},{"not_picked":["Guardian:Gem_White","Guardian:ArmoredProtocol"],"picked":"Guardian:SentryBeam","floor":12},{"not_picked":["Guardian:Gem_Lightblue","Guardian:Gem_Yellow"],"picked":"Guardian:ExploitGems","floor":14},{"not_picked":["Guardian:Preprogram","Guardian:ChargeCore"],"picked":"Guardian:Gem_Green","floor":15},{"not_picked":["Guardian:SphericShield","Guardian:ConstructionForm"],"picked":"Guardian:StasisStrike","floor":16},{"not_picked":["Guardian:Gem_Green","Guardian:TemporalStrike"],"picked":"Guardian:Gem_Red","floor":20},{"not_picked":["Guardian:ShieldCharger","Guardian:Reroute"],"picked":"Guardian:RollAttack","floor":22},{"not_picked":["Guardian:PiercingHide","Guardian:HyperBeam_Guardian"],"picked":"Guardian:Suspension","floor":25},{"not_picked":["Guardian:Gem_Cyan","Guardian:ShieldCharger"],"picked":"Guardian:Gem_Blue","floor":27},{"not_picked":["Guardian:DecasProtection","Guardian:Gem_Green"],"picked":"Guardian:PiercingHide","floor":29},{"not_picked":["Guardian:Harden","Guardian:RefractedBeam"],"picked":"Guardian:FastForward","floor":30},{"not_picked":["Guardian:SpikerProtocol+1","Guardian:Recover+1"],"picked":"Guardian:Gem_Green","floor":32}],"player_experience":439521,"relics_obtained":[{"floor":7,"key":"Art of War"},{"floor":8,"key":"Sundial"},{"floor":19,"key":"Smiling Mask"},{"floor":24,"key":"Frozen Egg 2"},{"floor":27,"key":"Mercury Hourglass"},{"floor":29,"key":"downfall:CloakOfManyFaces"}],"event_choices":[{"damage_healed":0,"gold_gain":0,"player_choice":"Donut","damage_taken":0,"max_hp_gain":5,"max_hp_loss":0,"event_name":"Big Fish","floor":2,"gold_loss":0},{"damage_healed":0,"gold_gain":0,"player_choice":"Became a vampire","damage_taken":0,"max_hp_gain":0,"max_hp_loss":28,"event_name":"Vampires","floor":21,"gold_loss":0,"cards_obtained":["Bite","Bite","Bite","Bite","Bite"]},{"damage_healed":0,"gold_gain":0,"player_choice":"Read","damage_taken":0,"max_hp_gain":0,"max_hp_loss":0,"event_name":"The Library","floor":26,"gold_loss":0,"cards_obtained":["Guardian:Gem_Cyan"]},{"damage_healed":0,"gold_gain":0,"player_choice":"Ignored","damage_taken":0,"max_hp_gain":0,"max_hp_loss":0,"event_name":"Ghosts","floor":31,"gold_loss":0}],"is_beta":false,"boss_relics":[{"not_picked":["Cursed Key","Busted Crown"],"picked":"Runic Pyramid"}],"items_purged_floors":[],"is_endless":false,"potions_floor_spawned":[3,8,15,22,29],"killed_by":"DF_ARCHETYPE_CLAW","ascension_level":0}}