{"host":"v4pe0ixo3k7iwzp0","time":1613703568,"event":{"mods":["100% Spire Juice","BaseMod","Bestiary","Highlight Path","Minty Spire (QoL Compilation)","StSLib","The Bug Knight","The Senshi"],"gold_per_floor":[114,129,129,129,52,81,81,107,155,173,173,191,191,207,207,307,357,371,382,307,146,156,156,156,156],"floor_reached":24,"language":"ENG","playtime":1713,"items_purged":["HollowMod:NailStrikeStart"],"score":256,"play_id":"8c6f9090-6240-4bee-a9b2-d076a263f0bc","local_time":"20210218185928","is_ascension_mode":false,"campfire_choices":[{"data":"HollowMod:FocusHealStart","floor":7,"key":"SMITH"},{"data":"HollowMod:SlysStrikes","floor":11,"key":"SMITH"},{"data":"HollowMod:SiblingsShadow","floor":13,"key":"SMITH"},{"floor":15,"key":"REST"},{"floor":23,"key":"REST"}],"circlet_count":0,"master_deck":["HollowMod:NailStrikeStart+1","HollowMod:NailStrikeStart","HollowMod:QuickDashStart","HollowMod:QuickDashStart","HollowMod:QuickDashStart","HollowMod:QuickDashStart","HollowMod:FocusHealStart+1","HollowMod:PogoStrike","HollowMod:PerfectDash","HollowMod:VengefulVoid","HollowMod:SiblingsShadow+1","HollowMod:ShadowDash","HollowMod:DashSlash","HollowMod:SlysStrikes+1","HollowMod:DescendingDark","HollowMod:GoodIntentions","HollowMod:Weaversong","HollowMod:ChannelNail","HollowMod:DoubleDash","HollowMod:BaldurShell","HollowMod:LifebloodCocoon+1"],"relics":["HollowMod:VesselMask","NeowsBlessing","Darkstone Periapt","Strawberry","StrikeDummy","Bronze Scales","Tiny House"],"acts_visited":["Exordium","TheCity"],"potions_floor_usage":[8,16,16,22,22,24],"damage_taken":[{"damage":0,"enemies":"2 Louse","floor":1,"turns":1},{"damage":0,"enemies":"Jaw Worm","floor":2,"turns":1},{"damage":0,"enemies":"HollowMod:MossKnight","floor":6,"turns":1},{"damage":23,"enemies":"3 Sentries","floor":8,"turns":11},{"damage":0,"enemies":"Small Slimes","floor":10,"turns":2},{"damage":10,"enemies":"Blue Slaver","floor":12,"turns":2},{"damage":1,"enemies":"Looter","floor":14,"turns":3},{"damage":47,"enemies":"The Guardian","floor":16,"turns":12},{"damage":25,"enemies":"Shell Parasite","floor":18,"turns":7},{"damage":28,"enemies":"Spheric Guardian","floor":19,"turns":4},{"damage":20,"enemies":"Centurion and Healer","floor":22,"turns":6},{"damage":14,"enemies":"3 Cultists","floor":24,"turns":3}],"seed_played":"4201840182844531288","potions_obtained":[{"floor":1,"key":"Energy Potion"},{"floor":8,"key":"SneckoOil"},{"floor":12,"key":"DuplicationPotion"},{"floor":14,"key":"SpeedPotion"},{"floor":17,"key":"Strength Potion"},{"floor":19,"key":"DistilledChaos"},{"floor":22,"key":"BlessingOfTheForge"}],"is_trial":false,"path_per_floor":["M","M","?","T","$","E","R","E","T","M","R","M","R","M","R","B",null,"M","M","?","$","M","R","M"],"character_chosen":"THE_BUGKNIGHT","items_purchased":["HollowMod:SiblingsShadow","HollowMod:BaldurShell","Fire Potion"],"campfire_rested":2,"item_purchase_floors":[5,21,21],"current_hp_per_floor":[75,75,80,80,80,87,87,73,73,73,73,63,63,62,87,50,92,67,45,45,45,35,62,48,48],"gold":156,"neow_bonus":"THREE_ENEMY_KILL","is_daily":false,"chose_seed":false,"campfire_upgraded":3,"win_rate":0.0,"timestamp":1613703568,"path_taken":["M","M","?","?","$","E","R","E","T","M","R","M","R","M","R","BOSS","M","M","?","$","M","R","M"],"items_purchased_type":["Card","Card","Potion"],"build_version":"2020-12-22","purchased_purges":1,"victory":false,"max_hp_per_floor":[75,75,80,80,80,87,87,87,87,87,87,87,87,87,87,87,92,92,92,92,92,92,92,92,92],"card_choices":[{"not_picked":["HollowMod:WraithStrike","HollowMod:InfectedAttack"],"picked":"HollowMod:PerfectDash","floor":1},{"not_picked":["HollowMod:TaintedHusks","HollowMod:CornifersMapStart"],"picked":"HollowMod:VengefulVoid","floor":2},{"not_picked":["HollowMod:LifebloodCocoon","HollowMod:CloakDash"],"picked":"HollowMod:ShadowDash","floor":6},{"not_picked":["HollowMod:GrimmsGift","HollowMod:HowlingWraiths"],"picked":"HollowMod:DashSlash","floor":8},{"not_picked":["HollowMod:ChannelNail","HollowMod:FastStrike"],"picked":"HollowMod:SlysStrikes","floor":10},{"not_picked":["HollowMod:InfectedCysts","HollowMod:CornifersMapStart"],"picked":"HollowMod:DescendingDark","floor":12},{"not_picked":["HollowMod:MawleksShell","HollowMod:ShadowDash"],"picked":"HollowMod:GoodIntentions","floor":14},{"not_picked":["HollowMod:AwokenDreamNail","HollowMod:SoulMaster"],"picked":"HollowMod:Weaversong","floor":16},{"not_picked":["HollowMod:CornifersMapStart","HollowMod:GoodIntentions"],"picked":"HollowMod:ChannelNail","floor":17},{"not_picked":["HollowMod:InfectedAttack","HollowMod:ShadowDash"],"picked":"HollowMod:DoubleDash","floor":18},{"not_picked":["HollowMod:InfectedCysts","HollowMod:SiblingsShadow","HollowMod:NewLittleFool"],"picked":"SKIP","floor":19},{"not_picked":["HollowMod:MawleksShell","HollowMod:DoubleDash+1"],"picked":"HollowMod:LifebloodCocoon+1","floor":22}],"player_experience":154578,"relics_obtained":[{"floor":4,"key":"Darkstone Periapt"},{"floor":6,"key":"Strawberry"},{"floor":8,"key":"StrikeDummy"},{"floor":9,"key":"Bronze Scales"}],"event_choices":[{"damage_healed":0,"gold_gain":0,"player_choice":"Donut","damage_taken":0,"max_hp_gain":5,"max_hp_loss":0,"event_name":"Big Fish","floor":3,"gold_loss":0},{"cards_removed":["HollowMod:NailStrikeStart"],"damage_healed":0,"gold_gain":0,"player_choice":"Gave Gold","damage_taken":0,"max_hp_gain":0,"max_hp_loss":0,"event_name":"Beggar","floor":20,"gold_loss":75}],"is_beta":false,"boss_relics":[{"not_picked":["Velvet Choker","Busted Crown"],"picked":"Tiny House"}],"items_purged_floors":[21],"is_endless":false,"potions_floor_spawned":[1,8,12,14,19,22],"killed_by":"3 Cultists","ascension_level":0}}