{"host":"d9m9v0h6vo0edadb","time":1613736024,"event":{"mods":["BaseMod","Hermit","Keyboard Shortcuts","Minty Spire (QoL Compilation)","StSLib","SuperFastMode","The Cursed"],"gold_per_floor":[118,118,118,118,138,163,163,178,256,273,293,314,131,141,141,141,141],"floor_reached":16,"language":"KOR","playtime":1288,"items_purged":["Strike_G"],"score":254,"play_id":"ae74fe02-bc6d-4175-a488-2e986e9c49e4","local_time":"20210219210024","is_ascension_mode":true,"campfire_choices":[{"data":"Tools of the Trade","floor":7.0,"key":"SMITH"},{"data":"Deep Breath","floor":15,"key":"SMITH"}],"circlet_count":0,"master_deck":["AscendersBane","Strike_G","Strike_G","Defend_G","Defend_G","Defend_G","Defend_G","Survivor","Neutralize","Acrobatics","Burst","Tools of the Trade+1","Quick Slash","Choke","Dagger Throw","Grand Finale","Deep Breath+1","Backflip"],"relics":["Ring of the Snake","NeowsBlessing","Strawberry","Letter Opener","Odd Mushroom"],"acts_visited":["Exordium"],"potions_floor_usage":[16],"damage_taken":[{"damage":0.0,"enemies":"2 Louse","floor":1.0,"turns":1.0},{"damage":0.0,"enemies":"Small Slimes","floor":5.0,"turns":1.0},{"damage":0.0,"enemies":"Lagavulin","floor":6.0,"turns":1.0},{"damage":12.0,"enemies":"Cultist","floor":8.0,"turns":4.0},{"damage":4.0,"enemies":"2 Fungi Beasts","floor":10.0,"turns":4.0},{"damage":7,"enemies":"Large Slime","floor":11,"turns":6},{"damage":5,"enemies":"The Mushroom Lair","floor":12,"turns":4},{"damage":0,"enemies":"Exordium Wildlife","floor":14,"turns":2},{"damage":32,"enemies":"Hexaghost","floor":16,"turns":11}],"seed_played":"-7009456390535850147","potions_obtained":[{"floor":8.0,"key":"CultistPotion"},{"floor":10.0,"key":"FearPotion"}],"is_trial":false,"path_per_floor":["M","?","?","?","M","E","R","M","T","M","M","?","$","M","R","B"],"character_chosen":"THE_SILENT","items_purchased":["Deep Breath"],"campfire_rested":0,"item_purchase_floors":[13],"current_hp_per_floor":[59,59,52,52,52,59,59,47,47,43,36,31,31,31,31,0,0],"gold":141,"neow_bonus":"THREE_ENEMY_KILL","is_daily":false,"chose_seed":false,"campfire_upgraded":2,"win_rate":0.0,"timestamp":1613736024,"path_taken":["M","?","?","?","M","E","R","?","T","M","M","?","$","M","R","BOSS"],"items_purchased_type":["Card"],"build_version":"2020-12-22","purchased_purges":1,"victory":false,"max_hp_per_floor":[66,66,66,66,66,73,73,73,73,73,73,73,73,73,73,73,73],"card_choices":[{"not_picked":["Bane","Sucker Punch"],"picked":"Acrobatics","floor":1.0},{"not_picked":["Flying Knee","Deflect","Acrobatics"],"picked":"SKIP","floor":5.0},{"not_picked":["Prepared","Caltrops"],"picked":"Tools of the Trade","floor":6.0},{"not_picked":["Outmaneuver","Concentrate"],"picked":"Quick Slash","floor":8.0},{"not_picked":["Slice","Deflect"],"picked":"Choke","floor":10.0},{"not_picked":["Expertise","Deflect"],"picked":"Dagger Throw","floor":11},{"not_picked":["Prepared","Bane"],"picked":"Grand Finale","floor":12},{"not_picked":["Heel Hook","Dagger Spray"],"picked":"Backflip","floor":14}],"player_experience":1016124,"relics_obtained":[{"floor":6.0,"key":"Strawberry"},{"floor":9.0,"key":"Letter Opener"},{"floor":12,"key":"Odd Mushroom"}],"event_choices":[{"cards_removed":["Strike_G"],"damage_healed":0.0,"max_hp_gain":0.0,"max_hp_loss":0.0,"gold_gain":0.0,"event_name":"Living Wall","player_choice":"Forget","floor":2.0,"gold_loss":0.0,"damage_taken":0.0},{"cards_removed":["Defend_G"],"damage_healed":0.0,"max_hp_gain":0.0,"max_hp_loss":0.0,"gold_gain":0.0,"event_name":"Golden Wing","player_choice":"Card Removal","floor":3.0,"gold_loss":0.0,"damage_taken":7.0},{"damage_healed":0.0,"max_hp_gain":0.0,"max_hp_loss":0.0,"gold_gain":0.0,"cards_transformed":["Strike_G"],"event_name":"Transmorgrifier","player_choice":"Transformed","floor":4.0,"gold_loss":0.0,"damage_taken":0.0,"cards_obtained":["Burst"]},{"damage_healed":0,"gold_gain":0,"player_choice":"Fought Mushrooms","damage_taken":0,"max_hp_gain":0,"max_hp_loss":0,"event_name":"Mushrooms","floor":12,"gold_loss":0}],"is_beta":false,"boss_relics":[],"items_purged_floors":[13],"is_endless":false,"potions_floor_spawned":[8,10,12,14],"killed_by":"Hexaghost","ascension_level":20}}