{"host":"61ejhfsushs0xmcl","time":1613725339,"event":{"mods":["ATMod(阿瑾Mod)","Act Like it!","BaseMod","Colored Map","Gold Saver","GungeonMod","Minty Spire (QoL Compilation)","MostiFishMod","Spicy Shops","StSLib","TestMod","The Marked","【遗物卡牌】REMEMod","篝火指南"],"gold_per_floor":[2328,2342,2342,2353,1970,2005,2005,2038,2063,2063,2094,2110,2135,2153,2153,2255,2255,2274,2008,2230,2248,2258,2311,2340,2401,2401,2125,2179,2203,2256,2294,2327,1832,1832,1951,1951,2000,2011,1559,1559,1529,1562,1581,1095,1141,1153,745,866,878,920,932,944,956,534,354,405,405],"floor_reached":58,"language":"ZHS","playtime":3190,"items_purged":["Pain","DemoMod:Strike_Huntress","DemoMod:Strike_Huntress","DemoMod:Strike_Huntress","DemoMod:Defend_Huntress","DemoMod:CrossBow","DemoMod:Defend_Huntress","DemoMod:RustySidearm","DemoMod:Defend_Huntress","DemoMod:FinishedGun"],"score":1768,"play_id":"fce6bb6e-463c-496c-a942-5a65dcb63a5c","local_time":"20210219170219","is_ascension_mode":true,"campfire_choices":[{"data":"DemoMod:PotionOfGunFriendShip","floor":7.0,"key":"SMITH"},{"data":"DemoMod:HungryBullets","floor":15.0,"key":"SMITH"},{"floor":51.0,"key":"RECALL"}],"circlet_count":0,"master_deck":["DemoMod:Defend_Huntress+1","DemoMod:Roll","DemoMod:ManualReload+1","AT_DarkMatter+1","DemoMod:Slinger","DemoMod:SniperShot+1","DemoMod:HungryBullets+1","DemoMod:PotionOfGunFriendShip+1","DemoMod:Gungine","DemoMod:Evolver","DemoMod:CursedBullets","DemoMod:ShadowBullets+1","DemoMod:FightSabre","DemoMod:SkilledReload+1","DemoMod:Elimentaler","DemoMod:Behold!","DemoMod:PracticeMakesPerfect+1","DemoMod:CursedBullets","DemoMod:Elimentaler","DemoMod:SniperShot+1"],"relics":["DemoMod:Dog","AT_ATBox","REME_ComplimentaryCards","testmod-TestBox","testmod-AssaultLearning","Membership Card","SynthV:TestCard","Civilization","ClockworkSouvenir","AT_RedNoBalance","Omamori","DemoMod:GlassGuonStoneRelic","DemoMod:Metronome","Bag of Preparation","DemoMod:BigBoy","Happy Flower","Fusion Hammer","DemoMod:CrisisStone","MostiFishMod:AdaptiveDefenses","AT_ChloranthyRing","AT_EbonyIvory","War Paint","Regal Pillow","DemoMod:HoleyGrail","TungstenRod","testmod-ArcanaOfDestiny","Technique","DemoMod:RatBoots","DemoMod:ResourcefulSack","DemoMod:PartiallyEatenCheese","testmod-EnergyCheck","Philosopher\u0027s Stone","Dodecahedron","DemoMod:RedGuonStone","DemoMod:PoisonVial","testmod-Antiphasic","DemoMod:ClearGuonStone","MawBank","Art of War","DemoMod:OrangeGuonStone","DaveBox","OriginationStaff","testmod-Alchemist","DemoMod:PortableTableDevice","Nunchaku","DollysMirror","DemoMod:Plus1Bullets","AT_RedTearstoneRing","DemoMod:WeirdEgg","testmod-IndustrialRevolution","Medical Kit","DemoMod:WhiteGuonStone","DemoMod:RingOfEthereal"],"acts_visited":["Exordium","TheCity","TheCity","TheBeyond","TheEnding"],"potions_floor_usage":[55,56],"damage_taken":[{"damage":0.0,"enemies":"2 Louse","floor":1.0,"turns":1.0},{"damage":1.0,"enemies":"Jaw Worm","floor":2.0,"turns":3.0},{"damage":0.0,"enemies":"Cultist","floor":4.0,"turns":1.0},{"damage":0.0,"enemies":"Gremlin Nob","floor":6.0,"turns":3.0},{"damage":3.0,"enemies":"Lagavulin","floor":8.0,"turns":5.0},{"damage":0.0,"enemies":"3 Sentries","floor":11.0,"turns":2.0},{"damage":0.0,"enemies":"Blue Slaver","floor":12.0,"turns":3.0},{"damage":0.0,"enemies":"Gremlin Nob","floor":13.0,"turns":3.0},{"damage":0.0,"enemies":"2 Fungi Beasts","floor":14.0,"turns":1.0},{"damage":12.0,"enemies":"The Guardian","floor":16.0,"turns":5.0},{"damage":0.0,"enemies":"2 Thieves","floor":18.0,"turns":2.0},{"damage":0.0,"enemies":"Chosen","floor":21.0,"turns":1.0},{"damage":0.0,"enemies":"Shelled Parasite and Fungi","floor":22.0,"turns":1.0},{"damage":0.0,"enemies":"Gremlin Leader","floor":23.0,"turns":3.0},{"damage":0.0,"enemies":"Centurion and Healer","floor":24.0,"turns":2.0},{"damage":0.0,"enemies":"Slavers","floor":25.0,"turns":2.0},{"damage":0.0,"enemies":"DemoMod:4_Bullet_Kins","floor":28.0,"turns":1.0},{"damage":0.0,"enemies":"DemoMod:2_Veteran_bullet_kins_and_red_shotgun_kin","floor":29.0,"turns":1.0},{"damage":10.0,"enemies":"DemoMod:Veteran_shot_gun_kin_and_blue_shotgun_kin_with_gunsinger","floor":30.0,"turns":2.0},{"damage":0.0,"enemies":"DemoMod:Red_and_blue_shotgun_kin_with_gunsinger","floor":31.0,"turns":1.0},{"damage":16.0,"enemies":"DemoMod:Veteran_shot_gun_kin_and_blue_shotgun_kin","floor":32.0,"turns":1.0},{"damage":0.0,"enemies":"DemoMod:ResourcefulRat","floor":35.0,"turns":4.0},{"damage":6.0,"enemies":"3 Shapes","floor":37.0,"turns":1.0},{"damage":0.0,"enemies":"Orb Walker","floor":38.0,"turns":1.0},{"damage":0.0,"enemies":"Giant Head","floor":42.0,"turns":1.0},{"damage":0.0,"enemies":"Writhing Mass","floor":43.0,"turns":2.0},{"damage":0.0,"enemies":"3 Darklings","floor":45.0,"turns":2.0},{"damage":0.0,"enemies":"Reptomancer","floor":48.0,"turns":1.0},{"damage":0.0,"enemies":"Giant Head","floor":50.0,"turns":3.0},{"damage":0.0,"enemies":"Time Eater","floor":52.0,"turns":1.0},{"damage":0,"enemies":"Shield and Spear","floor":56,"turns":1},{"damage":0,"enemies":"The Heart","floor":57,"turns":2}],"seed_played":"8755508637778296755","potions_obtained":[{"floor":1.0,"key":"PowerPotion"},{"floor":4.0,"key":"SkillPotion"},{"floor":6.0,"key":"PowerPotion"},{"floor":12.0,"key":"Weak Potion"},{"floor":16.0,"key":"LiquidMemories"},{"floor":23.0,"key":"BlessingOfTheForge"},{"floor":25.0,"key":"LiquidMemories"},{"floor":31.0,"key":"Energy Potion"},{"floor":41.0,"key":"testmod-TestPotion"},{"floor":48.0,"key":"BlessingOfTheForge"}],"is_trial":false,"path_per_floor":["M","M","?","M","$","E","R","E","T","?","E","M","E","M","R","B",null,"M","$","?","M","M","E","M","E","T","R","M","M","M","M","M","R","B","B",null,"M","M","$","?","?","E","M","R","T","?","R","E","?","E","R","B",null,"R","$","E","B",null],"character_chosen":"HUNTRESS","items_purchased":["DemoMod:GnawedKey","Civilization","ClockworkSouvenir","AT_SilverBalance","DemoMod:CrisisStone","MostiFishMod:AdaptiveDefenses","testmod-SpacePotion","Energy Potion","War Paint","Regal Pillow","Dexterity Potion","SteroidPotion","DemoMod:HoleyGrail","TungstenRod","testmod-ArcanaOfDestiny","Technique","Dodecahedron","DemoMod:RedGuonStone","DemoMod:PoisonVial","testmod-Antiphasic","DemoMod:CursedBullets","REME_GoldPotion","MawBank","Art of War","DemoMod:OrangeGuonStone","testmod-Alchemist","DemoMod:PortableTableDevice","Nunchaku","DollysMirror","DemoMod:WeirdEgg","testmod-IndustrialRevolution","Medical Kit","testmod-SpacePotion","DemoMod:WhiteGuonStone"],"campfire_rested":0,"item_purchase_floors":[5,5,5,5,19,19,19,19,27,27,27,27,33,33,33,33,39,39,39,39,39,39,44,44,44,47,47,47,47,54,54,55,55,55],"current_hp_per_floor":[70,69,69,69,69,36,36,34,34,34,41,44,46,49,49,39,98,54,54,54,59,64,69,74,79,128,128,133,138,133,138,137,137,142,147,163,162,167,167,167,167,172,177,177,182,182,182,187,203,208,208,213,213,213,213,218,223],"gold":405,"neow_bonus":"ONE_RANDOM_RARE_CARD","is_daily":false,"chose_seed":false,"campfire_upgraded":2,"win_rate":0.0,"timestamp":1613725339,"path_taken":["M","M","?","M","$","E","R","E","T","?","E","M","E","?","R","BOSS","M","$","?","M","M","E","M","E","T","R","M","M","M","M","M","R","BOSS","BOSS","M","M","$","?","?","E","M","R","T","?","R","E","?","E","R","BOSS","R","$","E","BOSS"],"items_purchased_type":["Relic","Relic","Relic","Relic","Relic","Relic","Potion","Potion","Relic","Relic","Potion","Potion","Relic","Relic","Relic","Relic","Relic","Relic","Relic","Relic","Card","Potion","Relic","Relic","Relic","Relic","Relic","Relic","Relic","Relic","Relic","Relic","Potion","Relic"],"build_version":"2020-12-22","purchased_purges":10,"victory":true,"max_hp_per_floor":[70,70,70,70,70,71,71,73,73,73,78,83,88,93,93,98,98,103,103,103,108,113,118,123,128,128,128,133,138,143,148,153,153,158,163,163,168,173,173,173,173,178,183,183,188,188,188,193,203,208,208,213,213,213,213,218,223],"card_choices":[{"not_picked":["DemoMod:Ejector","DemoMod:GunShield","DemoMod:JK47"],"picked":"SKIP","floor":1.0},{"not_picked":["DemoMod:DirectionalPad","DemoMod:Unmoved","DemoMod:TeaPot","DemoMod:AC15"],"picked":"DemoMod:SniperShot","floor":2.0},{"not_picked":["DemoMod:Rummage","DemoMod:CombinedRifle","DemoMod:LifeOrb","DemoMod:SAA"],"picked":"DemoMod:HungryBullets","floor":4.0},{"not_picked":["DemoMod:DoubleSwitch","DemoMod:Ejector","DemoMod:Unmoved","DemoMod:ZorGun"],"picked":"DemoMod:PotionOfGunFriendShip","floor":6.0},{"not_picked":["DemoMod:StickyCrossBow","DemoMod:HardPowerCard","DemoMod:BattleInHaste","DemoMod:Ejector"],"picked":"DemoMod:Gungine","floor":8.0},{"not_picked":["DemoMod:BoxingGlove","DemoMod:Camera","DemoMod:HardPowerCard","DemoMod:AC15"],"picked":"DemoMod:Evolver","floor":11.0},{"not_picked":["DemoMod:HungryBullets","DemoMod:Casey","DemoMod:HuntsMan","DemoMod:JK47"],"picked":"DemoMod:CursedBullets","floor":12.0},{"not_picked":["DemoMod:FastSwitch","DemoMod:PotionOfGunFriendShip","DemoMod:HighKaliber","DemoMod:Polaris"],"picked":"DemoMod:BSG","floor":13.0},{"not_picked":["DemoMod:DirectionalPad","DemoMod:HungryBullets","DemoMod:MachoBrace","DemoMod:Camera","DemoMod:PotionOfGunFriendShip"],"picked":"SKIP","floor":14.0},{"not_picked":["DemoMod:Casey+1","DemoMod:ZorGun","DemoMod:Unmoved+1","DemoMod:TripleGun+1","DemoMod:BattleInHaste"],"picked":"SKIP","floor":18.0},{"not_picked":["DemoMod:LifeOrb","DemoMod:MachoBrace","DemoMod:Unmoved+1","DemoMod:GunstockTap","DemoMod:DoubleSwitch"],"picked":"SKIP","floor":21.0},{"not_picked":["DemoMod:Evolver","DemoMod:AWP","DemoMod:DarkMarker","DemoMod:FastSwitch","DemoMod:HighKaliber"],"picked":"SKIP","floor":22.0},{"not_picked":["DemoMod:RadGun+1","DemoMod:EasyReloadBullets","DemoMod:HungryBullets","DemoMod:FullFirepower","DemoMod:SniperShot"],"picked":"SKIP","floor":23.0},{"not_picked":["DemoMod:GunstockTap+1","DemoMod:Camera","DemoMod:Unmoved+1","DemoMod:DirectionalPad","DemoMod:BoxingGlove"],"picked":"SKIP","floor":24.0},{"not_picked":["DemoMod:Gungine","DemoMod:Elimentaler","DemoMod:Camera","DemoMod:HardPowerCard"],"picked":"DemoMod:ShadowBullets+1","floor":25.0},{"not_picked":["DemoMod:SAA","DemoMod:DarkMarker","DemoMod:Ejector+1","DemoMod:JK47+1","DemoMod:StickyCrossBow"],"picked":"SKIP","floor":28.0},{"not_picked":["DemoMod:Unity","DemoMod:DarkMarker","DemoMod:HighKaliber+1","DemoMod:PotionOfGunFriendShip","DemoMod:SkilledReload"],"picked":"SKIP","floor":29.0},{"not_picked":["DemoMod:FastSwitch+1","DemoMod:AWP","DemoMod:Casey","DemoMod:TeaPot"],"picked":"DemoMod:FightSabre","floor":30.0},{"not_picked":["DemoMod:TeaPot","DemoMod:TripleGun+1","DemoMod:GunstockTap","DemoMod:Casey"],"picked":"DemoMod:SkilledReload+1","floor":31.0},{"not_picked":["DemoMod:Rummage","DemoMod:FastSwitch","DemoMod:JK47+1","DemoMod:StickyCrossBow+1","DemoMod:ThirdPartyController"],"picked":"SKIP","floor":32.0},{"not_picked":[],"picked":"DemoMod:Elimentaler","floor":35.0},{"not_picked":["DemoMod:Eureka","DemoMod:FinishedGun","DemoMod:SuppressiveFire","DemoMod:BSG"],"picked":"DemoMod:Behold!","floor":35.0},{"not_picked":["DemoMod:Casey","DemoMod:SAA","DemoMod:BattleInHaste+1","DemoMod:StrategicReserve"],"picked":"DemoMod:PracticeMakesPerfect+1","floor":37.0},{"not_picked":["DemoMod:BSG","DemoMod:Unmoved","DemoMod:CombinedRifle","DemoMod:HardPowerCard","DemoMod:HighKaliber"],"picked":"SKIP","floor":38.0},{"not_picked":["DemoMod:DirectionalPad","DemoMod:ChanceBullets+1","DemoMod:MachoBrace","DemoMod:Evolver"],"picked":"DemoMod:Elimentaler","floor":42.0},{"not_picked":["DemoMod:JK47+1","DemoMod:PotionOfGunFriendShip+1","DemoMod:AbyssalTentacle","DemoMod:HuntsMan","DemoMod:DoubleSwitch+1"],"picked":"SKIP","floor":42.0},{"not_picked":["DemoMod:DoubleSwitch+1","DemoMod:HuntsMan+1","DemoMod:GunShield","DemoMod:BalloonGun","DemoMod:SkilledReload"],"picked":"SKIP","floor":43.0},{"not_picked":["DemoMod:StrategicReserve+1","DemoMod:HardPowerCard+1","DemoMod:FastSwitch+1","DemoMod:ChanceBullets+1","DemoMod:SkilledReload"],"picked":"SKIP","floor":45.0},{"not_picked":["DemoMod:Elimentaler","DemoMod:ShadowBullets+1","DemoMod:TripleGun+1","DemoMod:FastSwitch","DemoMod:Casey"],"picked":"SKIP","floor":48.0},{"not_picked":["DemoMod:Camera","DemoMod:JK47","DemoMod:Replace+1","DemoMod:FinishedGun","DemoMod:TripleGun"],"picked":"SKIP","floor":50.0},{"not_picked":["DemoMod:SkilledReload+1","DemoMod:JK47","DemoMod:FastSwitch+1","DemoMod:DirectionalPad+1","DemoMod:AC15"],"picked":"SKIP","floor":56}],"player_experience":900646,"relics_obtained":[{"floor":1.0,"key":"SynthV:TestCard"},{"floor":6.0,"key":"Omamori"},{"floor":8.0,"key":"DemoMod:Metronome"},{"floor":11.0,"key":"Bag of Preparation"},{"floor":13.0,"key":"DemoMod:BigBoy"},{"floor":13.0,"key":"Happy Flower"},{"floor":23.0,"key":"AT_ChloranthyRing"},{"floor":25.0,"key":"AT_EbonyIvory"},{"floor":36.0,"key":"DemoMod:RatBoots"},{"floor":36.0,"key":"DemoMod:ResourcefulSack"},{"floor":36.0,"key":"DemoMod:PartiallyEatenCheese"},{"floor":36.0,"key":"testmod-EnergyCheck"},{"floor":36.0,"key":"Philosopher\u0027s Stone"},{"floor":42.0,"key":"DemoMod:ClearGuonStone"},{"floor":48.0,"key":"DemoMod:Plus1Bullets"},{"floor":50.0,"key":"AT_RedTearstoneRing"},{"floor":56,"key":"DemoMod:RingOfEthereal"}],"event_choices":[{"damage_healed":0.0,"max_hp_gain":0.0,"max_hp_loss":0.0,"gold_gain":0.0,"event_name":"Liars Game","player_choice":"Ignored","floor":3.0,"gold_loss":0.0,"damage_taken":0.0},{"damage_healed":0.0,"max_hp_gain":0.0,"max_hp_loss":0.0,"gold_gain":0.0,"event_name":"Upgrade Shrine","player_choice":"Upgraded","floor":10.0,"gold_loss":0.0,"damage_taken":0.0,"cards_upgraded":["AT_DarkMatter"]},{"damage_healed":0.0,"max_hp_gain":0.0,"max_hp_loss":0.0,"gold_gain":0.0,"event_name":"The Woman in Blue","player_choice":"Bought 2 Potions","floor":41.0,"gold_loss":0.0,"damage_taken":0.0},{"damage_healed":0.0,"max_hp_gain":0.0,"max_hp_loss":0.0,"gold_gain":0.0,"event_name":"给自己的盒子","player_choice":"Swap Relic","floor":46.0,"relics_lost":["DaveBox"],"gold_loss":0.0,"damage_taken":0.0,"relics_obtained":["DaveBox"]},{"cards_removed":["DemoMod:BSG"],"damage_healed":6.0,"max_hp_gain":10.0,"max_hp_loss":0.0,"gold_gain":0.0,"event_name":"Bonfire Elementals","player_choice":"Offered Rare","floor":49.0,"gold_loss":0.0,"damage_taken":0.0}],"is_beta":false,"boss_relics":[{"not_picked":["testmod-IncinerationGenerator","testmod-Temperance"],"picked":"Fusion Hammer"},{"not_picked":[]}],"items_purged_floors":[5,19,27,33,39,44,44,47,54,54],"is_endless":false,"potions_floor_spawned":[1,4,6,12,16,23,24,25,30,31,32,43,48],"ascension_level":2}}