{"host":"51qmnr9isyv85d0p","time":1613713759,"event":{"mods":["AchievementEnabler","BaseMod","Colored Map","Colored Powertips","Curses Come First","Downfall","Minty Spire (QoL Compilation)","Red Circlet Mod","Relic Stats","Replay The Spire","StSLib","TestMod"],"gold_per_floor":[109,109,71936,72336,71482,71482,71482,71497,71497,71507,71507,71540,71559,71559,71559,71704,71754,71765,70670,70685,70685,70704,70704,70734,70659,70685,70685,70600,70693,69879,69945,69945,70118,70118,70190,69010,69106,67836,67836,67836,67896,67969,67969,66904,66934,66976,67014,67053,67053,67083],"floor_reached":51,"language":"ZHS","playtime":2204,"items_purged":["Defend_R","Defend_R","Strike_R","Defend_R","Strike_R","Defend_R","Strike_R"],"score":1133,"play_id":"3152febf-5bd7-4f95-861b-832b1367cfb8","local_time":"20210219134919","is_ascension_mode":true,"campfire_choices":[{"data":"Mayhem","floor":6,"key":"SMITH"},{"data":"testmod-Collector","floor":11,"key":"SMITH"},{"data":"Fire Breathing","floor":15,"key":"SMITH"},{"data":"Limit Break","floor":23,"key":"SMITH"},{"data":"Rampage","floor":27,"key":"SMITH"},{"data":"Offering","floor":32,"key":"SMITH"},{"data":"Barricade","floor":40,"key":"SMITH"},{"data":"Double Tap","floor":49,"key":"SMITH"},{"data":"Inflame","floor":49,"key":"SMITH"}],"circlet_count":0,"master_deck":["Bash+1","Carnage","Inflame+1","Mayhem+1","testmod-Collector+1","Good Instincts+1","Dual Wield","Shrug It Off+1","Spot Weakness","Fire Breathing+1","Pummel","Offering+1","Rampage+1","Reckless Charge","Limit Break+1","Seeing Red+1","Double Tap+1","Forethought","Metallicize","Warcry+1","Intimidate","Fire Breathing","Barricade+1","Trip","Limit Break+1","Metallicize+1","ReplayTheSpireMod:LeadingStrike","Jack Of All Trades","Jack Of All Trades","Infernal Blade+1"],"relics":["testmod-TimeTraveler","ChewingGum","Replay:Ringing Soul","PreservedInsect","testmod-Register","Gremlin Horn","War Paint","Omamori","MealTicket","Anchor","Ring of Misfortune","ReplayTheSpireMod:Ring of Challenge","Tiny House","testmod-Muramasa","Lee\u0027s Waffle","Replay:Bottled Steam","Replay:WaspNest","Replay:Bandana","Replay:Baseball","testmod-ArcanaOfDestiny","Centennial Puzzle","Shuriken","Replay:Bottled Eggs","sneckomod:SneckoTalon","Mummified Hand","testmod-CrystalShield","OrangePellets","Divine Protection","Mirror","Strange Spoon","Blue Doll","testmod-TurbochargingSystem","Replay:PocketPolymizer","Boot","Sundial","Sling","Replay:Arrowhead","Gremlin Food"],"acts_visited":["Exordium","TheCity","TheBeyond"],"potions_floor_usage":[10,12,12,16,16,19,29,33,36,37,38,44,50],"damage_taken":[{"damage":7,"enemies":"Jaw Worm","floor":1,"turns":2},{"damage":0,"enemies":"Small Slimes","floor":8,"turns":2},{"damage":0,"enemies":"2 Louse","floor":10,"turns":1},{"damage":0,"enemies":"3 Sentries","floor":12,"turns":1},{"damage":0,"enemies":"Exordium Thugs","floor":13,"turns":2},{"damage":2,"enemies":"Fading Forest","floor":16,"turns":11},{"damage":0,"enemies":"3 Byrds","floor":18,"turns":3},{"damage":6,"enemies":"Spheric Guardian","floor":20,"turns":3},{"damage":0,"enemies":"Chosen and Byrds","floor":22,"turns":4},{"damage":6,"enemies":"Book of Stabbing","floor":24,"turns":2},{"damage":8,"enemies":"Slavers","floor":29,"turns":2},{"damage":6,"enemies":"Snecko","floor":31,"turns":2},{"damage":17,"enemies":"Pondfish","floor":33,"turns":4},{"damage":15,"enemies":"3 Shapes","floor":35,"turns":2},{"damage":3,"enemies":"3 Darklings","floor":37,"turns":3},{"damage":1,"enemies":"Nemesis","floor":41,"turns":3},{"damage":0,"enemies":"Spire Growth","floor":42,"turns":1},{"damage":0,"enemies":"Jaw Worm Horde","floor":45,"turns":2},{"damage":0,"enemies":"Giant Head","floor":46,"turns":2},{"damage":0,"enemies":"3 Darklings","floor":47,"turns":3},{"damage":0,"enemies":"R_Hoarder","floor":48,"turns":3},{"damage":0,"enemies":"Replay:Hell Engine","floor":50,"turns":2}],"seed_played":"-6682464879389701236","potions_obtained":[{"floor":1,"key":"Swift Potion"},{"floor":10,"key":"testmod-SpacePotion"},{"floor":16,"key":"Guardian:BlockOnCardUsePotion"},{"floor":17,"key":"Reflective Coating"},{"floor":20,"key":"GamblersBrew"},{"floor":29,"key":"SkillPotion"},{"floor":47,"key":"Elixir"}],"is_trial":false,"path_per_floor":["M","?","$","?","$","R","?","M","T","M","R","E","M","?","R","B",null,"M","$","M","?","M","R","E","?","T","R","?","E","$","M","R","B",null,"M","$","M","$","?","R","E","M","T","$","M","E","M","E","R","B",null],"character_chosen":"IRONCLAD","items_purchased":["Inflame","Mayhem","testmod-Collector","Replay:Ringing Soul","PreservedInsect","testmod-Register","Ancient Potion","DuplicationPotion","Good Instincts","Dual Wield","Shrug It Off","Gremlin Horn","War Paint","EntropicBrew","Energy Potion","testmod-Muramasa","Lee\u0027s Waffle","Reckless Charge","Limit Break","testmod-SpacePotion","BloodPotion","Replay:Bottled Steam","Centennial Puzzle","Shuriken","Forethought","Metallicize","Flashbang","Mummified Hand","testmod-CrystalShield","OrangePellets","Intimidate","Fruit Juice","BlessingOfTheForge","Fire Breathing","Divine Protection","Mirror","Strange Spoon","testmod-SpacePotion","FearPotion","SteroidPotion","Barricade","Trip","Boot","Sundial","Sling","Metallicize+1","Fruit Juice","Swift Potion","ReplayTheSpireMod:LeadingStrike","Jack Of All Trades"],"campfire_rested":0,"item_purchase_floors":[3,3,3,3,3,3,3,3,5,5,5,5,5,5,5,19,19,19,19,19,19,19,30,30,30,30,30,36,36,36,36,36,36,36,38,38,38,38,38,38,38,38,44,44,44,44,44,44,44,44],"current_hp_per_floor":[73,66,66,66,69,69,57,60,60,63,63,63,66,66,66,85,100,103,113,107,107,110,110,104,104,104,104,104,99,117,111,111,94,122,110,133,130,136,139,139,138,138,138,147,150,150,150,150,150,150],"gold":67083,"neow_bonus":"BOSS_RELIC","is_daily":false,"chose_seed":false,"campfire_upgraded":9,"win_rate":0.0,"timestamp":1613713759,"path_taken":["M","?","$","?","$","R","?","M","T","M","R","E","?","?","R","BOSS","M","$","M","?","M","R","E","?","T","R","?","E","$","M","R","BOSS","M","$","M","$","?","R","E","M","T","$","M","E","M","E","R","BOSS"],"items_purchased_type":["Card","Card","Card","Relic","Relic","Relic","Potion","Potion","Card","Card","Card","Relic","Relic","Potion","Potion","Relic","Relic","Card","Card","Potion","Potion","Relic","Relic","Relic","Card","Card","Potion","Relic","Relic","Relic","Card","Potion","Potion","Card","Relic","Relic","Relic","Potion","Potion","Potion","Card","Card","Relic","Relic","Relic","Card","Potion","Potion","Card","Card"],"build_version":"2020-12-22","purchased_purges":7,"victory":true,"max_hp_per_floor":[80,80,80,80,83,83,83,86,86,89,89,89,92,92,92,95,100,103,113,113,113,116,116,116,116,116,116,116,119,122,122,122,122,122,125,133,133,136,139,139,139,139,139,147,150,150,150,150,150,150],"relic_stats":{"Lee\u0027s Waffle":7,"Gremlin Horn":[21,21],"counters":[22,60],"PreservedInsect":358,"War Paint":["Shrug It Off","Good Instincts"],"Boot":[3],"OrangePellets":[1],"Strange Spoon":[14],"Centennial Puzzle":[15],"Shuriken":[14],"Mummified Hand":[30],"Sundial":[0],"MealTicket":34,"obtain_stats":[{"Divine Protection":38,"Tiny House":17,"Replay:PocketPolymizer":43,"Gremlin Horn":5,"Blue Doll":41,"Boot":44,"Sling":44,"Burning Blood":0,"Replay:Ringing Soul":3,"Replay:Bandana":26,"Centennial Puzzle":30,"testmod-CrystalShield":36,"Mummified Hand":36,"DollysMirror":39,"Sundial":44,"MealTicket":9,"Replay:Bottled Eggs":33,"testmod-ArcanaOfDestiny":29,"Replay:Bottled Steam":19,"Gremlin Food":48,"testmod-Muramasa":19,"Lee\u0027s Waffle":19,"testmod-TestBox":0,"testmod-TimeTraveler":0,"testmod-Register":3,"PreservedInsect":3,"Replay:WaspNest":24,"Omamori":7,"testmod-TurbochargingSystem":42,"War Paint":5,"sneckomod:SneckoTalon":34,"Replay:Arrowhead":46,"OrangePellets":36,"Strange Spoon":38,"Anchor":12,"Replay:Baseball":28,"Shuriken":30,"Ring of Misfortune":14,"ChewingGum":0,"ReplayTheSpireMod:Ring of Challenge":14,"Mirror":38},{"Divine Protection":15,"Tiny House":6,"Replay:PocketPolymizer":17,"Gremlin Horn":1,"Blue Doll":16,"Boot":17,"Sling":17,"Burning Blood":0,"Replay:Ringing Soul":1,"Replay:Bandana":10,"Centennial Puzzle":11,"testmod-CrystalShield":14,"Mummified Hand":14,"DollysMirror":15,"Sundial":17,"MealTicket":2,"Replay:Bottled Eggs":13,"testmod-ArcanaOfDestiny":11,"Replay:Bottled Steam":7,"Gremlin Food":21,"testmod-Muramasa":7,"Lee\u0027s Waffle":7,"testmod-TestBox":0,"testmod-TimeTraveler":0,"testmod-Register":1,"PreservedInsect":1,"Replay:WaspNest":10,"Omamori":1,"testmod-TurbochargingSystem":17,"War Paint":1,"sneckomod:SneckoTalon":13,"Replay:Arrowhead":19,"OrangePellets":14,"Strange Spoon":15,"Anchor":4,"Replay:Baseball":10,"Shuriken":11,"Ring of Misfortune":5,"ChewingGum":0,"ReplayTheSpireMod:Ring of Challenge":5,"Mirror":15},{"Divine Protection":44,"Tiny House":19,"Replay:PocketPolymizer":48,"Gremlin Horn":2,"Blue Doll":47,"Boot":48,"Sling":48,"Burning Blood":0,"Replay:Ringing Soul":2,"Replay:Bandana":31,"Centennial Puzzle":33,"testmod-CrystalShield":41,"Mummified Hand":41,"DollysMirror":44,"Sundial":48,"MealTicket":4,"Replay:Bottled Eggs":39,"testmod-ArcanaOfDestiny":33,"Replay:Bottled Steam":22,"Gremlin Food":58,"testmod-Muramasa":22,"Lee\u0027s Waffle":22,"testmod-TestBox":0,"testmod-TimeTraveler":0,"testmod-Register":2,"PreservedInsect":2,"Replay:WaspNest":31,"Omamori":2,"testmod-TurbochargingSystem":48,"War Paint":2,"sneckomod:SneckoTalon":39,"Replay:Arrowhead":52,"OrangePellets":41,"Strange Spoon":44,"Anchor":6,"Replay:Baseball":31,"Shuriken":33,"Ring of Misfortune":8,"ChewingGum":0,"ReplayTheSpireMod:Ring of Challenge":8,"Mirror":44}]},"card_choices":[{"not_picked":["Battle Trance","Blood for Blood"],"picked":"Carnage","floor":1},{"not_picked":["Rupture","ReplayReversal"],"picked":"Spot Weakness","floor":8},{"not_picked":["Armaments","Replay:Undeath\u0027s Touch"],"picked":"Fire Breathing","floor":10},{"not_picked":["Life Link","Iron Wave","Blood for Blood"],"picked":"SKIP","floor":12},{"not_picked":["Clothesline","Life Link"],"picked":"Pummel","floor":13},{"not_picked":["Demonic Infusion","Hemogenesis"],"picked":"Offering","floor":16},{"not_picked":["Pummel+1","Thunderclap"],"picked":"Rampage","floor":18},{"not_picked":["Twin Strike","Fire Breathing","Clothesline+1"],"picked":"SKIP","floor":20},{"not_picked":["Replay:Undeath\u0027s Touch","Dual Wield"],"picked":"Seeing Red+1","floor":22},{"not_picked":["Shrug It Off","Clothesline","Perfected Strike"],"picked":"SKIP","floor":24},{"not_picked":["ReplayTheSpireMod:Strike From Hell","Sword Boomerang"],"picked":"Double Tap","floor":29},{"not_picked":["Shockwave","Anger","Heavy Blade+1"],"picked":"SKIP","floor":31},{"not_picked":["Thunderclap+1","Clash+1"],"picked":"Warcry+1","floor":35},{"not_picked":["Clothesline","Anger+1","Entrench+1"],"picked":"SKIP","floor":37},{"not_picked":["Cleave+1","Battle Trance+1","Warcry+1"],"picked":"SKIP","floor":41},{"not_picked":["ReplayTheSpireMod:Stacked","Inflame","True Grit+1"],"picked":"SKIP","floor":42},{"not_picked":["Twin Strike+1","True Grit+1"],"picked":"Infernal Blade+1","floor":45},{"not_picked":["Fire Breathing","Cleave","Headbutt+1"],"picked":"SKIP","floor":46},{"not_picked":["Cleave","Flex","Thunderclap+1"],"picked":"SKIP","floor":47},{"not_picked":["Flame Barrier+1","Whirlwind+1","Flex"],"picked":"SKIP","floor":48}],"player_experience":119439,"relics_obtained":[{"floor":9,"key":"MealTicket"},{"floor":12,"key":"Anchor"},{"floor":14,"key":"Ring of Misfortune"},{"floor":14,"key":"ReplayTheSpireMod:Ring of Challenge"},{"floor":24,"key":"Replay:WaspNest"},{"floor":26,"key":"Replay:Bandana"},{"floor":29,"key":"testmod-ArcanaOfDestiny"},{"floor":33,"key":"Replay:Bottled Eggs"},{"floor":41,"key":"Blue Doll"},{"floor":42,"key":"testmod-TurbochargingSystem"},{"floor":43,"key":"Replay:PocketPolymizer"},{"floor":46,"key":"Replay:Arrowhead"},{"floor":48,"key":"Gremlin Food"}],"event_choices":[{"cards_removed":["Strike_R"],"damage_healed":0,"gold_gain":0,"player_choice":"Card Removal","damage_taken":7,"max_hp_gain":0,"max_hp_loss":0,"event_name":"Golden Wing","floor":2,"gold_loss":0},{"damage_healed":0,"gold_gain":400,"player_choice":"Sell","damage_taken":0,"max_hp_gain":0,"max_hp_loss":0,"event_name":"恩洛斯的盘子","floor":4,"relics_lost":["testmod-TestBox"],"gold_loss":0},{"damage_healed":0,"gold_gain":0,"player_choice":"Success","damage_taken":12,"relics_obtained":["Omamori"],"max_hp_gain":0,"max_hp_loss":0,"event_name":"Scrap Ooze","floor":7,"gold_loss":0},{"damage_healed":0,"gold_gain":0,"player_choice":"Ignored","damage_taken":0,"max_hp_gain":0,"max_hp_loss":0,"event_name":"Vampires","floor":21,"gold_loss":0},{"cards_removed":["Strike_R"],"damage_healed":0,"gold_gain":0,"player_choice":"Gave Gold","damage_taken":0,"max_hp_gain":0,"max_hp_loss":0,"event_name":"Beggar","floor":25,"gold_loss":75},{"damage_healed":0,"gold_gain":0,"player_choice":"Obtained Relic","damage_taken":0,"relics_obtained":["Replay:Baseball"],"max_hp_gain":0,"max_hp_loss":0,"event_name":"Addict","floor":28,"gold_loss":85},{"damage_healed":0,"gold_gain":0,"player_choice":"Swap Relic","damage_taken":0,"relics_obtained":["DollysMirror"],"max_hp_gain":0,"max_hp_loss":0,"event_name":"给自己的盒子","floor":39,"relics_lost":["DollysMirror"],"gold_loss":0}],"is_beta":false,"boss_relics":[{"not_picked":["Replay:Bronze Core","Runic Dome"],"picked":"Tiny House"},{"not_picked":["SlaversCollar","Sozu"],"picked":"sneckomod:SneckoTalon"}],"items_purged_floors":[3,5,19,30,36,38,44],"is_endless":false,"potions_floor_spawned":[1,8,10,16,20,29,31,42,46,47,48],"ascension_level":2}}