{"host":"iovigr651ajk16h5","time":1613697694,"event":{"mods":["2.2 Compatiblity","AchievementEnabler","Aspiration","BaseMod","Better Altar","Better Match","Better Note","Better Sensory Stone","Better Skull","Better Third Choice","Block Reminder","CapriCore","Colored Map","Ekko","Energized Spire","GifTheSpireLib","GungeonMod","Halation","Hermit","Highlight Path","Hubris","Infinite Spire","Koishi","Luminous","Marisa????????","Minty Spire (QoL Compilation)","Nova Terra(??·??)","Onozuka Komachi Mod","Permanent Neow","Prisma Mod","Quick Restart","Railgun Mod","Remilia??????","Replay The Spire","StSLib","Stuff the Spire","Td1madao Mod","The Administrix","The Bladedancer","The Bug Knight","The Construct","The Exalted","The Immortal","The Marked","The Problem Sleuth","The Servant 0.9.4","TheFirefly","TheSwordswoman","Trackpad","Waifu the Spire","WarShipGirlsR/????R mod","everything is the same but u backflip on backflip"],"gold_per_floor":[19,9,9,9,26,59,59,78,78,78,88,102,102,116,116,116,116],"floor_reached":16,"language":"ENG","playtime":604,"items_purged":[],"score":102,"play_id":"602782e5-b27c-4b16-a52d-be9e60512073","local_time":"20210218202134","is_ascension_mode":false,"campfire_choices":[{"floor":10,"key":"REST"},{"floor":13,"key":"REST"},{"floor":15,"key":"REST"}],"circlet_count":0,"master_deck":["Strike_S","Strike_S","Strike_S","Defend_S","Defend_S","KidneyShot","Exchange","Gouge","Defy","Misdirection","Ricochet","Sunlight","Reset","FanOfKnives","Foresight"],"relics":["Uniform","halation:PinkSoulGem","trackpad:AdjectivePendant"],"acts_visited":["Exordium"],"potions_floor_usage":[16],"damage_taken":[{"damage":8,"enemies":"Jaw Worm","floor":1,"turns":5},{"damage":5,"enemies":"Small Slimes","floor":5,"turns":3},{"damage":28,"enemies":"Gremlin Nob","floor":6,"turns":5},{"damage":0,"enemies":"Cultist","floor":8,"turns":3},{"damage":4,"enemies":"Blue Slaver","floor":11,"turns":3},{"damage":4,"enemies":"2 Fungi Beasts","floor":12,"turns":2},{"damage":18,"enemies":"Exordium Thugs","floor":14,"turns":4},{"damage":40,"enemies":"Hexaghost","floor":16,"turns":11}],"seed_played":"-7367210637752705816","potions_obtained":[{"floor":5,"key":"SpeedPotion"},{"floor":8,"key":"Weak Potion"},{"floor":12,"key":"Elixir"}],"is_trial":false,"path_per_floor":["M","?","$","?","M","E","?","M","T","R","M","M","R","M","R","B"],"character_chosen":"THE_SERVANT","items_purchased":[],"campfire_rested":3,"item_purchase_floors":[],"current_hp_per_floor":[57,57,57,57,52,24,24,24,24,43,39,35,54,36,55,15,15],"gold":116,"neow_bonus":"REMOVE_TWO","is_daily":false,"chose_seed":false,"campfire_upgraded":0,"win_rate":0.0,"timestamp":1613697694,"path_taken":["M","?","$","?","M","E","?","M","T","R","M","?","R","M","R","BOSS"],"items_purchased_type":[],"build_version":"2020-12-22","purchased_purges":0,"victory":false,"max_hp_per_floor":[65,65,65,65,65,65,65,65,65,65,65,65,65,65,65,65,65],"card_choices":[{"not_picked":["Defy","Spin"],"picked":"Gouge","floor":1},{"not_picked":[],"picked":"Defy","floor":2},{"not_picked":[],"picked":"Misdirection","floor":2},{"not_picked":["Rearm","Spin"],"picked":"Ricochet","floor":5},{"not_picked":["Advance","RealityMarble"],"picked":"Sunlight","floor":6},{"not_picked":["Starlight","Defy"],"picked":"FanOfKnives","floor":8},{"not_picked":["Spin","ShatteredReality","Rewind"],"picked":"SKIP","floor":11},{"not_picked":["BottledTime","ShatteredReality"],"picked":"Foresight","floor":12},{"not_picked":["Luminosity","FastForward","Defy"],"picked":"SKIP","floor":14}],"player_experience":386395,"relics_obtained":[{"floor":6,"key":"trackpad:AdjectivePendant"}],"event_choices":[{"damage_healed":0,"gold_gain":0,"cards_transformed":["Defend_S"],"player_choice":"Transformed","damage_taken":0,"max_hp_gain":0,"max_hp_loss":0,"event_name":"Transmorgrifier","floor":7,"gold_loss":0,"cards_obtained":["Reset"]}],"is_beta":false,"boss_relics":[],"items_purged_floors":[],"is_endless":false,"potions_floor_spawned":[5,8,12],"killed_by":"Hexaghost","ascension_level":0}}