{"host":"v5au5eh5ych42xnd","time":1613724306,"event":{"mods":["AchievementEnabler","AlwaysNeverKeys","BaseMod","Better Altar","Better Third Choice","Better-Laid Plans","BetterRewards","Colored Map","Colored Powertips","Curses Come First","Defuse TimeMaze Blight","Emptier Cage","Googly Eyes","Halation","Infinite Spire","Minty Spire (QoL Compilation)","Permanent Neow","Quick Restart","Relic Stats","Reliquary","Replay The Spire","Shop Mod","StSLib","SuperFastMode","Synergy Search","everything is the same but u backflip on backflip","slay the spire mod where everything is the same but ironclad has a cowboy hat"],"gold_per_floor":[110,124,124,43,62,62,96,96,96,60,60,79,154,329,329,329,329],"floor_reached":16,"language":"ENG","playtime":778,"items_purged":["Spreading Infection"],"score":178,"play_id":"86c119f3-89f9-422c-b275-2b6ee9f4c06e","local_time":"20210219094506","is_ascension_mode":true,"campfire_choices":[{"data":"LikeWater","floor":6,"key":"SMITH"},{"data":"infinitespire:FutureSight","floor":11,"key":"SMITH"},{"data":"MasterReality","floor":15,"key":"SMITH"}],"circlet_count":0,"master_deck":["Strike_P","Strike_P","Strike_P","Strike_P","Defend_P","Defend_P","Defend_P","Defend_P","Eruption","Vigilance","ClearTheMind","WindmillStrike","Prostrate","LikeWater+1","WindmillStrike","MasterReality+1","infinitespire:FutureSight+1","Study","DeceiveReality","Doubt"],"relics":["PureWater","reliquary:IridiumChain","MealTicket","Yang"],"acts_visited":["Exordium"],"potions_floor_usage":[16],"damage_taken":[{"damage":0,"enemies":"Small Slimes","floor":1,"turns":3},{"damage":0,"enemies":"Cultist","floor":2,"turns":2},{"damage":3,"enemies":"2 Louse","floor":5,"turns":5},{"damage":17,"enemies":"3 Sentries","floor":7,"turns":9},{"damage":5,"enemies":"Exordium Wildlife","floor":12,"turns":6},{"damage":49,"enemies":"Fading Forest","floor":16,"turns":10}],"seed_played":"-3361214314803455125","potions_obtained":[{"floor":1,"key":"infinitespire:BlackPotion"},{"floor":2,"key":"Dexterity Potion"},{"floor":3,"key":"Languid Potion"}],"is_trial":false,"path_per_floor":["M","M","?","$","M","R","E","?","T","$","R","M","?","?","R","B"],"character_chosen":"WATCHER","items_purchased":["LikeWater","Study"],"campfire_rested":0,"item_purchase_floors":[4,10],"current_hp_per_floor":[72,72,72,72,69,69,52,34,34,49,49,44,33,33,33,0,0],"gold":329,"neow_bonus":"","is_daily":false,"chose_seed":false,"campfire_upgraded":3,"win_rate":0.0,"timestamp":1613724306,"path_taken":["M","M","?","$","?","R","E","?","T","?","R","M","?","?","R","BOSS"],"items_purchased_type":["Card","Card"],"build_version":"2020-12-22","purchased_purges":1,"victory":false,"max_hp_per_floor":[72,72,72,72,72,72,72,72,72,72,72,72,72,72,72,72,72],"relic_stats":{"counters":[17,75],"MealTicket":15,"Yang":[22],"obtain_stats":[{"Darkstone Periapt":19,"reliquary:ExpiredCoupon":9,"Oddly Smooth Stone":11,"MealTicket":7,"Yang":9,"Ectoplasm":17,"halation:AfternoonTea":7,"PureWater":0,"reliquary:IridiumChain":0},{"Darkstone Periapt":8,"reliquary:ExpiredCoupon":5,"Oddly Smooth Stone":5,"MealTicket":15,"Yang":15,"Ectoplasm":7,"halation:AfternoonTea":5,"PureWater":0,"reliquary:IridiumChain":11},{"Darkstone Periapt":30,"reliquary:ExpiredCoupon":20,"Oddly Smooth Stone":20,"MealTicket":59,"Yang":59,"Ectoplasm":26,"halation:AfternoonTea":20,"PureWater":0,"reliquary:IridiumChain":40}]},"card_choices":[{"not_picked":["Prostrate","ThirdEye"],"picked":"WindmillStrike","floor":1},{"not_picked":["Replay:Battleflow","ClearTheMind"],"picked":"Prostrate","floor":2},{"not_picked":["Replay:AtTheReady","ThirdEye"],"picked":"WindmillStrike","floor":5},{"not_picked":["Pray","Protect"],"picked":"MasterReality","floor":7},{"not_picked":["infinitespire:Oblivion","infinitespire:Starlight"],"picked":"infinitespire:FutureSight","floor":8},{"not_picked":["CutThroughFate","ClearTheMind"],"picked":"DeceiveReality","floor":12}],"player_experience":771882,"relics_obtained":[{"floor":7,"key":"MealTicket"},{"floor":9,"key":"Yang"}],"event_choices":[{"damage_healed":0,"gold_gain":0,"player_choice":"Got Potions","damage_taken":0,"max_hp_gain":0,"max_hp_loss":0,"event_name":"Lab","floor":3,"gold_loss":0},{"damage_healed":0,"gold_gain":75,"player_choice":"Gold","damage_taken":11,"max_hp_gain":0,"max_hp_loss":0,"event_name":"betterThird:BetterGoop","floor":13,"gold_loss":0},{"damage_healed":0,"gold_gain":175,"player_choice":"AGREE","damage_taken":154,"max_hp_gain":0,"max_hp_loss":0,"event_name":"betterThird:BetterSerpent","floor":14,"gold_loss":0}],"is_beta":false,"boss_relics":[],"items_purged_floors":[0],"is_endless":false,"potions_floor_spawned":[1,2],"killed_by":"Fading Forest","ascension_level":4}}