{"host":"8m7is3yylgn0pnts","time":1613746429,"event":{"mods":["ATMod(阿瑾Mod)","Act Like it!","Arknights","BaseMod","Downfall","Gensokyo","Hallownest","KinomotoSakuraMod(木之本樱)","Koishi","Lobotomy","Minty Spire (QoL Compilation)","Remilia_Scarlet Moed（蕾米莉亚・斯卡雷特）3.3.5","Remilia（蕾米莉亚）","StSLib","Waifu the Spire","WarShipGirlsR/战舰少女R mod","Yakumo Yukari mod"],"gold_per_floor":[120,135,198,213,213,228,253,53,83,83,98,1,1,16,31,131,131,131,146,146,146,246,261,261,276,306,61,61,61,61,61,76,176,176,176,191,42,42,42],"floor_reached":38,"language":"ZHS","playtime":4929,"items_purged":[],"score":417,"play_id":"133c2345-66b7-48f7-aef8-55f7013b5f1e","local_time":"20210219225349","daily_mods":["SealedDeck","Flight","Lethality"],"is_ascension_mode":false,"campfire_choices":[{"floor":1,"key":"RECALL"},{"data":"SharpContractionReality_purple","floor":8,"key":"SMITH"},{"data":"ProofOfUnderstanding_purple","floor":18,"key":"SMITH"},{"floor":28,"key":"REST"},{"floor":30,"key":"REST"},{"data":"Human_Monster_Realm_purple","floor":35,"key":"SMITH"}],"circlet_count":0,"master_deck":["Yakumo_Ran_purple+1","SharpContractionReality_purple+1","rmod:intelligenceanalysis","MonsterNeedle_purple","DarkRealmRedLine_purple","MonsterNeedle_purple","Fantasy_PerpetualMotionMachine_purple","MonsterNeedle_purple","Bait_HighSpeedFlying_purple+1","AT_FamilyPortrait","rmod:highspeedshooting","Line_surface_state_purple","MeetDecomposer_purple","Human_Monster_Realm_purple+1","Extrememeaning_purpleEX+1","WasteWire_Metro_purple","CommonSense_AntiCommonSense_purple","Mirror_FormAndEmptin_purple","ProofOfUnderstanding_purple+1","PurpleNeedle_purple","RitualDagger","MonsterNeedle_purple+1","PurpleNeedle_purple+1","Mirror_FourBoundary_purple","rmod:supportaircraftcarrier","Know_ledgeAbilityRealm_purple","CurseOfTheBell","rmod:abidefaith","Boundary_of_Extermination_purpleEX"],"relics":["Boundary_crack","Memoryfragments_purpleEX","AT_ATBox","downfall:HeartBlessingRed","downfall:HeartBlessingBlue","Question Card","Busted Crown","War Paint","Slimebound:StickyStick","AT_BellDemon","Centennial Puzzle","Guardian:PocketSentry","Dream Catcher","Toy Ornithopter","Calling Bell","AT_ArchangelStaff","Parasol_purpleEX","Eternal Feather","Guardian:GemstoneGun","Bag of Marbles","AT_GuinsooRageblade","AT_SpeedBoots"],"acts_visited":["Exordium","TheCity","TheBeyond"],"potions_floor_usage":[12,12,12,16,33,33,33],"damage_taken":[{"damage":2,"enemies":"Small Slimes","floor":2,"turns":2},{"damage":0,"enemies":"2 Louse","floor":4,"turns":1},{"damage":17,"enemies":"ats:Genji","floor":6,"turns":3},{"damage":19,"enemies":"Lagavulin","floor":9,"turns":6},{"damage":0,"enemies":"2 Fungi Beasts","floor":11,"turns":3},{"damage":11,"enemies":"downfall:FleeingMerchant","floor":12,"turns":4},{"damage":0,"enemies":"Exordium Thugs","floor":14,"turns":2},{"damage":9,"enemies":"3 Louse","floor":15,"turns":3},{"damage":17,"enemies":"SI_SHIV_ARCHETYPE","floor":16,"turns":5},{"damage":22,"enemies":"Shell Parasite","floor":19,"turns":4},{"damage":14,"enemies":"Chosen","floor":23,"turns":5},{"damage":0,"enemies":"Snake Plant","floor":25,"turns":2},{"damage":39,"enemies":"Book of Stabbing","floor":26,"turns":5},{"damage":18,"enemies":"downfall:FleeingMerchant","floor":27,"turns":4},{"damage":14,"enemies":"Centurion and Healer","floor":32,"turns":3},{"damage":2,"enemies":"WA_ARCHETYPE_CALM","floor":33,"turns":7},{"damage":5,"enemies":"3 Shapes","floor":36,"turns":2},{"damage":0,"enemies":"downfall:FleeingMerchant","floor":37,"turns":4},{"damage":93,"enemies":"Remilia_Smww","floor":38,"turns":3}],"seed_played":"778547550210687013","potions_obtained":[{"floor":2,"key":"BlessingOfTheForge"},{"floor":4,"key":"Fire Potion"},{"floor":9,"key":"Regen Potion"},{"floor":14,"key":"champ:CounterPotion"},{"floor":16,"key":"Regen Potion"},{"floor":23,"key":"champ:CounterPotion"},{"floor":26,"key":"Fire Potion"},{"floor":32,"key":"Energy Potion"},{"floor":36,"key":"LiquidMemories"}],"is_trial":false,"path_per_floor":["R","M","?","M","?","M","T","R","E","?","M","$","?","M","M","B",null,"R","M","?","?","?","M","T","M","E","$","R","?","R","T","M","B",null,"R","M","$","?"],"character_chosen":"Youkari","items_purchased":["CommonSense_AntiCommonSense_purple","AT_BellDemon","Mirror_FourBoundary_purple","AT_GuinsooRageblade","AT_SpeedBoots","Boundary_of_Extermination_purpleEX"],"campfire_rested":2,"item_purchase_floors":[12,27,27,37,37,37],"current_hp_per_floor":[70,68,68,68,68,52,52,62,43,43,43,42,42,42,38,30,80,80,62,62,56,56,49,49,54,20,9,33,33,57,57,46,68,80,80,76,80,0,0],"gold":42,"neow_bonus":"","is_daily":true,"chose_seed":false,"campfire_upgraded":3,"win_rate":0.0,"timestamp":1613746429,"path_taken":["R","M","?","M","?","?","T","R","E","?","M","?","?","?","M","BOSS","R","M","?","?","?","M","T","?","E","$","R","?","R","?","M","BOSS","R","M","$","?"],"items_purchased_type":["Card","Relic","Card","Relic","Relic","Card"],"build_version":"2020-12-22","purchased_purges":0,"victory":false,"max_hp_per_floor":[70,70,70,70,70,70,70,80,80,80,80,80,80,80,80,80,80,80,80,80,80,80,80,80,80,80,80,80,80,80,80,80,80,80,80,80,80,80,80],"card_choices":[{"not_picked":["rmod:goodfighter","Realm_recovery_purpleEX"],"picked":"rmod:highspeedshooting","floor":2},{"not_picked":["rmod:smokecover","rmod:robin"],"picked":"Line_surface_state_purple","floor":4},{"not_picked":["rmod:fletcherpendant","rmod:supportescort"],"picked":"MeetDecomposer_purple","floor":6},{"not_picked":["Umbrella_purple","rmod:bulid"],"picked":"Human_Monster_Realm_purple","floor":9},{"not_picked":["PositiveMatter_Antimatter_Universe_purple","ButterflyHabitatTemple_purple","Umbrella_purple","rmod:aviationdawn"],"picked":"SKIP","floor":11},{"not_picked":["rmod:heivgo","D_absorption_purple","rmod:fletcherpendant"],"picked":"WasteWire_Metro_purple","floor":12},{"not_picked":["Boundary_LightAndDark_purple","rmod:unsinkable","rmod:luckystar"],"picked":"Mirror_FormAndEmptin_purple","floor":14},{"not_picked":["rmod:highspeedshooting","rmod:combined","rmod:victimresponsibility"],"picked":"rmod:bulid","floor":15},{"not_picked":["Computing_the_future_purpleEX","rmod:u235","LoveAcrossDimensions_purple"],"picked":"ProofOfUnderstanding_purple","floor":16},{"not_picked":["rmod:goodsister"],"picked":"PurpleNeedle_purple","floor":19},{"not_picked":["rmod:aluminumsupply","rmod:wolves"],"picked":"SKIP","floor":23},{"not_picked":["Mirror_FormAndEmptin_purple","rmod:unsinkable"],"picked":"SKIP","floor":25},{"not_picked":["rmod:aluminumsupply+1"],"picked":"MonsterNeedle_purple+1","floor":26},{"not_picked":["rmod:fuelsupply"],"picked":"PurpleNeedle_purple+1","floor":27},{"not_picked":["rmod:intelligenceanalysis"],"picked":"rmod:supportaircraftcarrier","floor":32},{"not_picked":["rmod:seals"],"picked":"Know_ledgeAbilityRealm_purple","floor":33},{"not_picked":["rmod:luckystar+1","rmod:combined"],"picked":"SKIP","floor":36},{"not_picked":["rmod:luckystar+1","rmod:combined"],"picked":"SKIP","floor":36},{"not_picked":["rmod:fuelsupply+1"],"picked":"rmod:abidefaith","floor":37}],"player_experience":66073,"relics_obtained":[{"floor":9,"key":"Question Card"},{"floor":24,"key":"War Paint"},{"floor":26,"key":"Slimebound:StickyStick"},{"floor":31,"key":"Guardian:PocketSentry"},{"floor":32,"key":"Dream Catcher"},{"floor":33,"key":"Toy Ornithopter"},{"floor":34,"key":"AT_ArchangelStaff"},{"floor":34,"key":"Parasol_purpleEX"},{"floor":34,"key":"Eternal Feather"},{"floor":36,"key":"Guardian:GemstoneGun"},{"floor":37,"key":"Bag of Marbles"}],"event_choices":[{"damage_healed":0,"gold_gain":63,"player_choice":"Gained Gold","damage_taken":0,"max_hp_gain":0,"max_hp_loss":0,"event_name":"Golden Wing","floor":3,"gold_loss":0},{"damage_healed":0,"gold_gain":0,"player_choice":"Forge","damage_taken":0,"max_hp_gain":0,"max_hp_loss":0,"event_name":"Accursed Blacksmith","floor":5,"gold_loss":0,"cards_upgraded":["Bait_HighSpeedFlying_purple"]},{"damage_healed":0,"gold_gain":0,"cards_transformed":["ButterflyHabitatTemple_purple"],"player_choice":"Transformed","damage_taken":0,"max_hp_gain":0,"max_hp_loss":0,"event_name":"Transmorgrifier","floor":10,"gold_loss":0,"cards_obtained":["Extrememeaning_purpleEX"]},{"damage_healed":0,"gold_gain":0,"player_choice":"Ignored","damage_taken":0,"max_hp_gain":0,"max_hp_loss":0,"event_name":"Purifier","floor":13,"gold_loss":0},{"cards_removed":["rmod:bulid"],"damage_healed":0,"gold_gain":0,"player_choice":"Elegance","damage_taken":0,"max_hp_gain":0,"max_hp_loss":0,"event_name":"Back to Basics","floor":20,"gold_loss":0}],"is_beta":false,"boss_relics":[{"not_picked":["SlaversCollar","Empty Cage"],"picked":"Busted Crown"},{"not_picked":["Runic Dome","SacredBark"],"picked":"Calling Bell"}],"items_purged_floors":[],"is_endless":false,"potions_floor_spawned":[2,4,9,14,16,23,26,32,36],"killed_by":"Remilia_Smww","ascension_level":0}}