{"host":"strpjp9enjjpooof","time":1613771380,"event":{"mods":["Aspiration","BaseMod","Better Altar","Better Match","Better Note","Better Sensory Stone","Better Skull","Better Third Choice","Colored Powertips","Conspire","Energized Spire","Force Act Four","GifTheSpireLib","Halation","Hubris","Lobotomy","Minty Spire (QoL Compilation)","Relic Filter Mod","Reliquary","Replay The Spire","Spicy Shops","Spikes Relics","StSLib","Stuff the Spire","The Blue Laboratory","Together in Spire"],"gold_per_floor":[118,138,158,333,333,359,373,388,388,404,78,107,119,93,93,98,113,113,113,139,166,178,178,250,21,46,57,57,71,71,167,167,177,23,54,54,67,67,67,96,122,27,44,44,44,64,64,64,64,64,41,72,72,72],"floor_reached":53,"language":"ENG","playtime":2927,"items_purged":["hubris:Gluttony","Spreading Infection","Languid","Parasite","Doubt"],"score":462,"play_id":"a1ad8d36-911e-4055-badf-18d52c762703","local_time":"20210219124940","is_ascension_mode":false,"campfire_choices":[{"floor":15,"key":"REST"},{"floor":23,"key":"REST"},{"floor":28,"key":"REST"},{"floor":30,"key":"REST"},{"floor":38,"key":"REST"},{"floor":39,"key":"REST"},{"floor":44,"key":"REST"},{"data":"Life Link","floor":50,"key":"SMITH"}],"circlet_count":0,"master_deck":["Strike_R","Strike_R","Strike_R","Strike_R","Strike_R","Defend_R","Defend_R","Defend_R","Bash","Life Link+1","Twin Strike","Power Through","Perfected Strike+1","Battle Trance","Massacre","Twin Strike","Apotheosis","Inflame","Seeing Red","ReplayTheSpireMod:Limb From Limb+1","Thunderclap+1","Heavy Blade+1","Wild Strike","conspire:Banana","Clothesline+1","Armaments","Intimidate","Juggernaut","Clothesline+1","hubris:ReadiedAction+1","Replay:Undeath\u0027s Touch+1","StuffTheSpire:Incineration+1","hubris:ReadiedAction","StuffTheSpire:Slingshot+1"],"relics":["Burning Blood","StuffTheSpire:RedRose","Singing Bowl","hubris:TinFlute","StuffTheSpire:GrapeVine","halation:QuantumPhysicsTextbook","Runic Pyramid","Bag of Marbles","conspire:DecoderRing","Replay:Bottled Steam","reliquary:FerryPass","ReplayTheSpireMod:CursedCoin","Boot","StuffTheSpire:OldFever","Replay:Ancient Bell","Red Skull","aspiration:HummingbirdHeart","Torii","StuffTheSpire:DullRazor","reliquary:FeatherDuster","Unceasing Top","Regal Pillow","hubris:FruitBowl","LugNut"],"acts_visited":["Exordium","TheCity","TheBeyond","TheEnding"],"potions_floor_usage":[22,22,31,35,40,46],"damage_taken":[{"damage":7,"enemies":"Small Slimes","floor":1,"turns":2},{"damage":11,"enemies":"Jaw Worm","floor":2,"turns":2},{"damage":0,"enemies":"2 Louse","floor":3,"turns":2},{"damage":18,"enemies":"Lagavulin","floor":6,"turns":5},{"damage":22,"enemies":"conspire:2 RoseBushes","floor":7,"turns":3},{"damage":20,"enemies":"Red Slaver","floor":8,"turns":3},{"damage":16,"enemies":"Blue Slaver","floor":10,"turns":2},{"damage":12,"enemies":"3 Sentries","floor":12,"turns":3},{"damage":17,"enemies":"Lots of Slimes","floor":13,"turns":3},{"damage":10,"enemies":"2 Thieves","floor":16,"turns":2},{"damage":8,"enemies":"Chosen","floor":17,"turns":3},{"damage":40,"enemies":"conspire:SneckoGhost","floor":21,"turns":4},{"damage":18,"enemies":"Shelled Parasite and Fungi","floor":22,"turns":3},{"damage":19,"enemies":"Replay:Snechameleon","floor":26,"turns":3},{"damage":0,"enemies":"Snecko","floor":27,"turns":2},{"damage":10,"enemies":"Sentry and Sphere","floor":29,"turns":3},{"damage":16,"enemies":"hubris:MusketHawk","floor":31,"turns":5},{"damage":0,"enemies":"3 Darklings","floor":33,"turns":2},{"damage":54,"enemies":"conspire:MimicChest","floor":35,"turns":5},{"damage":14,"enemies":"3 Shapes","floor":37,"turns":2},{"damage":0,"enemies":"Giant Head","floor":40,"turns":5},{"damage":44,"enemies":"Spire Growth","floor":43,"turns":3},{"damage":32,"enemies":"Maw","floor":46,"turns":7},{"damage":17,"enemies":"conspire:OrnateMirror","floor":48,"turns":5},{"damage":0,"enemies":"Shield and Spear","floor":52,"turns":2},{"damage":141,"enemies":"The Heart","floor":53,"turns":6}],"seed_played":"4104359799823995483","potions_obtained":[{"floor":0,"key":"blueLaboratory:ExaltedPotion"},{"floor":0,"key":"blueLaboratory:BottleOfVodka"},{"floor":0,"key":"Doom Potion"},{"floor":16,"key":"blueLaboratory:FruitPreserves"},{"floor":27,"key":"GamblersBrew"},{"floor":31,"key":"Dexterity Potion"},{"floor":43,"key":"blueLaboratory:BubblePotion"}],"is_trial":false,"path_per_floor":["M","M","M","?","?","E","M","M","T","M","$","E","M","?","R","M","M","?","?","T","E","M","R","T","$","E","M","R","M","R","B",null,"M","$","?","?","M","R","R","E","T","$","M","R","$","M","R","B",null,"R","$","E","B"],"character_chosen":"IRONCLAD","items_purchased":["Apotheosis","StuffTheSpire:GrapeVine","conspire:Banana","reliquary:FerryPass","ReplayTheSpireMod:CursedCoin","Boot","StuffTheSpire:DullRazor","FairyPotion","hubris:FruitBowl","hubris:ReadiedAction"],"campfire_rested":7,"item_purchase_floors":[11,11,25,25,25,25,34,42,45,51],"current_hp_per_floor":[79,74,80,80,80,68,52,38,38,28,28,22,11,11,80,76,74,74,74,74,40,28,52,52,52,40,47,71,69,84,75,91,92,92,46,46,39,67,95,98,98,98,60,98,34,11,55,45,99,99,99,99,0,0],"gold":72,"neow_bonus":"THREE_SMALL_POTIONS","is_daily":false,"chose_seed":false,"campfire_upgraded":1,"win_rate":0.0,"timestamp":1613771380,"path_taken":["M","M","M","?","?","E","M","M","T","M","?","E","M","?","R","M","M","?","?","?","E","M","R","T","$","E","M","R","M","R","BOSS","M","?","?","?","M","R","R","E","T","$","?","R","?","M","R","BOSS","R","$","E","BOSS"],"items_purchased_type":["Card","Relic","Card","Relic","Relic","Relic","Relic","Potion","Relic","Card"],"build_version":"2020-12-22","purchased_purges":5,"victory":false,"max_hp_per_floor":[80,80,80,80,80,80,80,80,80,80,80,80,80,80,80,80,80,80,80,80,80,80,80,80,80,81,82,82,84,84,85,91,92,92,94,94,95,95,95,98,98,98,98,98,95,98,98,99,99,99,99,99,105,105],"card_choices":[{"not_picked":["Wild Strike","Replay:Undeath\u0027s Touch"],"picked":"Life Link","floor":1},{"not_picked":["Perfected Strike","Burning Pact"],"picked":"Twin Strike","floor":2},{"not_picked":["hubris:ReadiedAction","Barricade"],"picked":"Power Through","floor":3},{"not_picked":["Run Through","Dropkick"],"picked":"Perfected Strike","floor":6},{"not_picked":["Blood for Blood","Sword Boomerang"],"picked":"Battle Trance","floor":7},{"not_picked":["Second Wind","True Grit"],"picked":"Massacre","floor":8},{"not_picked":["conspire:Charge","Havoc"],"picked":"Twin Strike","floor":10},{"not_picked":["Fire Breathing","Brutality"],"picked":"Inflame","floor":12},{"not_picked":["ReplayTheSpireMod:Corrosion Curse","Power Through"],"picked":"Seeing Red","floor":13},{"not_picked":["hubris:SharpeningStone","ReplayTheSpireMod:LeadingStrike"],"picked":"ReplayTheSpireMod:Limb From Limb+1","floor":16},{"not_picked":["Massacre+1","hubris:ReadiedAction"],"picked":"Thunderclap+1","floor":17},{"not_picked":["Replay:Undeath\u0027s Touch","Wild Strike"],"picked":"Heavy Blade+1","floor":21},{"not_picked":["StuffTheSpire:RockThrow+1","StuffTheSpire:Incineration+1"],"picked":"Wild Strike","floor":22},{"not_picked":["Wild Strike","Disarm+1"],"picked":"Clothesline+1","floor":26},{"not_picked":["StuffTheSpire:Pyroclast","hubris:CleavingFinish"],"picked":"Armaments","floor":27},{"not_picked":["ReplayReversal+1","Evolve"],"picked":"Intimidate","floor":29},{"not_picked":["Berserk","Replay:Many Hands"],"picked":"Juggernaut","floor":31},{"not_picked":["Injury","Looming Evil","Languid"],"picked":"Singing Bowl","floor":32},{"not_picked":["Parasite","Looming Evil","Delirium"],"picked":"Singing Bowl","floor":32},{"not_picked":["Spreading Infection","Amnesia","Writhe"],"picked":"Singing Bowl","floor":32},{"not_picked":["Replay:Undeath\u0027s Touch","Defy Death"],"picked":"Clothesline+1","floor":33},{"not_picked":["Hemogenesis","Anger+1"],"picked":"hubris:ReadiedAction+1","floor":35},{"not_picked":["StuffTheSpire:Incineration+1","ReplayTheSpireMod:Limb From Limb+1"],"picked":"Replay:Undeath\u0027s Touch+1","floor":37},{"not_picked":["Fire Breathing","StuffTheSpire:RagingBull","Corruption"],"picked":"Singing Bowl","floor":40},{"not_picked":["Defy Death+1","Clash"],"picked":"StuffTheSpire:Incineration+1","floor":43},{"not_picked":["Flex","Clash","Anger+1"],"picked":"Singing Bowl","floor":46},{"not_picked":["Body Slam","Shrug It Off"],"picked":"StuffTheSpire:Slingshot+1","floor":52}],"player_experience":163852,"relics_obtained":[{"floor":6,"key":"Singing Bowl"},{"floor":9,"key":"hubris:TinFlute"},{"floor":12,"key":"halation:QuantumPhysicsTextbook"},{"floor":20,"key":"Bag of Marbles"},{"floor":21,"key":"conspire:DecoderRing"},{"floor":24,"key":"Replay:Bottled Steam"},{"floor":26,"key":"StuffTheSpire:OldFever"},{"floor":35,"key":"reliquary:FeatherDuster"},{"floor":40,"key":"Unceasing Top"},{"floor":41,"key":"Regal Pillow"},{"floor":52,"key":"LugNut"}],"event_choices":[{"damage_healed":0,"gold_gain":175,"player_choice":"AGREE","damage_taken":158,"max_hp_gain":0,"max_hp_loss":0,"event_name":"betterThird:BetterSerpent","floor":4,"gold_loss":0},{"damage_healed":0,"gold_gain":0,"player_choice":"Left","damage_taken":0,"max_hp_gain":0,"max_hp_loss":0,"event_name":"betterThird:BetterGoop","floor":14,"gold_loss":26},{"cards_removed":["Regret"],"damage_healed":0,"gold_gain":0,"player_choice":"Card Removal","damage_taken":0,"max_hp_gain":0,"max_hp_loss":0,"event_name":"Wheel of Change","floor":18,"gold_loss":0},{"damage_healed":0,"gold_gain":0,"player_choice":"Ignored","damage_taken":0,"max_hp_gain":0,"max_hp_loss":0,"event_name":"betterNote:BetterNote","floor":19,"gold_loss":0,"cards_obtained":["Injury"]},{"cards_removed":["Defend_R"],"damage_healed":0,"gold_gain":0,"player_choice":"Removed Skill","damage_taken":0,"max_hp_gain":0,"max_hp_loss":0,"event_name":"Falling","floor":36,"gold_loss":0}],"is_beta":false,"boss_relics":[{"not_picked":["aspiration:WatcherSkillbook","conspire:SpecialSausage"],"picked":"Replay:Ancient Bell"},{"not_picked":["reliquary:Aerogel","MealTicket"],"picked":"Red Skull"},{"not_picked":["Question Card","StuffTheSpire:Tea"],"picked":"aspiration:HummingbirdHeart"},{"not_picked":["ZombieTooth","Pocketwatch"],"picked":"Torii"}],"items_purged_floors":[45,45,45,45,45],"is_endless":false,"potions_floor_spawned":[1,2,6,12,13,16,27,31,37,43],"killed_by":"The Heart","ascension_level":0}}