{"host":"Kdaddybrian","time":1613711242,"event":{"mods":["AchievementEnabler","BaseMod","Bestiary","Colored Map","Colored Powertips","Minty Spire (QoL Compilation)","Potion Indicator Mod","Quick Restart","Rare Cards Sparkle","Relic Stats","StSLib","Uncapped"],"gold_per_floor":[114,125,125,125,138,138,178,197,223,223,223,241,280,299,299,425,425,425,425],"floor_reached":18,"language":"ENG","playtime":694,"items_purged":[],"score":275,"play_id":"1c80fba4-09cb-482c-b7e7-254e506bd192","local_time":"20210219000722","is_ascension_mode":true,"campfire_choices":[{"data":"Vigilance","floor":6.0,"key":"SMITH"},{"floor":10.0,"key":"REST"},{"floor":15,"key":"REST"}],"circlet_count":0,"master_deck":["AscendersBane","Strike_P","Defend_P","Defend_P","Defend_P","Defend_P","Eruption+1","Vigilance+1","EmptyFist","EmptyBody+1","EmptyFist","SashWhip","BowlingBash","Wireheading","WaveOfTheHand","SpiritShield"],"relics":["PureWater","NeowsBlessing","Golden Idol","Omamori","Anchor","Damaru","Empty Cage"],"acts_visited":["Exordium","TheCity"],"potions_floor_usage":[],"damage_taken":[{"damage":0.0,"enemies":"Jaw Worm","floor":1.0,"turns":2.0},{"damage":0.0,"enemies":"2 Louse","floor":2.0,"turns":1.0},{"damage":0.0,"enemies":"Cultist","floor":5.0,"turns":1.0},{"damage":20.0,"enemies":"3 Sentries","floor":7.0,"turns":10.0},{"damage":9.0,"enemies":"Red Slaver","floor":8.0,"turns":2.0},{"damage":1.0,"enemies":"Blue Slaver","floor":12.0,"turns":4.0},{"damage":29.0,"enemies":"Gremlin Nob","floor":13.0,"turns":4.0},{"damage":0,"enemies":"3 Louse","floor":14,"turns":2},{"damage":24,"enemies":"Slime Boss","floor":16,"turns":10},{"damage":51,"enemies":"Shell Parasite","floor":18,"turns":12}],"seed_played":"8348423443508029812","potions_obtained":[{"floor":12.0,"key":"SteroidPotion"},{"floor":13.0,"key":"GamblersBrew"},{"floor":16,"key":"AttackPotion"}],"is_trial":false,"path_per_floor":["M","M","?","?","M","R","E","M","T","R","?","M","E","M","R","B",null,"M"],"character_chosen":"WATCHER","items_purchased":[],"campfire_rested":2,"item_purchase_floors":[],"current_hp_per_floor":[65,65,65,52,52,52,32,23,23,43,36,35,6,6,26,2,51,0,0],"gold":425,"neow_bonus":"THREE_ENEMY_KILL","is_daily":false,"chose_seed":false,"campfire_upgraded":1,"win_rate":0.0,"timestamp":1613711242,"path_taken":["M","M","?","?","M","R","E","M","T","R","?","M","E","M","R","BOSS","M"],"items_purchased_type":[],"build_version":"2020-12-18","purchased_purges":0,"victory":false,"max_hp_per_floor":[72,72,67,67,67,67,67,67,67,67,67,67,67,67,67,67,67,67,67],"relic_stats":{"counters":[10,48],"Golden Idol":56,"obtain_stats":[{"Anchor":9,"NeowsBlessing":0,"Golden Idol":3,"Damaru":13,"Omamori":7,"PureWater":0,"Empty Cage":17},{"Anchor":5,"NeowsBlessing":0,"Golden Idol":2,"Damaru":7,"Omamori":4,"PureWater":0,"Empty Cage":9},{"Anchor":16,"NeowsBlessing":0,"Golden Idol":3,"Damaru":24,"Omamori":14,"PureWater":0,"Empty Cage":36}]},"card_choices":[{"not_picked":["BowlingBash","SashWhip"],"picked":"EmptyFist","floor":1.0},{"not_picked":["Prostrate","Study"],"picked":"EmptyBody","floor":2.0},{"not_picked":["BowlingBash","PathToVictory"],"picked":"EmptyFist","floor":5.0},{"not_picked":["SignatureMove","Alpha"],"picked":"SashWhip","floor":7.0},{"not_picked":["SashWhip","PathToVictory"],"picked":"BowlingBash","floor":8.0},{"not_picked":["CrushJoints","Nirvana","CutThroughFate"],"picked":"SKIP","floor":12.0},{"not_picked":["ThirdEye","CrushJoints"],"picked":"Wireheading","floor":13.0},{"not_picked":["JustLucky","Halt"],"picked":"WaveOfTheHand","floor":14},{"not_picked":["Alpha","LessonLearned"],"picked":"SpiritShield","floor":16}],"player_experience":3051084,"relics_obtained":[{"floor":7.0,"key":"Omamori"},{"floor":9.0,"key":"Anchor"},{"floor":13.0,"key":"Damaru"}],"event_choices":[{"damage_healed":0.0,"max_hp_gain":0.0,"max_hp_loss":5.0,"gold_gain":0.0,"event_name":"Golden Idol","player_choice":"Lose Max HP","floor":3.0,"gold_loss":0.0,"damage_taken":0.0,"relics_obtained":["Golden Idol"]},{"damage_healed":0.0,"max_hp_gain":0.0,"max_hp_loss":0.0,"gold_gain":0.0,"event_name":"Shining Light","player_choice":"Entered Light","floor":4.0,"gold_loss":0.0,"damage_taken":13.0,"cards_upgraded":["EmptyBody","Eruption"]},{"cards_removed":["Strike_P"],"damage_healed":0.0,"max_hp_gain":0.0,"max_hp_loss":0.0,"gold_gain":0.0,"event_name":"Golden Wing","player_choice":"Card Removal","floor":11.0,"gold_loss":0.0,"damage_taken":7.0}],"is_beta":true,"boss_relics":[{"not_picked":["Ectoplasm","Runic Dome"],"picked":"Empty Cage"}],"items_purged_floors":[],"is_endless":false,"potions_floor_spawned":[12,13,16],"killed_by":"Shell Parasite","ascension_level":12}}