{"host":"fr1l74x1jw61j7hk","time":1613751031,"event":{"mods":["BaseMod","Downfall","Minty Spire (QoL Compilation)","StSLib"],"gold_per_floor":[99,99,99,116,116,26,26,45,45,63,77,96,96,110,130,226,226,126,140,340,340,358,358,358,370,370,383,43,74,91,0,18,122,122,22,38,54,70,70,70,70,84,157,57,69,119,119,136,154,154,154,186,36,36,36,36,36,36],"floor_reached":56,"language":"ZHS","playtime":4608,"items_purged":["Regret","Guardian:Defend_Guardian","downfall:Haunted","Guardian:Strike_Guardian"],"score":715,"play_id":"d01aa4ac-f888-4f1f-9912-40036c59fdb1","local_time":"20210220001031","is_ascension_mode":false,"campfire_choices":[{"data":"Guardian:TwinSlam","floor":1.0,"key":"SMITH"},{"data":"Guardian:Preprogram","floor":9.0,"key":"SMITH"},{"data":"Guardian:DecasProtection","floor":13.0,"key":"SMITH"},{"data":"Guardian:BaubleBeam","floor":18.0,"key":"SMITH"},{"data":"Guardian:BodySlam","floor":23,"key":"SMITH"},{"floor":26,"key":"RECALL"},{"data":"Guardian:AncientConstruct","floor":35,"key":"SMITH"},{"data":"expansioncontent:Chronoboost","floor":40,"key":"SMITH"},{"data":"expansioncontent:QuickStudy","floor":44,"key":"SMITH"},{"data":"Guardian:SphericShield","floor":54,"key":"SMITH"}],"circlet_count":0,"master_deck":["Guardian:Strike_Guardian","Guardian:Defend_Guardian","Guardian:Defend_Guardian","Guardian:Defend_Guardian","Guardian:CurlUp","Guardian:TwinSlam+1","Guardian:Preprogram+1","Guardian:ShieldCharger","Guardian:PiercingHide","Guardian:DecasProtection+1","Guardian:TemporalStrike","Guardian:PrimingBeam","Guardian:BodySlam+1","Guardian:BaubleBeam+1","Guardian:ArmoredProtocol+1","Guardian:ShieldCharger+1","Guardian:Recover","Guardian:TimeBomb+1","Guardian:PrismaticBeam","expansioncontent:QuickStudy+1","Guardian:EvasiveProtocol+1","Guardian:SpikerProtocol","Guardian:SphericShield+1","Guardian:BronzeOrb","Guardian:PrimingBeam+1","Guardian:AncientConstruct+1","Guardian:RollAttack+1","expansioncontent:Chronoboost+1","Guardian:BodySlam+1","Guardian:Clone","Guardian:DecasProtection","Guardian:Suspension","Guardian:DonusPower+1","Guardian:Recover+1"],"relics":["Guardian:ModeShifter","downfall:ShatteredFragment","Guardian:PickAxe","Eternal Feather","SlaversCollar","downfall:HeartBlessingBlue","Blue Candle","Pear","Matryoshka","Empty Cage","downfall:HeartBlessingGreen","Boot","Prayer Wheel","Medical Kit","downfall:HeartBlessingRed","Ice Cream","PreservedInsect"],"acts_visited":["Exordium","TheCity","TheBeyond","TheEnding"],"potions_floor_usage":[31,36,42,50,50,50,55],"damage_taken":[{"damage":3.0,"enemies":"SI_MIRROR_ARCHETYPE","floor":3.0,"turns":6.0},{"damage":0.0,"enemies":"Small Slimes","floor":4.0,"turns":2.0},{"damage":11.0,"enemies":"downfall:FleeingMerchant","floor":6.0,"turns":4.0},{"damage":1.0,"enemies":"2 Louse","floor":8.0,"turns":2.0},{"damage":1.0,"enemies":"Jaw Worm","floor":10.0,"turns":4.0},{"damage":0.0,"enemies":"downfall:LooterAlt","floor":11.0,"turns":4.0},{"damage":2.0,"enemies":"Blue Slaver","floor":12.0,"turns":4.0},{"damage":0.0,"enemies":"Exordium Wildlife","floor":14.0,"turns":4.0},{"damage":8.0,"enemies":"Gremlin Gang","floor":15.0,"turns":4.0},{"damage":52.0,"enemies":"IC_STATUS_ARCHETYPE","floor":16.0,"turns":14.0},{"damage":12.0,"enemies":"Shell Parasite","floor":19.0,"turns":5.0},{"damage":3,"enemies":"Chosen","floor":22,"turns":4},{"damage":11,"enemies":"Centurion and Healer","floor":25,"turns":6},{"damage":12,"enemies":"Snake Plant","floor":27,"turns":4},{"damage":1,"enemies":"downfall:FleeingMerchant","floor":28,"turns":4},{"damage":30,"enemies":"Slavers","floor":29,"turns":4},{"damage":1,"enemies":"Snecko","floor":30,"turns":5},{"damage":7,"enemies":"downfall:FleeingMerchant","floor":31,"turns":4},{"damage":24,"enemies":"Centurion and Healer","floor":32,"turns":6},{"damage":13,"enemies":"WA_ARCHETYPE_CALM","floor":33,"turns":9},{"damage":13,"enemies":"3 Darklings","floor":36,"turns":6},{"damage":1,"enemies":"3 Shapes","floor":37,"turns":3},{"damage":0,"enemies":"Jaw Worm Horde","floor":38,"turns":3},{"damage":10,"enemies":"Maw","floor":42,"turns":9},{"damage":0,"enemies":"downfall:FleeingMerchant","floor":43,"turns":4},{"damage":12,"enemies":"Transient","floor":45,"turns":5},{"damage":6,"enemies":"Transient","floor":46,"turns":7},{"damage":0,"enemies":"Sphere and 2 Shapes","floor":48,"turns":4},{"damage":9,"enemies":"Writhing Mass","floor":49,"turns":5},{"damage":54,"enemies":"DF_ARCHETYPE_ORBS","floor":50,"turns":9},{"damage":26,"enemies":"downfall:CharBossMerchant","floor":52,"turns":8},{"damage":14,"enemies":"downfall:NeowBoss","floor":55,"turns":17},{"damage":91,"enemies":"downfall:NeowBossFinal","floor":56,"turns":8}],"seed_played":"-4786805493089837044","potions_obtained":[{"floor":8.0,"key":"SneckoOil"},{"floor":11.0,"key":"Fire Potion"},{"floor":12.0,"key":"Swift Potion"},{"floor":14.0,"key":"Regen Potion"},{"floor":16.0,"key":"PowerPotion"},{"floor":22,"key":"Dexterity Potion"},{"floor":32,"key":"BlessingOfTheForge"},{"floor":33,"key":"ColorlessPotion"},{"floor":36,"key":"Guardian:BlockOnCardUsePotion"},{"floor":42,"key":"FearPotion"},{"floor":52,"key":"SpeedPotion"}],"is_trial":false,"path_per_floor":["R","?","?","M","?","$","T","M","R","M","M","M","R","M","M","B",null,"R","M","?","?","M","R","T","M","R","M","$","E","M","$","M","B",null,"R","M","M","M","?","R","T","M","$","R","M","?","?","M","M","B",null,"E","$","R","B","B"],"character_chosen":"GUARDIAN","items_purchased":["Guardian:PrismaticBeam","expansioncontent:QuickStudy","Guardian:BronzeOrb","Medical Kit"],"campfire_rested":0,"item_purchase_floors":[28,28,31,43],"current_hp_per_floor":[88,64,37,37,37,26,26,25,37,36,36,34,46,46,38,1,88,98,86,86,81,78,90,100,89,101,89,88,58,57,50,26,13,108,108,95,94,94,94,108,108,98,98,108,96,90,90,90,81,27,108,82,82,100,86,0,0,0],"gold":36,"neow_bonus":"TEN_PERCENT_HP_BONUS","is_daily":false,"chose_seed":false,"campfire_upgraded":9,"win_rate":0.0,"timestamp":1613751031,"path_taken":["R","?","?","M","?","$","T","M","R","M","?","M","R","M","M","BOSS","R","M","?","?","M","R","T","M","R","?","$","E","M","$","M","BOSS","R","M","?","M","?","R","T","M","$","R","M","?","?","M","M","BOSS","E","$","R","BOSS","BOSS"],"items_purchased_type":["Card","Card","Card","Relic"],"build_version":"2020-12-22","purchased_purges":4,"victory":false,"max_hp_per_floor":[88,88,88,88,88,88,88,88,88,88,88,88,88,88,88,88,88,98,98,98,98,98,98,108,108,108,108,108,108,108,108,108,108,108,108,108,108,108,108,108,108,108,108,108,108,108,108,108,108,108,108,108,108,108,108,108,108,108],"card_choices":[{"not_picked":["Guardian:Gem_Lightblue","Guardian:TemporalShield"],"picked":"Guardian:Preprogram","floor":4.0},{"not_picked":["Guardian:Suspension","Guardian:Gem_Red"],"picked":"Guardian:Gem_Yellow","floor":6.0},{"not_picked":["Guardian:Gem_Green","Guardian:Emergency"],"picked":"Guardian:ShieldCharger","floor":8.0},{"not_picked":["Guardian:ChargeCore","Guardian:Gem_Cyan"],"picked":"Guardian:PiercingHide","floor":10.0},{"not_picked":["Guardian:TemporalShield","Guardian:PiercingHide"],"picked":"Guardian:DecasProtection","floor":11.0},{"not_picked":["Guardian:PiercingHide","Guardian:Gem_Cyan"],"picked":"Guardian:TemporalStrike","floor":12.0},{"not_picked":["Guardian:Gem_Lightblue","Guardian:ChargeCore"],"picked":"Guardian:PrimingBeam","floor":14.0},{"not_picked":["Guardian:Gem_Lightblue","Guardian:ChargeCore"],"picked":"Guardian:BodySlam","floor":15.0},{"not_picked":["Guardian:Gem_Synthetic","Guardian:FastForward"],"picked":"Guardian:BaubleBeam","floor":16.0},{"not_picked":["Guardian:Reroute","Guardian:VentSteam+1"],"picked":"Guardian:ArmoredProtocol+1","floor":19.0},{"not_picked":["Guardian:PrimingBeam","Guardian:Gem_Blue"],"picked":"Guardian:ShieldCharger+1","floor":22},{"not_picked":["Guardian:WalkerClaw","Guardian:TemporalStrike+1"],"picked":"Guardian:Gem_Cyan","floor":25},{"not_picked":["Guardian:Gem_Lightblue","Guardian:BronzeArmor"],"picked":"Guardian:Recover","floor":27},{"not_picked":["Guardian:TemporalStrike+1","Guardian:Recover"],"picked":"Guardian:TimeBomb+1","floor":28},{"not_picked":["Guardian:Gem_Yellow","Guardian:Gem_Fragmented"],"picked":"Guardian:EvasiveProtocol+1","floor":29},{"not_picked":["Guardian:ShieldSpikes+1","Guardian:Reroute"],"picked":"Guardian:SpikerProtocol","floor":30},{"not_picked":["Guardian:Gem_Green","Guardian:PrismaticBarrier"],"picked":"Guardian:SphericShield","floor":31},{"not_picked":["Guardian:RollAttack","Guardian:Gem_Green"],"picked":"Guardian:PrimingBeam+1","floor":32},{"not_picked":["Guardian:SphericShield","Guardian:BaubleBeam"],"picked":"Guardian:AncientConstruct","floor":33},{"not_picked":["Guardian:RollAttack+1","Guardian:TemporalStrike"],"picked":"Guardian:Gem_Crimson","floor":36},{"not_picked":["Guardian:TimeBomb","Guardian:EvasiveProtocol","Guardian:TemporalShield"],"picked":"SKIP","floor":37},{"not_picked":["Guardian:PiercingHide+1","Guardian:Planning"],"picked":"Guardian:RollAttack+1","floor":38},{"not_picked":["expansioncontent:AwakenDeath","expansioncontent:Hexaburn"],"picked":"expansioncontent:Chronoboost","floor":39},{"not_picked":["Guardian:Gem_Red","Guardian:Gem_Lightblue"],"picked":"Guardian:BodySlam+1","floor":42},{"not_picked":["Guardian:SpikerProtocol+1","Guardian:EvasiveProtocol+1","Guardian:ShieldCharger+1"],"picked":"SKIP","floor":42},{"not_picked":["Guardian:Reroute+1","Guardian:Gem_Red"],"picked":"Guardian:Clone","floor":43},{"not_picked":["Guardian:GuardianWhirl","Guardian:ShieldCharger","Guardian:Gem_Yellow"],"picked":"SKIP","floor":45},{"not_picked":["Guardian:Gem_Cyan","Guardian:HyperBeam_Guardian","Guardian:TemporalShield+1"],"picked":"SKIP","floor":45},{"not_picked":["Guardian:TemporalShield+1","Guardian:TimeBomb"],"picked":"Guardian:DecasProtection","floor":46},{"not_picked":["Guardian:WalkerClaw+1","Guardian:Repulse"],"picked":"Guardian:Suspension","floor":48},{"not_picked":["Guardian:VentSteam","Guardian:PrimingBeam","Guardian:Gem_Purple"],"picked":"SKIP","floor":48},{"not_picked":["Guardian:CrystalBeam+1","Guardian:TemporalShield"],"picked":"Guardian:DonusPower+1","floor":49},{"not_picked":["Guardian:PrimingBeam","Guardian:CrystalBeam+1","Guardian:Gem_Red"],"picked":"SKIP","floor":49},{"not_picked":["Guardian:BronzeOrb","Guardian:AncientConstruct"],"picked":"Guardian:Recover+1","floor":52}],"player_experience":461063,"relics_obtained":[{"floor":24,"key":"Pear"},{"floor":29,"key":"Matryoshka"},{"floor":41,"key":"Boot"},{"floor":41,"key":"Prayer Wheel"},{"floor":46,"key":"Ice Cream"},{"floor":52,"key":"PreservedInsect"}],"event_choices":[{"damage_healed":0.0,"max_hp_gain":0.0,"max_hp_loss":0.0,"gold_gain":0.0,"event_name":"Big Fish","player_choice":"Box","floor":5.0,"gold_loss":0.0,"damage_taken":0.0,"relics_obtained":["Eternal Feather"],"cards_obtained":["Regret"]}],"is_beta":false,"boss_relics":[{"not_picked":["bronze:MakeshiftBattery","Tiny House"],"picked":"SlaversCollar"},{"not_picked":["Philosopher\u0027s Stone","Fusion Hammer"],"picked":"Empty Cage"}],"items_purged_floors":[6,28,43,53],"is_endless":false,"potions_floor_spawned":[8,11,12,14,16,22,25,27,30,32,33,36,42,48,49,52],"killed_by":"downfall:NeowBossFinal","ascension_level":0}}