{"host":"dwyzfvnzfcqffr30","time":1613747195,"event":{"mods":["2.2 Compatiblity","Act Like it!","Aspiration","BaseMod","Beaked The Cultist","Better Altar","Better Match","Better Note","Better Sensory Stone","Better Skull","Better Third Choice","Clockwork Mod","Colored Map","Colored Powertips","Conspire","Downfall","Elementarium","GifTheSpireLib","Halation","Hermit","Hubris","Infinite Spire","Ironclad Rager","Jedi Mod","Menagerie","Mimic Mod","Minty Spire (QoL Compilation)","Permanent Neow","Random Character Button","Relic Filter Mod","Reliquary","Replay The Spire","Shapeshifter Mod","Spicy Shops","Spikes Relics","StSLib","Stuff the Spire","The Construct","The Disciple","The Druid","The Marked","TheFirefly","Trackpad","Wandering Minibosses"],"gold_per_floor":[124,124,145,91,108,42,42,64,64,97,122,122,159,159,159,269,269,306,306,344,376,419,473,473,538,562,562,630,691,748,748,748,900,900,969,562,562,562,611,611,611],"floor_reached":40,"language":"ENG","playtime":3319,"items_purged":["theMarked:Strike+1","theMarked:SoldierOfQuellstein+1","theMarked:Strike+1"],"score":771,"play_id":"699a18ae-e3a5-43d0-82c1-e121d81e58fb","local_time":"20210219070635","is_ascension_mode":true,"campfire_choices":[{"floor":7,"key":"RECALL"},{"floor":12,"key":"REST"},{"floor":15,"key":"REST"},{"data":"theMarked:WardOff+1","floor":24,"key":"SMITH"},{"data":"theMarked:ElectricStrings+1","floor":27,"key":"SMITH"},{"floor":32,"key":"REST"}],"circlet_count":0,"master_deck":["Clockwork:Improve+1","theMarked:Strike+1","theMarked:Strike+1","theMarked:Strike+1","theMarked:Defend+1","theMarked:Defend+1","theMarked:Defend+1","theMarked:Defend+1","MasterReality+1","Apotheosis+1","theMarked:Frustration+1","theMarked:ElectricStrings+2","infinitespire:NeuralNetwork+1","theMarked:TurnInvisible+1","theMarked:TakeCover+1","theMarked:WardOff+2","theMarked:Seal+1","theMarked:BanishingStrike+1","theMarked:Abjuration+1","theMarked:BanishingStrike+1","Madness+1","theMarked:MagusForm+1","theMarked:MysticalArsenal+1"],"relics":["theMarked:ArtifactOfAir","Bottled Tornado","halation:Prosthetics","hubris:TinFlute","SacredBark","conspire:InfiniteJournal","infinitespire:EvilPickle","Quantum Egg","Molten Egg 2","Toxic Egg 2","Frozen Egg 2","Replay:Wax Seal","Blue Doll","reliquary:Boomerang","hubris:SlimyHat","hubris:ScarierMask","LugNut","CrustySpines","StuffTheSpire:EmeraldSignet","reliquary:Aerogel","trackpad:Compendium","Elementarium:ElementariumTrophy","conspire:SpecialSausage","reliquary:GummyVitamins","reliquary:ExpiredCoupon","hubris:Icosahedron","sneckomod:SuperSneckoEye","theMarked:SpiritSword","Counterbalance"],"acts_visited":["Exordium","Elementarium:Elementarium","TheBeyond"],"potions_floor_usage":[6,16,20,21,25,33,33],"damage_taken":[{"damage":0,"enemies":"2 Louse","floor":1,"turns":3},{"damage":0,"enemies":"conspire:RoseBush","floor":3,"turns":2},{"damage":5,"enemies":"infinitespire:Voidling","floor":5,"turns":3},{"damage":0,"enemies":"Gremlin Nob","floor":6,"turns":3},{"damage":0,"enemies":"Gremlin Gang","floor":8,"turns":3},{"damage":9,"enemies":"Lagavulin","floor":10,"turns":6},{"damage":5,"enemies":"Large Slime","floor":11,"turns":4},{"damage":2,"enemies":"Gremlin Nob","floor":13,"turns":4},{"damage":11,"enemies":"The Guardian","floor":16,"turns":9},{"damage":1,"enemies":"Elementarium:2_ELEMENTALS","floor":18,"turns":2},{"damage":2,"enemies":"Elementarium:VoidCorruption","floor":20,"turns":6},{"damage":0,"enemies":"Elementarium:CYCLONE_AND_ORB_OF_FIRE","floor":21,"turns":5},{"damage":0,"enemies":"Elementarium:VOID_CORRUPTION_AND_TAR_GOLEM","floor":22,"turns":5},{"damage":2,"enemies":"Elementarium:WarGolem","floor":23,"turns":6},{"damage":0,"enemies":"Elementarium:ElementalPortal","floor":25,"turns":5},{"damage":10,"enemies":"Elementarium:FIRE_NOBILITY","floor":28,"turns":3},{"damage":0,"enemies":"Elementarium:3_ELEMENTALS","floor":29,"turns":3},{"damage":3,"enemies":"Elementarium:RubyGolem","floor":30,"turns":3},{"damage":3,"enemies":"Elementarium:GolemEmperor","floor":33,"turns":7},{"damage":2,"enemies":"3 Darklings","floor":35,"turns":3},{"damage":2,"enemies":"2 Orb Walkers","floor":39,"turns":3},{"damage":38,"enemies":"Nemesis","floor":40,"turns":4}],"seed_played":"-4476684133470461461","potions_obtained":[{"floor":5,"key":"jedi:StrikingPotion"},{"floor":10,"key":"Energy Potion"},{"floor":16,"key":"ColorlessPotion"},{"floor":18,"key":"SteroidPotion"},{"floor":20,"key":"SteroidPotion"},{"floor":25,"key":"Elixir"},{"floor":29,"key":"Milkshake"},{"floor":33,"key":"FearPotion"}],"is_trial":false,"path_per_floor":["M","?","M","$","M","E","R","M","T","E","M","R","E","?","R","B",null,"M","?","M","M","M","E","R","E","T","R","E","M","M","?","R","B",null,"M","$","?","AVR","?","E"],"character_chosen":"THE_DEFAULT","items_purchased":["Replay:Wax Seal","theMarked:MysticalArsenal+1","reliquary:GummyVitamins","reliquary:ExpiredCoupon"],"campfire_rested":3,"item_purchase_floors":[4,36,36,36],"current_hp_per_floor":[44,44,44,44,44,44,44,44,44,35,30,43,41,30,43,32,41,40,40,38,38,38,36,36,36,36,36,26,26,23,15,28,25,39,37,37,37,37,35,0,0],"gold":611,"neow_bonus":"TEN_PERCENT_HP_BONUS","is_daily":false,"chose_seed":false,"campfire_upgraded":2,"win_rate":0.0,"timestamp":1613747195,"path_taken":["M","?","M","$","M","E","R","M","T","E","M","R","E","?","R","BOSS","M","?","?","M","M","E","R","E","T","R","E","M","?","?","R","BOSS","M","$","?","AVR","?","E"],"items_purchased_type":["Relic","Card","Relic","Relic"],"build_version":"2020-12-22","purchased_purges":3,"victory":false,"max_hp_per_floor":[44,44,44,44,44,44,44,44,44,44,44,44,44,44,44,44,44,44,44,44,44,44,44,44,44,44,44,44,44,44,44,44,44,44,44,44,44,44,44,44,44],"card_choices":[{"not_picked":["theMarked:CreepingChasm+1","theMarked:MuscleMemory+1"],"picked":"theMarked:Frustration+1","floor":1},{"not_picked":["theMarked:EmpowerWeapon+1","theMarked:SwordAndMagic+1","theMarked:ShockingTouch+1"],"picked":"SKIP","floor":3},{"not_picked":["theMarked:RepellingDischarge+1","theMarked:Improvise+1"],"picked":"theMarked:ElectricStrings+1","floor":5},{"not_picked":["theMarked:ChainLightning+1","theMarked:Opportunist+1","theMarked:Frustration+1"],"picked":"SKIP","floor":6},{"not_picked":["theMarked:Maelstrom+1","theMarked:Friction+1","theMarked:TwofoldDefense+1"],"picked":"SKIP","floor":8},{"not_picked":["theMarked:Memento+1","theMarked:ElectricStrings+1","theMarked:WastefulAttack+1"],"picked":"SKIP","floor":10},{"not_picked":["theMarked:WastefulAttack+1","theMarked:ChainLightning+1","theMarked:KeepCalmAndFight+1"],"picked":"SKIP","floor":11},{"not_picked":["theMarked:TakeCover+1","theMarked:Improvise+1","theMarked:ElectricStrings+1"],"picked":"SKIP","floor":13},{"not_picked":["hubris:InfiniteBlow","infinitespire:Punishment"],"picked":"infinitespire:NeuralNetwork","floor":14},{"not_picked":["theMarked:Defy+1","theMarked:Snap+1"],"picked":"theMarked:TurnInvisible+1","floor":16},{"not_picked":["theMarked:Aftermath+1","theMarked:Convert+1"],"picked":"theMarked:TakeCover+1","floor":18},{"not_picked":["theMarked:SwordAndMagic+1","theMarked:Opportunist+1","theMarked:TheMission+1"],"picked":"SKIP","floor":20},{"not_picked":["theMarked:Generate+1","theMarked:EmpowerWeapon+1"],"picked":"theMarked:WardOff+1","floor":21},{"not_picked":["theMarked:CreepingChasm+1","theMarked:TwofoldDefense+1"],"picked":"theMarked:Seal+1","floor":22},{"not_picked":["theMarked:OneWithTheBlade+1","theMarked:Vacuum+1"],"picked":"theMarked:BanishingStrike+1","floor":23},{"not_picked":["theMarked:Aftermath+1","theMarked:Frustration+1"],"picked":"theMarked:Abjuration+1","floor":25},{"not_picked":["theMarked:RepellingDischarge+1","theMarked:GodGivenPower+1","theMarked:TunnelVision+1"],"picked":"SKIP","floor":28},{"not_picked":["theMarked:ChainLightning+1","theMarked:ParalyzingBlade+1"],"picked":"theMarked:BanishingStrike+1","floor":29},{"not_picked":["theMarked:Aftermath+1","theMarked:Determination+1","theMarked:TurnInvisible+1"],"picked":"SKIP","floor":30},{"not_picked":["theMarked:EternalStudent+1","theMarked:FavorableWinds+1"],"picked":"theMarked:MagusForm+1","floor":33},{"not_picked":["theMarked:BanishingStrike+1","theMarked:Aftermath+1","theMarked:Parkour+1"],"picked":"SKIP","floor":35}],"player_experience":3329847,"relics_obtained":[{"floor":6,"key":"Blue Doll"},{"floor":10,"key":"reliquary:Boomerang"},{"floor":13,"key":"hubris:SlimyHat"},{"floor":23,"key":"CrustySpines"},{"floor":25,"key":"StuffTheSpire:EmeraldSignet"},{"floor":26,"key":"reliquary:Aerogel"},{"floor":28,"key":"trackpad:Compendium"},{"floor":39,"key":"Counterbalance"}],"event_choices":[{"damage_healed":0,"gold_gain":0,"player_choice":"Simplicity","damage_taken":0,"max_hp_gain":0,"max_hp_loss":9,"event_name":"betterThird:BetterWriting","floor":0,"gold_loss":0},{"damage_healed":0,"gold_gain":2,"player_choice":"2","damage_taken":0,"max_hp_gain":0,"max_hp_loss":8,"event_name":"betterStone:BetterStone","floor":31,"gold_loss":0},{"damage_healed":0,"gold_gain":0,"player_choice":"Fight","damage_taken":0,"max_hp_gain":0,"max_hp_loss":0,"event_name":"Mysterious Sphere","floor":39,"gold_loss":0}],"is_beta":false,"boss_relics":[{"not_picked":["Painkiller Herb","halation:HeavySnake"],"picked":"hubris:ScarierMask"},{"not_picked":["Philosopher\u0027s Stone","Sandwich"],"picked":"conspire:SpecialSausage"}],"items_purged_floors":[4,36,38],"is_endless":false,"potions_floor_spawned":[5,10,11,16,18,20,25,29,33],"killed_by":"Nemesis","ascension_level":8}}