{"host":"5wwct7e0z3l0f094","time":1613760247,"event":{"mods":["AchievementEnabler","BaseMod","Downfall","Highlight Path","Minty Spire (QoL Compilation)","Quick Restart","StSLib","SuperFastMode"],"gold_per_floor":[116,116,116,66,80,80,110,110,110,140,140,151,161,187,187,187,187],"floor_reached":16,"language":"ENG","playtime":672,"items_purged":[],"score":183,"play_id":"3cdaabdc-34a9-4367-b3f0-4a974f9fdc84","local_time":"20210219134407","is_ascension_mode":true,"campfire_choices":[{"data":"Zap","floor":6.0,"key":"SMITH"},{"floor":8.0,"key":"REST"},{"floor":11,"key":"REST"},{"floor":15,"key":"REST"}],"circlet_count":0,"master_deck":["AscendersBane","Strike_B","Strike_B","Defend_B","Defend_B","Defend_B","Defend_B","Zap+1","Dualcast","Sweeping Beam","Tempest","Ball Lightning","Ball Lightning","Capacitor"],"relics":["bronze:MakeshiftBattery","HornCleat","Strawberry","The Courier","Smiling Mask","Blue Candle"],"acts_visited":["Exordium"],"potions_floor_usage":[10,12,14],"damage_taken":[{"damage":10.0,"enemies":"2 Louse","floor":1.0,"turns":3.0},{"damage":9.0,"enemies":"Cultist","floor":5.0,"turns":5.0},{"damage":35.0,"enemies":"Gremlin Nob","floor":7.0,"turns":5.0},{"damage":25,"enemies":"3 Sentries","floor":10,"turns":7},{"damage":7,"enemies":"Small Slimes","floor":12,"turns":2},{"damage":3,"enemies":"3 Louse","floor":13,"turns":3},{"damage":20,"enemies":"Gremlin Nob","floor":14,"turns":4},{"damage":33,"enemies":"Hexaghost","floor":16,"turns":9}],"seed_played":"-384903534332324655","potions_obtained":[{"floor":5.0,"key":"SkillPotion"},{"floor":10,"key":"Swift Potion"},{"floor":12,"key":"Fruit Juice"}],"is_trial":false,"path_per_floor":["M","?","?","?","M","R","E","R","T","E","R","M","M","E","R","B"],"character_chosen":"DEFECT","items_purchased":[],"campfire_rested":3,"item_purchase_floors":[],"current_hp_per_floor":[58,46,46,46,37,37,9,33,33,8,32,30,27,7,33,0,0],"gold":187,"neow_bonus":"BOSS_RELIC","is_daily":false,"chose_seed":false,"campfire_upgraded":1,"win_rate":0.0,"timestamp":1613760247,"path_taken":["M","?","?","?","M","R","E","R","T","E","R","M","M","E","R","BOSS"],"items_purchased_type":[],"build_version":"2020-12-22","purchased_purges":0,"victory":false,"max_hp_per_floor":[75,75,75,75,75,75,82,82,82,82,82,87,87,87,87,87,87],"card_choices":[{"not_picked":["Barrage","Stack"],"picked":"Sweeping Beam","floor":1.0},{"not_picked":["Doom and Gloom","Stack"],"picked":"Tempest","floor":5.0},{"not_picked":["Meteor Strike","Static Discharge","Melter"],"picked":"SKIP","floor":7.0},{"not_picked":["Streamline","Hyperbeam"],"picked":"Ball Lightning","floor":10},{"not_picked":["Rip and Tear","Streamline"],"picked":"Ball Lightning","floor":12},{"not_picked":["Hologram","Scrape","Force Field"],"picked":"SKIP","floor":13},{"not_picked":["Ball Lightning","Stack"],"picked":"Capacitor","floor":14}],"player_experience":345524,"relics_obtained":[{"floor":7.0,"key":"Strawberry"},{"floor":9.0,"key":"The Courier"},{"floor":10,"key":"Smiling Mask"},{"floor":14,"key":"Blue Candle"}],"event_choices":[{"damage_healed":0.0,"max_hp_gain":0.0,"max_hp_loss":0.0,"gold_gain":0.0,"event_name":"Scrap Ooze","player_choice":"Success","floor":2.0,"gold_loss":0.0,"damage_taken":12.0,"relics_obtained":["HornCleat"]},{"cards_removed":["Strike_B"],"damage_healed":0.0,"max_hp_gain":0.0,"max_hp_loss":0.0,"gold_gain":0.0,"event_name":"Living Wall","player_choice":"Forget","floor":3.0,"gold_loss":0.0,"damage_taken":0.0},{"cards_removed":["Strike_B"],"damage_healed":0.0,"max_hp_gain":0.0,"max_hp_loss":0.0,"gold_gain":0.0,"event_name":"The Cleric","player_choice":"Card Removal","floor":4.0,"gold_loss":50.0,"damage_taken":0.0}],"is_beta":false,"boss_relics":[],"items_purged_floors":[],"is_endless":false,"potions_floor_spawned":[5,10,12],"killed_by":"Hexaghost","ascension_level":11}}