{"host":"dxw0slwvk2p0izr3","time":1613756479,"event":{"mods":["BaseMod","Downfall","Minty Spire (QoL Compilation)","Replay The Spire","Shop Mod","StSLib"],"gold_per_floor":[112,131,147,72,72,102,116,144,171,171,182,182,194,194,194,194,194,293,293,312,13,31,50,50,79,79,89,89,117,117,117,117,117,117,214,214,233,233,40,140,50,83,83,118,118,143,143,143,93,193,193,193,193,193,93,124,124],"floor_reached":58,"language":"ZHS","playtime":2947,"items_purged":["Replay:Hysterical Blindness","Strike_P","Strike_P+1","Strike_P","Defend_P"],"score":1944,"play_id":"f119e1ad-4aed-4150-80c5-ed016b4cbc82","local_time":"20210220014119","is_ascension_mode":true,"campfire_choices":[{"data":"Eruption","floor":12.0,"key":"SMITH"},{"data":"Vault","floor":17.0,"key":"SMITH"},{"data":"RitualDagger","floor":26.0,"key":"SMITH"},{"floor":32.0,"key":"DIG"},{"data":"Study","floor":43.0,"key":"SMITH"},{"data":"FlurryOfBlows","floor":48,"key":"SMITH"},{"floor":51,"key":"RECALL"},{"data":"ConjureBlade","floor":54,"key":"SMITH"}],"circlet_count":0,"master_deck":["Eruption+1","Vigilance+1","WheelKick","Indignation+1","ClearTheMind+1","Consecrate+1","Consecrate+1","Vault+1","ReachHeaven+1","FlurryOfBlows+1","LessonLearned+1","CurseOfTheBell","ThirdEye+1","Consecrate+1","Crescendo+1","RitualDagger+1","Weave","TalkToTheHand+1","Ghostly+1","Ghostly+1","Ghostly+1","Ghostly+1","Ghostly+1","Study+1","ConjureBlade+1","Weave+1","Adaptation+1","Consecrate+1","CrushJoints+1","Prostrate+1","Pot Of Greed+1","Pot Of Greed","Pot Of Greed","ReplayTheSpireMod:IOU","CutThroughFate"],"relics":["PureWater","White Beast Statue","Replay:Wax Seal","Smiling Mask","Nunchaku","Calling Bell","Regal Pillow","Matryoshka","Replay:Multitool","Eternal Feather","Toy Ornithopter","Bag of Preparation","Replay:Towering Pillar of Hats","Simple Rune","Replay:Bottled Eggs","Honey Jar","Quantum Egg","Iron Hammer","Pantograph","Vajra","Ancient Tea Set","Grinning Jar","Chemical X","Replay:PocketPolymizer"],"acts_visited":["Exordium","TheCity","TheBeyond","TheEnding"],"potions_floor_usage":[56,56,56,57,57],"damage_taken":[{"damage":0.0,"enemies":"Small Slimes","floor":1.0,"turns":2.0},{"damage":0.0,"enemies":"Cultist","floor":2.0,"turns":2.0},{"damage":3.0,"enemies":"2 Louse","floor":3.0,"turns":2.0},{"damage":20.0,"enemies":"Lagavulin","floor":6.0,"turns":5.0},{"damage":0.0,"enemies":"Looter","floor":7.0,"turns":1.0},{"damage":0.0,"enemies":"Gremlin Nob","floor":8.0,"turns":3.0},{"damage":0.0,"enemies":"Blue Slaver","floor":11.0,"turns":2.0},{"damage":0.0,"enemies":"Large Slime","floor":13.0,"turns":3.0},{"damage":42.0,"enemies":"The Guardian","floor":18.0,"turns":5.0},{"damage":17.0,"enemies":"Chosen","floor":20.0,"turns":6.0},{"damage":0.0,"enemies":"Spheric Guardian","floor":22.0,"turns":3.0},{"damage":2.0,"enemies":"3 Cultists","floor":23.0,"turns":5.0},{"damage":13.0,"enemies":"Gremlin Leader","floor":25.0,"turns":3.0},{"damage":2.0,"enemies":"Centurion and Healer","floor":27.0,"turns":5.0},{"damage":15.0,"enemies":"Slavers","floor":29.0,"turns":4.0},{"damage":10.0,"enemies":"Pondfish","floor":35.0,"turns":11.0},{"damage":1.0,"enemies":"Orb Walker","floor":37.0,"turns":3.0},{"damage":3.0,"enemies":"3 Darklings","floor":41.0,"turns":3.0},{"damage":0.0,"enemies":"Giant Head","floor":42.0,"turns":4.0},{"damage":2.0,"enemies":"R_Hoarder","floor":44.0,"turns":5.0},{"damage":0.0,"enemies":"Nemesis","floor":46.0,"turns":4.0},{"damage":0,"enemies":"Awakened One","floor":52,"turns":5},{"damage":0,"enemies":"Shield and Spear","floor":56,"turns":5},{"damage":14,"enemies":"The Heart","floor":57,"turns":7}],"seed_played":"3498529513261471756","potions_obtained":[{"floor":2.0,"key":"Elixir"},{"floor":7.0,"key":"Regen Potion"},{"floor":8.0,"key":"PowerPotion"},{"floor":23.0,"key":"Adrenaline Potion"},{"floor":25.0,"key":"ColorlessPotion"},{"floor":27.0,"key":"Dexterity Potion"},{"floor":37.0,"key":"Block Potion"},{"floor":41.0,"key":"Block Potion"},{"floor":42.0,"key":"Energy Potion"},{"floor":44.0,"key":"Fire Potion"},{"floor":46.0,"key":"ColorlessPotion"},{"floor":56,"key":"LifebloodPotion"}],"is_trial":false,"path_per_floor":["M","M","M","$","?","E","M","E","T","?","M","R","M","PTL","PTL","?","R","B",null,"M","$","M","M","?","E","R","M","T","E","R","?","R","?","R","B",null,"M","?","$","?","M","E","R","E","T","E","T","R","$","?","R","B",null,"R","$","E","B",null],"character_chosen":"WATCHER","items_purchased":["Eternal Feather","Quantum Egg","Chemical X"],"campfire_rested":0,"item_purchase_floors":[21,39,55],"current_hp_per_floor":[72,72,69,69,69,49,49,49,49,49,49,49,49,49,49,46,46,4,72,55,55,55,53,47,43,55,53,53,38,72,36,36,36,36,26,36,35,35,35,35,32,32,36,34,34,34,34,36,36,36,36,36,36,36,36,36,26],"gold":124,"neow_bonus":"TRANSFORM_TWO_CARDS","is_daily":false,"chose_seed":false,"campfire_upgraded":6,"win_rate":0.0,"timestamp":1613756479,"path_taken":["M","M","M","$","?","E","?","E","T","?","M","R","M","PTL","PTL","?","R","BOSS","M","$","M","M","?","E","R","M","T","E","R","?","R","?","R","BOSS","M","?","$","?","?","E","R","E","T","E","?","R","?","?","R","BOSS","R","$","E","BOSS"],"items_purchased_type":["Relic","Relic","Relic"],"build_version":"2020-12-22","purchased_purges":5,"victory":true,"max_hp_per_floor":[72,72,72,72,72,72,72,72,72,72,72,72,72,72,72,72,72,72,72,72,72,72,72,72,72,72,72,72,72,72,36,36,36,36,36,36,36,36,36,36,36,36,36,36,36,36,36,36,36,36,36,36,36,36,36,36,36],"card_choices":[{"not_picked":["Fasting2","WaveOfTheHand"],"picked":"ClearTheMind","floor":1.0},{"not_picked":["Wallop","FollowUp"],"picked":"Consecrate","floor":2.0},{"not_picked":["FearNoEvil","PathToVictory"],"picked":"Consecrate","floor":3.0},{"not_picked":["ClearTheMind","Replay:DivineShield"],"picked":"Vault","floor":6.0},{"not_picked":["Evaluate","EmptyFist","CrushJoints"],"picked":"SKIP","floor":7.0},{"not_picked":["Meditate","Collect"],"picked":"ReachHeaven","floor":8.0},{"not_picked":["CrushJoints","Sanctity","ForeignInfluence"],"picked":"SKIP","floor":11.0},{"not_picked":["Replay:AtTheReady","Replay:BluntJabs"],"picked":"FlurryOfBlows","floor":13.0},{"not_picked":["Replay:LoomingThreat","Establishment"],"picked":"LessonLearned","floor":18.0},{"not_picked":["BowlingBash","Prostrate"],"picked":"ThirdEye+1","floor":20.0},{"not_picked":["EmptyFist","BattleHymn+1"],"picked":"Consecrate+1","floor":22.0},{"not_picked":["Blasphemy","EmptyFist"],"picked":"Crescendo+1","floor":23.0},{"not_picked":["Nirvana+1","Collect"],"picked":"Weave","floor":25.0},{"not_picked":["Protect","Crescendo","ThirdEye"],"picked":"SKIP","floor":27.0},{"not_picked":["Consecrate+1","Halt+1"],"picked":"TalkToTheHand+1","floor":29.0},{"not_picked":["Establishment","MasterReality"],"picked":"ConjureBlade","floor":35.0},{"not_picked":["Meditate+1","Crescendo","Evaluate"],"picked":"Weave","floor":37.0},{"not_picked":["Tantrum","Replay:Anticipation","SignatureMove+1"],"picked":"Adaptation+1","floor":41.0},{"not_picked":["Replay:AtTheReady+1","WreathOfFlame","DeceiveReality+1"],"picked":"Consecrate+1","floor":42.0},{"not_picked":["DeceiveReality+1","Ragnarok","Replay:Battleflow+1"],"picked":"CrushJoints+1","floor":44.0},{"not_picked":["Blasphemy","BowlingBash","EmptyMind"],"picked":"Prostrate+1","floor":46.0},{"not_picked":["Consecrate","LikeWater+1","Replay:BluntJabs"],"picked":"CutThroughFate","floor":56}],"player_experience":81664,"relics_obtained":[{"floor":6.0,"key":"White Beast Statue"},{"floor":8.0,"key":"Replay:Wax Seal"},{"floor":9.0,"key":"Smiling Mask"},{"floor":19.0,"key":"Regal Pillow"},{"floor":19.0,"key":"Matryoshka"},{"floor":19.0,"key":"Replay:Multitool"},{"floor":25.0,"key":"Toy Ornithopter"},{"floor":28.0,"key":"Bag of Preparation"},{"floor":28.0,"key":"Replay:Towering Pillar of Hats"},{"floor":29.0,"key":"Simple Rune"},{"floor":32.0,"key":"Replay:Bottled Eggs"},{"floor":42.0,"key":"Iron Hammer"},{"floor":44.0,"key":"Pantograph"},{"floor":45.0,"key":"Vajra"},{"floor":46.0,"key":"Ancient Tea Set"},{"floor":47.0,"key":"Grinning Jar"},{"floor":56,"key":"Replay:PocketPolymizer"}],"event_choices":[{"cards_removed":["Strike_P"],"damage_healed":0.0,"max_hp_gain":0.0,"max_hp_loss":0.0,"gold_gain":0.0,"event_name":"Bonfire Elementals","player_choice":"Offered Basic","floor":5.0,"gold_loss":0.0,"damage_taken":0.0},{"damage_healed":0.0,"max_hp_gain":0.0,"max_hp_loss":0.0,"gold_gain":0.0,"event_name":"Scrap Ooze","player_choice":"Success","floor":16.0,"gold_loss":0.0,"damage_taken":3.0,"relics_obtained":["Nunchaku"]},{"damage_healed":0.0,"max_hp_gain":0.0,"max_hp_loss":0.0,"gold_gain":0.0,"event_name":"Nest","player_choice":"Joined the Cult","floor":24.0,"gold_loss":0.0,"damage_taken":6.0,"cards_obtained":["RitualDagger"]},{"damage_healed":0.0,"max_hp_gain":0.0,"max_hp_loss":36.0,"gold_gain":0.0,"event_name":"Ghosts","player_choice":"Became a Ghost","floor":31.0,"gold_loss":0.0,"damage_taken":0.0,"cards_obtained":["Ghostly","Ghostly","Ghostly","Ghostly","Ghostly"]},{"damage_healed":0.0,"max_hp_gain":0.0,"max_hp_loss":0.0,"gold_gain":0.0,"event_name":"The Library","player_choice":"Read","floor":33.0,"gold_loss":0.0,"damage_taken":0.0,"cards_obtained":["Study"]},{"damage_healed":0.0,"max_hp_gain":0.0,"max_hp_loss":0.0,"gold_gain":0.0,"event_name":"Tomb of Lord Red Mask","player_choice":"Ignored","floor":38.0,"gold_loss":0.0,"damage_taken":0.0},{"damage_healed":0.0,"max_hp_gain":0.0,"max_hp_loss":0.0,"gold_gain":100.0,"event_name":"Golden Shrine","player_choice":"Pray","floor":40.0,"gold_loss":0.0,"damage_taken":0.0},{"damage_healed":0,"gold_gain":100,"player_choice":"Pray","damage_taken":0,"max_hp_gain":0,"max_hp_loss":0,"event_name":"Golden Shrine","floor":50,"gold_loss":0}],"is_beta":false,"boss_relics":[{"not_picked":["Runic Dome","Velvet Choker"],"picked":"Calling Bell"},{"not_picked":["Astrolabe","SlaversCollar"],"picked":"Honey Jar"}],"items_purged_floors":[4,21,39,49,55],"is_endless":false,"potions_floor_spawned":[2,7,8,11,13,18,20,22,23,25,27,29,35,37,41,42,44,46,56],"ascension_level":3}}