{"host":"9qcp2wn2ppu3txbq","time":1613769158,"event":{"mods":["BaseMod","Downfall","Minty Spire (QoL Compilation)","Quick Restart","StSLib"],"gold_per_floor":[99,113,172,15,27,27,27,12,12,46,46,60,235,685,703,799,799,699,716,40,40,40,40],"floor_reached":21,"language":"ENG","playtime":1211,"items_purged":[],"score":325,"play_id":"a9da11c0-75ef-45a0-a41d-6cf5190fd302","local_time":"20210219151238","is_ascension_mode":false,"campfire_choices":[{"floor":1,"key":"RECALL"},{"floor":6,"key":"REST"},{"data":"bronze:SpaghettiCode","floor":9,"key":"SMITH"},{"data":"bronze:Assembly","floor":18,"key":"SMITH"}],"circlet_count":0,"master_deck":["bronze:Strike","bronze:Strike","bronze:Strike","bronze:Strike","bronze:Defend","bronze:Defend","bronze:Defend","bronze:Defend","bronze:Replicate","bronze:Goto","bronze:Constructor","bronze:OilSpill","bronze:FollowUp","bronze:SpaghettiCode+1","bronze:Branch","bronze:Philosophize","Regret","bronze:Repulsor","Doubt","downfall:Icky","downfall:Icky","downfall:Icky","bronze:WhirlingStrike","bronze:Assembly+1","bronze:Constructor","bronze:FineTuning"],"relics":["bronze:BronzeCore","Boot","Matryoshka","Darkstone Periapt","Bottled Flame","Dream Catcher","Eternal Feather","SlaversCollar","downfall:HeartBlessingRed","Pantograph","White Beast Statue","Frozen Eye"],"acts_visited":["Exordium","TheCity"],"potions_floor_usage":[],"damage_taken":[{"damage":1,"enemies":"Jaw Worm","floor":2,"turns":3},{"damage":22,"enemies":"Gremlin Nob","floor":3,"turns":5},{"damage":0,"enemies":"downfall:FleeingMerchant","floor":4,"turns":4},{"damage":8,"enemies":"Small Slimes","floor":5,"turns":2},{"damage":0,"enemies":"downfall:FleeingMerchant","floor":8,"turns":4},{"damage":6,"enemies":"Gremlin Nob","floor":10,"turns":4},{"damage":0,"enemies":"Cultist","floor":12,"turns":2},{"damage":9,"enemies":"Large Slime","floor":15,"turns":5},{"damage":61,"enemies":"SI_SHIV_ARCHETYPE","floor":16,"turns":8},{"damage":57,"enemies":"Chosen","floor":19,"turns":8},{"damage":25,"enemies":"downfall:FleeingMerchant","floor":20,"turns":4},{"damage":23,"enemies":"downfall:LooterAlt2","floor":21,"turns":5}],"seed_played":"9121759011431389892","potions_obtained":[{"floor":5,"key":"DuplicationPotion"},{"floor":10,"key":"hexamod:SoulburnPotion"},{"floor":12,"key":"bronze:FreeFunctionsPotion"}],"is_trial":false,"path_per_floor":["R","M","?","$","M","R","T","$","R","E","?","M","?","?","M","B",null,"R","M","$","M"],"character_chosen":"THE_AUTOMATON","items_purchased":["bronze:SpaghettiCode","Pantograph","White Beast Statue","Frozen Eye"],"campfire_rested":1,"item_purchase_floors":[4,20,20,20],"current_hp_per_floor":[70,69,47,47,39,60,60,60,60,54,60,60,66,84,75,14,100,100,43,18,0,0,0],"gold":40,"neow_bonus":"RANDOM_COMMON_RELIC","is_daily":false,"chose_seed":false,"campfire_upgraded":2,"win_rate":0.0,"timestamp":1613769158,"path_taken":["R","M","?","$","M","R","T","$","R","E","?","?","?","?","M","BOSS","R","M","$","M"],"items_purchased_type":["Card","Relic","Relic","Relic"],"build_version":"2020-12-22","purchased_purges":0,"victory":false,"max_hp_per_floor":[70,70,70,70,70,70,70,70,70,70,76,76,82,100,100,100,100,100,100,100,100,100,100],"card_choices":[{"not_picked":["bronze:OilSpill","bronze:BugBarrage"],"picked":"bronze:Constructor","floor":2},{"not_picked":["bronze:Overload","bronze:Return"],"picked":"bronze:OilSpill","floor":3},{"not_picked":["bronze:GetLatest","bronze:Shell"],"picked":"bronze:FollowUp","floor":4},{"not_picked":["bronze:FollowUp","bronze:Philosophize"],"picked":"bronze:Branch","floor":5},{"not_picked":["bronze:Overheat","bronze:ThunderWave","bronze:ItsAFeature"],"picked":"SKIP","floor":8},{"not_picked":["bronze:Overheat","bronze:Backtrace"],"picked":"bronze:Philosophize","floor":10},{"not_picked":["bronze:GetLatest","bronze:WildBeam"],"picked":"bronze:Repulsor","floor":12},{"not_picked":["bronze:ChosenStrike","bronze:FollowUp"],"picked":"bronze:WhirlingStrike","floor":15},{"not_picked":["bronze:RecursiveStrike","bronze:CleanCode"],"picked":"bronze:Assembly","floor":16},{"not_picked":["bronze:OilSpill","bronze:ChildClass"],"picked":"bronze:Constructor","floor":19},{"not_picked":["bronze:DelayedGuard+1","bronze:Invalidate"],"picked":"bronze:FineTuning","floor":20}],"player_experience":298221,"relics_obtained":[{"floor":3,"key":"Matryoshka"},{"floor":7,"key":"Darkstone Periapt"},{"floor":7,"key":"Bottled Flame"},{"floor":10,"key":"Dream Catcher"}],"event_choices":[{"damage_healed":0,"gold_gain":0,"player_choice":"Box","damage_taken":0,"relics_obtained":["Eternal Feather"],"max_hp_gain":0,"max_hp_loss":0,"event_name":"Big Fish","floor":11,"gold_loss":0,"cards_obtained":["Regret"]}],"is_beta":false,"boss_relics":[{"not_picked":["Runic Dome","Runic Pyramid"],"picked":"SlaversCollar"}],"items_purged_floors":[],"is_endless":false,"potions_floor_spawned":[5,10,12,16,19],"killed_by":"downfall:LooterAlt2","ascension_level":0}}