{"host":"prxrhpgaxnj4om9r","time":1613725728,"event":{"mods":["AchievementEnabler","BaseMod","Colored Map","DeckTracker","Minty Spire (QoL Compilation)"],"gold_per_floor":[110,110,122,139,153,153,188,188,241,273,253,268,280,290,290,389,389,401,412,75,85,85,85,117,134,134,161,134,144,156,167,167,167,167],"floor_reached":33,"language":"KOR","playtime":1372,"items_purged":[],"score":283,"play_id":"2c47e3fa-dc77-4e08-949b-2d5338541941","local_time":"20210219180848","is_ascension_mode":false,"campfire_choices":[{"data":"Zap","floor":6,"key":"SMITH"},{"data":"Hologram","floor":15,"key":"SMITH"},{"data":"Defragment","floor":23,"key":"SMITH"},{"floor":32,"key":"REST"}],"circlet_count":0,"master_deck":["Strike_B","Strike_B","Strike_B","Strike_B","Defend_B","Defend_B","Defend_B","Zap+1","Dualcast","Rip and Tear","Gash","Melter","Coolheaded","Sunder","Streamline","Hologram+1","Core Surge","Meteor Strike","Darkness","Auto Shields","Gash","Chaos+1","Defragment+1","Force Field+1","Go for the Eyes","Redo","Defragment","Conserve Battery","Doom and Gloom"],"relics":["Cracked Core","Toy Ornithopter","Mercury Hourglass","Tiny Chest","Blood Vial","Nuclear Battery","Bird Faced Urn","Blue Candle","Ornamental Fan","Orichalcum"],"acts_visited":["Exordium","TheCity"],"potions_floor_usage":[5,10,13,13,16,18,33,33,33],"damage_taken":[{"damage":1,"enemies":"Jaw Worm","floor":1,"turns":4},{"damage":0,"enemies":"Small Slimes","floor":3,"turns":2},{"damage":0,"enemies":"Cultist","floor":4,"turns":2},{"damage":2,"enemies":"Large Slime","floor":5,"turns":5},{"damage":27,"enemies":"Lagavulin","floor":7,"turns":5},{"damage":14,"enemies":"3 Sentries","floor":10,"turns":5},{"damage":0,"enemies":"Looter","floor":12,"turns":2},{"damage":4,"enemies":"Red Slaver","floor":13,"turns":2},{"damage":5,"enemies":"3 Louse","floor":14,"turns":2},{"damage":51,"enemies":"The Guardian","floor":16,"turns":8},{"damage":5,"enemies":"2 Thieves","floor":18,"turns":3},{"damage":5,"enemies":"Chosen","floor":19,"turns":3},{"damage":10,"enemies":"Snecko","floor":21,"turns":3},{"damage":33,"enemies":"Gremlin Leader","floor":24,"turns":7},{"damage":13,"enemies":"Shelled Parasite and Fungi","floor":25,"turns":4},{"damage":8,"enemies":"Centurion and Healer","floor":29,"turns":5},{"damage":1,"enemies":"3 Cultists","floor":30,"turns":5},{"damage":10,"enemies":"Snake Plant","floor":31,"turns":4},{"damage":74,"enemies":"Automaton","floor":33,"turns":8}],"seed_played":"2867950450437143704","potions_obtained":[{"floor":3,"key":"Dexterity Potion"},{"floor":7,"key":"BlessingOfTheForge"},{"floor":11,"key":"SkillPotion"},{"floor":12,"key":"EssenceOfSteel"},{"floor":14,"key":"Fire Potion"},{"floor":16,"key":"FearPotion"},{"floor":21,"key":"GamblersBrew"},{"floor":25,"key":"Ancient Potion"},{"floor":30,"key":"CultistPotion"},{"floor":31,"key":"Dexterity Potion"}],"is_trial":false,"path_per_floor":["M","?","M","M","M","R","E","?","T","E","?","M","M","M","R","B",null,"M","M","$","M","?","R","E","M","T","T","$","M","M","M","R","B"],"character_chosen":"DEFECT","items_purchased":["Bird Faced Urn","Gash","Redo"],"campfire_rested":1,"item_purchase_floors":[20,20,28],"current_hp_per_floor":[74,67,67,67,70,70,43,48,48,39,39,41,49,46,46,2,80,75,72,72,64,64,64,35,26,26,26,26,22,25,21,45,0,0],"gold":167,"neow_bonus":"RANDOM_COMMON_RELIC","is_daily":false,"chose_seed":false,"campfire_upgraded":3,"win_rate":0.0,"timestamp":1613725728,"path_taken":["M","?","M","M","M","R","E","?","T","E","?","M","?","M","R","BOSS","M","M","$","M","?","R","E","M","T","?","$","M","M","?","R","BOSS"],"items_purchased_type":["Relic","Card","Card"],"build_version":"2020-12-22","purchased_purges":0,"victory":false,"max_hp_per_floor":[75,75,75,75,75,75,75,80,80,80,80,80,80,80,80,80,80,80,80,80,80,80,80,80,80,80,80,80,80,80,80,80,80,80],"card_choices":[{"not_picked":["Beam Cell","Redo"],"picked":"Rip and Tear","floor":1},{"not_picked":["Compile Driver","Scrape"],"picked":"Gash","floor":3},{"not_picked":["Leap","Undo"],"picked":"Melter","floor":4},{"not_picked":["Ball Lightning","Compile Driver"],"picked":"Coolheaded","floor":5},{"not_picked":["Gash","Fusion"],"picked":"Sunder","floor":7},{"not_picked":["Beam Cell","Ball Lightning"],"picked":"Streamline","floor":10},{"not_picked":["Ball Lightning","Leap","Rebound"],"picked":"SKIP","floor":12},{"not_picked":["Ball Lightning","Rebound"],"picked":"Hologram","floor":13},{"not_picked":["Hologram","Lockon"],"picked":"Core Surge","floor":14},{"not_picked":["Thunder Strike","Machine Learning"],"picked":"Meteor Strike","floor":16},{"not_picked":["Conserve Battery","Compile Driver"],"picked":"Darkness","floor":18},{"not_picked":["Undo","Barrage"],"picked":"Auto Shields","floor":19},{"not_picked":["Streamline","Melter"],"picked":"Chaos+1","floor":21},{"not_picked":["Loop","Steam"],"picked":"Force Field+1","floor":24},{"not_picked":["Ball Lightning","Reboot"],"picked":"Go for the Eyes","floor":25},{"not_picked":["Coolheaded","Fusion"],"picked":"Defragment","floor":29},{"not_picked":["Rebound","Reinforced Body"],"picked":"Conserve Battery","floor":30},{"not_picked":["Stack+1","Darkness"],"picked":"Doom and Gloom","floor":31}],"player_experience":531930,"relics_obtained":[{"floor":7,"key":"Mercury Hourglass"},{"floor":9,"key":"Tiny Chest"},{"floor":10,"key":"Blood Vial"},{"floor":24,"key":"Blue Candle"},{"floor":26,"key":"Ornamental Fan"},{"floor":27,"key":"Orichalcum"}],"event_choices":[{"cards_removed":["Defend_B"],"damage_healed":0,"gold_gain":0,"player_choice":"Card Removal","damage_taken":7,"max_hp_gain":0,"max_hp_loss":0,"event_name":"Golden Wing","floor":2,"gold_loss":0},{"damage_healed":0,"gold_gain":0,"player_choice":"Donut","damage_taken":0,"max_hp_gain":5,"max_hp_loss":0,"event_name":"Big Fish","floor":8,"gold_loss":0},{"damage_healed":0,"gold_gain":0,"player_choice":"Bought 1 Potion","damage_taken":0,"max_hp_gain":0,"max_hp_loss":0,"event_name":"The Woman in Blue","floor":11,"gold_loss":0},{"damage_healed":0,"gold_gain":0,"player_choice":"Read","damage_taken":0,"max_hp_gain":0,"max_hp_loss":0,"event_name":"The Library","floor":22,"gold_loss":0,"cards_obtained":["Defragment"]}],"is_beta":false,"boss_relics":[{"not_picked":["Black Star","Busted Crown"],"picked":"Nuclear Battery"}],"items_purged_floors":[],"is_endless":false,"potions_floor_spawned":[3,7,12,14,16,21,25,30,31],"killed_by":"Automaton","ascension_level":0}}