{"host":"sim2kxx81cjsn49b","time":1613764900,"event":{"mods":["ATMod(°¢èªMod)","BaseMod","Energized Spire","Minty Spire (QoL Compilation)","Spicy Shops","StSLib","TestMod","¡¾ÒÅÎï¿¨ÅÆ¡¿REMEMod"],"gold_per_floor":[111,125,125,138,150,184,203,203,203,228,228],"floor_reached":10,"language":"ZHS","playtime":325,"items_purged":[],"score":140,"play_id":"628d1318-6027-488b-8047-7b827dfae9c8","local_time":"20210220040140","is_ascension_mode":true,"campfire_choices":[{"data":"Eruption","floor":8,"key":"SMITH"}],"circlet_count":0,"master_deck":["AscendersBane","Strike_P","Strike_P","Strike_P","Strike_P","Defend_P","Defend_P","Defend_P","Eruption+1","Vigilance","AT_Desolate","BowlingBash","TalkToTheHand"],"relics":["REME_ComplimentaryCards","testmod-TestBox","AT_ATBox","energizedSpire:EnergizedDie","testmod-HeartOfDaVinci","AT_MibuBalloonWealth"],"acts_visited":["Exordium"],"potions_floor_usage":[10,10],"damage_taken":[{"damage":1,"enemies":"Small Slimes","floor":1,"turns":3},{"damage":0,"enemies":"Cultist","floor":2,"turns":3},{"damage":16,"enemies":"2 Louse","floor":4,"turns":2},{"damage":22,"enemies":"Exordium Thugs","floor":5,"turns":3},{"damage":16,"enemies":"Gremlin Nob","floor":6,"turns":3},{"damage":0,"enemies":"Large Slime","floor":7,"turns":2},{"damage":10,"enemies":"3 Sentries","floor":10,"turns":2}],"seed_played":"-1752191903013736709","potions_obtained":[{"floor":2,"key":"Explosive Potion"},{"floor":6,"key":"Fire Potion"}],"is_trial":false,"path_per_floor":["M","M","?","M","M","E","M","R","T","E"],"character_chosen":"WATCHER","items_purchased":[],"campfire_rested":0,"item_purchase_floors":[],"current_hp_per_floor":[60,60,60,44,22,6,6,6,6,0,0],"gold":228,"neow_bonus":"BOSS_RELIC","is_daily":false,"chose_seed":false,"campfire_upgraded":1,"win_rate":0.0,"timestamp":1613764900,"path_taken":["M","M","?","?","M","E","M","R","T","E"],"items_purchased_type":[],"build_version":"2020-12-22","purchased_purges":0,"victory":false,"max_hp_per_floor":[68,68,68,68,68,68,68,68,68,68,68],"card_choices":[{"not_picked":["JustLucky","Protect","EmptyFist"],"picked":"SKIP","floor":1},{"not_picked":["ClearTheMind","FollowUp"],"picked":"BowlingBash","floor":2},{"not_picked":["JustLucky","REME_WorshipGod"],"picked":"TalkToTheHand","floor":4},{"not_picked":["CutThroughFate","Protect","BowlingBash"],"picked":"SKIP","floor":5},{"not_picked":["TalkToTheHand","Perseverance","InnerPeace"],"picked":"SKIP","floor":6},{"not_picked":["WreathOfFlame","Consecrate","EmptyFist"],"picked":"SKIP","floor":7}],"player_experience":612331,"relics_obtained":[{"floor":9,"key":"AT_MibuBalloonWealth"}],"event_choices":[{"cards_removed":["Defend_P"],"damage_healed":0,"gold_gain":0,"player_choice":"Offered Basic","damage_taken":0,"max_hp_gain":0,"max_hp_loss":0,"event_name":"Bonfire Elementals","floor":3,"gold_loss":0}],"is_beta":false,"boss_relics":[],"items_purged_floors":[],"is_endless":false,"potions_floor_spawned":[2,6,7],"killed_by":"3 Sentries","ascension_level":20}}