{"host":"bf5upntvbdompq33","time":1613756513,"event":{"mods":["BaseMod","Bestiary","Colored Map","Colored Powertips","Curses Come First","Highlight Path","Minty Spire (QoL Compilation)","StSLib","ojb\u0027s Info Mod"],"gold_per_floor":[112,0,11,27,37,37,70,70,143,143,176,251,285,303,303,376,376,391,391,402,413,424,424,424],"floor_reached":23,"language":"ENG","playtime":4243,"items_purged":["Shame"],"score":405,"play_id":"cb87aad5-1cfb-4e5c-b755-05d17e8499a5","local_time":"20210219104153","is_ascension_mode":true,"campfire_choices":[{"data":"Infernal Blade","floor":6,"key":"SMITH"},{"data":"Fiend Fire","floor":8,"key":"SMITH"},{"data":"Carnage","floor":10,"key":"SMITH"},{"data":"Bash","floor":15,"key":"SMITH"}],"circlet_count":0,"master_deck":["AscendersBane","Strike_R","Strike_R","Strike_R","Strike_R","Strike_R","Defend_R","Defend_R","Defend_R","Defend_R","Bash+1","Fiend Fire+1","Carnage+1","Infernal Blade+1","Pommel Strike","Reckless Charge","Pommel Strike","Disarm","Offering","Battle Trance","Shockwave","Exhume","Armaments+1","Warcry","Perfected Strike+1","Pommel Strike+1"],"relics":["Burning Blood","WingedGreaves","Bottled Flame","Anchor","InkBottle","Pear","Black Star"],"acts_visited":["Exordium","TheCity"],"potions_floor_usage":[5,13,18,21,22],"damage_taken":[{"damage":6,"enemies":"Cultist","floor":1,"turns":3},{"damage":7,"enemies":"Jaw Worm","floor":3,"turns":4},{"damage":0,"enemies":"2 Louse","floor":4,"turns":2},{"damage":7,"enemies":"Exordium Wildlife","floor":5,"turns":2},{"damage":18,"enemies":"Gremlin Nob","floor":7,"turns":3},{"damage":28,"enemies":"Lagavulin","floor":11,"turns":5},{"damage":0,"enemies":"3 Sentries","floor":13,"turns":4},{"damage":4,"enemies":"Lots of Slimes","floor":14,"turns":4},{"damage":41,"enemies":"The Guardian","floor":16,"turns":14},{"damage":0,"enemies":"Spheric Guardian","floor":18,"turns":2},{"damage":9,"enemies":"3 Byrds","floor":20,"turns":5},{"damage":25,"enemies":"Snake Plant","floor":21,"turns":5},{"damage":27,"enemies":"3 Cultists","floor":22,"turns":5},{"damage":32,"enemies":"Gremlin Leader","floor":23,"turns":3}],"seed_played":"-6115693453293700303","potions_obtained":[{"floor":1,"key":"Explosive Potion"},{"floor":3,"key":"AttackPotion"},{"floor":5,"key":"LiquidMemories"},{"floor":18,"key":"EssenceOfSteel"},{"floor":20,"key":"LiquidMemories"}],"is_trial":false,"path_per_floor":["M","$","M","M","M","R","E","R","T","R","E","T","E","M","R","B",null,"M","?","M","M","M","E"],"character_chosen":"IRONCLAD","items_purchased":["Infernal Blade"],"campfire_rested":0,"item_purchase_floors":[2],"current_hp_per_floor":[68,68,67,73,72,72,60,60,60,60,38,38,54,56,56,21,69,75,75,72,53,32,0,0],"gold":424,"neow_bonus":"THREE_RARE_CARDS","is_daily":false,"chose_seed":false,"campfire_upgraded":4,"win_rate":0.0,"timestamp":1613756513,"path_taken":["M","$","M","M","?","R","E","R","T","R","E","?","E","M","R","BOSS","M","?","?","M","M","E"],"items_purchased_type":["Card"],"build_version":"2020-12-22","purchased_purges":1,"victory":false,"max_hp_per_floor":[75,75,75,75,75,75,75,75,75,75,75,75,85,85,85,85,85,85,85,85,85,85,85,85],"card_choices":[{"not_picked":["Double Tap","Berserk"],"picked":"Fiend Fire","floor":0},{"not_picked":["Perfected Strike","Sword Boomerang"],"picked":"Carnage","floor":1},{"not_picked":["Warcry","Thunderclap"],"picked":"Pommel Strike","floor":3},{"not_picked":["Sword Boomerang","Heavy Blade"],"picked":"Reckless Charge","floor":4},{"not_picked":["Heavy Blade","Anger"],"picked":"Pommel Strike","floor":5},{"not_picked":["Burning Pact","Body Slam"],"picked":"Disarm","floor":7},{"not_picked":["Armaments","Iron Wave"],"picked":"Offering","floor":11},{"not_picked":["Havoc","Heavy Blade"],"picked":"Battle Trance","floor":13},{"not_picked":["Clothesline","True Grit"],"picked":"Shockwave","floor":14},{"not_picked":["Berserk","Corruption"],"picked":"Exhume","floor":16},{"not_picked":["Body Slam","True Grit"],"picked":"Armaments","floor":18},{"not_picked":["Flex","Heavy Blade"],"picked":"Warcry","floor":20},{"not_picked":["Heavy Blade","Twin Strike"],"picked":"Perfected Strike+1","floor":21},{"not_picked":["True Grit","Sever Soul"],"picked":"Pommel Strike+1","floor":22}],"player_experience":1642684,"relics_obtained":[{"floor":7,"key":"WingedGreaves"},{"floor":9,"key":"Bottled Flame"},{"floor":11,"key":"Anchor"},{"floor":12,"key":"InkBottle"},{"floor":13,"key":"Pear"}],"event_choices":[{"damage_healed":0,"gold_gain":0,"player_choice":"Forge","damage_taken":0,"max_hp_gain":0,"max_hp_loss":0,"event_name":"Accursed Blacksmith","floor":19,"gold_loss":0,"cards_upgraded":["Armaments"]}],"is_beta":false,"boss_relics":[{"not_picked":["Cursed Key","Coffee Dripper"],"picked":"Black Star"}],"items_purged_floors":[2],"is_endless":false,"potions_floor_spawned":[1,3,5,18,20],"killed_by":"Gremlin Leader","ascension_level":14}}