{"host":"y6s8mw1hb3jg98nz","time":1613760858,"event":{"mods":["Aspiration","BaseMod","Better Match","Better Note","Better Third Choice","BetterRewards","Colored Map","Colored Powertips","Googly Eyes","Halation","Minty Spire (QoL Compilation)","Quick Restart","Rare Cards Sparkle","Relic Stats","Replay The Spire","Shop Mod","Spicy Shops","StSLib"],"gold_per_floor":[110,126,139,139,154,154,168,168,195,207,262,262,278,288,288,388,388,399,455,465,465,38,38,55,1,27,41,41,41],"floor_reached":28,"language":"ENG","playtime":2020,"items_purged":[],"score":214,"play_id":"07d73b69-ed2a-423b-98f7-a62b82c92d49","local_time":"20210220052418","is_ascension_mode":false,"campfire_choices":[{"data":"Cloak And Dagger","floor":6,"key":"SMITH"},{"data":"Cloak And Dagger","floor":12,"key":"SMITH"},{"floor":15,"key":"REST"},{"floor":23,"key":"REST"}],"circlet_count":0,"master_deck":["Strike_G","Strike_G","Strike_G","Strike_G","Strike_G","Defend_G","Defend_G+1","Defend_G","Defend_G","Defend_G","Survivor","Neutralize","Blade Dance+1","Flying Knee","Cloak And Dagger+1","Deflect","All Out Attack","Cloak And Dagger+1","Quick Slash","Endless Agony","Choke","Replay:Bag of Tricks","Fluid Movement+1","Poisoned Stab","Distraction","Backstab+1","Cloak And Dagger","Underhanded Strike+1"],"relics":["Ring of the Snake","NeowsBlessing","Garlic","Toy Ornithopter","Ring of Chaos","Membership Card","MerchantsRug","Eternal Feather","War Paint","Molten Egg 2","Dream Catcher"],"acts_visited":["Exordium","TheCity"],"potions_floor_usage":[7,11,16,28,28],"damage_taken":[{"damage":0,"enemies":"2 Louse","floor":1,"turns":1},{"damage":0,"enemies":"Cultist","floor":2,"turns":1},{"damage":0,"enemies":"Jaw Worm","floor":3,"turns":1},{"damage":7,"enemies":"Looter","floor":5,"turns":3},{"damage":2,"enemies":"Large Slime","floor":7,"turns":4},{"damage":0,"enemies":"Blue Slaver","floor":10,"turns":3},{"damage":3,"enemies":"3 Sentries","floor":11,"turns":6},{"damage":11,"enemies":"Exordium Wildlife","floor":13,"turns":4},{"damage":0,"enemies":"Exordium Thugs","floor":14,"turns":5},{"damage":35,"enemies":"Hexaghost","floor":16,"turns":12},{"damage":19,"enemies":"Shell Parasite","floor":18,"turns":6},{"damage":28,"enemies":"Chosen","floor":20,"turns":9},{"damage":18,"enemies":"Centurion and Healer","floor":24,"turns":9},{"damage":19,"enemies":"Snecko","floor":27,"turns":6},{"damage":41,"enemies":"Sentry and Sphere","floor":28,"turns":7}],"seed_played":"-102221679089604980","potions_obtained":[{"floor":3,"key":"Fire Potion"},{"floor":7,"key":"Dexterity Potion"},{"floor":10,"key":"Adrenaline Potion"},{"floor":14,"key":"Adrenaline Potion"},{"floor":16,"key":"Elixir"},{"floor":24,"key":"Swift Potion"}],"is_trial":false,"path_per_floor":["M","M","M","?","M","R","M","T","T","M","?","R","M","M","R","B",null,"M","?","M","?","$","R","M","$","T","M","M"],"character_chosen":"THE_SILENT","items_purchased":["Membership Card","MerchantsRug","Eternal Feather","War Paint","Molten Egg 2"],"campfire_rested":2,"item_purchase_floors":[22,22,22,22,25],"current_hp_per_floor":[70,70,70,70,63,63,61,61,61,61,63,63,52,52,70,35,70,51,51,23,23,23,59,41,41,41,22,0,0],"gold":41,"neow_bonus":"THREE_ENEMY_KILL","is_daily":false,"chose_seed":false,"campfire_upgraded":2,"win_rate":0.0,"timestamp":1613760858,"path_taken":["M","M","M","?","?","R","M","?","T","M","?","R","M","M","R","BOSS","M","?","M","?","$","R","M","?","T","?","M"],"items_purchased_type":["Relic","Relic","Relic","Relic","Relic"],"build_version":"2020-12-22","purchased_purges":0,"victory":false,"max_hp_per_floor":[70,70,70,70,70,70,70,70,70,70,70,70,70,70,70,70,70,70,70,70,70,70,70,70,70,70,70,70,70],"relic_stats":{"Dream Catcher":0,"counters":[15,77],"Eternal Feather":15,"War Paint":["Blade Dance","Defend_G"],"obtain_stats":[{"Potion Belt":11,"MerchantsRug":22,"NeowsBlessing":0,"Eternal Feather":22,"Ring of Chaos":17,"War Paint":22,"Dream Catcher":26,"Molten Egg 2":25,"Garlic":8,"Membership Card":22,"Toy Ornithopter":9,"Ring of the Snake":0,"Replay:Bottled Steam":19},{"Potion Belt":6,"MerchantsRug":12,"NeowsBlessing":0,"Eternal Feather":12,"Ring of Chaos":10,"War Paint":12,"Dream Catcher":13,"Molten Egg 2":13,"Garlic":5,"Membership Card":12,"Toy Ornithopter":5,"Ring of the Snake":0,"Replay:Bottled Steam":11},{"Potion Belt":13,"MerchantsRug":55,"NeowsBlessing":0,"Eternal Feather":55,"Ring of Chaos":40,"War Paint":55,"Dream Catcher":64,"Molten Egg 2":64,"Garlic":10,"Membership Card":55,"Toy Ornithopter":10,"Ring of the Snake":0,"Replay:Bottled Steam":46}],"Toy Ornithopter":15,"Ring of the Snake":[30]},"card_choices":[{"not_picked":["Flying Knee","Masterful Stab"],"picked":"Blade Dance","floor":1},{"not_picked":["Sneak Up","Underhanded Strike"],"picked":"Flying Knee","floor":2},{"not_picked":["Poisoned Stab","Slice"],"picked":"Cloak And Dagger","floor":3},{"not_picked":["Dodge and Roll","Doppelganger"],"picked":"Deflect","floor":5},{"not_picked":["Sneak Up","Bouncing Flask"],"picked":"All Out Attack","floor":7},{"not_picked":["Deflect","Dash"],"picked":"Cloak And Dagger","floor":10},{"not_picked":["Fluid Movement","Noxious Fumes"],"picked":"Quick Slash","floor":11},{"not_picked":["PiercingWail","Outmaneuver"],"picked":"Endless Agony","floor":13},{"not_picked":["PiercingWail","Catalyst"],"picked":"Choke","floor":14},{"not_picked":["Doppelganger","Envenom"],"picked":"Replay:Bag of Tricks","floor":16},{"not_picked":["PiercingWail","Prepared+1"],"picked":"Fluid Movement+1","floor":18},{"not_picked":["Heel Hook","Backflip+1"],"picked":"Poisoned Stab","floor":19},{"not_picked":["Toxin Wave","Deadly Poison"],"picked":"Distraction","floor":19},{"not_picked":["Acrobatics","Flechettes"],"picked":"Backstab+1","floor":20},{"not_picked":["Deadly Poison","Backstab+1"],"picked":"Cloak And Dagger","floor":24},{"not_picked":["Prepared","Bane+1"],"picked":"Underhanded Strike+1","floor":27}],"player_experience":161262,"relics_obtained":[{"floor":8,"key":"Garlic"},{"floor":9,"key":"Toy Ornithopter"},{"floor":19,"key":"Replay:Bottled Steam"},{"floor":26,"key":"Dream Catcher"}],"event_choices":[{"damage_healed":0,"gold_gain":0,"player_choice":"Ignored","damage_taken":0,"max_hp_gain":0,"max_hp_loss":0,"event_name":"betterNote:BetterNote","floor":4,"gold_loss":0,"cards_obtained":["Perfected Strike"]},{"damage_healed":0,"gold_gain":30,"player_choice":"Searched \u00273\u0027 times","damage_taken":0,"relics_obtained":["Potion Belt"],"max_hp_gain":0,"max_hp_loss":0,"event_name":"Dead Adventurer","floor":11,"gold_loss":0}],"is_beta":false,"boss_relics":[{"not_picked":["aspiration:FutureDiary","Astrolabe"],"picked":"Ring of Chaos"}],"items_purged_floors":[],"is_endless":false,"potions_floor_spawned":[3,7,10,14,16,24],"killed_by":"Sentry and Sphere","ascension_level":0}}