{"host":"3862tm9rs55uv678","time":1613766657,"event":{"mods":["Act Like it!","BaseMod","Gensokyo","Marisa£®ÏF”Í°°ƒß¿Ì…≥£©","Minty Spire (QoL Compilation)","Remilia£®¿Ÿ√◊¿Ú—«£©","StSLib","Td1madao Mod","The Bug Knight","The Servant 0.9.4","Youmu£®ªÍ∆«—˝√Œ£©"],"gold_per_floor":[109,127,146,96,110,137,137,149,149,149,166,177,157,157,157],"floor_reached":14,"language":"ZHS","playtime":936,"items_purged":[],"score":94,"play_id":"47eb76e0-e12c-48eb-a3e3-a05a6801e760","local_time":"20210220043057","is_ascension_mode":false,"campfire_choices":[{"floor":7,"key":"DIG"},{"floor":10,"key":"REST"}],"circlet_count":0,"master_deck":["Strike_MRS","Strike_MRS","Strike_MRS","Defend_MRS","Defend_MRS","Defend_MRS","Defend_MRS","MasterSpark","UpSweep","CasketOfStar","Acceleration","DC","EnergyRecoil","PowerUp","ChargingUp","6A","MagicChant","GalacticHalo","MilkyWay"],"relics":["MiniHakkero","Shovel","Dream Catcher","White Beast Statue"],"acts_visited":["Exordium"],"potions_floor_usage":[11,12,12,14,14],"damage_taken":[{"damage":0,"enemies":"Small Slimes","floor":1,"turns":5},{"damage":6,"enemies":"2 Louse","floor":2,"turns":4},{"damage":1,"enemies":"Cultist","floor":3,"turns":3},{"damage":8,"enemies":"Red Slaver","floor":5,"turns":3},{"damage":20,"enemies":"3 Sentries","floor":6,"turns":7},{"damage":2,"enemies":"3 Louse","floor":8,"turns":4},{"damage":5,"enemies":"Large Slime","floor":11,"turns":6},{"damage":6,"enemies":"Exordium Thugs","floor":12,"turns":6},{"damage":1,"enemies":"Gremlin Nob","floor":14,"turns":3}],"seed_played":"1769078406994552010","potions_obtained":[{"floor":1,"key":"Energy Potion"},{"floor":3,"key":"LiquidMemories"},{"floor":8,"key":"Dexterity Potion"},{"floor":11,"key":"Regen Potion"},{"floor":12,"key":"SneckoOil"},{"floor":13,"key":"ShroomBrew"}],"is_trial":false,"path_per_floor":["M","M","M","?","M","E","R","M","T","R","M","M","?","E"],"character_chosen":"MARISA","items_purchased":[],"campfire_rested":1,"item_purchase_floors":[],"current_hp_per_floor":[75,69,68,68,60,40,40,38,38,60,55,64,64,63,63],"gold":157,"neow_bonus":"ONE_RANDOM_RARE_CARD","is_daily":false,"chose_seed":false,"campfire_upgraded":0,"win_rate":0.0,"timestamp":1613766657,"path_taken":["M","M","M","?","M","E","R","M","T","R","M","M","?","E"],"items_purchased_type":[],"build_version":"2020-12-22","purchased_purges":0,"victory":false,"max_hp_per_floor":[75,75,75,75,75,75,75,75,75,75,75,75,75,75,75],"card_choices":[{"not_picked":["MysteriousBeam","UnstableBomb"],"picked":"Acceleration","floor":1},{"not_picked":["DarkMatter","PowerUp"],"picked":"DC","floor":2},{"not_picked":["GravityBeat","CasketOfStar"],"picked":"EnergyRecoil","floor":3},{"not_picked":["DarkMatter","ShootTheMoon"],"picked":"PowerUp","floor":5},{"not_picked":["PowerUp","LuminesStrike"],"picked":"ChargingUp","floor":6},{"not_picked":["MysteriousBeam","SporeBomb"],"picked":"6A","floor":8},{"not_picked":["DragonMeteor","SuperPerseids"],"picked":"MagicChant","floor":10},{"not_picked":["ManaConvection","WitchLeyline"],"picked":"GalacticHalo","floor":11},{"not_picked":["FairyDestructionRay","GalacticHalo"],"picked":"MilkyWay","floor":12}],"player_experience":110550,"relics_obtained":[{"floor":6,"key":"Shovel"},{"floor":7,"key":"Dream Catcher"},{"floor":9,"key":"White Beast Statue"}],"event_choices":[{"cards_removed":["Strike_MRS"],"damage_healed":0,"gold_gain":0,"player_choice":"Card Removal","damage_taken":0,"max_hp_gain":0,"max_hp_loss":0,"event_name":"The Cleric","floor":4,"gold_loss":50},{"damage_healed":0,"gold_gain":0,"player_choice":"Bought 1 Potion","damage_taken":0,"max_hp_gain":0,"max_hp_loss":0,"event_name":"The Woman in Blue","floor":13,"gold_loss":0}],"is_beta":false,"boss_relics":[],"items_purged_floors":[],"is_endless":false,"potions_floor_spawned":[1,3,8,11,12],"killed_by":"Gremlin Nob","ascension_level":0}}