{"host":"4epvxsx6d4oxmc67","time":1613735790,"event":{"mods":["AchievementEnabler","BaseMod","Colored Map","Highlight Path","Minty Spire (QoL Compilation)"],"gold_per_floor":[111,135,152,165,182,182,182,194,218,245,5,5,5,25,25,126,126,116,116,128,147,162,162,162,162],"floor_reached":24,"language":"ENG","playtime":1010,"items_purged":[],"score":240,"play_id":"e7f2551b-bff3-4837-bf7e-e584a4fc2794","local_time":"20210219115630","is_ascension_mode":true,"campfire_choices":[{"data":"Crippling Poison","floor":6.0,"key":"SMITH"},{"floor":13.0,"key":"REST"},{"floor":15.0,"key":"REST"},{"floor":23,"key":"REST"}],"circlet_count":0,"master_deck":["Strike_G","Strike_G","Strike_G","Strike_G","Defend_G","Defend_G","Defend_G","Defend_G","Defend_G","Survivor","Neutralize+1","Bouncing Flask","Riddle With Holes","Crippling Poison+1","Backflip","Dash","Venomology+1","Well Laid Plans","Noxious Fumes","Envenom","A Thousand Cuts","Bane","PiercingWail","Dagger Spray+1"],"relics":["Ring of the Snake","Boot","Snake Skull","Blood Vial","Dream Catcher","Black Star"],"acts_visited":["Exordium","TheCity"],"potions_floor_usage":[21,22,24,24],"damage_taken":[{"damage":3.0,"enemies":"Cultist","floor":1.0,"turns":5.0},{"damage":0.0,"enemies":"Small Slimes","floor":3.0,"turns":2.0},{"damage":0.0,"enemies":"Jaw Worm","floor":4.0,"turns":4.0},{"damage":1.0,"enemies":"Large Slime","floor":5.0,"turns":5.0},{"damage":0.0,"enemies":"Lots of Slimes","floor":8.0,"turns":2.0},{"damage":12.0,"enemies":"Gremlin Nob","floor":10.0,"turns":3.0},{"damage":6.0,"enemies":"2 Fungi Beasts","floor":14.0,"turns":3.0},{"damage":18.0,"enemies":"The Guardian","floor":16.0,"turns":8.0},{"damage":9.0,"enemies":"2 Thieves","floor":18.0,"turns":4.0},{"damage":20.0,"enemies":"Shell Parasite","floor":20.0,"turns":7.0},{"damage":12,"enemies":"Snake Plant","floor":21,"turns":4},{"damage":20,"enemies":"Shelled Parasite and Fungi","floor":22,"turns":5},{"damage":44,"enemies":"Slavers","floor":24,"turns":3}],"seed_played":"2790937258877315660","potions_obtained":[{"floor":3.0,"key":"Fire Potion"},{"floor":4.0,"key":"AttackPotion"},{"floor":5.0,"key":"Weak Potion"},{"floor":20.0,"key":"PowerPotion"}],"is_trial":false,"path_per_floor":["M","T","M","M","M","R","?","M","T","E","$","?","R","M","R","B",null,"M","?","M","M","M","R","E"],"character_chosen":"THE_SILENT","items_purchased":["Venomology","Well Laid Plans"],"campfire_rested":3,"item_purchase_floors":[11,11],"current_hp_per_floor":[67,67,67,67,66,66,66,66,66,56,56,42,63,59,70,52,70,61,61,43,33,15,36,0,0],"gold":162,"neow_bonus":"RANDOM_COMMON_RELIC","is_daily":false,"chose_seed":false,"campfire_upgraded":1,"win_rate":0.0,"timestamp":1613735790,"path_taken":["M","?","?","M","M","R","?","M","T","E","$","?","R","M","R","BOSS","M","?","M","M","M","R","E"],"items_purchased_type":["Card","Card"],"build_version":"2020-12-22","purchased_purges":0,"victory":false,"max_hp_per_floor":[70,70,70,70,70,70,70,70,70,70,70,70,70,70,70,70,70,70,70,70,70,70,70,70,70],"card_choices":[{"not_picked":["Cloak And Dagger","Finisher"],"picked":"Bouncing Flask","floor":1.0},{"not_picked":["Bane","PiercingWail"],"picked":"Riddle With Holes","floor":3.0},{"not_picked":["Outmaneuver","Setup"],"picked":"Crippling Poison","floor":4.0},{"not_picked":["Acrobatics","Prepared"],"picked":"Backflip","floor":5.0},{"not_picked":["Deadly Poison","All Out Attack","Deflect"],"picked":"SKIP","floor":8.0},{"not_picked":["Backflip","Caltrops"],"picked":"Dash","floor":10.0},{"not_picked":["Acrobatics","Distraction"],"picked":"Noxious Fumes","floor":13.0},{"not_picked":["Outmaneuver","Finisher","Backflip"],"picked":"SKIP","floor":14.0},{"not_picked":["Distraction","Deflect"],"picked":"Envenom","floor":15.0},{"not_picked":["Tools of the Trade","Storm of Steel"],"picked":"A Thousand Cuts","floor":16.0},{"not_picked":["Dodge and Roll","Cloak And Dagger+1"],"picked":"Bane","floor":18.0},{"not_picked":["Finisher","Blade Dance","Crippling Poison+1"],"picked":"SKIP","floor":20.0},{"not_picked":["Deadly Poison","Dodge and Roll"],"picked":"PiercingWail","floor":21},{"not_picked":["Acrobatics","Blade Dance","Distraction"],"picked":"SKIP","floor":22},{"not_picked":["Bane","Dagger Throw"],"picked":"Dagger Spray+1","floor":23}],"player_experience":144963,"relics_obtained":[{"floor":2.0,"key":"Snake Skull"},{"floor":9.0,"key":"Blood Vial"},{"floor":10.0,"key":"Dream Catcher"}],"event_choices":[{"cards_removed":["Strike_G"],"damage_healed":0.0,"max_hp_gain":0.0,"max_hp_loss":0.0,"gold_gain":0.0,"event_name":"Living Wall","player_choice":"Forget","floor":7.0,"gold_loss":0.0,"damage_taken":0.0},{"damage_healed":0.0,"max_hp_gain":0.0,"max_hp_loss":0.0,"gold_gain":0.0,"event_name":"Shining Light","player_choice":"Entered Light","floor":12.0,"gold_loss":0.0,"damage_taken":14.0,"cards_upgraded":["Venomology","Neutralize"]},{"damage_healed":0.0,"max_hp_gain":0.0,"max_hp_loss":0.0,"gold_gain":0.0,"event_name":"N\u0027loth","player_choice":"Ignored","floor":19.0,"gold_loss":0.0,"damage_taken":0.0}],"is_beta":false,"boss_relics":[{"not_picked":["HoveringKite","Tiny House"],"picked":"Black Star"}],"items_purged_floors":[],"is_endless":false,"potions_floor_spawned":[3,4,5,20],"killed_by":"Slavers","ascension_level":4}}