{"host":"vyjryxuuuxkt43k4","time":1613720233,"event":{"mods":["AchievementEnabler","BaseMod","Colored Map","DeckTracker","Keyboard Shortcuts","Minty Spire (QoL Compilation)","Permanent Neow","Quick Restart","StSLib","SuperFastMode","everything is the same but u backflip on backflip"],"gold_per_floor":[15,15,32,32,32,32,55,94,94,134,158,158,240,273,273,366,366,385,385,410,110,163,163,188,188,258,293,329,359,394,287,287,385,385,405,425,261,261,261,261,304,60,87,87,127,127,127,152,152,152,152,152,152,17,55,55],"floor_reached":57,"language":"KOR","playtime":8809,"items_purged":["Strike_R","Anger","Metallicize","Wild Strike","Immolate"],"score":2813,"play_id":"74c86de5-de47-4c62-98ce-8312cf12f7ec","local_time":"20210219163713","is_ascension_mode":true,"campfire_choices":[{"data":"Fiend Fire","floor":6.0,"key":"SMITH"},{"floor":12.0,"key":"REST"},{"data":"Pommel Strike","floor":15.0,"key":"SMITH"},{"data":"Body Slam","floor":23.0,"key":"SMITH"},{"data":"Dark Embrace","floor":25.0,"key":"SMITH"},{"data":"Evolve","floor":32.0,"key":"SMITH"},{"floor":40.0,"key":"RECALL"},{"data":"Body Slam","floor":44.0,"key":"SMITH"},{"data":"Second Wind","floor":47,"key":"SMITH"},{"data":"Shrug It Off","floor":49,"key":"SMITH"},{"data":"Fire Breathing","floor":53,"key":"SMITH"}],"circlet_count":0,"master_deck":["AscendersBane","Defend_R","Defend_R","Defend_R","Defend_R","Bash","Fiend Fire+1","Flame Barrier","Shrug It Off+1","Second Wind+1","Pommel Strike+1","Dual Wield+1","Body Slam+1","Dark Embrace+1","Purity+1","Power Through+1","Seeing Red+1","Intimidate+1","Evolve+1","Reaper","Body Slam+1","Fire Breathing+1"],"relics":["Burning Blood","Golden Idol","Happy Flower","Anchor","Sundial","Tiny Chest","Toxic Egg 2","CaptainsWheel","SacredBark","Smiling Mask","Omamori","The Courier","MawBank","Coffee Dripper","Shuriken","Lantern","OrangePellets","Bronze Scales","Bottled Tornado","Bag of Marbles"],"acts_visited":["Exordium","TheCity","TheBeyond","TheEnding"],"potions_floor_usage":[51,56,56],"damage_taken":[{"damage":0.0,"enemies":"2 Louse","floor":1.0,"turns":4.0},{"damage":2.0,"enemies":"Jaw Worm","floor":3.0,"turns":3.0},{"damage":0.0,"enemies":"Cultist","floor":7.0,"turns":2.0},{"damage":33.0,"enemies":"Gremlin Nob","floor":8.0,"turns":4.0},{"damage":17.0,"enemies":"Lagavulin","floor":10.0,"turns":6.0},{"damage":1.0,"enemies":"Red Slaver","floor":11.0,"turns":3.0},{"damage":8.0,"enemies":"Gremlin Nob","floor":14.0,"turns":3.0},{"damage":9.0,"enemies":"Slime Boss","floor":16.0,"turns":9.0},{"damage":8.0,"enemies":"Shell Parasite","floor":18.0,"turns":4.0},{"damage":7.0,"enemies":"2 Thieves","floor":20.0,"turns":3.0},{"damage":4.0,"enemies":"Gremlin Leader","floor":27.0,"turns":4.0},{"damage":16.0,"enemies":"Cultist and Chosen","floor":28.0,"turns":6.0},{"damage":0.0,"enemies":"Centurion and Healer","floor":29.0,"turns":4.0},{"damage":3.0,"enemies":"Snake Plant","floor":30.0,"turns":4.0},{"damage":33.0,"enemies":"Automaton","floor":33.0,"turns":8.0},{"damage":0.0,"enemies":"Orb Walker","floor":35.0,"turns":3.0},{"damage":11.0,"enemies":"3 Darklings","floor":36.0,"turns":3.0},{"damage":34.0,"enemies":"Nemesis","floor":41.0,"turns":6.0},{"damage":0.0,"enemies":"Reptomancer","floor":45.0,"turns":2.0},{"damage":21,"enemies":"Jaw Worm Horde","floor":48,"turns":4},{"damage":11,"enemies":"Donu and Deca","floor":50,"turns":3},{"damage":30,"enemies":"Awakened One","floor":51,"turns":7},{"damage":0,"enemies":"Shield and Spear","floor":55,"turns":3},{"damage":34,"enemies":"The Heart","floor":56,"turns":7}],"seed_played":"-833298792251281552","potions_obtained":[{"floor":1.0,"key":"SteroidPotion"},{"floor":7.0,"key":"ColorlessPotion"},{"floor":8.0,"key":"AttackPotion"},{"floor":11.0,"key":"ElixirPotion"},{"floor":14.0,"key":"Strength Potion"},{"floor":29.0,"key":"Fire Potion"},{"floor":36.0,"key":"SpeedPotion"},{"floor":55,"key":"Regen Potion"}],"is_trial":false,"path_per_floor":["M","?","M","?","?","R","M","E","T","E","M","R","T","E","R","B",null,"M","?","M","$","T","R","T","R","T","E","M","M","M","$","R","B",null,"M","M","$","?","T","R","E","$","T","R","E","T","R","M","R","B","B",null,"R","$","E","B",null],"character_chosen":"IRONCLAD","items_purchased":["Dark Embrace","Purity+1","Energy Potion","LiquidMemories","Fire Breathing","BloodPotion","OrangePellets","DistilledChaos","FearPotion","SpeedPotion"],"campfire_rested":1,"item_purchase_floors":[21,21,21,31,37,37,42,42,54,54],"current_hp_per_floor":[74,74,75,49,44,44,50,23,23,12,17,39,39,37,37,34,65,63,63,62,62,62,62,62,62,62,64,54,60,63,63,63,36,65,71,71,71,71,71,71,73,73,73,73,75,75,75,64,64,59,43,67,67,67,75,75],"gold":55,"neow_bonus":"TRANSFORM_TWO_CARDS","is_daily":false,"chose_seed":false,"campfire_upgraded":9,"win_rate":0.0,"timestamp":1613720233,"path_taken":["M","?","M","?","?","R","M","E","T","E","M","R","?","E","R","BOSS","M","?","M","$","?","R","?","R","T","E","M","M","M","$","R","BOSS","M","M","$","?","?","R","E","?","T","R","E","?","R","M","R","BOSS","BOSS","R","$","E","BOSS"],"items_purchased_type":["Card","Card","Potion","Potion","Card","Potion","Relic","Potion","Potion","Potion"],"build_version":"2020-12-22","purchased_purges":5,"victory":true,"max_hp_per_floor":[75,75,75,75,75,75,75,75,75,75,75,75,75,75,75,75,75,75,75,75,75,75,75,75,75,75,75,75,75,75,75,75,75,75,75,75,75,75,75,75,75,75,75,75,75,75,75,75,75,75,75,75,75,75,75,75],"card_choices":[{"not_picked":["Entrench","Sword Boomerang"],"picked":"Anger","floor":1.0},{"not_picked":["Intimidate","Body Slam"],"picked":"Flame Barrier","floor":3.0},{"not_picked":["Flame Barrier","Clash"],"picked":"Wild Strike","floor":7.0},{"not_picked":["Seeing Red","Inflame"],"picked":"Shrug It Off","floor":8.0},{"not_picked":["Entrench","True Grit"],"picked":"Second Wind","floor":10.0},{"not_picked":["True Grit","Infernal Blade"],"picked":"Pommel Strike","floor":11.0},{"not_picked":["Cleave","Double Tap+1"],"picked":"Dual Wield+1","floor":14.0},{"not_picked":["Bludgeon","Corruption"],"picked":"Immolate","floor":16.0},{"not_picked":["Metallicize","Sword Boomerang","Flex+1"],"picked":"SKIP","floor":18.0},{"not_picked":["Rampage","Thunderclap"],"picked":"Body Slam","floor":20.0},{"not_picked":["Limit Break+1","Flame Barrier+1"],"picked":"Power Through+1","floor":27.0},{"not_picked":["Anger","Cleave"],"picked":"Seeing Red+1","floor":28.0},{"not_picked":["Wild Strike","Perfected Strike"],"picked":"Intimidate+1","floor":29.0},{"not_picked":["Pummel","Anger"],"picked":"Evolve","floor":30.0},{"not_picked":["Immolate","Bludgeon"],"picked":"Reaper","floor":33.0},{"not_picked":["Perfected Strike","Dropkick","Anger"],"picked":"SKIP","floor":35.0},{"not_picked":["Heavy Blade","Sword Boomerang"],"picked":"Body Slam","floor":36.0},{"not_picked":["Dual Wield+1","Wild Strike","Combust"],"picked":"SKIP","floor":41.0},{"not_picked":["Body Slam","Sword Boomerang+1","Carnage"],"picked":"SKIP","floor":45.0},{"not_picked":["Cleave+1","Dual Wield+1","Evolve+1"],"picked":"SKIP","floor":48},{"not_picked":["Headbutt+1","Uppercut","Perfected Strike"],"picked":"SKIP","floor":55}],"player_experience":1036621,"relics_obtained":[{"floor":8.0,"key":"Anchor"},{"floor":9.0,"key":"Sundial"},{"floor":10.0,"key":"Tiny Chest"},{"floor":13.0,"key":"Toxic Egg 2"},{"floor":14.0,"key":"CaptainsWheel"},{"floor":22.0,"key":"Smiling Mask"},{"floor":24.0,"key":"Omamori"},{"floor":26.0,"key":"The Courier"},{"floor":27.0,"key":"MawBank"},{"floor":39.0,"key":"Shuriken"},{"floor":41.0,"key":"Lantern"},{"floor":45.0,"key":"Bronze Scales"},{"floor":46,"key":"Bottled Tornado"},{"floor":55,"key":"Bag of Marbles"}],"event_choices":[{"cards_removed":["Strike_R"],"damage_healed":0.0,"max_hp_gain":0.0,"max_hp_loss":0.0,"gold_gain":0.0,"event_name":"Living Wall","player_choice":"Forget","floor":2.0,"gold_loss":0.0,"damage_taken":0.0},{"damage_healed":0.0,"max_hp_gain":0.0,"max_hp_loss":0.0,"gold_gain":0.0,"event_name":"Golden Idol","player_choice":"Take Damage","floor":4.0,"gold_loss":0.0,"damage_taken":26.0,"relics_obtained":["Golden Idol"]},{"damage_healed":0.0,"max_hp_gain":0.0,"max_hp_loss":0.0,"gold_gain":0.0,"event_name":"Scrap Ooze","player_choice":"Success","floor":5.0,"gold_loss":0.0,"damage_taken":5.0,"relics_obtained":["Happy Flower"]},{"cards_removed":["Strike_R"],"damage_healed":0.0,"max_hp_gain":0.0,"max_hp_loss":0.0,"gold_gain":0.0,"event_name":"Bonfire Elementals","player_choice":"Offered Basic","floor":19.0,"gold_loss":0.0,"damage_taken":0.0},{"damage_healed":0.0,"max_hp_gain":0.0,"max_hp_loss":0.0,"gold_gain":0.0,"event_name":"Tomb of Lord Red Mask","player_choice":"Ignored","floor":38.0,"gold_loss":0.0,"damage_taken":0.0}],"is_beta":false,"boss_relics":[{"not_picked":["Calling Bell","Sozu"],"picked":"SacredBark"},{"not_picked":["Tiny House","Pandora\u0027s Box"],"picked":"Coffee Dripper"}],"items_purged_floors":[21,31,37,42,54],"is_endless":false,"potions_floor_spawned":[1,7,8,11,14,29,30,36,55],"ascension_level":20}}