{"host":"7kbs9tkabmhxmc03","time":1613734697,"event":{"mods":["A Magickal Journey","Bartender","BaseMod","BetterRewards","CatGirl Mod","Conspire","Friendly Minions","GifTheSpireLib","Hermit","Hubris","Jedi Mod","Koishi","LagranYue(???·?)","Marisa????????","Minty Spire (QoL Compilation)","Prisma Mod","Railgun Mod","Remilia??????","Replay The Spire","Shapeshifter Mod","StSLib","Td1madao Mod","The Animator","The Blackbeard","The Bladedancer","The Bug Knight","The Construct","The Cursed","The Death Knight","The Disciple","The Dragon Tamer","The Druid","The Gatherer","The Hierophant","The Marked","The Mystic","The Necromancer","The Poker Player","The Runesmith","The Senshi","The Servant 0.9.4","The Vixen","TheBandit","TheFirefly","TheSwordswoman","Waifu the Spire","Yuri Mod"],"gold_per_floor":[110,123,22,38,51,81,81,92,117,132,31,47,47,13,13,13,13],"floor_reached":16,"language":"ENG","playtime":1963,"items_purged":[],"score":104,"play_id":"de69fc19-0e4c-4ef7-a3bc-81647fcfdeeb","local_time":"20210219123817","is_ascension_mode":false,"campfire_choices":[{"data":"thefirefly:DataMiner","floor":7,"key":"SMITH"},{"data":"Magnetism","floor":7,"key":"SMITH"},{"floor":15,"key":"REST"}],"circlet_count":0,"master_deck":["thefirefly:DataMiner+1","Strike_Bartender","Strike_Bartender","Strike_Bartender","Strike_Bartender","Defend_Bartender","Defend_Bartender","Defend_Bartender","Defend_Bartender","Somersault","With_A_Twist","Fight_Dirty","Free_Pour","Writhe","Magnetism+1","Stick_and_Move","Sucker_Punch","Cross","Form_Shift","Ripple","Foot_Thrust","Dart","Glare","Windup","SwitchConfidence","Somersault","Insight_B","Replay:BasicMightCard","Bloodbath_Bartender"],"relics":["Sneakers","LagranYue:RandomDrawCardRelic","ReplayTheSpireMod:CursedCoin","Replay:Arrowhead","Centennial Puzzle"],"acts_visited":["Exordium"],"potions_floor_usage":[10],"damage_taken":[{"damage":0,"enemies":"Small Slimes","floor":1,"turns":4},{"damage":4,"enemies":"Cultist","floor":2,"turns":4},{"damage":4,"enemies":"conspire:RoseBush","floor":4,"turns":4},{"damage":21,"enemies":"Exordium Wildlife","floor":5,"turns":4},{"damage":23,"enemies":"HollowMod:MossKnight","floor":6,"turns":7},{"damage":3,"enemies":"Looter","floor":8,"turns":4},{"damage":18,"enemies":"conspire:2 RoseBushes","floor":10,"turns":5},{"damage":1,"enemies":"Blue Slaver","floor":12,"turns":3},{"damage":26,"enemies":"The Guardian","floor":16,"turns":2}],"seed_played":"-8889427326611436095","potions_obtained":[{"floor":5,"key":"GamblersBrew"},{"floor":6,"key":"Swift Potion"},{"floor":12,"key":"DistilledChaos"}],"is_trial":false,"path_per_floor":["M","M","$","M","M","E","R","M","T","M","$","M","?","$","R","B"],"character_chosen":"BARTENDER","items_purchased":["Free_Pour","ReplayTheSpireMod:CursedCoin","Magnetism","Stick_and_Move","Dart","Glare","Bloodbath_Bartender"],"campfire_rested":1,"item_purchase_floors":[3,3,3,3,11,11,14],"current_hp_per_floor":[77,73,73,69,48,25,25,22,22,4,4,3,3,3,26,0,0],"gold":13,"neow_bonus":"TEN_PERCENT_HP_BONUS","is_daily":false,"chose_seed":false,"campfire_upgraded":2,"win_rate":0.0,"timestamp":1613734697,"path_taken":["M","M","$","M","M","E","R","M","T","M","$","M","?","$","R","BOSS"],"items_purchased_type":["Card","Relic","Card","Card","Card","Card","Card"],"build_version":"2020-12-22","purchased_purges":0,"victory":false,"max_hp_per_floor":[77,77,77,77,77,77,77,77,77,77,77,77,77,77,77,77,77],"card_choices":[{"not_picked":["Greased_Lightning","Ball_Of_Ice"],"picked":"With_A_Twist","floor":1},{"not_picked":["Greased_Lightning","Dancing_Jab"],"picked":"Fight_Dirty","floor":2},{"not_picked":["Free_Pour","Ripple"],"picked":"Sucker_Punch","floor":4},{"not_picked":["Ripple","Pony_Shot"],"picked":"Cross","floor":5},{"not_picked":["OpoOpo_Form","ThreeSidedStar"],"picked":"Form_Shift","floor":6},{"not_picked":["Stick_and_Move","Sucker_Punch"],"picked":"Ripple","floor":8},{"not_picked":["Dragonkick","Feint"],"picked":"Foot_Thrust","floor":10},{"not_picked":["Pony_Shot","Dancing_Jab"],"picked":"Windup","floor":12}],"player_experience":50541,"relics_obtained":[{"floor":6,"key":"Replay:Arrowhead"},{"floor":9,"key":"Centennial Puzzle"}],"event_choices":[{"damage_healed":0,"gold_gain":0,"player_choice":"4 cards matched","damage_taken":0,"max_hp_gain":0,"max_hp_loss":0,"event_name":"Match and Keep!","floor":13,"gold_loss":0,"cards_obtained":["SwitchConfidence","Somersault","Insight_B","Replay:BasicMightCard"]}],"is_beta":false,"boss_relics":[],"items_purged_floors":[],"is_endless":false,"potions_floor_spawned":[5,6,12],"killed_by":"The Guardian","ascension_level":0}}