{"host":"kq5z4hx2798lxd5l","time":1613770204,"event":{"mods":["BaseMod","Better Note","BetterRewards","Colored Map","Colored Powertips","Downfall","Hermit","Hubris","Infinite Spire","Jorbs\u0027s Wanderer Trilogy","Marisa????????","Minty Spire (QoL Compilation)","Rare Cards Sparkle","Reliquary","Replay The Spire","StSLib","The Cursed","The Disciple","The Hierophant","The Necromancer","The Runesmith","The Servant 0.9.4"],"gold_per_floor":[110,123,135,135,147,147,173,186,186,199,230,230,246,246,246,351,351,368,368,394,166,176,208,208,63,88,88,114,114,144,144,144,247,247,264,264,112,159,353,387,387,414,414,445,445,168,183,195,195,297,297,307,307,311,311,311,311,311,326,349,365,393,393,404,404,404,494,503,519,519,444,394,401,406,436,436,436,457,466,466,466,466,466],"floor_reached":82,"language":"SPA","playtime":2901,"items_purged":["Strike_R","Strike_R","Strike_R","Regret","Defend_R","Defend_R"],"score":1512,"play_id":"c72fdb44-6755-4745-8e0f-8c828c6d6e73","local_time":"20210219213004","is_ascension_mode":true,"campfire_choices":[{"data":"Uppercut","floor":6,"key":"SMITH"},{"data":"Whirlwind","floor":12,"key":"SMITH"},{"floor":15,"key":"REST"},{"data":"Battle Trance","floor":24,"key":"SMITH"},{"data":"Anger","floor":27,"key":"SMITH"},{"data":"Rage","floor":29,"key":"SMITH"},{"data":"ReplayTheSpireMod:Corrosion Curse","floor":32,"key":"SMITH"},{"data":"Replay:Fractal Strike","floor":41,"key":"SMITH"},{"data":"Demon Form","floor":45,"key":"SMITH"},{"data":"Infernal Blade","floor":45,"key":"SMITH"},{"floor":49,"key":"REST"},{"data":"Berserk","floor":57,"key":"SMITH"},{"data":"Shockwave","floor":57,"key":"SMITH"},{"data":"ReplayTheSpireMod:LeadingStrike","floor":63,"key":"SMITH"},{"data":"Burning Pact","floor":63,"key":"SMITH"},{"data":"ReplayTheSpireMod:Limb From Limb","floor":66,"key":"SMITH"},{"data":"Infernal Blade","floor":66,"key":"SMITH"},{"data":"infinitespire:Collect","floor":80,"key":"SMITH"},{"data":"Demonic Infusion","floor":80,"key":"SMITH"}],"circlet_count":0,"master_deck":["Strike_R+1","Bash","Rage+1","Anger+1","Shrug It Off","Uppercut+1","Pommel Strike+1","Whirlwind+1","Shockwave+1","Battle Trance+1","Rage+1","Fiend Fire+1","Replay:Undeath\u0027s Touch+1","Pommel Strike+1","ReplayTheSpireMod:Corrosion Curse+1","Demon Form+1","Infernal Blade+1","Infernal Blade+1","Twin Strike+1","Replay:Fractal Strike+1","Burning Pact+1","Flame Barrier+1","Inflame","Berserk+1","ReplayReversal+1","ReplayTheSpireMod:LeadingStrike+1","ReplayTheSpireMod:Limb From Limb+1","Limit Break","infinitespire:Gouge","infinitespire:Collect+1","Demonic Infusion+1","Battle Trance"],"relics":["Runesmith:UraniumAnvil","reliquary:RosewoodLute","Tiny Chest","hubris:TenFootPole","ReplayTheSpireMod:Ring of Exchange","Ring of Peace","ClockworkSouvenir","Spirit Poop","reliquary:Aerogel","Guide Book","PreservedInsect","Chemical X","reliquary:Spinner","Nunchaku","infinitespire:Golems Mask","reliquary:RustamsPendant","reliquary:Crutches","WingedGreaves","infinitespire:PuzzleCube","hubris:Zylophone","Replay:Arrowhead","Whetstone","hubris:ScarierMask","Regal Pillow","Pet Ghost","reliquary:FerryPass","reliquary:RosewoodLute","CeramicFish","Smiling Mask","hubris:Towel","infinitespire:Burning Sword","hubris:BottledHeart","hubris:IronBody","infinitespire:Beetle Shell","Kunai","CaptainsWheel","Happy Flower","hubris:OldNail"],"acts_visited":["Exordium","TheCity","TheBeyond","Exordium","TheCity"],"potions_floor_usage":[7,11,16,23,23,33,44,50,50,67,74,75],"damage_taken":[{"damage":0,"enemies":"2 Louse","floor":1,"turns":3},{"damage":0,"enemies":"Cultist","floor":2,"turns":3},{"damage":0,"enemies":"Small Slimes","floor":3,"turns":3},{"damage":11,"enemies":"3 Louse","floor":5,"turns":3},{"damage":11,"enemies":"Lagavulin","floor":7,"turns":6},{"damage":2,"enemies":"Large Slime","floor":8,"turns":5},{"damage":9,"enemies":"Blue Slaver","floor":10,"turns":3},{"damage":14,"enemies":"Gremlin Nob","floor":11,"turns":3},{"damage":9,"enemies":"Exordium Wildlife","floor":13,"turns":2},{"damage":9,"enemies":"Hexaghost","floor":16,"turns":9},{"damage":10,"enemies":"3 Byrds","floor":18,"turns":5},{"damage":0,"enemies":"Chosen","floor":22,"turns":4},{"damage":0,"enemies":"Slavers","floor":23,"turns":5},{"damage":0,"enemies":"Nightmare","floor":28,"turns":5},{"damage":0,"enemies":"Slavers","floor":30,"turns":1},{"damage":0,"enemies":"Collector","floor":33,"turns":5},{"damage":21,"enemies":"3 Darklings","floor":35,"turns":6},{"damage":15,"enemies":"Nightmare","floor":40,"turns":7},{"damage":0,"enemies":"Giant Head","floor":42,"turns":4},{"damage":0,"enemies":"R_Hoarder","floor":44,"turns":5},{"damage":0,"enemies":"Orb Walker","floor":47,"turns":2},{"damage":0,"enemies":"4 Shapes","floor":48,"turns":1},{"damage":15,"enemies":"Replay:Hell Engine","floor":50,"turns":7},{"damage":0,"enemies":"Small Slimes","floor":52,"turns":1},{"damage":0,"enemies":"Cultist","floor":54,"turns":3},{"damage":0,"enemies":"Lagavulin","floor":59,"turns":3},{"damage":0,"enemies":"Jaw Worm","floor":61,"turns":2},{"damage":0,"enemies":"3 Sentries","floor":62,"turns":1},{"damage":0,"enemies":"Looter","floor":64,"turns":2},{"damage":0,"enemies":"Slime Boss","floor":67,"turns":3},{"damage":0,"enemies":"3 Byrds","floor":69,"turns":1},{"damage":0,"enemies":"2 Thieves","floor":73,"turns":1},{"damage":0,"enemies":"Nightmare","floor":74,"turns":5},{"damage":0,"enemies":"Book of Stabbing","floor":75,"turns":2},{"damage":0,"enemies":"Slavers","floor":78,"turns":2}],"seed_played":"1153540913109989533","potions_obtained":[{"floor":3,"key":"LiquidBronze"},{"floor":5,"key":"champ:CounterPotion"},{"floor":7,"key":"AttackPotion"},{"floor":11,"key":"champ:CounterPotion"},{"floor":13,"key":"CultistPotion"},{"floor":30,"key":"DistilledChaos"},{"floor":40,"key":"champ:CounterPotion"},{"floor":42,"key":"Weak Potion"},{"floor":44,"key":"Fire Potion"},{"floor":47,"key":"SkillPotion"},{"floor":59,"key":"Adrenaline Potion"},{"floor":64,"key":"Dexterity Potion"},{"floor":67,"key":"PowerPotion"},{"floor":69,"key":"Death Potion"},{"floor":78,"key":"SpeedPotion"}],"is_trial":false,"path_per_floor":["M","M","M","?","M","R","E","M","T","M","E","R","M","?","R","B",null,"M","?","T","$","M","E","R","$","T","R","NM","R","E","?","R","B",null,"M","?","$","T","?","NM","R","E","T","E","R","$","M","M","R","B",null,"M","?","M","?","AVR","R","T","E","T","M","E","R","M","?","R_BF","B",null,"M","?","?","$","M","NM","E","T","T","E","?","R","AVR","?"],"character_chosen":"IRONCLAD","items_purchased":["Guide Book","Chemical X","Infernal Blade","Whetstone"],"campfire_rested":2,"item_purchase_floors":[21,25,37,46],"current_hp_per_floor":[80,80,80,80,69,69,58,56,56,47,33,33,24,24,48,39,80,70,70,70,70,70,70,70,70,70,70,70,70,70,70,70,70,80,59,59,59,59,49,34,34,34,34,34,34,34,34,34,58,43,80,80,80,80,80,80,80,80,80,80,80,80,80,80,80,80,80,80,80,1,1,1,1,1,1,1,1,1,1,1,1,0,0],"gold":466,"neow_bonus":"BOSS_RELIC","is_daily":false,"chose_seed":false,"campfire_upgraded":17,"win_rate":0.0,"timestamp":1613770204,"path_taken":["M","M","M","?","M","R","E","M","T","M","E","R","?","?","R","BOSS","M","?","?","$","M","E","R","?","T","R","NM","R","E","?","R","BOSS","M","?","$","?","?","NM","R","E","T","E","R","$","M","M","R","BOSS","M","?","M","?","AVR","R","?","E","T","M","E","R","M","?","R_BF","BOSS","M","?","?","$","M","NM","E","?","T","E","?","R","AVR","?"],"items_purchased_type":["Relic","Relic","Card","Relic"],"build_version":"2020-12-22","purchased_purges":6,"victory":false,"max_hp_per_floor":[80,80,80,80,80,80,80,80,80,80,80,80,80,80,80,80,80,80,80,80,80,80,80,80,80,80,80,80,80,80,80,80,80,80,80,80,80,80,80,80,80,80,80,80,80,80,80,80,80,80,80,80,80,80,80,80,80,80,80,80,80,80,80,80,80,80,80,80,80,1,1,1,1,1,1,1,1,1,1,1,1,1,1],"card_choices":[{"not_picked":["Havoc","Power Through"],"picked":"Rage","floor":1},{"not_picked":["ReplayTheSpireMod:Strike From Hell","True Grit"],"picked":"Anger","floor":2},{"not_picked":["Havoc","Armaments"],"picked":"Shrug It Off","floor":3},{"not_picked":["Sword Boomerang","Pommel Strike"],"picked":"Uppercut","floor":5},{"not_picked":["Run Through","Headbutt"],"picked":"Pommel Strike","floor":7},{"not_picked":["Feed","Pommel Strike"],"picked":"Whirlwind","floor":8},{"not_picked":["Headbutt","Sentinel"],"picked":"Shockwave","floor":10},{"not_picked":["Rupture","hubris:CleavingFinish"],"picked":"Battle Trance","floor":11},{"not_picked":["Havoc","Clothesline"],"picked":"Rage","floor":13},{"not_picked":["Demonic Infusion","Hemogenesis"],"picked":"Fiend Fire","floor":16},{"not_picked":["Searing Blow","ReplayTheSpireMod:Strike From Hell"],"picked":"Replay:Undeath\u0027s Touch+1","floor":18},{"not_picked":["Replay:Undeath\u0027s Touch","Intimidate"],"picked":"Pommel Strike+1","floor":22},{"not_picked":["Sentinel","Anger","Clash"],"picked":"SKIP","floor":23},{"not_picked":["Heavy Blade","Replay:Undeath\u0027s Touch","Shockwave"],"picked":"SKIP","floor":28},{"not_picked":["Replay:Undeath\u0027s Touch","Inflame"],"picked":"ReplayTheSpireMod:Corrosion Curse","floor":30},{"not_picked":["Bludgeon","Juggernaut"],"picked":"Demon Form","floor":33},{"not_picked":["Warcry","Perfected Strike","Dual Wield"],"picked":"SKIP","floor":35},{"not_picked":["Armaments","Warcry+1"],"picked":"Twin Strike+1","floor":39},{"not_picked":["infinitespire:Gouge","infinitespire:Starlight"],"picked":"Replay:Fractal Strike","floor":40},{"not_picked":["Perfected Strike","Thunderclap+1","Evolve+1"],"picked":"SKIP","floor":40},{"not_picked":["Havoc","Searing Blow+1"],"picked":"Burning Pact","floor":42},{"not_picked":["Warcry+1","Hemokinesis"],"picked":"Flame Barrier+1","floor":44},{"not_picked":["Pommel Strike","Clothesline"],"picked":"Inflame","floor":47},{"not_picked":["Corruption","hubris:SharpeningStone","ReplayTheSpireMod:Strike From Hell+1"],"picked":"SKIP","floor":48},{"not_picked":["Impervious","Corruption"],"picked":"Berserk","floor":50},{"not_picked":["ReplayTheSpireMod:Strike From Hell","Armaments","Sentinel"],"picked":"SKIP","floor":52},{"not_picked":["Sever Soul","Shrug It Off"],"picked":"ReplayReversal","floor":54},{"not_picked":["Wild Strike","Bludgeon","Intimidate"],"picked":"SKIP","floor":59},{"not_picked":["Anger","Flame Barrier"],"picked":"ReplayTheSpireMod:LeadingStrike","floor":61},{"not_picked":["Sever Soul","Twin Strike","Reckless Charge"],"picked":"SKIP","floor":62},{"not_picked":["Havoc","Pummel"],"picked":"ReplayTheSpireMod:Limb From Limb","floor":64},{"not_picked":["Brutality","Fiend Fire"],"picked":"Limit Break","floor":67},{"not_picked":["infinitespire:DeathsTouch","infinitespire:SealOfDarkness+"],"picked":"infinitespire:Gouge","floor":68},{"not_picked":["Life Link","Rampage","Body Slam"],"picked":"SKIP","floor":69},{"not_picked":["Flex","Uppercut","Battle Trance"],"picked":"SKIP","floor":73},{"not_picked":["infinitespire:Menacing","ReplayTheSpireMod:Echoes of Time"],"picked":"infinitespire:Collect","floor":74},{"not_picked":["Iron Wave+1","ReplayReversal","Pommel Strike"],"picked":"SKIP","floor":74},{"not_picked":["Sentinel","Reckless Charge"],"picked":"Demonic Infusion","floor":75},{"not_picked":["Demon Form","Pommel Strike","Uppercut+1"],"picked":"SKIP","floor":78}],"player_experience":541983,"relics_obtained":[{"floor":7,"key":"reliquary:RosewoodLute"},{"floor":9,"key":"Tiny Chest"},{"floor":11,"key":"hubris:TenFootPole"},{"floor":14,"key":"ReplayTheSpireMod:Ring of Exchange"},{"floor":14,"key":"Ring of Peace"},{"floor":20,"key":"reliquary:Aerogel"},{"floor":23,"key":"PreservedInsect"},{"floor":26,"key":"reliquary:Spinner"},{"floor":28,"key":"Nunchaku"},{"floor":30,"key":"infinitespire:Golems Mask"},{"floor":38,"key":"reliquary:Crutches"},{"floor":40,"key":"WingedGreaves"},{"floor":42,"key":"infinitespire:PuzzleCube"},{"floor":43,"key":"hubris:Zylophone"},{"floor":44,"key":"Replay:Arrowhead"},{"floor":58,"key":"reliquary:FerryPass"},{"floor":59,"key":"reliquary:SculptingSteel"},{"floor":60,"key":"CeramicFish"},{"floor":62,"key":"Smiling Mask"},{"floor":74,"key":"hubris:IronBody"},{"floor":75,"key":"infinitespire:Beetle Shell"},{"floor":76,"key":"Kunai"},{"floor":77,"key":"CaptainsWheel"},{"floor":78,"key":"Happy Flower"}],"event_choices":[{"cards_removed":["Strike_R"],"damage_healed":0,"gold_gain":0,"player_choice":"Card Removal","damage_taken":0,"max_hp_gain":0,"max_hp_loss":0,"event_name":"Wheel of Change","floor":4,"gold_loss":0},{"cards_removed":["Amnesia"],"damage_healed":0,"gold_gain":0,"player_choice":"Offered Curse","damage_taken":0,"relics_obtained":["Spirit Poop"],"max_hp_gain":0,"max_hp_loss":0,"event_name":"Bonfire Elementals","floor":19,"gold_loss":0},{"damage_healed":0,"gold_gain":0,"player_choice":"Ignored","damage_taken":0,"max_hp_gain":0,"max_hp_loss":0,"event_name":"betterNote:BetterNote","floor":31,"gold_loss":0,"cards_obtained":["hermit:Vantage"]},{"cards_removed":["Defend_R"],"damage_healed":0,"gold_gain":0,"player_choice":"Removed Skill","damage_taken":0,"max_hp_gain":0,"max_hp_loss":0,"event_name":"Falling","floor":36,"gold_loss":0},{"damage_healed":0,"gold_gain":0,"player_choice":"Box","damage_taken":0,"relics_obtained":["Regal Pillow"],"max_hp_gain":0,"max_hp_loss":0,"event_name":"Big Fish","floor":53,"gold_loss":0,"cards_obtained":["Regret"]},{"damage_healed":0,"gold_gain":0,"player_choice":"Grow","damage_taken":0,"max_hp_gain":0,"max_hp_loss":0,"event_name":"Living Wall","floor":55,"gold_loss":0,"cards_upgraded":["ReplayReversal"]},{"cards_removed":["Defend_R"],"damage_healed":0,"gold_gain":0,"player_choice":"Gave Gold","damage_taken":0,"max_hp_gain":0,"max_hp_loss":0,"event_name":"Beggar","floor":71,"gold_loss":75},{"damage_healed":0,"gold_gain":0,"player_choice":"Read","damage_taken":0,"max_hp_gain":0,"max_hp_loss":0,"event_name":"The Library","floor":79,"gold_loss":0,"cards_obtained":["Battle Trance"]}],"is_beta":false,"boss_relics":[{"not_picked":["ReplayTheSpireMod:CursedCoin","Philosopher\u0027s Stone"],"picked":"ClockworkSouvenir"},{"not_picked":["hubris:HerbalPaste","reliquary:BrokenClock"],"picked":"reliquary:RustamsPendant"},{"not_picked":["TheAbacus","Kintsugi"],"picked":"hubris:ScarierMask"},{"not_picked":["infinitespire:Cupcake","bronze:MakeshiftBattery"],"picked":"infinitespire:Burning Sword"}],"items_purged_floors":[21,37,46,56,72,81],"is_endless":true,"potions_floor_spawned":[3,5,7,11,13,30,40,42,44,47,59,64,67,69,78],"ascension_level":1}}