{"host":"7wi4qgm5yw4j7oz0","time":1613768779,"event":{"mods":["AchievementEnabler","BaseMod","Block Reminder","Colored Map","Colored Powertips","Highlight Path","Minty Spire (QoL Compilation)","Permanent Neow","Random Character Button","StSLib","SuperFastMode","everything is the same but u backflip on backflip"],"gold_per_floor":[114,133,149,149,149,149,184,184,211,224,234,247,247,263,263,342,342,357,377,108,120,120,120],"floor_reached":22,"language":"KOR","playtime":841,"items_purged":["Strike_R"],"score":333,"play_id":"82e2a39d-198d-4db3-8c3b-78559a431aa1","local_time":"20210220060619","is_ascension_mode":true,"campfire_choices":[{"data":"Headbutt","floor":6,"key":"SMITH"},{"floor":8,"key":"REST"},{"data":"Shockwave","floor":13,"key":"SMITH"},{"data":"Body Slam","floor":15,"key":"SMITH"}],"circlet_count":0,"master_deck":["AscendersBane","Strike_R","Strike_R","Defend_R","Defend_R","Defend_R","Defend_R","Bash+1","Blood for Blood+1","Headbutt+1","Clothesline+1","Shockwave+1","Spot Weakness","Shrug It Off","Combust","Body Slam+1","Limit Break","Warcry","Sword Boomerang+1"],"relics":["Burning Blood","The Courier","FossilizedHelix","Red Skull","Empty Cage","Question Card"],"acts_visited":["Exordium","TheCity"],"potions_floor_usage":[1,16,16,19],"damage_taken":[{"damage":6,"enemies":"2 Louse","floor":1,"turns":4},{"damage":4,"enemies":"Jaw Worm","floor":2,"turns":4},{"damage":6,"enemies":"Cultist","floor":3,"turns":3},{"damage":40,"enemies":"Lagavulin","floor":7,"turns":7},{"damage":5,"enemies":"Lots of Slimes","floor":10,"turns":4},{"damage":14,"enemies":"3 Louse","floor":11,"turns":3},{"damage":0,"enemies":"Large Slime","floor":12,"turns":6},{"damage":0,"enemies":"2 Fungi Beasts","floor":14,"turns":2},{"damage":16,"enemies":"Slime Boss","floor":16,"turns":9},{"damage":9,"enemies":"Chosen","floor":18,"turns":3},{"damage":30,"enemies":"3 Byrds","floor":19,"turns":5},{"damage":23,"enemies":"Centurion and Healer","floor":21,"turns":5},{"damage":20,"enemies":"Cultist and Chosen","floor":22,"turns":4}],"seed_played":"-4356499956217789019","potions_obtained":[{"floor":1,"key":"EntropicBrew"},{"floor":16,"key":"LiquidMemories"},{"floor":19,"key":"BlessingOfTheForge"}],"is_trial":false,"path_per_floor":["M","M","M","?","T","R","E","R","T","M","M","M","R","M","R","B",null,"M","M","$","M","M"],"character_chosen":"IRONCLAD","items_purchased":["Question Card"],"campfire_rested":1,"item_purchase_floors":[20],"current_hp_per_floor":[68,70,70,47,47,47,13,35,35,36,28,34,34,40,40,30,64,61,37,37,20,0,0],"gold":120,"neow_bonus":"UPGRADE_CARD","is_daily":false,"chose_seed":false,"campfire_upgraded":3,"win_rate":0.0,"timestamp":1613768779,"path_taken":["M","M","M","?","?","R","E","R","T","?","M","M","R","M","R","BOSS","M","M","?","M","M"],"items_purchased_type":["Relic"],"build_version":"2020-12-22","purchased_purges":1,"victory":false,"max_hp_per_floor":[75,75,75,75,75,75,75,75,75,75,75,75,75,75,75,75,75,75,75,75,75,75,75],"card_choices":[{"not_picked":["Burning Pact","True Grit"],"picked":"Blood for Blood","floor":1},{"not_picked":["Cleave","Inflame"],"picked":"Headbutt","floor":2},{"not_picked":["Disarm","Pommel Strike"],"picked":"Clothesline","floor":3},{"not_picked":["Fire Breathing","Havoc"],"picked":"Shockwave","floor":7},{"not_picked":["Twin Strike","Infernal Blade"],"picked":"Spot Weakness","floor":10},{"not_picked":["Sword Boomerang","Headbutt"],"picked":"Shrug It Off","floor":11},{"not_picked":["Clothesline","Bloodletting"],"picked":"Combust","floor":12},{"not_picked":["Power Through","Inflame"],"picked":"Body Slam","floor":14},{"not_picked":["Exhume","Juggernaut"],"picked":"Limit Break","floor":16},{"not_picked":["Clothesline","Hemokinesis"],"picked":"Warcry","floor":18},{"not_picked":["Uppercut","Sword Boomerang","Armaments"],"picked":"SKIP","floor":19},{"not_picked":["True Grit","Searing Blow","Cleave"],"picked":"Sword Boomerang+1","floor":21}],"player_experience":345084,"relics_obtained":[{"floor":5,"key":"The Courier"},{"floor":7,"key":"FossilizedHelix"},{"floor":9,"key":"Red Skull"}],"event_choices":[{"damage_healed":0,"gold_gain":0,"player_choice":"Entered Light","damage_taken":23,"max_hp_gain":0,"max_hp_loss":0,"event_name":"Shining Light","floor":4,"gold_loss":0,"cards_upgraded":["Clothesline","Blood for Blood"]}],"is_beta":false,"boss_relics":[{"not_picked":["Black Star","Cursed Key"],"picked":"Empty Cage"}],"items_purged_floors":[20],"is_endless":false,"potions_floor_spawned":[1,3,10,14,16,19],"killed_by":"Cultist and Chosen","ascension_level":15}}