{"host":"yfi73559mxreacvo","time":1613738405,"event":{"mods":["AchievementEnabler","Act Like it!","Arknights","Aspiration","BaseMod","Better Third Choice","BetterRewards","Colored Map","Conspire","Evolution","GifTheSpireLib","Halation","HexUI Lib","Highlight Path","Hubris","Minty Spire (QoL Compilation)","Railgun Mod","Reliquary","Replay The Spire","StSLib","Stuff the Spire","The Dragonkin","The Florist","The Gatherer","Wandering Minibosses"],"gold_per_floor":[110,128,128,53,80,80,188,188,234,245,245,257,274,394,394,394,394],"floor_reached":16,"language":"ENG","playtime":886,"items_purged":["ats:Strike G"],"score":110,"play_id":"e2daec25-b638-4033-8875-fa9254c668c3","local_time":"20210219074005","is_ascension_mode":false,"campfire_choices":[{"data":"ats:Emotion Absorption","floor":6,"key":"SMITH"},{"data":"ats:True Silver Slash","floor":8,"key":"SMITH"},{"floor":11,"key":"REST"},{"floor":15,"key":"RECALL"}],"circlet_count":0,"master_deck":["ats:Strike C","ats:Strike S","ats:Strike V","ats:Armor Crushing Shot","ats:Defend","ats:Defend","ats:Defend","ats:Defend","ats:Emotion Absorption+1","ats:Absolute Focus","ats:Thermite Blade","ats:Chain Hook","ats:True Silver Slash+1","ats:Powerful Strike","ats:Sashimi Platter","ats:Very Hot Blade"],"relics":["ats:Sanity","EVO:Axolotl","NeowsBlessing","StuffTheSpire:TintedRock","ats:Originium","hubris:MedicalManual","Frozen Egg 2"],"acts_visited":["Exordium"],"potions_floor_usage":[7,16],"damage_taken":[{"damage":0,"enemies":"ats:Genji","floor":1,"turns":1},{"damage":0,"enemies":"Jaw Worm","floor":2,"turns":1},{"damage":0,"enemies":"conspire:MimicChest","floor":5,"turns":1},{"damage":45,"enemies":"Lagavulin","floor":7,"turns":9},{"damage":4,"enemies":"conspire:RoseBush","floor":10,"turns":3},{"damage":0,"enemies":"Looter","floor":12,"turns":4},{"damage":9,"enemies":"Blue Slaver","floor":13,"turns":5},{"damage":9,"enemies":"Replay:BlueRogue","floor":14,"turns":6},{"damage":55,"enemies":"The Guardian","floor":16,"turns":11}],"seed_played":"-435360075668531536","potions_obtained":[{"floor":2,"key":"GamblersBrew"},{"floor":3,"key":"Cursed Concoction"},{"floor":3,"key":"SpeedPotion"},{"floor":3,"key":"ats:Burn Small Potion"},{"floor":10,"key":"SmokeBomb"},{"floor":12,"key":"LifebloodPotion"}],"is_trial":false,"path_per_floor":["M","M","?","$","?","R","E","R","T","M","R","M","M","E","R","B"],"character_chosen":"DOCTOR_CLASS","items_purchased":[],"campfire_rested":1,"item_purchase_floors":[],"current_hp_per_floor":[72,72,72,72,72,72,27,27,27,23,44,44,43,49,49,9,9],"gold":394,"neow_bonus":"THREE_ENEMY_KILL","is_daily":false,"chose_seed":false,"campfire_upgraded":2,"win_rate":0.0,"timestamp":1613738405,"path_taken":["M","M","?","?","?","R","E","R","T","M","R","M","M","E","R","BOSS"],"items_purchased_type":[],"build_version":"2020-12-22","purchased_purges":1,"victory":false,"max_hp_per_floor":[72,72,72,72,72,72,72,72,72,72,72,72,72,72,72,72,72],"card_choices":[{"not_picked":["ats:Closed Bolt Burst Fire","ats:Sunburst"],"picked":"ats:Absolute Focus","floor":1},{"not_picked":["ats:Flexible Camouflage","ats:Apocalypse"],"picked":"ats:Thermite Blade","floor":2},{"not_picked":["ats:Rapid Magazine","ats:Consecutive Shot Auto"],"picked":"ats:Chain Hook","floor":5},{"not_picked":["ats:Assault Order","ats:Song Of Battle"],"picked":"ats:True Silver Slash","floor":7},{"not_picked":["ats:Sunburst","ats:Flexible Camouflage"],"picked":"ats:Powerful Strike","floor":10},{"not_picked":["ats:Explosion Area Strengthen","ats:Powerful Strike"],"picked":"ats:Sashimi Platter","floor":12},{"not_picked":["ats:Curse Doll","ats:Automatic Cover","ats:Defend Order"],"picked":"SKIP","floor":13},{"not_picked":["ats:Literary Storm","ats:Volcano"],"picked":"ats:Very Hot Blade","floor":14}],"player_experience":472671,"relics_obtained":[{"floor":5,"key":"StuffTheSpire:TintedRock"},{"floor":7,"key":"ats:Originium"},{"floor":7,"key":"hubris:MedicalManual"},{"floor":14,"key":"ats:Originium"},{"floor":14,"key":"Frozen Egg 2"}],"event_choices":[{"damage_healed":0,"gold_gain":0,"player_choice":"Got Potions","damage_taken":0,"max_hp_gain":0,"max_hp_loss":0,"event_name":"Lab","floor":3,"gold_loss":0}],"is_beta":false,"boss_relics":[],"items_purged_floors":[4],"is_endless":false,"potions_floor_spawned":[2,10,12,14],"killed_by":"The Guardian","ascension_level":0}}