{"host":"u6f15rvcj4nca0wu","time":1613700033,"event":{"mods":["BaseMod","Bestiary","Colored Map","Highlight Path","Minty Spire (Améliorations d\u0027érgonomie)","Relic Stats"],"gold_per_floor":[118,132,144,144,162,162,177,177,177,252,252,51,79,95,95,197,197,207,217,132,143,18,18,53,53,79,92,0,20,20,20,20,20,20],"floor_reached":33,"language":"FRA","playtime":4853,"items_purged":["Strike_P"],"score":267,"play_id":"1c73bcc8-d65f-4dc0-aac9-b7e340468030","local_time":"20210219030033","is_ascension_mode":false,"campfire_choices":[{"data":"Eruption","floor":6.0,"key":"SMITH"},{"data":"Worship","floor":8.0,"key":"SMITH"},{"data":"WheelKick","floor":11.0,"key":"SMITH"},{"floor":15.0,"key":"REST"},{"floor":23.0,"key":"REST"},{"floor":25.0,"key":"REST"},{"floor":32.0,"key":"REST"}],"circlet_count":0,"master_deck":["Strike_P","Strike_P","Strike_P","Defend_P","Defend_P","Defend_P","Defend_P","Eruption+1","Vigilance","PathToVictory","Worship+1","InnerPeace","ThirdEye","WheelKick+1","Consecrate","Collect","DevaForm","ClearTheMind+1","Swivel","Judgement","CutThroughFate","Consecrate","Writhe"],"relics":["PureWater","Bag of Marbles","Mango","Blood Vial","Ice Cream","Runic Pyramid","Peace Pipe","Ginger","PreservedInsect","MutagenicStrength","Juzu Bracelet"],"acts_visited":["Exordium","TheCity"],"potions_floor_usage":[],"damage_taken":[{"damage":1.0,"enemies":"Jaw Worm","floor":1.0,"turns":3.0},{"damage":2.0,"enemies":"Cultist","floor":2.0,"turns":4.0},{"damage":0.0,"enemies":"2 Louse","floor":3.0,"turns":1.0},{"damage":8.0,"enemies":"2 Fungi Beasts","floor":5.0,"turns":4.0},{"damage":0.0,"enemies":"Blue Slaver","floor":7.0,"turns":4.0},{"damage":2.0,"enemies":"Lagavulin","floor":13.0,"turns":6.0},{"damage":10.0,"enemies":"Exordium Wildlife","floor":14.0,"turns":5.0},{"damage":33.0,"enemies":"Hexaghost","floor":16.0,"turns":9.0},{"damage":23.0,"enemies":"Spheric Guardian","floor":18.0,"turns":4.0},{"damage":19.0,"enemies":"Shell Parasite","floor":19.0,"turns":4.0},{"damage":14.0,"enemies":"Centurion and Healer","floor":21.0,"turns":5.0},{"damage":41.0,"enemies":"Book of Stabbing","floor":24.0,"turns":7.0},{"damage":18.0,"enemies":"3 Cultists","floor":27.0,"turns":5.0},{"damage":17.0,"enemies":"Snake Plant","floor":29.0,"turns":3.0},{"damage":42,"enemies":"Collector","floor":33,"turns":3}],"seed_played":"-6693669295002618194","potions_obtained":[{"floor":3.0,"key":"Dexterity Potion"},{"floor":13.0,"key":"ColorlessPotion"},{"floor":24.0,"key":"Fire Potion"},{"floor":27.0,"key":"Energy Potion"}],"is_trial":false,"path_per_floor":["M","M","M","?","M","R","M","R","T","?","R","$","E","M","R","B",null,"M","M","?","M","$","R","E","R","T","M","?","M","?","?","R","B"],"character_chosen":"WATCHER","items_purchased":["Blood Vial","BottledMiracle","Block Potion"],"campfire_rested":4,"item_purchase_floors":[12,12,22],"current_hp_per_floor":[71,69,69,69,61,61,61,61,75,67,67,67,67,59,84,53,86,63,46,46,34,34,59,20,45,45,29,29,14,14,14,39,0,0],"gold":20,"neow_bonus":"RANDOM_COMMON_RELIC","is_daily":false,"chose_seed":false,"campfire_upgraded":3,"win_rate":0.0,"timestamp":1613700033,"path_taken":["M","M","M","?","M","R","M","R","T","?","R","$","E","M","R","BOSS","M","M","?","M","$","R","E","R","T","M","?","M","?","?","R","BOSS"],"items_purchased_type":["Relic","Potion","Potion"],"build_version":"2020-12-13","purchased_purges":1,"victory":false,"max_hp_per_floor":[72,72,72,72,72,72,72,72,86,86,86,86,86,86,86,86,86,86,86,86,86,86,86,86,86,86,86,86,86,86,86,86,86,86],"relic_stats":{"Blood Vial":18,"Peace Pipe":0,"counters":[15,67],"PreservedInsect":0,"Juzu Bracelet":0,"Ginger":[0],"obtain_stats":[{"Blood Vial":12,"Ice Cream":13,"Peace Pipe":20,"MutagenicStrength":30,"Mango":9,"PreservedInsect":26,"Bag of Marbles":0,"Juzu Bracelet":31,"Ginger":24,"PureWater":0,"Runic Pyramid":17},{"Blood Vial":5,"Ice Cream":6,"Peace Pipe":10,"MutagenicStrength":14,"Mango":5,"PreservedInsect":12,"Bag of Marbles":0,"Juzu Bracelet":14,"Ginger":12,"PureWater":0,"Runic Pyramid":8},{"Blood Vial":16,"Ice Cream":22,"Peace Pipe":44,"MutagenicStrength":64,"Mango":16,"PreservedInsect":56,"Bag of Marbles":0,"Juzu Bracelet":64,"Ginger":56,"PureWater":0,"Runic Pyramid":36}]},"card_choices":[{"not_picked":["Evaluate","Adaptation"],"picked":"PathToVictory","floor":1.0},{"not_picked":["CarveReality","ForeignInfluence"],"picked":"Worship","floor":2.0},{"not_picked":["SashWhip","PathToVictory"],"picked":"InnerPeace","floor":3.0},{"not_picked":["WreathOfFlame","FlyingSleeves"],"picked":"ThirdEye","floor":5.0},{"not_picked":["ThirdEye","Alpha"],"picked":"WheelKick","floor":7.0},{"not_picked":["TalkToTheHand","Halt"],"picked":"Consecrate","floor":13.0},{"not_picked":["Adaptation","SashWhip"],"picked":"Collect","floor":14.0},{"not_picked":["Omniscience","Vault"],"picked":"DevaForm","floor":16.0},{"not_picked":["EmptyFist","Wallop+1"],"picked":"ClearTheMind+1","floor":18.0},{"not_picked":["FlyingSleeves","Vengeance","Halt"],"picked":"SKIP","floor":19.0},{"not_picked":["FollowUp","WreathOfFlame"],"picked":"Swivel","floor":21.0},{"not_picked":["ClearTheMind","Conclude+1"],"picked":"Judgement","floor":24.0},{"not_picked":["ThirdEye+1","WindmillStrike"],"picked":"CutThroughFate","floor":27.0},{"not_picked":["ThirdEye","Halt"],"picked":"Consecrate","floor":29.0}],"player_experience":262549,"relics_obtained":[{"floor":9.0,"key":"Mango"},{"floor":13.0,"key":"Ice Cream"},{"floor":24.0,"key":"Ginger"},{"floor":26.0,"key":"PreservedInsect"}],"event_choices":[{"damage_healed":0.0,"max_hp_gain":0.0,"max_hp_loss":0.0,"gold_gain":0.0,"event_name":"Shining Light","player_choice":"Ignored","floor":4.0,"gold_loss":0.0,"damage_taken":0.0},{"damage_healed":0.0,"max_hp_gain":0.0,"max_hp_loss":0.0,"gold_gain":75.0,"event_name":"FaceTrader","player_choice":"Touch","floor":10.0,"gold_loss":0.0,"damage_taken":8.0},{"damage_healed":0.0,"max_hp_gain":0.0,"max_hp_loss":0.0,"gold_gain":0.0,"event_name":"Addict","player_choice":"Obtained Relic","floor":20.0,"gold_loss":85.0,"damage_taken":0.0,"relics_obtained":["Peace Pipe"]},{"damage_healed":0.0,"max_hp_gain":0.0,"max_hp_loss":0.0,"gold_gain":0.0,"event_name":"Masked Bandits","player_choice":"Paid Fearfully","floor":28.0,"gold_loss":92.0,"damage_taken":0.0},{"damage_healed":0.0,"max_hp_gain":0.0,"max_hp_loss":0.0,"gold_gain":0.0,"event_name":"Drug Dealer","player_choice":"Inject Mutagens","floor":30.0,"gold_loss":0.0,"damage_taken":0.0,"relics_obtained":["MutagenicStrength"]},{"damage_healed":0.0,"max_hp_gain":0.0,"max_hp_loss":0.0,"gold_gain":0.0,"event_name":"The Mausoleum","player_choice":"Opened","floor":31.0,"gold_loss":0.0,"damage_taken":0.0,"relics_obtained":["Juzu Bracelet"],"cards_obtained":["Writhe"]}],"is_beta":false,"boss_relics":[{"not_picked":["Black Star","Sozu"],"picked":"Runic Pyramid"}],"items_purged_floors":[22],"is_endless":false,"potions_floor_spawned":[3,13,24,27],"killed_by":"Collector","ascension_level":0}}