{"host":"3d7yvplr5ovcyppx","time":1613721905,"event":{"mods":["AchievementEnabler","BaseMod","Hermit","Jorbs\u0027s Wanderer Trilogy","Minty Spire (QoL Compilation)","Quick Restart","Somnambulant","StSLib","The Cursed","The Disciple","The Servant 0.9.4"],"gold_per_floor":[115,215,231,242,256,256,271,306,333,408,408,433,139,109,109,212,212,226,237,251,55,72,72,72,102,102,128,148,148,148,166,166,166,166],"floor_reached":33,"language":"ENG","playtime":1512,"items_purged":[],"score":342,"play_id":"484de6a9-7fd9-4c11-b7b4-f1f4fbbd6d1e","local_time":"20210219133505","is_ascension_mode":true,"campfire_choices":[{"data":"Zap","floor":6,"key":"SMITH"},{"floor":11,"key":"REST"},{"data":"Dualcast","floor":15,"key":"SMITH"},{"floor":23,"key":"REST"},{"floor":29,"key":"REST"},{"data":"Creative AI","floor":32,"key":"SMITH"}],"circlet_count":0,"master_deck":["Strike_B","Strike_B","Strike_B","Strike_B","Defend_B","Defend_B","Defend_B","Defend_B","Zap+1","Dualcast+1","Static Discharge","Genetic Algorithm","FTL","Doom and Gloom","Static Discharge","Sunder","Lockon","Creative AI+1","White Noise","Ball Lightning","Skim+1","Redo","Barrage+1","Redo","Chaos+1","Aggregate+1","Stack"],"relics":["Cracked Core","NeowsBlessing","Ornamental Fan","Ancient Tea Set","Bag of Preparation","Torii","SlaversCollar","Bronze Scales","Darkstone Periapt","Bag of Marbles","White Beast Statue","Bottled Tornado"],"acts_visited":["Exordium","TheCity"],"potions_floor_usage":[5,8,16,16,20,25,28,33],"damage_taken":[{"damage":0,"enemies":"Small Slimes","floor":1,"turns":1},{"damage":0,"enemies":"Cultist","floor":3,"turns":1},{"damage":0,"enemies":"2 Louse","floor":4,"turns":1},{"damage":15,"enemies":"Lots of Slimes","floor":5,"turns":5},{"damage":14,"enemies":"Exordium Thugs","floor":7,"turns":3},{"damage":20,"enemies":"Gremlin Nob","floor":8,"turns":4},{"damage":28,"enemies":"Lagavulin","floor":12,"turns":4},{"damage":3,"enemies":"Hexaghost","floor":16,"turns":7},{"damage":8,"enemies":"3 Byrds","floor":18,"turns":3},{"damage":39,"enemies":"2 Thieves","floor":19,"turns":4},{"damage":16,"enemies":"Snake Plant","floor":20,"turns":3},{"damage":23,"enemies":"Shelled Parasite and Fungi","floor":22,"turns":3},{"damage":1,"enemies":"Slavers","floor":25,"turns":2},{"damage":30,"enemies":"Gremlin Leader","floor":27,"turns":5},{"damage":12,"enemies":"Centurion and Healer","floor":28,"turns":4},{"damage":0,"enemies":"Cultist and Chosen","floor":31,"turns":3},{"damage":53,"enemies":"Collector","floor":33,"turns":6}],"seed_played":"1355592169879403959","potions_obtained":[{"floor":1,"key":"EssenceOfSteel"},{"floor":7,"key":"FocusPotion"},{"floor":12,"key":"CultistPotion"},{"floor":14,"key":"FairyPotion"},{"floor":14,"key":"SkillPotion"},{"floor":19,"key":"Block Potion"},{"floor":22,"key":"DuplicationPotion"},{"floor":27,"key":"SkillPotion"},{"floor":28,"key":"LiquidMemories"},{"floor":31,"key":"Ancient Potion"}],"is_trial":false,"path_per_floor":["M","?","M","M","M","R","M","E","T","?","R","E","$","?","R","B",null,"M","M","M","$","M","R","T","E","T","E","M","R","?","M","R","B"],"character_chosen":"DEFECT","items_purchased":["Torii","Bronze Scales","Redo"],"campfire_rested":3,"item_purchase_floors":[13,21,21],"current_hp_per_floor":[75,75,75,75,60,60,46,26,26,15,37,9,9,9,9,6,75,67,28,12,12,22,44,44,43,43,13,1,23,48,48,48,0,0],"gold":166,"neow_bonus":"THREE_ENEMY_KILL","is_daily":false,"chose_seed":false,"campfire_upgraded":3,"win_rate":0.0,"timestamp":1613721905,"path_taken":["M","?","?","M","M","R","M","E","T","?","R","E","$","?","R","BOSS","M","?","?","$","M","R","?","E","T","E","M","R","?","M","R","BOSS"],"items_purchased_type":["Relic","Relic","Card"],"build_version":"2020-12-22","purchased_purges":0,"victory":false,"max_hp_per_floor":[75,75,75,75,75,75,75,75,75,75,75,75,75,75,75,75,75,75,75,75,75,75,75,75,75,75,75,75,75,75,75,75,75,75],"card_choices":[{"not_picked":["Steam","Cold Snap"],"picked":"Static Discharge","floor":1},{"not_picked":["Barrage","Beam Cell"],"picked":"Genetic Algorithm","floor":3},{"not_picked":["Leap","Melter"],"picked":"FTL","floor":4},{"not_picked":["Rip and Tear","Sweeping Beam"],"picked":"Doom and Gloom","floor":5},{"not_picked":["Streamline","Double Energy"],"picked":"Static Discharge","floor":7},{"not_picked":["Ball Lightning","Undo"],"picked":"Sunder","floor":8},{"not_picked":["Chill","Conserve Battery"],"picked":"Lockon","floor":12},{"not_picked":["Core Surge","Meteor Strike"],"picked":"Creative AI","floor":16},{"not_picked":["FTL","Gash"],"picked":"White Noise","floor":18},{"not_picked":["Barrage","Conserve Battery"],"picked":"Ball Lightning","floor":19},{"not_picked":["Conserve Battery","Barrage+1"],"picked":"Skim+1","floor":20},{"not_picked":["Force Field","Coolheaded"],"picked":"Barrage+1","floor":22},{"not_picked":["Blizzard","Stack"],"picked":"Redo","floor":25},{"not_picked":["Gash","Machine Learning"],"picked":"Chaos+1","floor":27},{"not_picked":["Leap+1","Darkness"],"picked":"Aggregate+1","floor":28},{"not_picked":["Hello World","Recycle"],"picked":"Stack","floor":31}],"player_experience":78976,"relics_obtained":[{"floor":8,"key":"Ornamental Fan"},{"floor":9,"key":"Ancient Tea Set"},{"floor":12,"key":"Bag of Preparation"},{"floor":24,"key":"Darkstone Periapt"},{"floor":25,"key":"Bag of Marbles"},{"floor":26,"key":"White Beast Statue"},{"floor":27,"key":"Bottled Tornado"}],"event_choices":[{"damage_healed":0,"gold_gain":100,"player_choice":"Gold","damage_taken":0,"max_hp_gain":0,"max_hp_loss":0,"event_name":"Wheel of Change","floor":2,"gold_loss":0},{"damage_healed":0,"gold_gain":75,"player_choice":"Gather Gold","damage_taken":11,"max_hp_gain":0,"max_hp_loss":0,"event_name":"World of Goop","floor":10,"gold_loss":0},{"damage_healed":0,"gold_gain":0,"player_choice":"Bought 2 Potions","damage_taken":0,"max_hp_gain":0,"max_hp_loss":0,"event_name":"The Woman in Blue","floor":14,"gold_loss":0},{"damage_healed":25,"gold_gain":0,"player_choice":"Heal","damage_taken":0,"max_hp_gain":0,"max_hp_loss":0,"event_name":"The Library","floor":30,"gold_loss":0}],"is_beta":false,"boss_relics":[{"not_picked":["SacredBark","Coffee Dripper"],"picked":"SlaversCollar"}],"items_purged_floors":[],"is_endless":false,"potions_floor_spawned":[1,7,12,19,22,27,28,31],"killed_by":"Collector","ascension_level":3}}