{"host":"l017gercouzhorma","time":1613705347,"event":{"mods":["AchievementEnabler","Aspiration","BaseMod","Challenge The Spire","Conspire","Downfall","Halation","Hermit","Hubris","Infinite Spire","Jorbs\u0027s Wanderer Trilogy","Mad Scientist","Marisa????????","Mimic Mod","Minty Spire (QoL Compilation)","Random Character Button","Rare Cards Sparkle","Relic Stats","Replay The Spire","Shade Mod","StSLib","The Cursed","The Disciple","The Hierophant","The Jungle","The Runesmith","The Servant 0.9.4"],"gold_per_floor":[115,132,145,145,145,179,50,50,89,108,121,121,121,133,133,228,228,244,256,10,10,22,22,50,81,115,115,25,25,25,36,36,139,139,153,153,169,169,185,211,211,224,224,224,250,265,265,295,295,295],"floor_reached":51,"language":"ENG","playtime":4315,"items_purged":[],"score":625,"play_id":"6ae09bac-c758-479b-9690-8d9534f0fd7f","local_time":"20210218202907","is_ascension_mode":false,"campfire_choices":[{"data":"Shade:Premonition","floor":8,"key":"SMITH"},{"data":"Shade:Carnophage","floor":15,"key":"SMITH"},{"floor":23,"key":"REST"},{"floor":29,"key":"REST"},{"floor":32,"key":"REST"},{"floor":44,"key":"REST"},{"floor":49,"key":"REST"}],"circlet_count":0,"master_deck":["Shade:Defend_Shade","Shade:Defend_Shade","Shade:Defend_Shade","Shade:AnimateDead","Shade:CarefulCut","Shade:CallWraith","Shade:FleshOffering+1","Shade:WallOfFlesh","Shade:GreyBargain","Shade:Carnophage+1","Shade:Premonition+1","Shade:CloudOfShrapnel+1","Shade:OpenGraves","Shade:ScuttlingHand","Shade:OfferingToTheBeyond","Shade:FuneraryArmor","Shade:Premonition+1","Shade:Tombstone","Shade:GraveStillness","Shade:AblativeArmor","Bite","Bite","Bite","Bite","Bite","Shade:FleshLikeOak","Shade:Putrefaction+1","Shade:SanguineRitual","Shade:SensePrey+1","Shade:UnbarTheGrave","Shade:Haruspicy","Shade:SpectralStrikes+1","Shade:LoseControl","Shade:FleshLikeOak+1","Shade:Patience+1"],"relics":["Shade:YorickSkull","halation:EternalFortune","conspire:Flyswatter","Orichalcum","Fusion Hammer","Mummified Hand","infinitespire:Lucky Rock","White Beast Statue","Runesmith:Nanobots","halation:ForbiddenBikini","hubris:Towel","Strawberry","hubris:PeanutButter","halation:LettersToHer","Darkstone Periapt"],"acts_visited":["TheCity","TheBeyond"],"potions_floor_usage":[6,9,9,14,16,18,25,33,33,33,33,40,40,40,42,48,50,50],"damage_taken":[{"damage":6,"enemies":"Small Slimes","floor":1,"turns":3},{"damage":5,"enemies":"Jaw Worm","floor":2,"turns":3},{"damage":6,"enemies":"Cultist","floor":3,"turns":4},{"damage":22,"enemies":"Gremlin Nob","floor":6,"turns":5},{"damage":5,"enemies":"Looter","floor":9,"turns":10},{"damage":0,"enemies":"Looter","floor":10,"turns":3},{"damage":10,"enemies":"Exordium Wildlife","floor":11,"turns":3},{"damage":0,"enemies":"3 Louse","floor":14,"turns":3},{"damage":13,"enemies":"Slime Boss","floor":16,"turns":9},{"damage":16,"enemies":"conspire:FuzzyDice","floor":18,"turns":5},{"damage":5,"enemies":"3 Byrds","floor":19,"turns":3},{"damage":5,"enemies":"3 Cultists","floor":22,"turns":4},{"damage":8,"enemies":"Replay:Snechameleon","floor":24,"turns":11},{"damage":5,"enemies":"conspire:HollyBat","floor":25,"turns":5},{"damage":5,"enemies":"conspire:HollyBat","floor":26,"turns":4},{"damage":13,"enemies":"conspire:HollyBat","floor":31,"turns":10},{"damage":56,"enemies":"Automaton","floor":33,"turns":15},{"damage":5,"enemies":"Orb Walker","floor":35,"turns":4},{"damage":35,"enemies":"3 Darklings","floor":37,"turns":7},{"damage":3,"enemies":"Transient","floor":39,"turns":5},{"damage":7,"enemies":"Nemesis","floor":40,"turns":6},{"damage":0,"enemies":"Sphere and 2 Shapes","floor":42,"turns":4},{"damage":0,"enemies":"Spire Growth","floor":46,"turns":5},{"damage":23,"enemies":"Reptomancer","floor":48,"turns":6},{"damage":12,"enemies":"Replay:Hell Engine","floor":50,"turns":17}],"seed_played":"-2427316706587450619","potions_obtained":[{"floor":1,"key":"Regen Potion"},{"floor":6,"key":"EntropicBrew"},{"floor":14,"key":"Dexterity Potion"},{"floor":16,"key":"Swift Potion"},{"floor":18,"key":"DuplicationPotion"},{"floor":26,"key":"Adrenaline Potion"},{"floor":31,"key":"Ancient Potion"},{"floor":33,"key":"Fruit Juice"},{"floor":35,"key":"Adrenaline Potion"},{"floor":37,"key":"SteroidPotion"},{"floor":39,"key":"Strength Potion"},{"floor":40,"key":"ColorlessPotion"},{"floor":42,"key":"FearPotion"},{"floor":46,"key":"FearPotion"},{"floor":48,"key":"Elixir"}],"is_trial":false,"path_per_floor":["M","M","M","?","?","E","$","R","MIM","M","M","?","$","M","R","B",null,"M","M","$","?","M","R","E","MIM","MIM","?","?","R","AVR","M","R","B",null,"M","?","M","?","M","E","?","M","T","R","T","M","$","E","R","B",null],"character_chosen":"SHADE","items_purchased":["Shade:Carnophage","Shade:Premonition","Mummified Hand"],"campfire_rested":5,"item_purchase_floors":[7,7,20],"current_hp_per_floor":[59,54,48,48,51,43,43,43,38,38,31,71,71,71,71,58,71,55,50,50,37,32,54,46,41,36,36,36,51,51,48,53,21,58,58,58,38,38,39,45,45,52,52,71,71,71,71,59,74,69],"gold":295,"neow_bonus":"THREE_CARDS","is_daily":false,"chose_seed":false,"campfire_upgraded":2,"win_rate":0.0,"timestamp":1613705347,"path_taken":["M","M","M","?","?","E","?","R","MIM","M","?","?","?","M","R","BOSS","M","M","$","?","M","R","E","?","MIM","?","?","R","AVR","M","R","BOSS","M","?","M","?","?","E","?","?","T","R","?","M","$","E","R","BOSS"],"items_purchased_type":["Card","Card","Relic"],"build_version":"2020-12-22","purchased_purges":0,"victory":true,"max_hp_per_floor":[65,65,65,65,68,68,68,68,68,68,71,71,71,71,71,71,71,71,71,71,76,76,76,76,76,76,53,53,53,53,53,53,58,58,58,58,61,61,61,68,68,71,71,71,71,71,71,74,74,74],"relic_stats":{"Darkstone Periapt":0,"counters":[25,145],"Mummified Hand":[60],"Orichalcum":[84],"obtain_stats":[{"Darkstone Periapt":48,"Runesmith:Nanobots":26,"Shade:YorickSkull":0,"halation:ForbiddenBikini":34,"infinitespire:Lucky Rock":24,"Orichalcum":9,"hubris:Towel":36,"White Beast Statue":25,"Mummified Hand":20,"Strawberry":40,"halation:EternalFortune":5,"hubris:PeanutButter":43,"Fusion Hammer":17,"halation:LettersToHer":45,"conspire:Flyswatter":6},{"Darkstone Periapt":24,"Runesmith:Nanobots":15,"Shade:YorickSkull":0,"halation:ForbiddenBikini":17,"infinitespire:Lucky Rock":13,"Orichalcum":5,"hubris:Towel":18,"White Beast Statue":14,"Mummified Hand":11,"Strawberry":21,"halation:EternalFortune":3,"hubris:PeanutButter":22,"Fusion Hammer":9,"halation:LettersToHer":22,"conspire:Flyswatter":4},{"Darkstone Periapt":128,"Runesmith:Nanobots":69,"Shade:YorickSkull":0,"halation:ForbiddenBikini":93,"infinitespire:Lucky Rock":60,"Orichalcum":23,"hubris:Towel":97,"White Beast Statue":65,"Mummified Hand":46,"Strawberry":114,"halation:EternalFortune":9,"hubris:PeanutButter":117,"Fusion Hammer":38,"halation:LettersToHer":117,"conspire:Flyswatter":13}]},"card_choices":[{"not_picked":["Shade:SpontaneousRitual","Shade:BoneShards"],"picked":"Shade:CallWraith","floor":0},{"not_picked":["Shade:Frenzy","Shade:GraveStillness"],"picked":"Shade:FleshOffering","floor":1},{"not_picked":["Shade:CommandSoldier","Shade:FingerOfDeath"],"picked":"Shade:WallOfFlesh","floor":2},{"not_picked":["Shade:GreyBargain","Shade:FleshOffering"],"picked":"Shade:Asphyxiate","floor":3},{"not_picked":["Shade:FeralStrike","Shade:WallOfFlesh"],"picked":"Shade:GreyBargain","floor":6},{"not_picked":["Shade:Brains","Shade:GreyBargain"],"picked":"Shade:CloudOfShrapnel","floor":9},{"not_picked":["Shade:FeralStrike","Shade:PressTheAttack","Shade:SkeletonHug"],"picked":"SKIP","floor":10},{"not_picked":["Shade:BoneShards","Shade:Bonestorm"],"picked":"Shade:OpenGraves","floor":11},{"not_picked":["Shade:FreshBones","Shade:CallOfTheGrave"],"picked":"Shade:ScuttlingHand","floor":14},{"not_picked":["Shade:OminousRitual","Shade:DarkOfNight"],"picked":"Shade:OfferingToTheBeyond","floor":16},{"not_picked":["Shade:ClawBack","Shade:FreshBones","Shade:FingerOfDeath"],"picked":"SKIP","floor":18},{"not_picked":["Shade:CommandSoldier","Shade:CoffinDance"],"picked":"Shade:FuneraryArmor","floor":19},{"not_picked":["Shade:Awaken+1","Shade:SkeletonHug"],"picked":"Shade:Premonition+1","floor":22},{"not_picked":["Shade:Brains","Shade:GoDigging"],"picked":"Shade:Tombstone","floor":24},{"not_picked":["Shade:AncientSpear+1","Shade:FleshToFlesh"],"picked":"Shade:GraveStillness","floor":25},{"not_picked":["Shade:AncientSpear","Shade:FleshToFlesh"],"picked":"Shade:AblativeArmor","floor":26},{"not_picked":["Shade:OneIsEnough","Shade:ClawBack+1"],"picked":"Shade:FleshLikeOak","floor":31},{"not_picked":["Shade:OminousRitual","Shade:SelfBurial"],"picked":"Shade:Putrefaction","floor":33},{"not_picked":["Shade:Awaken+1","Shade:SkeletonHug+1"],"picked":"Shade:SanguineRitual","floor":35},{"not_picked":["Shade:FreshBones","Shade:SpontaneousRitual+1"],"picked":"Shade:SensePrey+1","floor":37},{"not_picked":["Shade:CloudOfShrapnel","Shade:Frenzy"],"picked":"Shade:Haruspicy","floor":39},{"not_picked":["Shade:CommandSoldier+1","Shade:SkeletonHug+1"],"picked":"Shade:SpectralStrikes+1","floor":40},{"not_picked":["Shade:PressTheAttack","Shade:Brains"],"picked":"Shade:LoseControl","floor":42},{"not_picked":["Shade:SanguineRitual","Shade:GraveStillness"],"picked":"Shade:FleshLikeOak+1","floor":46},{"not_picked":["Shade:FreshBones+1","Shade:ClawBack"],"picked":"Shade:Patience+1","floor":48}],"player_experience":846534,"relics_obtained":[{"floor":6,"key":"conspire:Flyswatter"},{"floor":9,"key":"Orichalcum"},{"floor":11,"key":"halation:EternalFortune"},{"floor":24,"key":"infinitespire:Lucky Rock"},{"floor":25,"key":"White Beast Statue"},{"floor":26,"key":"Runesmith:Nanobots"},{"floor":37,"key":"halation:EternalFortune"},{"floor":40,"key":"Strawberry"},{"floor":42,"key":"halation:EternalFortune"},{"floor":43,"key":"hubris:PeanutButter"},{"floor":45,"key":"halation:LettersToHer"},{"floor":48,"key":"halation:EternalFortune"},{"floor":48,"key":"Darkstone Periapt"}],"event_choices":[{"cards_removed":["Shade:Asphyxiate"],"damage_healed":40,"gold_gain":0,"player_choice":"Offered Uncommon","damage_taken":0,"max_hp_gain":0,"max_hp_loss":0,"event_name":"Bonfire Elementals","floor":12,"gold_loss":0},{"damage_healed":0,"gold_gain":0,"player_choice":"Shed Blood","damage_taken":18,"max_hp_gain":5,"max_hp_loss":0,"event_name":"Forgotten Altar","floor":21,"gold_loss":0},{"damage_healed":0,"gold_gain":0,"player_choice":"Became a vampire","damage_taken":0,"max_hp_gain":0,"max_hp_loss":23,"event_name":"Vampires","floor":27,"gold_loss":0,"cards_obtained":["Bite","Bite","Bite","Bite","Bite"]},{"cards_removed":["Shade:Defend_Shade"],"damage_healed":0,"gold_gain":0,"player_choice":"Upgrade and Remove","damage_taken":0,"max_hp_gain":0,"max_hp_loss":0,"event_name":"Designer","floor":28,"gold_loss":90,"cards_upgraded":["Shade:CloudOfShrapnel"]},{"damage_healed":0,"gold_gain":0,"player_choice":"1 cards matched","damage_taken":0,"max_hp_gain":0,"max_hp_loss":0,"event_name":"Match and Keep!","floor":38,"gold_loss":0,"cards_obtained":["Shade:UnbarTheGrave"]},{"damage_healed":0,"gold_gain":0,"player_choice":"Upgraded","damage_taken":0,"max_hp_gain":0,"max_hp_loss":0,"event_name":"Upgrade Shrine","floor":41,"gold_loss":0,"cards_upgraded":["Shade:Putrefaction"]}],"is_beta":false,"boss_relics":[{"not_picked":["halation:CatFaceCupcake","aspiration:MobileForge"],"picked":"Fusion Hammer"},{"not_picked":["halation:SmartPhone","halation:HeavySnake"],"picked":"halation:ForbiddenBikini"}],"items_purged_floors":[],"is_endless":false,"potions_floor_spawned":[1,6,14,16,18,26,31,33,35,37,39,40,42,46,48],"ascension_level":0}}