{"host":"i0avyit1s6jb1siw","time":1613758525,"event":{"mods":["BaseMod","DeckTracker","Dota2Spire","Highlight Path","Minty Spire (QoL Compilation)","Quick Restart","StSLib","SuperFastMode"],"gold_per_floor":[160,160,160,181,21,65,65,65,65,92,92,17,57,82,44,64,64,157,157,157,251,251,264,302,302,322,345,345,345,345],"floor_reached":29,"language":"ENG","playtime":527,"items_purged":["Strike_G"],"score":654,"play_id":"d591ee17-c499-4060-bb58-fd9dac46ecaa","local_time":"20210219191525","is_ascension_mode":true,"campfire_choices":[{"floor":7,"key":"REST"},{"data":"Noxious Fumes","floor":11,"key":"SMITH"},{"floor":17,"key":"REST"},{"data":"Predator","floor":20,"key":"SMITH"},{"floor":28,"key":"REST"}],"circlet_count":0,"master_deck":["AscendersBane","Defend_G","Defend_G","Defend_G","Defend_G","Defend_G","Survivor","Neutralize","Noxious Fumes+1","Cloak And Dagger","Blur","Dagger Spray+1","Predator+1","Die Die Die+1","Expertise+1","Dagger Throw+1","Bullet Time","Catalyst","Acrobatics+1","Deadly Poison"],"relics":["Tiny House","Golden Idol","Snake Skull","Bronze Scales","Happy Flower","Omamori","Astrolabe","Cursed Key","Red Mask","Dota2Spire:ArcaneBoots"],"acts_visited":["Exordium","TheCity"],"potions_floor_usage":[16,18,18,24,29],"damage_taken":[{"damage":4,"enemies":"Small Slimes","floor":1,"turns":5},{"damage":9,"enemies":"Jaw Worm","floor":4,"turns":4},{"damage":38,"enemies":"3 Sentries","floor":6,"turns":9},{"damage":15,"enemies":"Lagavulin","floor":13,"turns":8},{"damage":0,"enemies":"2 Louse","floor":14,"turns":2},{"damage":7,"enemies":"Exordium Wildlife","floor":16,"turns":3},{"damage":1,"enemies":"The Guardian","floor":18,"turns":8},{"damage":3,"enemies":"The Guardian","floor":21,"turns":10},{"damage":13,"enemies":"2 Thieves","floor":23,"turns":4},{"damage":10,"enemies":"Masked Bandits","floor":24,"turns":2},{"damage":11,"enemies":"Shell Parasite","floor":26,"turns":5},{"damage":42,"enemies":"Book of Stabbing","floor":29,"turns":5}],"seed_played":"782263973558527519","potions_obtained":[{"floor":0,"key":"Poison Potion"},{"floor":1,"key":"Poison Potion"},{"floor":16,"key":"Poison Potion"},{"floor":21,"key":"CultistPotion"},{"floor":23,"key":"Strength Potion"}],"is_trial":false,"path_per_floor":["M","?","?","M","$","E","R","?","T","T","R","$","E","M","?","M","R","B",null,"R","B",null,"M","?","?","M","T","R","E"],"character_chosen":"THE_SILENT","items_purchased":["Snake Skull"],"campfire_rested":3,"item_purchase_floors":[5],"current_hp_per_floor":[60,53,53,44,44,6,25,25,25,25,25,25,10,10,10,3,22,21,21,21,18,53,40,30,30,19,19,38,0,0],"gold":345,"neow_bonus":"BOSS_RELIC","is_daily":false,"chose_seed":false,"campfire_upgraded":2,"win_rate":0.0,"timestamp":1613758525,"path_taken":["M","?","?","M","$","E","R","?","T","T","R","?","E","M","?","?","R","BOSS","R","BOSS","M","?","?","M","?","R","E"],"items_purchased_type":["Relic"],"build_version":"2020-12-22","purchased_purges":1,"victory":false,"max_hp_per_floor":[71,71,64,64,64,64,64,64,64,64,64,64,64,64,64,64,64,64,64,64,64,64,64,64,64,64,64,64,64,64],"card_choices":[{"not_picked":["Prepared","Cloak And Dagger"],"picked":"Noxious Fumes","floor":0},{"not_picked":["Slice","Poisoned Stab"],"picked":"Cloak And Dagger","floor":1},{"not_picked":["Choke","Bane"],"picked":"Blur","floor":4},{"not_picked":["Quick Slash","Die Die Die"],"picked":"Dagger Spray","floor":6},{"not_picked":["Deflect","Riddle With Holes","Underhanded Strike"],"picked":"SKIP","floor":13},{"not_picked":["Calculated Gamble","Poisoned Stab"],"picked":"Predator","floor":14},{"not_picked":["Reflex","Poisoned Stab","Cloak And Dagger"],"picked":"SKIP","floor":16},{"not_picked":["Doppelganger","Venomology"],"picked":"Bullet Time","floor":21},{"not_picked":["Expertise+1","Finisher"],"picked":"Catalyst","floor":23},{"not_picked":["Tactician","Flying Knee"],"picked":"Acrobatics+1","floor":24},{"not_picked":["Finisher","Heel Hook"],"picked":"Deadly Poison","floor":26}],"player_experience":2468765,"relics_obtained":[{"floor":6,"key":"Bronze Scales"},{"floor":10,"key":"Happy Flower"},{"floor":13,"key":"Omamori"},{"floor":24,"key":"Red Mask"},{"floor":27,"key":"Dota2Spire:ArcaneBoots"}],"event_choices":[{"cards_removed":["Strike_G"],"damage_healed":0,"gold_gain":0,"player_choice":"Card Removal","damage_taken":7,"max_hp_gain":0,"max_hp_loss":0,"event_name":"Golden Wing","floor":2,"gold_loss":0},{"damage_healed":0,"gold_gain":0,"player_choice":"Lose Max HP","damage_taken":0,"relics_obtained":["Golden Idol"],"max_hp_gain":0,"max_hp_loss":7,"event_name":"Golden Idol","floor":3,"gold_loss":0},{"damage_healed":0,"gold_gain":0,"player_choice":"Grow","damage_taken":0,"max_hp_gain":0,"max_hp_loss":0,"event_name":"Living Wall","floor":8,"gold_loss":0,"cards_upgraded":["Dagger Spray"]},{"damage_healed":0,"gold_gain":0,"player_choice":"Left Gold","damage_taken":0,"max_hp_gain":0,"max_hp_loss":0,"event_name":"World of Goop","floor":15,"gold_loss":38},{"damage_healed":0,"gold_gain":0,"player_choice":"Fought Bandits","damage_taken":0,"max_hp_gain":0,"max_hp_loss":0,"event_name":"Masked Bandits","floor":24,"gold_loss":0},{"damage_healed":0,"gold_gain":0,"player_choice":"Ignored","damage_taken":0,"max_hp_gain":0,"max_hp_loss":0,"event_name":"Vampires","floor":25,"gold_loss":0}],"is_beta":false,"boss_relics":[{"not_picked":["Runic Pyramid","Coffee Dripper"],"picked":"Astrolabe"},{"not_picked":["SlaversCollar","Busted Crown"],"picked":"Cursed Key"}],"items_purged_floors":[12],"is_endless":false,"potions_floor_spawned":[1,16,21,23],"killed_by":"Book of Stabbing","ascension_level":20}}