{"host":"5c0qgacoz40l2sko","time":1613701136,"event":{"mods":["BaseMod","Minty Spire (QoL Compilation)","Relic Stats","Shop Mod"],"gold_per_floor":[116,116,116,116,116,116,150,170,216,228,255,267,295,339,351,463,475,507,539,83,101,118,118,129,157,225,225,225,225],"floor_reached":28,"language":"ENG","playtime":2386,"items_purged":["Defend_G"],"score":276,"play_id":"79a2ddfa-2ee6-4db5-b146-5076aed5ddc6","local_time":"20210218211856","is_ascension_mode":false,"campfire_choices":[{"data":"Blade Dance","floor":6.0,"key":"SMITH"},{"data":"Dagger Throw","floor":10,"key":"SMITH"},{"data":"Quick Slash","floor":12,"key":"SMITH"},{"data":"Choke","floor":15,"key":"SMITH"},{"floor":23,"key":"DIG"},{"floor":27,"key":"REST"}],"circlet_count":0,"master_deck":["Strike_G","Strike_G","Strike_G","Strike_G","Defend_G","Defend_G","Defend_G","Defend_G","Survivor","Neutralize","Blade Dance+1","Dagger Throw+1","Quick Slash+1","Backflip","Choke+1","Storm of Steel","Footwork+1","Cloak And Dagger","Tactician+1","Sucker Punch+1","Backstab+1"],"relics":["Ring of the Snake","NeowsBlessing","Orichalcum","Vajra","SlaversCollar","MerchantsRug","Shovel","Anchor","Red Mask"],"acts_visited":["Exordium","TheCity"],"potions_floor_usage":[16],"damage_taken":[{"damage":0.0,"enemies":"Small Slimes","floor":1.0,"turns":1.0},{"damage":0.0,"enemies":"Lagavulin","floor":7.0,"turns":1.0},{"damage":0,"enemies":"2 Louse","floor":8,"turns":1},{"damage":0,"enemies":"Cultist","floor":11,"turns":3},{"damage":0,"enemies":"Gremlin Gang","floor":13,"turns":3},{"damage":0,"enemies":"Gremlin Nob","floor":14,"turns":3},{"damage":15,"enemies":"Slime Boss","floor":16,"turns":8},{"damage":23,"enemies":"2 Thieves","floor":18,"turns":4},{"damage":4,"enemies":"Chosen","floor":19,"turns":3},{"damage":15,"enemies":"Centurion and Healer","floor":21,"turns":7},{"damage":7,"enemies":"3 Cultists","floor":24,"turns":5},{"damage":19,"enemies":"Masked Bandits","floor":25,"turns":5},{"damage":31,"enemies":"Gremlin Leader","floor":28,"turns":4}],"seed_played":"-428059312866354012","potions_obtained":[{"floor":7,"key":"CunningPotion"},{"floor":14,"key":"SkillPotion"},{"floor":18,"key":"SkillPotion"},{"floor":19,"key":"LiquidMemories"}],"is_trial":false,"path_per_floor":["M","$","?","?","?","R","E","M","T","R","M","R","M","E","R","B",null,"M","M","$","M","$","R","M","?","T","R","E"],"character_chosen":"THE_SILENT","items_purchased":["MerchantsRug","Shovel"],"campfire_rested":1,"item_purchase_floors":[20,20],"current_hp_per_floor":[70,70,70,75,75,75,75,75,75,75,75,75,75,75,75,60,75,52,48,48,33,33,33,26,7,7,29,0,0],"gold":225,"neow_bonus":"THREE_ENEMY_KILL","is_daily":false,"chose_seed":false,"campfire_upgraded":4,"win_rate":0.0,"timestamp":1613701136,"path_taken":["M","$","?","?","?","R","E","M","T","R","M","R","M","E","R","BOSS","M","M","$","M","$","R","M","?","T","R","E"],"items_purchased_type":["Relic","Relic"],"build_version":"2020-12-22","purchased_purges":1,"victory":false,"max_hp_per_floor":[70,70,70,75,75,75,75,75,75,75,75,75,75,75,75,75,75,75,75,75,75,75,75,75,75,75,75,75,75],"relic_stats":{"Shovel":1,"counters":[13,48],"Orichalcum":[108],"obtain_stats":[{"SlaversCollar":17,"MerchantsRug":20,"Anchor":23,"Shovel":20,"NeowsBlessing":0,"Vajra":14,"Red Mask":25,"Orichalcum":7,"MawBank":9,"Ring of the Snake":0},{"SlaversCollar":7,"MerchantsRug":9,"Anchor":10,"Shovel":9,"NeowsBlessing":0,"Vajra":6,"Red Mask":12,"Orichalcum":2,"MawBank":3,"Ring of the Snake":0},{"SlaversCollar":20,"MerchantsRug":27,"Anchor":34,"Shovel":27,"NeowsBlessing":0,"Vajra":12,"Red Mask":44,"Orichalcum":2,"MawBank":3,"Ring of the Snake":0}],"Ring of the Snake":[26]},"card_choices":[{"not_picked":["Deflect","Escape Plan"],"picked":"Blade Dance","floor":1.0},{"not_picked":["A Thousand Cuts","Reflex"],"picked":"Dagger Throw","floor":7},{"not_picked":["Deadly Poison","Slice","Poisoned Stab"],"picked":"SKIP","floor":8},{"not_picked":["PiercingWail","Catalyst"],"picked":"Quick Slash","floor":11},{"not_picked":["Acrobatics","Setup"],"picked":"Backflip","floor":13},{"not_picked":["Masterful Stab","Bane"],"picked":"Choke","floor":14},{"not_picked":["A Thousand Cuts","Adrenaline"],"picked":"Storm of Steel","floor":16},{"not_picked":["Masterful Stab","Bane+1"],"picked":"Footwork+1","floor":18},{"not_picked":["Flying Knee","Endless Agony"],"picked":"Cloak And Dagger","floor":19},{"not_picked":["Slice","Bouncing Flask"],"picked":"Tactician+1","floor":21},{"not_picked":["Noxious Fumes","Deadly Poison+1"],"picked":"Sucker Punch+1","floor":24},{"not_picked":["Dagger Throw","Leg Sweep"],"picked":"Backstab+1","floor":25}],"player_experience":188292,"relics_obtained":[{"floor":7,"key":"Orichalcum"},{"floor":9,"key":"MawBank"},{"floor":14,"key":"Vajra"},{"floor":23,"key":"Anchor"},{"floor":25,"key":"Red Mask"}],"event_choices":[{"damage_healed":0.0,"max_hp_gain":0.0,"max_hp_loss":0.0,"gold_gain":0.0,"event_name":"Shining Light","player_choice":"Ignored","floor":3.0,"gold_loss":0.0,"damage_taken":0.0},{"damage_healed":0.0,"max_hp_gain":5.0,"max_hp_loss":0.0,"gold_gain":0.0,"event_name":"Big Fish","player_choice":"Donut","floor":4.0,"gold_loss":0.0,"damage_taken":0.0},{"cards_removed":["Strike_G"],"damage_healed":0.0,"max_hp_gain":0.0,"max_hp_loss":0.0,"gold_gain":0.0,"event_name":"Living Wall","player_choice":"Forget","floor":5.0,"gold_loss":0.0,"damage_taken":0.0},{"damage_healed":0,"gold_gain":0,"player_choice":"Fought Bandits","damage_taken":0,"max_hp_gain":0,"max_hp_loss":0,"event_name":"Masked Bandits","floor":25,"gold_loss":0}],"is_beta":false,"boss_relics":[{"not_picked":["SacredBark","Cursed Key"],"picked":"SlaversCollar"}],"items_purged_floors":[20],"is_endless":false,"potions_floor_spawned":[7,14,18,19],"killed_by":"Gremlin Leader","ascension_level":0}}