{"host":"i5k6a03zg3men3m2","time":1613746882,"event":{"mods":["Act Like it!","BaseMod","Downfall","Gensokyo","GifTheSpireLib","Minty Spire (QoL Compilation)","Quick Restart","Replay The Spire","StSLib","Td1madao Mod","TestMod","The Animator"],"gold_per_floor":[32,44,44,63,63,88,88,119,144,144,167,92,138,159,159,295,295,316,316,341,362,322,376,376,404,404,428,428,462,462,506,506,645,645,560,307,311,311,31,31,58,58,81,103,103,103,103,155,155,209],"floor_reached":51,"language":"ZHS","playtime":2945,"items_purged":["Pain","Doubt","animator:Curse_Nutcracker"],"score":720,"play_id":"42e92fa8-d094-457a-99e5-20b6e69f2463","local_time":"20210219230122","is_ascension_mode":false,"campfire_choices":[{"data":"animator:Aqua","floor":7.0,"key":"SMITH"},{"data":"animator:Albedo","floor":24,"key":"SMITH"},{"floor":28,"key":"REST"},{"floor":32,"key":"REST"},{"data":"animator:YachiyoNanami","floor":40,"key":"SMITH"},{"data":"animator:Kazuma","floor":42,"key":"SMITH"},{"data":"animator:Defend_Konosuba","floor":45,"key":"SMITH"},{"data":"animator:HomuraAkemi","floor":47,"key":"SMITH"},{"floor":49,"key":"REST"}],"circlet_count":0,"master_deck":["animator:Defend_Konosuba+1","animator:Defend","animator:Kazuma+1","animator:Aqua+1","animator:Megumin+7","animator:Chris","animator:Chris","animator:Entoma+3","animator:Chris+1","animator:Albedo+1","animator:Demiurge+1","animator:Shuna","animator:YachiyoNanami+1","animator:YunYun","animator:Envy+1","animator:Mitsurugi","animator:HomuraAkemi+1"],"relics":["animator:LivingPicture","animator:TheMissingPiece","testmod-TestBox","testmod-Fortitude","Strawberry","Gensokyo:LunaticRedEyes","Blue Doll","Gensokyo:OccultBall","Akabeko","Kintsugi","Orichalcum","Letter Opener","Gensokyo:DirgeOfMelancholy","Replay:Ancient Bell","Happy Flower","testmod-RandomTest","testmod-RealStoneCalender","testmod-AssaultLearning","Guide Book","Art of War","Regal Pillow"],"acts_visited":["Gensokyo:Gensokyo","Gensokyo:Gensokyoer","Gensokyo:Gensokyoest"],"potions_floor_usage":[27,33,48,50,50],"damage_taken":[{"damage":2.0,"enemies":"Gensokyo:3_Fairies","floor":1.0,"turns":5.0},{"damage":2.0,"enemies":"Gensokyo:2_Kodama","floor":4.0,"turns":4.0},{"damage":12.0,"enemies":"Gensokyo:Gryphon","floor":6.0,"turns":4.0},{"damage":2.0,"enemies":"Gensokyo:3_Kodama","floor":8.0,"turns":4.0},{"damage":26.0,"enemies":"Gensokyo:Cirno","floor":13.0,"turns":5.0},{"damage":0.0,"enemies":"Gensokyo:LivingMonolith","floor":14.0,"turns":1.0},{"damage":3.0,"enemies":"Gensokyo:Reimu","floor":16.0,"turns":7.0},{"damage":0,"enemies":"Gensokyo:CosmicMonolith","floor":18,"turns":4},{"damage":25,"enemies":"Gensokyo:AngelMirror","floor":20,"turns":4},{"damage":0,"enemies":"Gensokyo:Wraith","floor":21,"turns":1},{"damage":1,"enemies":"Gensokyo:Tenshi","floor":23,"turns":3},{"damage":14,"enemies":"Gensokyo:Chomper_and_Gloop","floor":25,"turns":4},{"damage":0,"enemies":"Gensokyo:Swordslinger","floor":27,"turns":2},{"damage":3,"enemies":"Gensokyo:Slime_Group","floor":29,"turns":3},{"damage":11,"enemies":"Gensokyo:Chomper_and_Gloop","floor":31,"turns":5},{"damage":45,"enemies":"Gensokyo:Eiki","floor":33,"turns":10},{"damage":0,"enemies":"Gensokyo:3_Bats","floor":35,"turns":2},{"damage":44,"enemies":"Gensokyo:3_Bats","floor":37,"turns":8},{"damage":0,"enemies":"Gensokyo:3_Boulders","floor":41,"turns":2},{"damage":19,"enemies":"Gensokyo:SeedOfUnknown","floor":44,"turns":4},{"damage":17,"enemies":"Gensokyo:Marisa","floor":48,"turns":5},{"damage":38,"enemies":"Gensokyo:Shinki","floor":50,"turns":7}],"seed_played":"21493736495796589","potions_obtained":[{"floor":6.0,"key":"testmod-SpacePotion"},{"floor":8.0,"key":"Swift Potion"},{"floor":13.0,"key":"Dexterity Potion"},{"floor":18,"key":"SteroidPotion"},{"floor":20,"key":"Fire Potion"},{"floor":23,"key":"champ:CounterPotion"},{"floor":35,"key":"Elixir"},{"floor":41,"key":"Cursed Concoction"},{"floor":48,"key":"testmod-SpacePotion"}],"is_trial":false,"path_per_floor":["M","?","?","M","?","M","R","M","T","?","T","$","E","M","R","B",null,"M","?","M","M","?","E","R","M","T","M","R","M","?","M","R","B",null,"M","$","?","?","$","R","M","R","T","M","R","?","R","E","R","B",null],"character_chosen":"THE_ANIMATOR","items_purchased":["testmod-AssaultLearning","Guide Book"],"campfire_rested":3,"item_purchase_floors":[36,39],"current_hp_per_floor":[66,67,64,64,64,54,54,55,55,55,55,55,34,37,59,59,76,76,76,54,54,54,56,56,47,47,50,73,75,75,67,80,38,80,80,80,81,81,81,81,81,81,81,62,62,62,62,48,81,46],"gold":209,"neow_bonus":"THREE_RARE_CARDS","is_daily":false,"chose_seed":false,"campfire_upgraded":6,"win_rate":0.0,"timestamp":1613746882,"path_taken":["M","?","?","?","?","M","R","M","T","?","?","$","E","M","R","BOSS","M","?","M","M","?","E","R","?","T","M","R","M","?","M","R","BOSS","M","?","?","?","$","R","?","R","T","?","R","?","R","E","R","BOSS"],"items_purchased_type":["Relic","Relic"],"build_version":"2020-12-22","purchased_purges":3,"victory":true,"max_hp_per_floor":[66,67,74,74,74,74,74,74,74,74,74,74,76,76,76,76,76,76,76,76,76,76,76,76,78,78,78,78,80,80,80,80,80,80,80,80,81,81,81,81,81,81,81,81,81,81,81,81,81,81],"card_choices":[{"not_picked":["animator:Boros","animator:Kyubey"],"picked":"animator:Saitama","floor":0.0},{"not_picked":["animator:SilverFang","animator:Shion","animator:GazelDwargon"],"picked":"SKIP","floor":1.0},{"not_picked":["animator:Priestess","animator:MumenRider"],"picked":"animator:Megumin","floor":2.0},{"not_picked":["animator:SilverFang","animator:Sonic"],"picked":"animator:Chris","floor":2.0},{"not_picked":["animator:DwarfShaman","animator:Vesta"],"picked":"animator:Chris","floor":4.0},{"not_picked":["animator:YachiyoNanami","animator:Verdia"],"picked":"animator:Entoma","floor":6.0},{"not_picked":["animator:Darkness","animator:Verdia"],"picked":"animator:Chris","floor":8.0},{"not_picked":["animator:IrohaTamaki","animator:MaesHughes","animator:Genos"],"picked":"SKIP","floor":13.0},{"not_picked":["animator:Hakurou","animator:DwarfShaman","animator:SilverFang"],"picked":"SKIP","floor":14.0},{"not_picked":["animator:Kyubey","animator:Shizu"],"picked":"animator:Albedo","floor":16.0},{"not_picked":["animator:RoyMustang+1","animator:GazelDwargon","animator:ElricEdward"],"picked":"SKIP","floor":18},{"not_picked":["animator:Entoma","animator:Evileye"],"picked":"animator:Demiurge","floor":20},{"not_picked":["animator:Pride+1","animator:Melzalgald","animator:SwordMaiden"],"picked":"SKIP","floor":21},{"not_picked":["animator:Melzalgald","animator:ElricAlphonse","animator:MaesHughes"],"picked":"SKIP","floor":23},{"not_picked":["animator:RoyMustang","animator:Shalltear"],"picked":"animator:Shuna","floor":25},{"not_picked":["animator:MaesHughes","animator:MetalKnight+1"],"picked":"animator:YachiyoNanami","floor":29},{"not_picked":["animator:Kazuma","animator:Witch+1"],"picked":"animator:YunYun","floor":31},{"not_picked":["animator:Boros","animator:Rimuru"],"picked":"animator:Envy","floor":33},{"not_picked":["Decay","Shame"],"picked":"animator:Curse_Nutcracker","floor":34},{"not_picked":["Regret","Delirium"],"picked":"Doubt","floor":34},{"not_picked":["ReplayTheSpireMod:Restless Dread","downfall:Icky"],"picked":"ReplayTheSpireMod:IOU","floor":34},{"not_picked":["animator:Priestess","animator:Hakurou+1","animator:Verdia+1"],"picked":"SKIP","floor":35},{"not_picked":["animator:Chris","animator:Vanir"],"picked":"animator:Mitsurugi","floor":37},{"not_picked":["animator:Genos","animator:LizardPriest+1","animator:Aqua"],"picked":"SKIP","floor":41},{"not_picked":["animator:Chris","animator:Evileye+1","animator:Priestess"],"picked":"SKIP","floor":44},{"not_picked":["animator:ElricEdward+1","animator:MetalKnight+1","animator:LizardPriest+1"],"picked":"SKIP","floor":48}],"player_experience":569911,"relics_obtained":[{"floor":9.0,"key":"Blue Doll"},{"floor":13.0,"key":"Akabeko"},{"floor":16.0,"key":"Gensokyo:OccultBall"},{"floor":23,"key":"Orichalcum"},{"floor":26,"key":"Letter Opener"},{"floor":33,"key":"Gensokyo:OccultBall"},{"floor":43,"key":"Art of War"},{"floor":48,"key":"Regal Pillow"}],"event_choices":[{"cards_removed":["downfall:Haunted"],"damage_healed":0,"gold_gain":0,"player_choice":"Removed","damage_taken":0,"max_hp_gain":0,"max_hp_loss":0,"event_name":"◊Á÷‰…≠¡÷","floor":19,"gold_loss":0},{"cards_removed":["Clumsy"],"damage_healed":0,"gold_gain":0,"player_choice":"Removed","damage_taken":0,"max_hp_gain":0,"max_hp_loss":0,"event_name":"◊Á÷‰…≠¡÷","floor":19,"gold_loss":0}],"is_beta":false,"boss_relics":[{"not_picked":["Empty Cage","animator:VividPicture"],"picked":"Kintsugi"},{"not_picked":["testmod-IncinerationGenerator","testmod-Prudence"],"picked":"Replay:Ancient Bell"},{"not_picked":["Anchor","Bronze Scales"],"picked":"Happy Flower"},{"not_picked":["Pantograph","InkBottle"],"picked":"testmod-RandomTest"},{"not_picked":["Old Coin","animator:AlchemistGlove"],"picked":"testmod-RealStoneCalender"}],"items_purged_floors":[12,36,39],"is_endless":false,"potions_floor_spawned":[6,8,13,18,20,23,35,41,48],"ascension_level":0}}