{"host":"uhnh33uh34qot0et","time":1613762436,"event":{"mods":["Act Like it!","BaseMod","Colored Map","Downfall","GungeonMod","Hallownest","Hermit","Marisa????????","Minty Spire (QoL Compilation)","Relic Stats","Replay The Spire","Ruina","StSLib","The Bug Knight","The Construct","The Cursed","The Hierophant","The Marked","The Servant 0.9.4"],"gold_per_floor":[115,115,215,225,239,244,261,261,261,261,271,285,285,302,302,400,400,411,411,95,95,95,95,95,95,123,136,162,172,172,183,190,207,207,197,197],"floor_reached":35,"language":"ENG","playtime":4680,"items_purged":[],"score":248,"play_id":"c54b203a-6f52-4f88-844f-c95885927c66","local_time":"20210219202036","is_ascension_mode":false,"campfire_choices":[{"data":"hierophant:Glossolalia","floor":8,"key":"SMITH"},{"data":"hierophant:DisplayOfPower","floor":10,"key":"SMITH"},{"floor":13,"key":"REST"},{"data":"hierophant:Martyrdom","floor":15,"key":"SMITH"},{"floor":25,"key":"REST"}],"circlet_count":0,"master_deck":["hierophant:Strike_Hierophant","hierophant:Strike_Hierophant","hierophant:Strike_Hierophant","hierophant:Strike_Hierophant","hierophant:Punish","hierophant:Defend_Hierophant","hierophant:Defend_Hierophant","hierophant:Defend_Hierophant","hierophant:Defend_Hierophant","hierophant:ChurchCoffers","hierophant:HammerAndAnvil","hierophant:DisplayOfPower+1","hierophant:Smite","hierophant:Community+1","hierophant:Glossolalia+1","hierophant:Martyrdom+1","hierophant:Shelter","hierophant:FlamingChariot","hierophant:Batter","hierophant:PassingBell+1","hierophant:ArchangelShield+1","hierophant:Upheaval","hierophant:Chorus","hierophant:Glossolalia+1","hierophant:HammerAndAnvil+1","hierophant:Sermon"],"relics":["Replay:Bronze Core","Ice Cream","Black Star","Ring of Hypnosis","hierophant:DonationBoxRelic","Meat on the Bone","Bronze Scales","Lantern"],"acts_visited":["Exordium","TheCity"],"potions_floor_usage":[16,16,16,26,31,33,35,35,35],"damage_taken":[{"damage":11,"enemies":"Small Slimes","floor":1,"turns":3},{"damage":8,"enemies":"Jaw Worm","floor":4,"turns":3},{"damage":1,"enemies":"Cultist","floor":5,"turns":4},{"damage":4,"enemies":"3 Louse","floor":6,"turns":2},{"damage":0,"enemies":"Looter","floor":7,"turns":3},{"damage":0,"enemies":"Exordium Wildlife","floor":11,"turns":3},{"damage":12,"enemies":"Lots of Slimes","floor":12,"turns":4},{"damage":0,"enemies":"Blue Slaver","floor":14,"turns":3},{"damage":42,"enemies":"Slime Boss","floor":16,"turns":9},{"damage":39,"enemies":"3 Byrds","floor":18,"turns":8},{"damage":23,"enemies":"Replay:Snechameleon","floor":26,"turns":10},{"damage":3,"enemies":"Shell Parasite","floor":27,"turns":5},{"damage":26,"enemies":"Snecko","floor":29,"turns":4},{"damage":5,"enemies":"Chosen and Byrds","floor":31,"turns":7},{"damage":17,"enemies":"Snake Plant","floor":32,"turns":5},{"damage":0,"enemies":"3 Cultists","floor":33,"turns":6},{"damage":66,"enemies":"Automaton","floor":35,"turns":6}],"seed_played":"1775785634638862644","potions_obtained":[{"floor":6,"key":"Weak Potion"},{"floor":12,"key":"DemoMod:LeadSkinPotion"},{"floor":14,"key":"Adrenaline Potion"},{"floor":18,"key":"EssenceOfSteel"},{"floor":29,"key":"Explosive Potion"},{"floor":32,"key":"Energy Potion"},{"floor":33,"key":"Venom Potion"},{"floor":34,"key":"SneckoOil"},{"floor":34,"key":"bronze:BurnAndBuffPotion"}],"is_trial":false,"path_per_floor":["M","?","?","M","M","M","M","R","T","R","M","M","R","M","R","B",null,"M","?","$","?","PTL","PTL","$","R","E","M","T","M","?","M","M","M","R_BF","B"],"character_chosen":"HIEROPHANT","items_purchased":["hierophant:ArchangelShield+1","hierophant:DonationBoxRelic"],"campfire_rested":2,"item_purchase_floors":[20,20],"current_hp_per_floor":[64,64,64,56,55,51,51,51,51,51,51,39,61,61,61,19,75,36,36,36,36,36,36,36,58,35,44,44,30,30,37,32,44,44,0,0],"gold":197,"neow_bonus":"BOSS_RELIC","is_daily":false,"chose_seed":false,"campfire_upgraded":3,"win_rate":0.0,"timestamp":1613762436,"path_taken":["M","?","?","?","M","M","M","R","T","R","M","M","R","M","R","BOSS","M","?","$","?","PTL","PTL","?","R","E","M","T","M","?","M","M","M","R_BF","BOSS"],"items_purchased_type":["Card","Relic"],"build_version":"2020-12-22","purchased_purges":0,"victory":false,"max_hp_per_floor":[75,75,75,75,75,75,75,75,75,75,75,75,75,75,75,75,75,75,75,75,75,75,75,75,75,75,75,75,75,75,75,75,75,75,75,75],"relic_stats":{"counters":[17,85],"Bronze Scales":[108],"Black Star":1,"obtain_stats":[{"Ice Cream":9,"Lantern":28,"Ring of Hypnosis":19,"hierophant:PropheticMaskRelic":0,"Replay:Bronze Core":0,"Bronze Scales":26,"hierophant:DonationBoxRelic":20,"DemoMod:GlassGuonStoneRelic":5,"Black Star":17,"Meat on the Bone":26},{"Ice Cream":5,"Lantern":12,"Ring of Hypnosis":10,"hierophant:PropheticMaskRelic":0,"Replay:Bronze Core":0,"Bronze Scales":11,"hierophant:DonationBoxRelic":10,"DemoMod:GlassGuonStoneRelic":3,"Black Star":9,"Meat on the Bone":11},{"Ice Cream":15,"Lantern":57,"Ring of Hypnosis":42,"hierophant:PropheticMaskRelic":0,"Replay:Bronze Core":0,"Bronze Scales":52,"hierophant:DonationBoxRelic":42,"DemoMod:GlassGuonStoneRelic":10,"Black Star":34,"Meat on the Bone":52}],"Meat on the Bone":60},"card_choices":[{"not_picked":["hierophant:RepressedViolence","hierophant:Embezzle"],"picked":"hierophant:HammerAndAnvil","floor":1},{"not_picked":["hierophant:OrnateBuckler","hierophant:Embezzle"],"picked":"hierophant:DisplayOfPower","floor":4},{"not_picked":["hierophant:Rebuild","hierophant:CursedGold"],"picked":"hierophant:Smite","floor":5},{"not_picked":["hierophant:FieryStrike","hierophant:Invocation"],"picked":"hierophant:Community","floor":6},{"not_picked":["hierophant:ThreeLashes","hierophant:AuricBeam"],"picked":"hierophant:Glossolalia","floor":7},{"not_picked":["hierophant:Empathy","hierophant:Embezzle"],"picked":"hierophant:Martyrdom","floor":11},{"not_picked":["hierophant:Prophecy","hierophant:RustyCrate"],"picked":"hierophant:Shelter","floor":12},{"not_picked":["hierophant:SealAway","hierophant:HammerAndAnvil"],"picked":"hierophant:FlamingChariot","floor":14},{"not_picked":["hierophant:Invocation","hierophant:BulkyChest"],"picked":"hierophant:Batter","floor":16},{"not_picked":["hierophant:Doubloon+1","hierophant:Remorse"],"picked":"hierophant:PassingBell+1","floor":18},{"not_picked":["hierophant:Alms","hierophant:Generosity","hierophant:Doubloon"],"picked":"SKIP","floor":26},{"not_picked":["hierophant:Zeal","hierophant:Remorse"],"picked":"hierophant:Upheaval","floor":27},{"not_picked":["hierophant:RustyCrate","hierophant:Remorse"],"picked":"hierophant:Chorus","floor":29},{"not_picked":["hierophant:Empathy","hierophant:Purify"],"picked":"hierophant:Glossolalia+1","floor":31},{"not_picked":["hierophant:Zeal","hierophant:Upheaval"],"picked":"hierophant:HammerAndAnvil+1","floor":32},{"not_picked":["hierophant:Patience","hierophant:CoinFling"],"picked":"hierophant:Sermon","floor":33}],"player_experience":42908,"relics_obtained":[{"floor":9,"key":"Ice Cream"},{"floor":19,"key":"Ring of Hypnosis"},{"floor":26,"key":"Meat on the Bone"},{"floor":26,"key":"Bronze Scales"},{"floor":28,"key":"Lantern"}],"event_choices":[{"damage_healed":0,"gold_gain":0,"player_choice":"Ignored","damage_taken":0,"max_hp_gain":0,"max_hp_loss":0,"event_name":"Golden Wing","floor":2,"gold_loss":0},{"damage_healed":0,"gold_gain":100,"player_choice":"Pray","damage_taken":0,"max_hp_gain":0,"max_hp_loss":0,"event_name":"Golden Shrine","floor":3,"gold_loss":0},{"damage_healed":0,"gold_gain":0,"player_choice":"Ignored","damage_taken":0,"max_hp_gain":0,"max_hp_loss":0,"event_name":"Vampires","floor":21,"gold_loss":0},{"damage_healed":0,"gold_gain":0,"player_choice":"Forge","damage_taken":0,"max_hp_gain":0,"max_hp_loss":0,"event_name":"Accursed Blacksmith","floor":30,"gold_loss":0,"cards_upgraded":["hierophant:Community"]}],"is_beta":false,"boss_relics":[{"not_picked":["bronze:MakeshiftBattery","Empty Cage"],"picked":"Black Star"}],"items_purged_floors":[],"is_endless":false,"potions_floor_spawned":[6,12,14,18,29,32,33],"killed_by":"Automaton","ascension_level":0}}