{"host":"43gh4c2f6tt319we","time":1613741546,"event":{"mods":["ATMod(∞¢Ë™Mod)","Act Like it!","Arknights","BaseMod","Gensokyo","Hallownest","KinomotoSakuraMod(ƒæ÷Æ±æ”£)","Lobotomy","Minty Spire (QoL Compilation)","Pale of the Ancients","Reimu£®≤©¿ˆ¡È√Œ£©","Relic Filter Mod","Remilia£®¿Ÿ√◊¿Ú—«£©","StSLib","The Alterego","The Bug Knight","Yakumo Yukari mod","Youmu£®ªÍ∆«—˝√Œ£©"],"gold_per_floor":[119,136,61,26,46,46,46,73,73,106,125,125,158,168,168,270,270,287,299,299,299,132,160,160,112,162,172,29,62,62,62,62,160,160,177,177,196,196,211,211,239,249,249,275,0,11,29,49,49,49,49],"floor_reached":50,"language":"ZHS","playtime":5051,"items_purged":["HollowMod:NailStrikeStart"],"score":735,"play_id":"0e8c33c8-0cb1-4403-a317-65da0dc04f9a","local_time":"20210219223226","daily_mods":["Heirloom"],"is_ascension_mode":false,"campfire_choices":[{"data":"AT_FamilyPortrait","floor":7,"key":"SMITH"},{"data":"HollowMod:QuickDashStart","floor":15,"key":"SMITH"},{"data":"HollowMod:GreatSlash","floor":24,"key":"SMITH"},{"data":"HollowMod:QuickDashStart","floor":32,"key":"SMITH"},{"data":"HollowMod:Weaversong","floor":40,"key":"SMITH"},{"data":"HollowMod:NailStrikeStart","floor":49,"key":"PURGE"}],"circlet_count":0,"master_deck":["HollowMod:NailStrikeStart","HollowMod:QuickDashStart+1","HollowMod:QuickDashStart","HollowMod:QuickDashStart","HollowMod:QuickDashStart+1","HollowMod:FocusHealStart","HollowMod:PogoStrike","AT_FamilyPortrait+1","HollowMod:BlackTendrils","HollowMod:VengefulSpirit","Deep Breath","HollowMod:DesolateDive","HollowMod:GreatSlash+1","HollowMod:MantisMark+1","HollowMod:ShadowDash","HollowMod:HowlingWraiths","HollowMod:DashSlash","HollowMod:WhiteLadysBlessing","HollowMod:ShapeofUnn","Chrysalis","HollowMod:RecoilStrike","HollowMod:CloakDash","HollowMod:MonomonsArchive","HollowMod:SiblingsShadow","Hallownest:attackMasterCycloneSlash","HollowMod:Weaversong+1","HollowMod:CloakDash+1","HollowMod:MantisMark+1","HollowMod:DungDefenderAura+1","HollowMod:NewLastStag","HollowMod:DashSlash+1","HollowMod:CycloneSlash+1"],"relics":["HollowMod:VesselMask","AT_ATBox","Peace Pipe","Pear","HollowMod:KingsBrand","Oddly Smooth Stone","AT_SunfireAegis","AT_TrinityForce","StoneCalendar","Nunchaku","AT_ArcaneBoots","AT_ImmortalShieldbow","Red Mask","Black Star","Toy Ornithopter","AT_ChloranthyRing","HollowMod:DelicateFlower","AT_ArchangelStaff","Eternal Feather"],"acts_visited":["Exordium","Hallownest:Greenpath","Hallownest:CityofTears"],"potions_floor_usage":[8,16,33,35,37,44,44,50,50],"damage_taken":[{"damage":0,"enemies":"Hallownest:monsterHuskGuard","floor":1,"turns":3},{"damage":5,"enemies":"Hallownest:2_Baldur","floor":2,"turns":4},{"damage":3,"enemies":"Hallownest:2_MossCreeps","floor":5,"turns":4},{"damage":3,"enemies":"Hallownest:eliteVengeflyKing","floor":8,"turns":5},{"damage":14,"enemies":"Hallownest:eliteMossKnight","floor":10,"turns":4},{"damage":0,"enemies":"Hallownest:monsterFoolEater","floor":11,"turns":3},{"damage":0,"enemies":"Hallownest:eliteVengeflyKing","floor":13,"turns":7},{"damage":0,"enemies":"Hallownest:MossCreep_and_Mosskin","floor":14,"turns":4},{"damage":13,"enemies":"Hallownest:BossBrokenVessel","floor":16,"turns":7},{"damage":0,"enemies":"Hallownest:3_Youths","floor":18,"turns":4},{"damage":3,"enemies":"Hallownest:2_Mistakes","floor":19,"turns":4},{"damage":10,"enemies":"Hallownest:eliteWatcherKnight","floor":23,"turns":8},{"damage":12,"enemies":"Hallownest:monsterShrumalOgre","floor":27,"turns":5},{"damage":13,"enemies":"Hallownest:Nosk","floor":29,"turns":6},{"damage":14,"enemies":"Hallownest:BossGrimm","floor":33,"turns":7},{"damage":9,"enemies":"Hallownest:Shield_Heavy","floor":35,"turns":4},{"damage":5,"enemies":"Hallownest:3_Siblings","floor":37,"turns":3},{"damage":0,"enemies":"Hallownest:2_Wing_and_1_Kings","floor":39,"turns":3},{"damage":23,"enemies":"Hallownest:StalkingDevout","floor":41,"turns":6},{"damage":0,"enemies":"Hallownest:Shield_Sturdy","floor":42,"turns":2},{"damage":38,"enemies":"Hallownest:eliteCollector","floor":44,"turns":6},{"damage":13,"enemies":"Hallownest:2_Wandering_and_1_Horned","floor":46,"turns":4},{"damage":0,"enemies":"Hallownest:2_Wing_and_1_Kings","floor":47,"turns":3},{"damage":0,"enemies":"Hallownest:2_Soldiers_and_1_Guardian","floor":48,"turns":3},{"damage":137,"enemies":"Hallownest:BossHollowKnight","floor":50,"turns":16}],"seed_played":"-605237066014768707","potions_obtained":[{"floor":1,"key":"Explosive Potion"},{"floor":5,"key":"Dexterity Potion"},{"floor":11,"key":"Strength Potion"},{"floor":16,"key":"Strength Potion"},{"floor":18,"key":"Weak Potion"},{"floor":23,"key":"LiquidBronze"},{"floor":33,"key":"Weak Potion"},{"floor":35,"key":"DuplicationPotion"},{"floor":37,"key":"Strength Potion"},{"floor":47,"key":"Block Potion"}],"is_trial":true,"path_per_floor":["M","M","$","?","M","?","R","E","T","E","M","?","E","M","R","B",null,"M","M","?","?","$","E","R","$","T","M","$","E","?","?","R","B",null,"M","?","M","?","M","R","E","M","T","E","?","M","M","M","R","B"],"character_chosen":"THE_BUGKNIGHT","items_purchased":["Chrysalis","HollowMod:CloakDash","AT_SpeedBoots"],"campfire_rested":0,"item_purchase_floors":[22,25,28],"current_hp_per_floor":[75,75,75,80,79,79,79,93,93,79,79,79,85,87,87,74,93,93,93,93,93,93,83,83,83,83,77,77,69,69,69,69,65,93,84,93,88,88,88,88,65,65,65,37,37,64,70,70,88,0,0],"gold":49,"neow_bonus":"","is_daily":false,"chose_seed":false,"campfire_upgraded":5,"win_rate":0.0,"timestamp":1613741546,"path_taken":["M","M","$","?","M","?","R","E","T","E","M","?","E","M","R","BOSS","M","M","?","?","$","E","R","$","T","?","$","E","?","?","R","BOSS","M","?","?","?","M","R","E","M","T","E","?","?","M","M","R","BOSS"],"items_purchased_type":["Card","Card","Relic"],"build_version":"2020-12-22","purchased_purges":1,"victory":false,"max_hp_per_floor":[75,75,75,80,80,80,80,93,93,93,93,93,93,93,93,93,93,93,93,93,93,93,93,93,93,93,93,93,93,93,93,93,93,93,93,93,93,88,88,88,88,88,88,88,88,88,88,88,88,88,88],"card_choices":[{"not_picked":["HollowMod:DescendingDark","HollowMod:HeavyBlow"],"picked":"HollowMod:BlackTendrils","floor":1},{"not_picked":["HollowMod:SharpenedNail","HollowMod:LifebloodCocoon"],"picked":"HollowMod:VengefulSpirit","floor":2},{"not_picked":["HollowMod:HeavyBlow","HollowMod:MawleksShell","HollowMod:ShadowDash"],"picked":"SKIP","floor":5},{"not_picked":["AT_Homeward","AT_FalsePromise"],"picked":"Deep Breath","floor":6},{"not_picked":["HollowMod:CloakDash","HollowMod:VengefulVoid"],"picked":"HollowMod:DesolateDive","floor":6},{"not_picked":["HollowMod:SoulShaman","HollowMod:InfectedCysts"],"picked":"HollowMod:GreatSlash","floor":8},{"not_picked":["HollowMod:InfectedAttack","HollowMod:HowlingWraiths"],"picked":"HollowMod:MantisMark","floor":10},{"not_picked":["HollowMod:InfectedAttack","HollowMod:DescendingDark"],"picked":"HollowMod:ShadowDash","floor":11},{"not_picked":["HollowMod:HeavyBlow","HollowMod:VengefulVoid"],"picked":"HollowMod:HowlingWraiths","floor":13},{"not_picked":["HollowMod:GreatSlash","HollowMod:BaldurShell"],"picked":"HollowMod:DashSlash","floor":14},{"not_picked":["HollowMod:Hiveblood","HollowMod:NewInfectedGuardian"],"picked":"HollowMod:WhiteLadysBlessing","floor":16},{"not_picked":["HollowMod:SoulVessel+1","HollowMod:NewLittleFool","HollowMod:GreatSlash"],"picked":"SKIP","floor":18},{"not_picked":["HollowMod:PureNailStrike","HollowMod:HowlingWraiths"],"picked":"HollowMod:ShapeofUnn","floor":19},{"not_picked":["HollowMod:SiblingsSouls","HollowMod:VengefulSpirit"],"picked":"HollowMod:RecoilStrike","floor":23},{"not_picked":["HollowMod:CrystalDash+1","HollowMod:FastStrike"],"picked":"HollowMod:MonomonsArchive","floor":27},{"not_picked":["HollowMod:VengefulSpirit","HollowMod:MonarchWings"],"picked":"HollowMod:SiblingsShadow","floor":29},{"not_picked":["HollowMod:ElderbugsWisdom","HollowMod:HornetsHelp"],"picked":"HollowMod:Weaversong","floor":33},{"not_picked":["HollowMod:SharpenedNail","HollowMod:GoodIntentions+1"],"picked":"HollowMod:CloakDash+1","floor":35},{"not_picked":["HollowMod:InfectedAttack","HollowMod:CoiledNail+1"],"picked":"HollowMod:MantisMark+1","floor":37},{"not_picked":["HollowMod:DoubleDash","HollowMod:MothsMistake+1"],"picked":"HollowMod:DungDefenderAura+1","floor":39},{"not_picked":["HollowMod:ChannelNail","HollowMod:CornifersMapStart+1","HollowMod:WraithStrike"],"picked":"SKIP","floor":41},{"not_picked":["HollowMod:QuirrelsAssistance","HollowMod:ShadowDash","HollowMod:MawleksShell"],"picked":"SKIP","floor":42},{"not_picked":["HollowMod:QuirrelsAssistance","HollowMod:ShadowDash","HollowMod:MawleksShell"],"picked":"SKIP","floor":42},{"not_picked":["HollowMod:DescendingDark","HollowMod:SoulStrike","HollowMod:GreatSlash+1"],"picked":"SKIP","floor":44},{"not_picked":["HollowMod:WraithStrike","HollowMod:HeavyBlow+1","HollowMod:AbyssShriek+1"],"picked":"SKIP","floor":46},{"not_picked":["HollowMod:WraithStrike","HollowMod:HeavyBlow+1","HollowMod:AbyssShriek+1"],"picked":"SKIP","floor":46},{"not_picked":["HollowMod:WraithStrike+1","HollowMod:ChannelNail"],"picked":"HollowMod:DashSlash+1","floor":47},{"not_picked":["HollowMod:SiblingsSouls+1","HollowMod:TaintedHusks"],"picked":"HollowMod:CycloneSlash+1","floor":48}],"player_experience":487107,"relics_obtained":[{"floor":8,"key":"Pear"},{"floor":9,"key":"HollowMod:KingsBrand"},{"floor":10,"key":"Oddly Smooth Stone"},{"floor":13,"key":"AT_SunfireAegis"},{"floor":23,"key":"StoneCalendar"},{"floor":26,"key":"Nunchaku"},{"floor":29,"key":"AT_ImmortalShieldbow"},{"floor":41,"key":"Toy Ornithopter"},{"floor":41,"key":"AT_ChloranthyRing"},{"floor":43,"key":"HollowMod:DelicateFlower"},{"floor":44,"key":"AT_ArchangelStaff"},{"floor":44,"key":"Eternal Feather"}],"event_choices":[],"is_beta":false,"boss_relics":[{"not_picked":["Runic Pyramid","HollowMod:KingsSoulRelic"],"picked":"AT_TrinityForce"},{"not_picked":["Busted Crown","Coffee Dripper"],"picked":"Black Star"}],"items_purged_floors":[3],"is_endless":true,"potions_floor_spawned":[1,5,11,16,18,23,27,33,35,37,42,47],"killed_by":"Hallownest:BossHollowKnight","ascension_level":0}}