{"host":"4rvakrj1idbgia3f","time":1613712143,"event":{"mods":["BaseMod","Colored Map","Colored Powertips","DeckTracker","Highlight Path","Minty Spire (QoL Compilation)","Random Character Button","StSLib"],"gold_per_floor":[113,113,126,126,145,174,191,191,214,214,247,247,1,30,30,102,102,120,133,152,152,152,152,166,166,166,197,210,221,221,236,236,236,236],"floor_reached":33,"language":"JPN","playtime":1255,"items_purged":["Pain"],"score":574,"play_id":"7f8afd1a-43d8-4153-af0a-eced77ccb390","local_time":"20210219142223","is_ascension_mode":true,"campfire_choices":[{"floor":10.0,"key":"REST"},{"floor":12.0,"key":"REST"},{"floor":15.0,"key":"RECALL"},{"floor":23.0,"key":"REST"},{"floor":25.0,"key":"REST"},{"floor":30.0,"key":"REST"},{"floor":32.0,"key":"REST"}],"circlet_count":0,"master_deck":["AscendersBane","Strike_G","Strike_G","Strike_G","Strike_G","Strike_G","Defend_G","Defend_G","Defend_G","Defend_G","Defend_G","Survivor","Neutralize","Deadly Poison+1","PiercingWail","All Out Attack","Outmaneuver","Backflip","Deadly Poison","Prepared","Night Terror","Blade Dance+1","Accuracy","Backflip","Phantasmal Killer","Leg Sweep","Slice","Acrobatics"],"relics":["Fusion Hammer","Vajra","WarpedTongs","Toy Ornithopter","Akabeko","TwistedFunnel","Bag of Preparation","WristBlade","Bird Faced Urn","Centennial Puzzle"],"acts_visited":["Exordium","TheCity"],"potions_floor_usage":[33,33],"damage_taken":[{"damage":11.0,"enemies":"Small Slimes","floor":1.0,"turns":5.0},{"damage":7.0,"enemies":"Jaw Worm","floor":3.0,"turns":4.0},{"damage":0.0,"enemies":"Cultist","floor":5.0,"turns":4.0},{"damage":2.0,"enemies":"Lagavulin","floor":6.0,"turns":8.0},{"damage":0.0,"enemies":"3 Louse","floor":7.0,"turns":2.0},{"damage":14.0,"enemies":"3 Sentries","floor":11.0,"turns":3.0},{"damage":14.0,"enemies":"Lagavulin","floor":14.0,"turns":5.0},{"damage":14.0,"enemies":"Hexaghost","floor":16.0,"turns":9.0},{"damage":7.0,"enemies":"Spheric Guardian","floor":18.0,"turns":5.0},{"damage":1.0,"enemies":"Chosen","floor":19.0,"turns":3.0},{"damage":3.0,"enemies":"Centurion and Healer","floor":20.0,"turns":4.0},{"damage":29.0,"enemies":"Shelled Parasite and Fungi","floor":24.0,"turns":4.0},{"damage":12.0,"enemies":"Slavers","floor":27.0,"turns":4.0},{"damage":6.0,"enemies":"Snake Plant","floor":28.0,"turns":4.0},{"damage":0.0,"enemies":"Cultist and Chosen","floor":29.0,"turns":3.0},{"damage":2.0,"enemies":"Centurion and Healer","floor":31.0,"turns":3.0},{"damage":85,"enemies":"Collector","floor":33,"turns":9}],"seed_played":"5816690226180620862","potions_obtained":[{"floor":1.0,"key":"Block Potion"},{"floor":3.0,"key":"ColorlessPotion"},{"floor":7.0,"key":"AttackPotion"},{"floor":14.0,"key":"SteroidPotion"},{"floor":18.0,"key":"LiquidBronze"},{"floor":24.0,"key":"DistilledChaos"},{"floor":28.0,"key":"DistilledChaos"},{"floor":31.0,"key":"Block Potion"}],"is_trial":false,"path_per_floor":["M","?","M","?","M","E","M","?","T","R","E","R","$","E","R","B",null,"M","M","M","?","?","R","M","R","T","E","M","M","R","M","R","B"],"character_chosen":"THE_SILENT","items_purchased":["TwistedFunnel"],"campfire_rested":6,"item_purchase_floors":[13],"current_hp_per_floor":[48,48,41,41,41,39,39,39,39,58,49,66,66,52,52,38,59,52,51,48,48,48,66,37,56,56,51,45,50,66,66,66,0,0],"gold":236,"neow_bonus":"BOSS_RELIC","is_daily":false,"chose_seed":false,"campfire_upgraded":0,"win_rate":0.0,"timestamp":1613712143,"path_taken":["M","?","M","?","M","E","?","?","T","R","E","R","$","E","R","BOSS","M","M","M","?","?","R","M","R","T","E","M","?","R","M","R","BOSS"],"items_purchased_type":["Relic"],"build_version":"2020-12-22","purchased_purges":1,"victory":false,"max_hp_per_floor":[66,66,66,66,66,66,66,66,66,66,66,66,66,66,66,66,66,66,66,66,66,66,66,66,66,66,66,66,66,66,66,66,66,66],"card_choices":[{"not_picked":["Concentrate","Backflip"],"picked":"Deadly Poison","floor":1.0},{"not_picked":["Distraction","Prepared"],"picked":"PiercingWail","floor":3.0},{"not_picked":["Masterful Stab","Footwork"],"picked":"All Out Attack","floor":5.0},{"not_picked":["Concentrate","Distraction"],"picked":"Outmaneuver","floor":6.0},{"not_picked":["Acrobatics","Dodge and Roll"],"picked":"Backflip","floor":7.0},{"not_picked":["Burst","Bane"],"picked":"Deadly Poison","floor":11.0},{"not_picked":["Masterful Stab","Terror"],"picked":"Prepared","floor":14.0},{"not_picked":["Unload","Die Die Die"],"picked":"Night Terror","floor":16.0},{"not_picked":["Bane","PiercingWail"],"picked":"Blade Dance","floor":18.0},{"not_picked":["Quick Slash","Choke","Heel Hook"],"picked":"SKIP","floor":19.0},{"not_picked":["PiercingWail+1","Eviscerate"],"picked":"Accuracy","floor":20.0},{"not_picked":["Malaise","Quick Slash"],"picked":"Backflip","floor":24.0},{"not_picked":["Dagger Spray","Bane"],"picked":"Phantasmal Killer","floor":27.0},{"not_picked":["Deadly Poison","Dodge and Roll"],"picked":"Leg Sweep","floor":28.0},{"not_picked":["PiercingWail","Tactician"],"picked":"Slice","floor":29.0},{"not_picked":["Outmaneuver+1","Calculated Gamble"],"picked":"Acrobatics","floor":31.0}],"player_experience":2414498,"relics_obtained":[{"floor":6.0,"key":"Vajra"},{"floor":9.0,"key":"Toy Ornithopter"},{"floor":11.0,"key":"Akabeko"},{"floor":14.0,"key":"Bag of Preparation"},{"floor":26.0,"key":"Bird Faced Urn"},{"floor":27.0,"key":"Centennial Puzzle"}],"event_choices":[{"damage_healed":0.0,"max_hp_gain":0.0,"max_hp_loss":0.0,"gold_gain":0.0,"event_name":"Shining Light","player_choice":"Ignored","floor":2.0,"gold_loss":0.0,"damage_taken":0.0},{"damage_healed":0.0,"max_hp_gain":0.0,"max_hp_loss":0.0,"gold_gain":0.0,"event_name":"Living Wall","player_choice":"Grow","floor":4.0,"gold_loss":0.0,"damage_taken":0.0,"cards_upgraded":["Deadly Poison"]},{"damage_healed":0.0,"max_hp_gain":0.0,"max_hp_loss":0.0,"gold_gain":0.0,"event_name":"Accursed Blacksmith","player_choice":"Rummage","floor":8.0,"gold_loss":0.0,"damage_taken":0.0,"relics_obtained":["WarpedTongs"],"cards_obtained":["Pain"]},{"damage_healed":0.0,"max_hp_gain":0.0,"max_hp_loss":0.0,"gold_gain":0.0,"event_name":"The Mausoleum","player_choice":"Ignored","floor":21.0,"gold_loss":0.0,"damage_taken":0.0},{"damage_healed":0.0,"max_hp_gain":0.0,"max_hp_loss":0.0,"gold_gain":0.0,"event_name":"Upgrade Shrine","player_choice":"Upgraded","floor":22.0,"gold_loss":0.0,"damage_taken":0.0,"cards_upgraded":["Blade Dance"]}],"is_beta":false,"boss_relics":[{"not_picked":["Philosopher\u0027s Stone","SlaversCollar"],"picked":"WristBlade"}],"items_purged_floors":[13],"is_endless":false,"potions_floor_spawned":[1,3,7,14,18,19,24,28,31],"killed_by":"Collector","ascension_level":20}}