{"host":"9qcp2wn2ppu3txbq","time":1613754009,"event":{"mods":["BaseMod","Downfall","Minty Spire (QoL Compilation)","Quick Restart","StSLib"],"gold_per_floor":[99,113,123,123,55,80,159,171,71,171,196,263,280,46,65,166,166,66,84,84,153,203,273,297,297,374,424,98,110,110,160,176,274,324,324,338,355,428,443,443,443,443],"floor_reached":40,"language":"ENG","playtime":3620,"items_purged":[],"score":473,"play_id":"ce70a87e-0bae-40ab-b293-46397d3a9f67","local_time":"20210219110009","is_ascension_mode":false,"campfire_choices":[{"floor":1,"key":"RECALL"},{"data":"bronze:Optimize","floor":9,"key":"SMITH"},{"data":"bronze:SpaghettiCode","floor":18,"key":"SMITH"},{"floor":25,"key":"REST"},{"data":"bronze:Repulsor","floor":30,"key":"SMITH"},{"data":"bronze:SpaghettiCode","floor":35,"key":"SMITH"}],"circlet_count":0,"master_deck":["bronze:Strike","bronze:Strike","bronze:Strike","bronze:Defend+1","bronze:Defend","bronze:Defend","bronze:Defend","bronze:Replicate","bronze:Goto","bronze:Branch+1","bronze:Optimize+1","bronze:WildBeam","bronze:Branch","bronze:CutThrough","bronze:Flail","bronze:CutThrough","bronze:Repair","bronze:Optimize+1","bronze:Optimize","bronze:ForceShield","bronze:SpaghettiCode+1","bronze:Invalidate+1","bronze:Philosophize","bronze:ChosenStrike","bronze:Repulsor+1","downfall:Haunted","bronze:Goto","bronze:Branch+1","bronze:SpaghettiCode+1","bronze:Boost+1","bronze:BuggyMess+1","bronze:GetLatest","bronze:FineTuning"],"relics":["bronze:BronzeCore","Happy Flower","downfall:HeartBlessingBlue","downfall:CloakOfManyFaces","CultistMask","FaceOfCleric","NlothsMask","GremlinMask","SsserpentHead","Boot","DollysMirror","Sozu","downfall:HeartBlessingRed","Bronze Scales","Juzu Bracelet","Blood Vial","Tiny House","Anchor"],"acts_visited":["Exordium","TheCity","TheBeyond"],"potions_floor_usage":[10],"damage_taken":[{"damage":3,"enemies":"Cultist","floor":2,"turns":5},{"damage":0,"enemies":"Jaw Worm","floor":3,"turns":3},{"damage":0,"enemies":"downfall:FleeingMerchant","floor":5,"turns":4},{"damage":22,"enemies":"3 Sentries","floor":6,"turns":9},{"damage":0,"enemies":"Small Slimes","floor":8,"turns":2},{"damage":19,"enemies":"downfall:FaceTrader","floor":10,"turns":10},{"damage":6,"enemies":"Lagavulin","floor":11,"turns":7},{"damage":11,"enemies":"Gremlin Gang","floor":12,"turns":4},{"damage":0,"enemies":"3 Louse","floor":13,"turns":2},{"damage":0,"enemies":"downfall:FleeingMerchant","floor":14,"turns":4},{"damage":8,"enemies":"Red Slaver","floor":15,"turns":2},{"damage":15,"enemies":"WA_ARCHETYPE_RETAIN","floor":16,"turns":12},{"damage":0,"enemies":"Spheric Guardian","floor":19,"turns":3},{"damage":0,"enemies":"Chosen","floor":20,"turns":1},{"damage":5,"enemies":"3 Cultists","floor":21,"turns":4},{"damage":17,"enemies":"Snake Plant","floor":23,"turns":4},{"damage":30,"enemies":"downfall:FleeingMerchant","floor":28,"turns":4},{"damage":5,"enemies":"Shelled Parasite and Fungi","floor":29,"turns":4},{"damage":17,"enemies":"Centurion and Healer","floor":32,"turns":4},{"damage":18,"enemies":"IC_MUSHROOM_ARCHETYPE","floor":33,"turns":6},{"damage":14,"enemies":"3 Shapes","floor":36,"turns":5},{"damage":3,"enemies":"Orb Walker","floor":37,"turns":4},{"damage":38,"enemies":"Spire Growth","floor":39,"turns":5},{"damage":93,"enemies":"Giant Head","floor":40,"turns":7}],"seed_played":"8104165982344870013","potions_obtained":[{"floor":2,"key":"Fire Potion"},{"floor":6,"key":"sneckomod:MuddlingPotion"},{"floor":10,"key":"DuplicationPotion"},{"floor":11,"key":"SpeedPotion"},{"floor":12,"key":"Ancient Potion"}],"is_trial":false,"path_per_floor":["R","M","M","?","$","E","T","M","R","?","E","M","M","$","M","B",null,"R","M","M","M","?","M","T","R","T","?","$","M","R","?","M","B",null,"R","M","M","T","M","E"],"character_chosen":"THE_AUTOMATON","items_purchased":["bronze:Branch","DollysMirror","bronze:Optimize","Juzu Bracelet","Blood Vial"],"campfire_rested":1,"item_purchase_floors":[5,14,14,28,28],"current_hp_per_floor":[77,74,74,74,74,52,52,52,62,43,38,28,29,30,23,19,93,93,94,95,91,83,77,77,97,97,97,68,73,73,73,69,61,106,106,93,103,103,71,0,0,0],"gold":443,"neow_bonus":"TEN_PERCENT_HP_BONUS","is_daily":false,"chose_seed":false,"campfire_upgraded":4,"win_rate":0.0,"timestamp":1613754009,"path_taken":["R","?","M","?","$","E","T","M","R","?","E","?","M","$","M","BOSS","R","M","M","?","?","?","T","R","?","?","$","M","R","?","M","BOSS","R","M","M","?","M","E"],"items_purchased_type":["Card","Relic","Card","Relic","Relic"],"build_version":"2020-12-22","purchased_purges":0,"victory":false,"max_hp_per_floor":[77,77,77,77,77,77,77,77,87,87,88,89,90,91,92,93,93,93,94,95,96,96,97,97,97,97,97,98,99,99,99,100,101,106,106,107,108,108,109,109,109,109],"card_choices":[{"not_picked":["bronze:DarkDash","bronze:MaxOutput"],"picked":"bronze:Branch","floor":2},{"not_picked":["bronze:BugBarrage","bronze:Branch"],"picked":"bronze:Optimize","floor":3},{"not_picked":["bronze:BronzeArmor","bronze:Shield"],"picked":"bronze:WildBeam","floor":5},{"not_picked":["bronze:OilSpill","bronze:NullPointer","bronze:Deprecate"],"picked":"SKIP","floor":6},{"not_picked":["bronze:NullPointer","bronze:Iterate"],"picked":"bronze:CutThrough","floor":8},{"not_picked":["bronze:CutThrough","bronze:BugBarrage"],"picked":"bronze:Flail","floor":10},{"not_picked":["bronze:Backtrace","bronze:OilSpill","bronze:HyperBeam"],"picked":"SKIP","floor":11},{"not_picked":["bronze:Shield","bronze:Turbo","bronze:DelayedGuard"],"picked":"SKIP","floor":12},{"not_picked":["bronze:BitShift","bronze:Turbo"],"picked":"bronze:CutThrough","floor":13},{"not_picked":["bronze:Shield","bronze:BitShift"],"picked":"bronze:Repair","floor":14},{"not_picked":["bronze:BuggyMess","bronze:BugBarrage"],"picked":"bronze:ForceShield","floor":15},{"not_picked":["bronze:ShipIt","bronze:HyperBeam"],"picked":"bronze:SpaghettiCode","floor":16},{"not_picked":["bronze:Philosophize","bronze:ChildClass","bronze:WildBeam"],"picked":"SKIP","floor":19},{"not_picked":["bronze:Turbo+1","bronze:BitShift"],"picked":"bronze:Invalidate+1","floor":20},{"not_picked":["bronze:Invalidate+1","bronze:Shield"],"picked":"bronze:Philosophize","floor":21},{"not_picked":["bronze:Turbo","bronze:Overload","bronze:Safeguard"],"picked":"SKIP","floor":23},{"not_picked":["bronze:BronzeArmor","bronze:HardenedForm"],"picked":"bronze:ChosenStrike","floor":28},{"not_picked":["bronze:Shield","bronze:Shell"],"picked":"bronze:Repulsor","floor":29},{"not_picked":["bronze:ChosenStrike","bronze:ForLoop"],"picked":"bronze:Branch+1","floor":32},{"not_picked":["bronze:CleanCode","bronze:Virus"],"picked":"bronze:SpaghettiCode","floor":33},{"not_picked":["bronze:ClassDefault","bronze:WildBeam+1"],"picked":"bronze:Boost+1","floor":34},{"not_picked":["bronze:Invalidate","bronze:Fortify+1"],"picked":"bronze:BuggyMess+1","floor":36},{"not_picked":["bronze:CutThrough","bronze:Frontload+1"],"picked":"bronze:GetLatest","floor":37},{"not_picked":["bronze:ForceShield","bronze:BitShift+1"],"picked":"bronze:FineTuning","floor":39}],"player_experience":291511,"relics_obtained":[{"floor":6,"key":"Happy Flower"},{"floor":10,"key":"downfall:CloakOfManyFaces"},{"floor":11,"key":"Boot"},{"floor":26,"key":"Bronze Scales"},{"floor":38,"key":"Anchor"}],"event_choices":[],"is_beta":false,"boss_relics":[{"not_picked":["Philosopher\u0027s Stone","Astrolabe"],"picked":"Sozu"},{"not_picked":["SacredBark","Coffee Dripper"],"picked":"Tiny House"}],"items_purged_floors":[],"is_endless":false,"potions_floor_spawned":[2,6,10,11,12,21,23,29,33,39],"killed_by":"Giant Head","ascension_level":0}}