{"host":"fxrgx7wt2cpkbhka","time":1613729114,"event":{"mods":["AchievementEnabler","BaseMod","Colored Powertips","Dark Map","Minty Spire (QoL Compilation)","Permanent Neow","Quick Restart","Slay-I","StSLib","Waifu the Spire"],"gold_per_floor":[115,115,115,131,131,156,156,171,171,171,187,202,135,310,310,389,389,408,424,46,60,60,60,60,60],"floor_reached":24,"language":"ENG","playtime":1083,"items_purged":["Doubt"],"score":376,"play_id":"941b5ba6-940e-49e8-8dbd-61b68014ba2d","local_time":"20210219020514","is_ascension_mode":true,"campfire_choices":[{"data":"Zap","floor":7,"key":"SMITH"},{"floor":10,"key":"RECALL"},{"data":"Defragment","floor":15,"key":"SMITH"},{"data":"Sunder","floor":23,"key":"SMITH"}],"circlet_count":0,"master_deck":["AscendersBane","Strike_B","Strike_B","Strike_B","Strike_B+1","Defend_B","Defend_B","Defend_B","Defend_B","Zap+1","Dualcast+1","Leap+1","Glacier","Sunder+1","Defragment+1","Self Repair","Self Repair","FTL","Conserve Battery","Writhe"],"relics":["Cracked Core","NeowsBlessing","Peace Pipe","FossilizedHelix","Velvet Choker","Oddly Smooth Stone","Juzu Bracelet"],"acts_visited":["Exordium","TheCity"],"potions_floor_usage":[24],"damage_taken":[{"damage":0,"enemies":"Small Slimes","floor":1,"turns":1},{"damage":0,"enemies":"2 Louse","floor":4,"turns":1},{"damage":0,"enemies":"Lagavulin","floor":6,"turns":1},{"damage":0,"enemies":"Jaw Worm","floor":8,"turns":3},{"damage":0,"enemies":"Gremlin Gang","floor":11,"turns":8},{"damage":0,"enemies":"Exordium Wildlife","floor":12,"turns":6},{"damage":15,"enemies":"The Guardian","floor":16,"turns":18},{"damage":12,"enemies":"Chosen","floor":18,"turns":5},{"damage":2,"enemies":"Shell Parasite","floor":19,"turns":11},{"damage":10,"enemies":"Shelled Parasite and Fungi","floor":21,"turns":7},{"damage":65,"enemies":"Gremlin Leader","floor":24,"turns":11}],"seed_played":"5017300378904224006","potions_obtained":[{"floor":6,"key":"ColorlessPotion"},{"floor":12,"key":"SpeedPotion"},{"floor":18,"key":"Energy Potion"}],"is_trial":false,"path_per_floor":["M","?","?","M","?","E","R","M","T","R","M","M","$","?","R","B",null,"M","M","$","M","?","R","E"],"character_chosen":"DEFECT","items_purchased":["Defragment","Self Repair","Oddly Smooth Stone","FTL"],"campfire_rested":0,"item_purchase_floors":[13,20,20,20],"current_hp_per_floor":[64,61,61,61,47,47,47,47,47,47,47,47,47,47,47,32,61,49,54,54,58,58,58,0,0],"gold":60,"neow_bonus":"THREE_ENEMY_KILL","is_daily":false,"chose_seed":false,"campfire_upgraded":3,"win_rate":0.0,"timestamp":1613729114,"path_taken":["M","?","?","M","?","E","R","?","T","R","?","M","$","?","R","BOSS","M","M","$","M","?","R","E"],"items_purchased_type":["Card","Card","Relic","Card"],"build_version":"2020-12-22","purchased_purges":1,"victory":false,"max_hp_per_floor":[71,71,71,71,71,71,71,71,71,71,71,71,71,71,71,71,71,71,71,71,71,71,71,71,71],"card_choices":[{"not_picked":["Auto Shields","Force Field"],"picked":"Leap","floor":1},{"not_picked":["Barrage","Sweeping Beam","Compile Driver"],"picked":"SKIP","floor":4},{"not_picked":["Steam Power","Streamline","Biased Cognition"],"picked":"SKIP","floor":6},{"not_picked":["Loop","Chaos"],"picked":"Glacier","floor":8},{"not_picked":["Chaos","Loop"],"picked":"Sunder","floor":11},{"not_picked":["Aggregate","Rebound","Hologram"],"picked":"SKIP","floor":12},{"not_picked":["Beam Cell","Aggregate"],"picked":"Self Repair","floor":18},{"not_picked":["Genetic Algorithm","Stack","Fusion+1"],"picked":"SKIP","floor":19},{"not_picked":["Double Energy","Redo"],"picked":"Conserve Battery","floor":21}],"player_experience":798764,"relics_obtained":[{"floor":6,"key":"FossilizedHelix"}],"event_choices":[{"damage_healed":0,"gold_gain":0,"player_choice":"Success","damage_taken":3,"relics_obtained":["Peace Pipe"],"max_hp_gain":0,"max_hp_loss":0,"event_name":"Scrap Ooze","floor":2,"gold_loss":0},{"damage_healed":0,"gold_gain":0,"player_choice":"Grow","damage_taken":0,"max_hp_gain":0,"max_hp_loss":0,"event_name":"Living Wall","floor":3,"gold_loss":0,"cards_upgraded":["Dualcast"]},{"damage_healed":0,"gold_gain":0,"player_choice":"Entered Light","damage_taken":14,"max_hp_gain":0,"max_hp_loss":0,"event_name":"Shining Light","floor":5,"gold_loss":0,"cards_upgraded":["Strike_B","Leap"]},{"damage_healed":0,"gold_gain":175,"player_choice":"AGREE","damage_taken":0,"max_hp_gain":0,"max_hp_loss":0,"event_name":"Liars Game","floor":14,"gold_loss":0,"cards_obtained":["Doubt"]},{"damage_healed":0,"gold_gain":0,"player_choice":"Opened","damage_taken":0,"relics_obtained":["Juzu Bracelet"],"max_hp_gain":0,"max_hp_loss":0,"event_name":"The Mausoleum","floor":22,"gold_loss":0,"cards_obtained":["Writhe"]}],"is_beta":false,"boss_relics":[{"not_picked":["Snecko Eye","Empty Cage"],"picked":"Velvet Choker"}],"items_purged_floors":[20],"is_endless":false,"potions_floor_spawned":[6,12,16,18,19],"killed_by":"Gremlin Leader","ascension_level":14}}