{"host":"xjj3c712op3vq4z0","time":1613772673,"event":{"mods":["BaseMod","Challenge The Spire","Curses Come First","Highlight Path","Minty Spire (QoL Compilation)","Permanent Neow","Quick Restart","Relic Stats","StSLib"],"gold_per_floor":[119,137,157,157,173,204,204,218,242,271,282,183,183,221,221,332,332,357,383,392,392,406,406,442,442,465,465,489,489,517,535,535,648,648,661,368,368,368,244,278,278,318,405,73,116,116,133,159,159,159,159,159,33,68,68,68],"floor_reached":55,"language":"ENG","playtime":3547,"items_purged":["Strike_P","Shame"],"score":990,"play_id":"2a63a3ea-bb2f-4a29-888e-e0807679a548","local_time":"20210219231113","is_ascension_mode":true,"campfire_choices":[{"data":"Eruption","floor":7.0,"key":"SMITH"},{"floor":13.0,"key":"REST"},{"data":"Crescendo","floor":15.0,"key":"SMITH"},{"data":"Ragnarok","floor":23.0,"key":"SMITH"},{"floor":25.0,"key":"REST"},{"floor":29,"key":"REST"},{"data":"WreathOfFlame","floor":32,"key":"SMITH"},{"floor":41,"key":"REST"},{"data":"Alpha","floor":46,"key":"SMITH"},{"floor":49,"key":"RECALL"},{"data":"Vault","floor":52,"key":"SMITH"}],"circlet_count":0,"master_deck":["Strike_P+1","Defend_P","Defend_P","Defend_P+1","Eruption+1","Vigilance","CrushJoints+1","Crescendo+1","Adaptation","TalkToTheHand+1","ClearTheMind","Halt+1","FlyingSleeves","Ragnarok","Ragnarok+1","EmptyBody+1","CutThroughFate+1","Swivel","Omniscience","FearNoEvil","WreathOfFlame+1","Tantrum","Vault+1","Perseverance","EmptyBody+1","Perseverance","Alpha+1","Protect+1"],"relics":["Velvet Choker","Blue Candle","Whetstone","Bag of Preparation","CeramicFish","Oddly Smooth Stone","Philosopher\u0027s Stone","Pen Nib","War Paint","Gremlin Horn","Cursed Key","Centennial Puzzle","Orichalcum","Potion Belt","The Courier","FossilizedHelix","Ice Cream","Damaru","Anchor"],"acts_visited":["TheBeyond","TheEnding"],"potions_floor_usage":[33,42,50,54],"damage_taken":[{"damage":0.0,"enemies":"Cultist","floor":1.0,"turns":3.0},{"damage":0.0,"enemies":"Jaw Worm","floor":2.0,"turns":4.0},{"damage":0.0,"enemies":"Small Slimes","floor":3.0,"turns":2.0},{"damage":0.0,"enemies":"2 Fungi Beasts","floor":5.0,"turns":2.0},{"damage":5.0,"enemies":"Lagavulin","floor":6.0,"turns":6.0},{"damage":0.0,"enemies":"3 Louse","floor":8.0,"turns":2.0},{"damage":20.0,"enemies":"3 Sentries","floor":10.0,"turns":6.0},{"damage":0.0,"enemies":"Blue Slaver","floor":11.0,"turns":2.0},{"damage":7.0,"enemies":"Gremlin Nob","floor":14.0,"turns":3.0},{"damage":28.0,"enemies":"The Guardian","floor":16.0,"turns":5.0},{"damage":0.0,"enemies":"3 Byrds","floor":18.0,"turns":4.0},{"damage":0.0,"enemies":"2 Thieves","floor":19.0,"turns":3.0},{"damage":17.0,"enemies":"Snecko","floor":22.0,"turns":5.0},{"damage":35.0,"enemies":"Slavers","floor":24.0,"turns":3.0},{"damage":6,"enemies":"Snake Plant","floor":28,"turns":3},{"damage":2,"enemies":"Book of Stabbing","floor":30,"turns":5},{"damage":21,"enemies":"Collector","floor":33,"turns":5},{"damage":28,"enemies":"3 Shapes","floor":35,"turns":6},{"damage":22,"enemies":"Reptomancer","floor":40,"turns":4},{"damage":8,"enemies":"Giant Head","floor":42,"turns":6},{"damage":0,"enemies":"Nemesis","floor":45,"turns":1},{"damage":0,"enemies":"Orb Walker","floor":47,"turns":2},{"damage":0,"enemies":"Sphere and 2 Shapes","floor":48,"turns":3},{"damage":0,"enemies":"Donu and Deca","floor":50,"turns":6},{"damage":33,"enemies":"Shield and Spear","floor":54,"turns":4},{"damage":101,"enemies":"The Heart","floor":55,"turns":6}],"seed_played":"6407274610405482462","potions_obtained":[{"floor":3.0,"key":"Explosive Potion"},{"floor":6.0,"key":"ColorlessPotion"},{"floor":10.0,"key":"Explosive Potion"},{"floor":16.0,"key":"Energy Potion"},{"floor":18.0,"key":"Ancient Potion"},{"floor":33,"key":"Explosive Potion"},{"floor":47,"key":"SneckoOil"},{"floor":48,"key":"ColorlessPotion"}],"is_trial":false,"path_per_floor":["M","M","M","?","M","E","R","M","T","E","M","?","R","E","R","B",null,"M","M","?","T","M","R","E","R","T","?","M","R","E","?","R","B",null,"M","$","?","?","$","E","R","E","T","$","E","R","M","M","R","B",null,"R","$","E","B"],"character_chosen":"WATCHER","items_purchased":["Regen Potion","Centennial Puzzle","Perseverance","FairyPotion","FossilizedHelix","Damaru"],"campfire_rested":4,"item_purchase_floors":[36,36,39,39,44,53],"current_hp_per_floor":[72,72,72,58,58,53,53,53,53,33,33,33,54,47,47,19,72,72,72,72,72,55,55,20,41,41,41,35,56,54,54,54,33,72,44,44,44,44,44,22,42,49,49,49,49,49,49,49,49,49,68,68,68,35,0,0],"gold":68,"neow_bonus":"BOSS_RELIC","is_daily":false,"chose_seed":false,"campfire_upgraded":6,"win_rate":0.0,"timestamp":1613772673,"path_taken":["M","M","M","?","M","E","R","M","T","E","M","?","R","E","R","BOSS","M","M","?","?","M","R","E","R","T","?","M","R","E","?","R","BOSS","M","$","?","?","?","E","R","E","T","$","E","R","?","M","R","BOSS","R","$","E","BOSS"],"items_purchased_type":["Potion","Relic","Card","Potion","Relic","Relic"],"build_version":"2020-12-22","purchased_purges":2,"victory":false,"max_hp_per_floor":[72,72,72,72,72,72,72,72,72,72,72,72,72,72,72,72,72,72,72,72,72,72,72,72,72,72,72,72,72,72,72,72,72,72,72,72,72,68,68,68,68,68,68,68,68,68,68,68,68,68,68,68,68,68,68,68],"relic_stats":{"Centennial Puzzle":[12],"Gremlin Horn":[10,10],"counters":[12,51],"Blue Candle":[0],"CeramicFish":90,"Pen Nib":[10],"Bag of Preparation":[24],"Whetstone":[],"War Paint":[],"Orichalcum":[36],"Cursed Key":1,"obtain_stats":[{"Potion Belt":42,"Ice Cream":45,"Gremlin Horn":30,"Blue Candle":0,"CeramicFish":0,"Velvet Choker":0,"Oddly Smooth Stone":0,"Damaru":53,"Pen Nib":0,"The Courier":43,"Bag of Preparation":0,"Whetstone":0,"War Paint":0,"Orichalcum":40,"Cursed Key":34,"Centennial Puzzle":36,"Anchor":54,"Philosopher\u0027s Stone":0,"FossilizedHelix":44},{"Potion Belt":6,"Ice Cream":7,"Gremlin Horn":2,"Blue Candle":0,"CeramicFish":0,"Velvet Choker":0,"Oddly Smooth Stone":0,"Damaru":10,"Pen Nib":0,"The Courier":6,"Bag of Preparation":0,"Whetstone":0,"War Paint":0,"Orichalcum":5,"Cursed Key":3,"Centennial Puzzle":4,"Anchor":11,"Philosopher\u0027s Stone":0,"FossilizedHelix":6},{"Potion Belt":29,"Ice Cream":30,"Gremlin Horn":8,"Blue Candle":0,"CeramicFish":0,"Velvet Choker":0,"Oddly Smooth Stone":0,"Damaru":41,"Pen Nib":0,"The Courier":29,"Bag of Preparation":0,"Whetstone":0,"War Paint":0,"Orichalcum":23,"Cursed Key":13,"Centennial Puzzle":19,"Anchor":45,"Philosopher\u0027s Stone":0,"FossilizedHelix":29}]},"card_choices":[{"not_picked":["SandsOfTime","BowlingBash"],"picked":"CrushJoints","floor":1.0},{"not_picked":["WindmillStrike","BattleHymn"],"picked":"Crescendo","floor":2.0},{"not_picked":["Consecrate","Worship"],"picked":"Adaptation","floor":3.0},{"not_picked":["Weave","Evaluate"],"picked":"TalkToTheHand","floor":5.0},{"not_picked":["JustLucky","BowlingBash"],"picked":"ClearTheMind","floor":6.0},{"not_picked":["EmptyBody","Crescendo"],"picked":"Halt","floor":8.0},{"not_picked":["Pray","Perseverance"],"picked":"FlyingSleeves","floor":10.0},{"not_picked":["Weave","Crescendo","ReachHeaven"],"picked":"SKIP","floor":11.0},{"not_picked":["EmptyFist","FollowUp"],"picked":"Ragnarok","floor":14.0},{"not_picked":["Judgement","SpiritShield"],"picked":"Ragnarok","floor":16.0},{"not_picked":["JustLucky+1","Halt"],"picked":"EmptyBody","floor":18.0},{"not_picked":["Evaluate+1","Adaptation"],"picked":"CutThroughFate+1","floor":19.0},{"not_picked":["ClearTheMind+1","DeceiveReality","Weave"],"picked":"SKIP","floor":22.0},{"not_picked":["DeceiveReality","Prostrate+1"],"picked":"Omniscience","floor":24.0},{"not_picked":["JustLucky","EmptyFist+1"],"picked":"FearNoEvil","floor":28},{"not_picked":["LikeWater","CrushJoints","EmptyBody"],"picked":"SKIP","floor":30},{"not_picked":["DevaForm","Brilliance"],"picked":"Vault","floor":33},{"not_picked":["PathToVictory+1","LikeWater+1","ClearTheMind"],"picked":"SKIP","floor":35},{"not_picked":["CutThroughFate","Weave"],"picked":"EmptyBody+1","floor":40},{"not_picked":["ClearTheMind","SignatureMove"],"picked":"Perseverance","floor":42},{"not_picked":["Wireheading","Evaluate"],"picked":"Alpha","floor":45},{"not_picked":["Prostrate","ClearTheMind+1","EmptyFist"],"picked":"SKIP","floor":47},{"not_picked":["FlyingSleeves+1","Pray+1"],"picked":"Protect+1","floor":48},{"not_picked":["BowlingBash+1","Crescendo+1","CrushJoints+1"],"picked":"SKIP","floor":54}],"player_experience":669043,"relics_obtained":[{"floor":6.0,"key":"Blue Candle"},{"floor":9.0,"key":"Whetstone"},{"floor":10.0,"key":"Bag of Preparation"},{"floor":14.0,"key":"Oddly Smooth Stone"},{"floor":21.0,"key":"Pen Nib"},{"floor":24.0,"key":"War Paint"},{"floor":30,"key":"Gremlin Horn"},{"floor":40,"key":"Orichalcum"},{"floor":42,"key":"Potion Belt"},{"floor":43,"key":"The Courier"},{"floor":45,"key":"Ice Cream"},{"floor":54,"key":"Anchor"}],"event_choices":[{"damage_healed":0.0,"max_hp_gain":0.0,"max_hp_loss":0.0,"gold_gain":0.0,"event_name":"Shining Light","player_choice":"Entered Light","floor":4.0,"gold_loss":0.0,"damage_taken":14.0,"cards_upgraded":["Defend_P","Strike_P"]},{"damage_healed":0.0,"max_hp_gain":0.0,"max_hp_loss":0.0,"gold_gain":0.0,"event_name":"WeMeetAgain","player_choice":"Paid Gold","floor":12.0,"gold_loss":99.0,"damage_taken":0.0,"relics_obtained":["CeramicFish"]},{"damage_healed":0.0,"max_hp_gain":0.0,"max_hp_loss":0.0,"gold_gain":0.0,"event_name":"The Library","player_choice":"Read","floor":20.0,"gold_loss":0.0,"damage_taken":0.0,"cards_obtained":["Swivel"]},{"damage_healed":0,"gold_gain":0,"player_choice":"Ignored","damage_taken":0,"max_hp_gain":0,"max_hp_loss":0,"event_name":"Vampires","floor":27,"gold_loss":0},{"damage_healed":0,"gold_gain":0,"cards_transformed":["Strike_P","Strike_P"],"player_choice":"Became Test Subject","damage_taken":0,"max_hp_gain":0,"max_hp_loss":0,"event_name":"Drug Dealer","floor":31,"gold_loss":0,"cards_obtained":["WreathOfFlame","Tantrum"]},{"cards_removed":["Defend_P"],"damage_healed":0,"gold_gain":0,"player_choice":"Removed Skill","damage_taken":0,"max_hp_gain":0,"max_hp_loss":0,"event_name":"Falling","floor":37,"gold_loss":0},{"damage_healed":0,"gold_gain":0,"player_choice":"Max HP","damage_taken":0,"max_hp_gain":0,"max_hp_loss":4,"event_name":"Winding Halls","floor":38,"gold_loss":0}],"is_beta":false,"boss_relics":[{"not_picked":["Astrolabe","Ectoplasm"],"picked":"Philosopher\u0027s Stone"},{"not_picked":["Fusion Hammer","Empty Cage"],"picked":"Cursed Key"}],"items_purged_floors":[36,44],"is_endless":false,"potions_floor_spawned":[3,6,10,16,18,33,40,47,48],"killed_by":"The Heart","ascension_level":3}}