{"host":"sc0o2qwpf9j16a4i","time":1613753113,"event":{"mods":["AchievementEnabler","BaseMod","BetterRewards","Block Reminder","Colored Map","Colored Powertips","Custom Start","Highlight Path","Minty Spire (QoL Compilation)","Relic Stats"],"gold_per_floor":[117,192,208,224,224,253,266,324,349,377,397,424,424,458,458,563,563,583,583,583,37,37,37,67,102,102,133,133,133,133,7,7,105,105,105,105],"floor_reached":35,"language":"ENG","playtime":1199,"items_purged":[],"score":792,"play_id":"960ad214-f9ba-4465-9110-8f163689f815","local_time":"20210219184513","daily_mods":["Insanity","Colorless Cards","Night Terrors"],"is_ascension_mode":false,"campfire_choices":[{"floor":13,"key":"REST"},{"data":"Defragment","floor":15,"key":"SMITH"},{"data":"Apotheosis","floor":23,"key":"SMITH"},{"floor":32,"key":"REST"}],"circlet_count":0,"master_deck":["Scrape","Lockon","Streamline","Auto Shields","Recycle","Skim","Rebound","Loop","Coolheaded","Rebound","Purity","Leap","Turbo","Leap","Beam Cell","Beam Cell","Redo","Rebound","Cold Snap","Lockon","Deep Breath","Compile Driver","Defragment+1","Loop","Ball Lightning","Leap","Hologram","Leap","Chaos","Turbo","Leap","Barrage","Beam Cell","Auto Shields","Sweeping Beam","Hologram","Conserve Battery","Compile Driver","Ball Lightning","Cold Snap","Double Energy","Go for the Eyes","Redo","Redo","Aggregate","Cold Snap","Steam","Bandage Up","Dark Shackles","Coolheaded","Rebound","Trip","Compile Driver","Steam","Apotheosis+1","Compile Driver","Beam Cell","Seek","Redo","Streamline","Steam","Hologram","Compile Driver+1","Cold Snap","Conserve Battery","Coolheaded","Coolheaded","Hologram+1","Turbo","All For One","Necronomicurse","Defragment","Electrodynamics"],"relics":["Cracked Core","Oddly Smooth Stone","Strawberry","Vajra","Sundial","Bag of Marbles","Runic Dome","Orrery","Juzu Bracelet","Darkstone Periapt","Red Mask","Gambling Chip","Gremlin Horn","CaptainsWheel","Necronomicon","Busted Crown"],"acts_visited":["Exordium","TheCity","TheBeyond"],"potions_floor_usage":[6,6,10,14,16,24,24,27,33,33],"damage_taken":[{"damage":0,"enemies":"Jaw Worm","floor":1,"turns":3},{"damage":0,"enemies":"Small Slimes","floor":3,"turns":2},{"damage":1,"enemies":"2 Louse","floor":4,"turns":2},{"damage":17,"enemies":"Gremlin Nob","floor":6,"turns":4},{"damage":0,"enemies":"Red Slaver","floor":7,"turns":1},{"damage":0,"enemies":"3 Sentries","floor":10,"turns":7},{"damage":8,"enemies":"Looter","floor":11,"turns":2},{"damage":9,"enemies":"Lagavulin","floor":12,"turns":5},{"damage":0,"enemies":"3 Sentries","floor":14,"turns":5},{"damage":0,"enemies":"Slime Boss","floor":16,"turns":6},{"damage":0,"enemies":"Spheric Guardian","floor":18,"turns":4},{"damage":0,"enemies":"Gremlin Leader","floor":24,"turns":5},{"damage":0,"enemies":"Masked Bandits","floor":25,"turns":4},{"damage":9,"enemies":"Slavers","floor":27,"turns":5},{"damage":30,"enemies":"Champ","floor":33,"turns":8},{"damage":0,"enemies":"3 Darklings","floor":35,"turns":2}],"seed_played":"8708645080829360013","potions_obtained":[{"floor":1,"key":"Explosive Potion"},{"floor":4,"key":"BlessingOfTheForge"},{"floor":7,"key":"GamblersBrew"},{"floor":10,"key":"SkillPotion"},{"floor":12,"key":"Energy Potion"},{"floor":18,"key":"AttackPotion"},{"floor":24,"key":"PowerPotion"},{"floor":25,"key":"Regen Potion"}],"is_trial":true,"path_per_floor":["M","?","M","M","?","E","M","?","T","E","M","E","R","E","R","B",null,"M","?","?","$","?","R","E","?","T","E","?","T","?","$","R","B",null,"M"],"character_chosen":"DEFECT","items_purchased":["Orrery","Cold Snap","Conserve Battery","Coolheaded","Juzu Bracelet","PowerPotion","GamblersBrew","Defragment","Block Potion"],"campfire_rested":2,"item_purchase_floors":[21,21,21,21,21,21,21,31,31],"current_hp_per_floor":[75,64,64,63,63,46,46,46,53,57,49,40,77,77,77,77,77,77,77,77,77,77,77,77,77,77,68,68,68,58,58,78,48,78,78,78],"gold":105,"neow_bonus":"","is_daily":false,"chose_seed":false,"campfire_upgraded":2,"win_rate":0.0,"timestamp":1613753113,"path_taken":["M","?","M","M","?","E","?","?","T","E","M","E","R","E","R","BOSS","M","?","?","$","?","R","E","?","T","E","?","?","?","$","R","BOSS","M"],"items_purchased_type":["Relic","Card","Card","Card","Relic","Potion","Potion","Card","Potion"],"build_version":"2020-12-22","purchased_purges":0,"victory":false,"max_hp_per_floor":[75,75,75,75,75,75,75,75,82,82,82,82,77,77,77,77,77,77,77,77,77,77,77,77,77,77,77,77,77,83,83,78,78,78,78,78],"relic_stats":{"Darkstone Periapt":6,"Busted Crown":0,"Gremlin Horn":[0,0],"counters":[16,64],"Sundial":[2],"Gambling Chip":[4],"Juzu Bracelet":2,"Necronomicon":[2],"obtain_stats":[{"Darkstone Periapt":24,"Gremlin Horn":27,"Oddly Smooth Stone":6,"Vajra":10,"Juzu Bracelet":21,"Runic Dome":17,"CaptainsWheel":29,"Busted Crown":34,"Sundial":12,"Strawberry":9,"Gambling Chip":26,"Orrery":21,"Bag of Marbles":14,"Red Mask":25,"Necronomicon":30,"Cracked Core":0},{"Darkstone Periapt":12,"Gremlin Horn":14,"Oddly Smooth Stone":4,"Vajra":6,"Juzu Bracelet":11,"Runic Dome":10,"CaptainsWheel":14,"Busted Crown":15,"Sundial":8,"Strawberry":5,"Gambling Chip":13,"Orrery":11,"Bag of Marbles":9,"Red Mask":13,"Necronomicon":14,"Cracked Core":0},{"Darkstone Periapt":45,"Gremlin Horn":54,"Oddly Smooth Stone":10,"Vajra":18,"Juzu Bracelet":40,"Runic Dome":36,"CaptainsWheel":54,"Busted Crown":62,"Sundial":25,"Strawberry":11,"Gambling Chip":49,"Orrery":40,"Bag of Marbles":30,"Red Mask":49,"Necronomicon":54,"Cracked Core":0}]},"card_choices":[{"not_picked":["Stack","Conserve Battery"],"picked":"Coolheaded","floor":1},{"not_picked":["Conserve Battery","Skim"],"picked":"Rebound","floor":3},{"not_picked":["PanicButton","Hello World","Leap"],"picked":"SKIP","floor":4},{"not_picked":["Swift Strike","Force Field"],"picked":"Trip","floor":6},{"not_picked":["Go for the Eyes","Gash"],"picked":"Compile Driver","floor":7},{"not_picked":["Leap","Reinforced Body"],"picked":"Steam","floor":10},{"not_picked":["Ball Lightning","Reinforced Body"],"picked":"Apotheosis","floor":11},{"not_picked":["Dramatic Entrance","Rebound"],"picked":"Compile Driver","floor":12},{"not_picked":["Turbo","Hologram"],"picked":"Beam Cell","floor":14},{"not_picked":["The Bomb","Metamorphosis"],"picked":"Seek","floor":16},{"not_picked":["Conserve Battery","Sweeping Beam"],"picked":"Redo","floor":18},{"not_picked":["Flash of Steel+1","Forethought+1"],"picked":"Streamline","floor":21},{"not_picked":["Gash","Swift Strike+1"],"picked":"Steam","floor":21},{"not_picked":["Panacea+1","Beam Cell"],"picked":"Hologram","floor":21},{"not_picked":["Go for the Eyes","Reinforced Body"],"picked":"Compile Driver+1","floor":21},{"not_picked":["Enlightenment","Rebound"],"picked":"Coolheaded","floor":24},{"not_picked":["Impatience","Compile Driver"],"picked":"Hologram+1","floor":25},{"not_picked":["Go for the Eyes","BootSequence"],"picked":"Turbo","floor":27},{"not_picked":["Multi-Cast","Fission"],"picked":"Electrodynamics","floor":33}],"player_experience":1484453,"relics_obtained":[{"floor":6,"key":"Oddly Smooth Stone"},{"floor":9,"key":"Strawberry"},{"floor":10,"key":"Vajra"},{"floor":12,"key":"Sundial"},{"floor":14,"key":"Bag of Marbles"},{"floor":24,"key":"Darkstone Periapt"},{"floor":25,"key":"Red Mask"},{"floor":26,"key":"Gambling Chip"},{"floor":27,"key":"Gremlin Horn"},{"floor":29,"key":"CaptainsWheel"},{"floor":30,"key":"Necronomicon"}],"event_choices":[{"damage_healed":0,"gold_gain":75,"player_choice":"Gather Gold","damage_taken":11,"max_hp_gain":0,"max_hp_loss":0,"event_name":"World of Goop","floor":2,"gold_loss":0},{"damage_healed":0,"gold_gain":0,"player_choice":"Ignored","damage_taken":0,"max_hp_gain":0,"max_hp_loss":0,"event_name":"Transmorgrifier","floor":5,"gold_loss":0},{"damage_healed":0,"gold_gain":58,"player_choice":"Gained Gold","damage_taken":0,"max_hp_gain":0,"max_hp_loss":0,"event_name":"Golden Wing","floor":8,"gold_loss":0},{"damage_healed":0,"gold_gain":0,"player_choice":"Ignored","damage_taken":0,"max_hp_gain":0,"max_hp_loss":0,"event_name":"Ghosts","floor":19,"gold_loss":0},{"damage_healed":0,"gold_gain":0,"player_choice":"Ignored","damage_taken":0,"max_hp_gain":0,"max_hp_loss":0,"event_name":"Transmorgrifier","floor":20,"gold_loss":0},{"cards_removed":["Forethought"],"damage_healed":0,"gold_gain":0,"player_choice":"Elegance","damage_taken":0,"max_hp_gain":0,"max_hp_loss":0,"event_name":"Back to Basics","floor":22,"gold_loss":0},{"damage_healed":0,"gold_gain":0,"player_choice":"Fought Bandits","damage_taken":0,"max_hp_gain":0,"max_hp_loss":0,"event_name":"Masked Bandits","floor":25,"gold_loss":0},{"damage_healed":0,"gold_gain":0,"player_choice":"Read","damage_taken":0,"max_hp_gain":0,"max_hp_loss":0,"event_name":"The Library","floor":28,"gold_loss":0,"cards_obtained":["All For One"]},{"damage_healed":0,"gold_gain":0,"player_choice":"Obtained Book","damage_taken":16,"max_hp_gain":0,"max_hp_loss":0,"event_name":"Cursed Tome","floor":30,"gold_loss":0}],"is_beta":false,"boss_relics":[{"not_picked":["Coffee Dripper","Tiny House"],"picked":"Runic Dome"},{"not_picked":["Astrolabe","Inserter"],"picked":"Busted Crown"}],"items_purged_floors":[],"is_endless":false,"potions_floor_spawned":[1,4,7,10,12,18,24,25],"killed_by":"3 Darklings","ascension_level":0}}