{"host":"8inpc3yxphy2r27y","time":1613749196,"event":{"mods":["ATMod(阿瑾Mod)","Act Like it!","Alarm Clock","Aspiration","Astrologer","Bard","BaseMod","Better Synergies","Better Vampires","Challenge The Spire","Conspire","Decade(王小明)","Defuse TimeMaze Blight","Downfall","Energized Spire","FanaticalFans","FoggyMod","FutureSeer","Gensokyo","GifTheSpireLib","Gremlin Mod","GungeonMod","Hallownest","HumanHunterMod(怪物杀人mod)","KomeijiMod","LagranYue(拉格朗・月)","Lobotomy","LobotomyExtend","Minty Spire (QoL Compilation)","MostiFishMod","Pale of the Ancients","Potion Indicator Mod","Quarter Circle Forward PUNCH!","Quick Restart","READ ME - Guardian Mod","Red Circlet Mod","Reimu（博丽灵梦）","Relic Filter Mod","Relic Stats","Replay The Spire","RumiaBox-露米娅的神秘盒子","Ryuuou龙王","SIMod","Shop Mod","Spicy Shops","StSLib","TestMod","The Animator","The Cursed","The Hierophant","UnlockEverythingMod","Waifu the Spire","[GremlinLeader]The Maniac","[IsaacMod]以撒尖塔","noobMod","【功能Mod】聪明的最终Boss","【遗物卡牌】REMEMod","篝火指南"],"gold_per_floor":[140,17,17,17,17,17,17],"floor_reached":6,"language":"ZHS","playtime":360,"items_purged":[],"score":182,"play_id":"b3122b16-27a7-4b29-8995-20c291c47585","local_time":"20210219233956","daily_mods":["Draft","Hoarder","Vintage","ControlledChaos","Heirloom","Time Dilation","Flight","DeadlyEvents","Elite Swarm","Lethality","Midas"],"is_ascension_mode":false,"campfire_choices":[],"circlet_count":0,"master_deck":["SuicideKing","SuicideKing","AT_ChampionStep","AT_ChampionStep","AT_ChampionStep","EverywhereHibernate","EverywhereHibernate","EverywhereHibernate","MostiFishMod:SephirahHod","MostiFishMod:SephirahHod","MostiFishMod:SephirahHod","maniac:WitnessTrueSorcery","maniac:WitnessTrueSorcery","maniac:WitnessTrueSorcery","maniac:Infuriate","maniac:Infuriate","maniac:Infuriate","maniac:UndyingDesire","maniac:UndyingDesire","maniac:UndyingDesire","maniac:PerceiveDanger","maniac:PerceiveDanger","maniac:PerceiveDanger","maniac:BladeArtist","maniac:BladeArtist","maniac:BladeArtist","maniac:UndyingDesire","maniac:UndyingDesire","maniac:UndyingDesire","maniac:UndyingDesire","maniac:UndyingDesire","maniac:UndyingDesire","maniac:MeleeStrike","maniac:MeleeStrike","maniac:MeleeStrike","maniac:Confront","maniac:Confront","maniac:Confront","maniac:Refine","maniac:Refine","maniac:Refine","maniac:ReconstructWounds","maniac:ReconstructWounds","maniac:ReconstructWounds","maniac:PanickyParry","maniac:PanickyParry","maniac:PanickyParry","maniac:PanickyParry","maniac:PanickyParry","maniac:PanickyParry","maniac:Whirlscythe","maniac:Whirlscythe","maniac:Whirlscythe","maniac:Traceback","maniac:Traceback","maniac:Traceback","Regret","Regret","Regret"],"relics":["maniac:DamagedAnvil","maniac:BrokenHorn","Frozen Eye","qcfpunch:Rainbow_Brush","REME_ComplimentaryCards","ice","Fans:FanaticalFans","DaveBox","HushsDoor","AT_ATBox","testmod-TestBox","LagranYue:RandomDrawCardRelic","GuppysPaw","testmod-Charity","MostiFishMod:Hod","testmod-ObsoleteBoomerang","LagranYue:GuidanceLightRelic","Baka","SynthV:TestCard","LetterFromLob","GoodDreamPillow","CogitoBucket","Ring of Fangs","Ring of Hypnosis","aspiration:Nostalgia","Iron Core"],"acts_visited":["Gensokyo:Gensokyo"],"potions_floor_usage":[],"damage_taken":[{"damage":10,"enemies":"Gensokyo:3_Fairies","floor":1,"turns":6},{"damage":55,"enemies":"Gensokyo:Cirno","floor":6,"turns":5}],"seed_played":"-6435895146906584432","potions_obtained":[],"is_trial":true,"path_per_floor":["M","?","WH","?","WH","E"],"character_chosen":"THE_MANIAC","items_purchased":[],"campfire_rested":0,"item_purchase_floors":[],"current_hp_per_floor":[99,99,99,99,99,-999898,-999898],"gold":17,"neow_bonus":"NOSTALGIA","is_daily":false,"chose_seed":false,"campfire_upgraded":0,"win_rate":0.0,"timestamp":1613749196,"path_taken":["M","?","WH","?","WH","E"],"items_purchased_type":[],"build_version":"2020-12-22","purchased_purges":0,"victory":false,"max_hp_per_floor":[101,101,101,101,101,101,101],"relic_stats":{"counters":[2,11],"obtain_stats":[{"Iron Core":5,"AT_ATBox":0,"DaveBox":0,"LagranYue:RandomDrawCardRelic":0,"GuppysPaw":0,"ice":0,"Fans:FanaticalFans":0,"qcfpunch:Rainbow_Brush":0,"testmod-Charity":0,"maniac:BrokenHorn":0,"Frozen Eye":0,"CogitoBucket":3,"Ring of Fangs":4,"testmod-ObsoleteBoomerang":0,"KeepersGift":0,"maniac:DamagedAnvil":0,"MostiFishMod:Hod":0,"testmod-TestBox":0,"GoodDreamPillow":2,"Ring of Hypnosis":4,"aspiration:Nostalgia":5,"Baka":1,"LagranYue:GuidanceLightRelic":1,"SynthV:TestCard":1,"LetterFromLob":1,"HushsDoor":0,"REME_ComplimentaryCards":0},{"Iron Core":1,"AT_ATBox":0,"DaveBox":0,"LagranYue:RandomDrawCardRelic":0,"GuppysPaw":0,"ice":0,"Fans:FanaticalFans":0,"qcfpunch:Rainbow_Brush":0,"testmod-Charity":0,"maniac:BrokenHorn":0,"Frozen Eye":0,"CogitoBucket":1,"Ring of Fangs":1,"testmod-ObsoleteBoomerang":0,"KeepersGift":0,"maniac:DamagedAnvil":0,"MostiFishMod:Hod":0,"testmod-TestBox":0,"GoodDreamPillow":1,"Ring of Hypnosis":1,"aspiration:Nostalgia":1,"Baka":1,"LagranYue:GuidanceLightRelic":1,"SynthV:TestCard":1,"LetterFromLob":1,"HushsDoor":0,"REME_ComplimentaryCards":0},{"Iron Core":6,"AT_ATBox":0,"DaveBox":0,"LagranYue:RandomDrawCardRelic":0,"GuppysPaw":0,"ice":0,"Fans:FanaticalFans":0,"qcfpunch:Rainbow_Brush":0,"testmod-Charity":0,"maniac:BrokenHorn":0,"Frozen Eye":0,"CogitoBucket":6,"Ring of Fangs":6,"testmod-ObsoleteBoomerang":0,"KeepersGift":0,"maniac:DamagedAnvil":0,"MostiFishMod:Hod":0,"testmod-TestBox":0,"GoodDreamPillow":6,"Ring of Hypnosis":6,"aspiration:Nostalgia":6,"Baka":6,"LagranYue:GuidanceLightRelic":6,"SynthV:TestCard":6,"LetterFromLob":6,"HushsDoor":0,"REME_ComplimentaryCards":0}]},"card_choices":[{"not_picked":[],"picked":"SuicideKing","floor":0},{"not_picked":["maniac:UntravelledPath","maniac:DashForward"],"picked":"maniac:WitnessTrueSorcery","floor":0},{"not_picked":["maniac:ObscuredAttack","maniac:WardAndDefend"],"picked":"maniac:Infuriate","floor":0},{"not_picked":["maniac:SpectralKnives","maniac:PanickyParry"],"picked":"maniac:UndyingDesire","floor":0},{"not_picked":["maniac:ListenToNone","maniac:FoilArmor"],"picked":"maniac:PerceiveDanger","floor":0},{"not_picked":["maniac:MeleeStrike","maniac:PerceiveDanger"],"picked":"maniac:BladeArtist","floor":0},{"not_picked":["maniac:MeleeStrike","maniac:TorturousScreams"],"picked":"maniac:UndyingDesire","floor":0},{"not_picked":["maniac:ListenToNone","maniac:PanickyParry"],"picked":"maniac:UndyingDesire","floor":0},{"not_picked":["maniac:PanickyParry","maniac:ListenToNone"],"picked":"maniac:MeleeStrike","floor":0},{"not_picked":["maniac:ListenToNone","maniac:AllOutAttack"],"picked":"maniac:Confront","floor":0},{"not_picked":["maniac:ArmToTheTeeth","maniac:AllOutAttack"],"picked":"maniac:Refine","floor":0},{"not_picked":["maniac:UntravelledPath","maniac:ListenToNone"],"picked":"maniac:ReconstructWounds","floor":0},{"not_picked":["maniac:Refine","maniac:Traceback"],"picked":"maniac:PanickyParry","floor":0},{"not_picked":["maniac:Feint","maniac:ShelteringEdge"],"picked":"maniac:PanickyParry","floor":0},{"not_picked":["maniac:Confront","maniac:Assassinate"],"picked":"maniac:Whirlscythe","floor":0},{"not_picked":["maniac:ShelteringEdge","maniac:UntravelledPath"],"picked":"maniac:Traceback","floor":0}],"player_experience":204050,"relics_obtained":[{"floor":1,"key":"LagranYue:GuidanceLightRelic"},{"floor":1,"key":"Baka"},{"floor":1,"key":"SynthV:TestCard"},{"floor":1,"key":"LetterFromLob"},{"floor":4,"key":"Ring of Fangs"},{"floor":4,"key":"Ring of Hypnosis"}],"event_choices":[],"is_beta":false,"boss_relics":[],"items_purged_floors":[],"is_endless":false,"potions_floor_spawned":[],"killed_by":"Gensokyo:Cirno","ascension_level":0}}