{"host":"i0m6ffz3lpe3z1ky","time":1613752988,"event":{"mods":["Aspiration","BaseMod","Bestiary","BetterRewards","Colored Map","Conspire","Energized Spire","Highlight Path","Hubris","Ironclad Rager","Minty Spire (QoL Compilation)","Quick Restart","Reliquary","Shop Mod","Spicy Shops","StSLib","Thieving Mod"],"gold_per_floor":[112,112,127,137,153,153,180,20,73,73,73,73,98,112,112,213,213,231,231,250,4,4,4,22,55,134,160,260,293,293,304,304,405,405,417,4,22,22,1021,1021,1049,1049,1049,1083,983,1010,1027,1056,1056,1056,1056,1056,17,48,48],"floor_reached":56,"language":"KOR","playtime":4852,"items_purged":[],"score":2150,"play_id":"ec1a8bd5-f300-4677-bfde-129bcf136fb0","local_time":"20210220014308","is_ascension_mode":true,"campfire_choices":[{"data":"Dash","floor":6.0,"key":"SMITH"},{"data":"conspire:Purge","floor":11.0,"key":"SMITH"},{"data":"Bash","floor":15.0,"key":"SMITH"},{"data":"Limit Break","floor":23.0,"key":"SMITH"},{"floor":32,"key":"RECALL"},{"data":"Corruption","floor":40,"key":"SMITH"},{"data":"Shrug It Off","floor":42,"key":"SMITH"},{"data":"1","floor":49,"key":"LIFT"},{"data":"2","floor":52,"key":"LIFT"}],"circlet_count":0,"master_deck":["Shrug It Off+1","Shrug It Off+1","Limit Break+1","Shrug It Off+1","Shrug It Off+1","Heavy Blade+1","hubris:StunningStrike+1","Corruption+1","True Grit+1","Master of Strategy+1","Purity+1"],"relics":["Burning Blood","Dead Branch","ClockworkSouvenir","conspire:TreasureMap","Blood Vial","Vajra","Omamori","reliquary:CitrusReamer","hubris:OldNail","reliquary:TuningFork","reliquary:Bookmark","Lee\u0027s Waffle","Toy Ornithopter","TheAbacus","OrangePellets","Medical Kit","reliquary:Spinner","reliquary:PartyBalloon","Membership Card","HandDrill","conspire:TopHat","reliquary:Boomerang","Matryoshka","Ice Cream","reliquary:PorcupineQuills","WingedGreaves","Molten Egg 2","reliquary:Knoch","hubris:Backtick","The Courier","Shuriken","Art of War","aspiration:AnachronicSnailShell","reliquary:BrokenClock","reliquary:TridentHead","reliquary:Buckler","Blue Candle","aspiration:SeaSaltIceCream","reliquary:TridentHead","hubris:GlazedTorus","Toxic Egg 2","reliquary:ExpiredCoupon","Empty Cage","Anchor","reliquary:MedicineBall","Lantern","hubris:AstralHammer","Pen Nib","reliquary:SilkGlove","Boot","Girya","Bronze Scales","conspire:DeflatedDodgeball","aspiration:Lifesprig","Bag of Preparation","Pear","Centennial Puzzle","hubris:TenFootPole","hubris:ToyBattleship","hubris:SlimyHat","Red Skull","Strange Spoon","Strawberry","Nunchaku","reliquary:RosewoodLute","Eternal Feather","reliquary:Tamtam","Oddly Smooth Stone"],"acts_visited":["Exordium","TheCity","TheBeyond","TheEnding"],"potions_floor_usage":[],"damage_taken":[{"damage":1.0,"enemies":"conspire:RoseBush","floor":1.0,"turns":4.0},{"damage":0.0,"enemies":"Cultist","floor":3.0,"turns":2.0},{"damage":1.0,"enemies":"Jaw Worm","floor":4.0,"turns":3.0},{"damage":0.0,"enemies":"Large Slime","floor":5.0,"turns":5.0},{"damage":5.0,"enemies":"Gremlin Nob","floor":7.0,"turns":4.0},{"damage":15.0,"enemies":"3 Sentries","floor":13.0,"turns":5.0},{"damage":5.0,"enemies":"2 Fungi Beasts","floor":14.0,"turns":2.0},{"damage":16.0,"enemies":"The Guardian","floor":16.0,"turns":12.0},{"damage":15.0,"enemies":"2 Thieves","floor":18.0,"turns":4.0},{"damage":7.0,"enemies":"Chosen","floor":20.0,"turns":4.0},{"damage":9.0,"enemies":"Sentry and Sphere","floor":24.0,"turns":5.0},{"damage":8.0,"enemies":"Gremlin Leader","floor":25.0,"turns":7.0},{"damage":35.0,"enemies":"conspire:SneckoGhost","floor":27.0,"turns":7.0},{"damage":6.0,"enemies":"Colosseum Slavers","floor":28.0,"turns":2.0},{"damage":9.0,"enemies":"Colosseum Nobs","floor":28.0,"turns":3.0},{"damage":11.0,"enemies":"conspire:Head Lice","floor":29.0,"turns":4.0},{"damage":13.0,"enemies":"Cultist and Chosen","floor":31.0,"turns":3.0},{"damage":10,"enemies":"Champ","floor":33,"turns":10},{"damage":10,"enemies":"3 Darklings","floor":35,"turns":4},{"damage":5,"enemies":"Orb Walker","floor":37,"turns":4},{"damage":5,"enemies":"Giant Head","floor":41,"turns":3},{"damage":5,"enemies":"Reptomancer","floor":44,"turns":3},{"damage":0,"enemies":"Nemesis","floor":46,"turns":3},{"damage":0,"enemies":"Spire Growth","floor":47,"turns":2},{"damage":6,"enemies":"Reptomancer","floor":48,"turns":1},{"damage":4,"enemies":"Time Eater","floor":50,"turns":5},{"damage":0,"enemies":"Shield and Spear","floor":54,"turns":2},{"damage":22,"enemies":"The Heart","floor":55,"turns":5}],"seed_played":"-4910345298270229463","potions_obtained":[{"floor":14.0,"key":"DistilledChaos"},{"floor":18.0,"key":"AttackPotion"},{"floor":24.0,"key":"PowerPotion"},{"floor":27.0,"key":"FearPotion"},{"floor":29.0,"key":"Explosive Potion"}],"is_trial":false,"path_per_floor":["M","?","M","M","M","R","E","$","T","?","R","?","E","M","R","B",null,"M","?","M","$","?","R","M","E","T","E","?","E","?","M","R","B",null,"M","$","M","?","?","R","E","R","T","E","NS","E","M","E","R","B",null,"R","$","E","B",null],"character_chosen":"IRONCLAD","items_purchased":["Dead Branch","ThievingMod:ThievingPotion","Ice Cream","Shrug It Off","Shuriken","Art of War","reliquary:BrokenClock","Cleave+1","Anchor","reliquary:MedicineBall","Lantern","Master of Strategy+1","hubris:AstralHammer","Purity+1","conspire:DeflatedDodgeball","aspiration:Lifesprig","Bag of Preparation","Pear","Centennial Puzzle","hubris:TenFootPole","hubris:ToyBattleship","hubris:SlimyHat","Red Skull","Strange Spoon","Strawberry","Nunchaku","reliquary:RosewoodLute","Eternal Feather","reliquary:Tamtam"],"campfire_rested":0,"item_purchase_floors":[0,0,8,8,21,21,21,21,36,36,36,36,36,36,53,53,53,53,53,53,53,53,53,53,53,53,53,53,53],"current_hp_per_floor":[87,87,87,87,87,87,87,87,87,80,80,80,73,76,76,68,87,78,78,79,79,79,79,78,83,83,56,57,54,54,49,49,47,87,83,83,86,86,86,86,87,87,87,87,87,87,87,87,87,87,87,87,104,104,88],"gold":48,"neow_bonus":"","is_daily":false,"chose_seed":false,"campfire_upgraded":6,"win_rate":0.0,"timestamp":1613752988,"path_taken":["M","?","?","M","?","R","E","$","T","?","R","?","E","M","R","BOSS","M","?","M","$","?","R","M","E","T","E","?","E","?","M","R","BOSS","M","$","M","?","?","R","E","R","T","E","NS","E","M","E","R","BOSS","R","$","E","BOSS"],"items_purchased_type":["Relic","Potion","Relic","Card","Relic","Relic","Relic","Card","Relic","Relic","Relic","Card","Relic","Card","Relic","Relic","Relic","Relic","Relic","Relic","Relic","Relic","Relic","Relic","Relic","Relic","Relic","Relic","Relic"],"build_version":"2020-12-22","purchased_purges":0,"victory":true,"max_hp_per_floor":[87,87,87,87,87,87,87,87,87,87,87,87,87,87,87,87,87,87,87,87,87,87,87,87,87,87,87,87,87,87,87,87,87,87,87,87,87,87,87,87,87,87,87,87,87,87,87,87,87,87,87,87,104,104,104],"card_choices":[{"not_picked":["Anger","Twin Strike","Clash"],"picked":"SKIP","floor":1.0},{"not_picked":["Twin Strike","Limit Break"],"picked":"Ghostly Armor","floor":3.0},{"not_picked":["Armaments","Blood for Blood","Twin Strike"],"picked":"SKIP","floor":4.0},{"not_picked":["Pummel","Sword Boomerang","Anger"],"picked":"SKIP","floor":5.0},{"not_picked":["Clothesline","Sword Boomerang"],"picked":"conspire:Purge","floor":7.0},{"not_picked":["Wild Strike+1","Sever Soul+1"],"picked":"Shrug It Off","floor":13.0},{"not_picked":["Sword Boomerang+1","hubris:SharpeningStone"],"picked":"Hemokinesis+1","floor":14.0},{"not_picked":["Berserk","Brutality"],"picked":"Limit Break","floor":16.0},{"not_picked":["Iron Wave+1","Twin Strike+1"],"picked":"Shrug It Off","floor":18.0},{"not_picked":["Thunderclap+1","Headbutt+1","hubris:ReadiedAction"],"picked":"SKIP","floor":20.0},{"not_picked":["hubris:ReadiedAction","Pommel Strike+1","Fire Breathing"],"picked":"SKIP","floor":24.0},{"not_picked":["hubris:ReadiedAction","Fire Breathing"],"picked":"Pommel Strike+1","floor":24.0},{"not_picked":["Perfected Strike+1","Flex"],"picked":"Shrug It Off+1","floor":25.0},{"not_picked":["Thunderclap+1","Perfected Strike+1"],"picked":"Heavy Blade+1","floor":27.0},{"not_picked":["Perfected Strike+1","Sword Boomerang+1"],"picked":"hubris:StunningStrike+1","floor":28.0},{"not_picked":["Armaments+1","Carnage+1","Clothesline+1"],"picked":"SKIP","floor":29.0},{"not_picked":["Flex+1","Twin Strike+1","hubris:ReadiedAction+1"],"picked":"SKIP","floor":31},{"not_picked":["Berserk","conspire:HitWhereItHurts+1"],"picked":"Corruption","floor":33},{"not_picked":["Disarm+1","Clothesline+1"],"picked":"True Grit+1","floor":35},{"not_picked":["Warcry+1","Rampage+1","Clothesline+1"],"picked":"SKIP","floor":37},{"not_picked":["Evolve+1","Pummel+1"],"picked":"Shrug It Off+1","floor":41},{"not_picked":["Carnage+1","Headbutt+1","conspire:Purge+1"],"picked":"SKIP","floor":44},{"not_picked":["Wild Strike+1","Clothesline+1","Bloodletting+1"],"picked":"SKIP","floor":46},{"not_picked":["Pummel+1","Thunderclap+1","Dropkick+1"],"picked":"SKIP","floor":47},{"not_picked":["Inflame","Perfected Strike+1","Shockwave+1"],"picked":"SKIP","floor":48},{"not_picked":["Thunderclap+1","Pommel Strike+1","Perfected Strike+1"],"picked":"SKIP","floor":54}],"player_experience":421716,"relics_obtained":[{"floor":7.0,"key":"Matryoshka"},{"floor":9.0,"key":"reliquary:PorcupineQuills"},{"floor":13.0,"key":"reliquary:Knoch"},{"floor":25.0,"key":"reliquary:TridentHead"},{"floor":26.0,"key":"reliquary:Buckler"},{"floor":26.0,"key":"Blue Candle"},{"floor":27.0,"key":"aspiration:SeaSaltIceCream"},{"floor":28.0,"key":"hubris:GlazedTorus"},{"floor":28.0,"key":"Toxic Egg 2"},{"floor":29.0,"key":"reliquary:ExpiredCoupon"},{"floor":41,"key":"Pen Nib"},{"floor":43,"key":"reliquary:SilkGlove"},{"floor":44,"key":"Boot"},{"floor":46,"key":"Girya"},{"floor":48,"key":"Bronze Scales"},{"floor":54,"key":"Oddly Smooth Stone"}],"event_choices":[{"damage_healed":0.0,"max_hp_gain":0.0,"max_hp_loss":0.0,"gold_gain":0.0,"event_name":"Scrap Ooze","player_choice":"Success","floor":10.0,"gold_loss":0.0,"damage_taken":7.0,"relics_obtained":["WingedGreaves"]},{"damage_healed":0.0,"max_hp_gain":0.0,"max_hp_loss":0.0,"gold_gain":0.0,"event_name":"conspire:Investor","player_choice":"Leave","floor":19.0,"gold_loss":0.0,"damage_taken":0.0},{"damage_healed":0.0,"max_hp_gain":0.0,"max_hp_loss":0.0,"gold_gain":0.0,"event_name":"Ghosts","player_choice":"Ignored","floor":22.0,"gold_loss":0.0,"damage_taken":0.0},{"damage_healed":0.0,"max_hp_gain":0.0,"max_hp_loss":0.0,"gold_gain":0.0,"event_name":"Colosseum","player_choice":"Fight","floor":28.0,"gold_loss":0.0,"damage_taken":0.0},{"damage_healed":0.0,"max_hp_gain":0.0,"max_hp_loss":0.0,"gold_gain":0.0,"event_name":"Colosseum","player_choice":"Fought Nobs","floor":28.0,"gold_loss":0.0,"damage_taken":0.0},{"cards_removed":["Shrug It Off"],"damage_healed":0,"gold_gain":0,"player_choice":"Removed Skill","damage_taken":0,"max_hp_gain":0,"max_hp_loss":0,"event_name":"Falling","floor":38,"gold_loss":0},{"damage_healed":0,"gold_gain":999,"player_choice":"Gold","damage_taken":0,"max_hp_gain":0,"max_hp_loss":0,"event_name":"MindBloom","floor":39,"gold_loss":0,"cards_obtained":["Normality","Normality"]}],"is_beta":false,"boss_relics":[{"not_picked":["SlaversCollar","reliquary:RustamsPendant"],"picked":"hubris:Backtick"},{"not_picked":["reliquary:RedPaperclip","aspiration:SecretTechniqueScroll"],"picked":"Empty Cage"}],"items_purged_floors":[],"is_endless":false,"potions_floor_spawned":[3,14,18,24,27,29,33,35,37,54],"ascension_level":4}}