{"host":"y1nstw52wejfnhs9","time":1613718944,"event":{"mods":["BaseMod","Bestiary","Better Note","Better Skull","Better Third Choice","Custom Start","Minty Spire (QoL Compilation)","Practice Mode","Replay The Spire","SOS???????","StSLib","SuperFastMode","The Bug Knight","The Forsaken","The Wild Card"],"gold_per_floor":[132,132,164,89,14,14,55,55,80,123,176,217,304,321,321,445,445,502,526,526,446,486,486,486],"floor_reached":23,"language":"ENG","playtime":1202,"items_purged":["Defend_Dante"],"score":586,"play_id":"ee359b94-dc6e-4de2-8cbc-ddfc204f2746","local_time":"20210218231544","is_ascension_mode":true,"campfire_choices":[{"data":"Provocation","floor":6.0,"key":"SMITH"},{"floor":15,"key":"REST"}],"circlet_count":0,"master_deck":["AscendersBane","Attack_a","Attack_a","Attack_b+1","Shoot","Shoot","Provocation+1","Defend_Dante","Redorb","Gilgamesh","Unrisingdragon","Dash2","Dash2","Greenorb","BeastUppercut","Stylechange","Royaldefend","Decay","Rebellion"],"relics":["SSS","Combocheck","PreservedInsect","Boot","theForsaken:Gavel","Ring of Chaos"],"acts_visited":["Exordium","TheCity"],"potions_floor_usage":[19],"damage_taken":[{"damage":4.0,"enemies":"2 Louse","floor":1.0,"turns":3.0},{"damage":22.0,"enemies":"Small Slimes","floor":3.0,"turns":3.0},{"damage":13.0,"enemies":"Cultist","floor":7.0,"turns":4.0},{"damage":0.0,"enemies":"Lagavulin","floor":10.0,"turns":3.0},{"damage":6.0,"enemies":"Looter","floor":11.0,"turns":3.0},{"damage":0.0,"enemies":"Blue Slaver","floor":12.0,"turns":2.0},{"damage":27.0,"enemies":"Lagavulin Event","floor":13.0,"turns":4.0},{"damage":0,"enemies":"3 Louse","floor":14,"turns":4},{"damage":0,"enemies":"Fading Forest","floor":16,"turns":10},{"damage":19,"enemies":"Shell Parasite","floor":18,"turns":2},{"damage":36,"enemies":"Chosen and Byrds","floor":19,"turns":6},{"damage":17,"enemies":"Centurion and Healer","floor":22,"turns":4},{"damage":15,"enemies":"Book of Stabbing","floor":23,"turns":1}],"seed_played":"3579694905749167813","potions_obtained":[{"floor":3.0,"key":"BlessingOfTheForge"},{"floor":10.0,"key":"LiquidBronze"},{"floor":12.0,"key":"Fruit Juice"},{"floor":16,"key":"Languid Potion"}],"is_trial":false,"path_per_floor":["M","?","M","$","?","R","M","?","T","E","M","M","?","M","R","B",null,"M","M","?","?","M","E"],"character_chosen":"DANTE","items_purchased":[],"campfire_rested":1,"item_purchase_floors":[],"current_hp_per_floor":[64,64,42,42,42,42,29,29,29,29,23,23,1,4,28,40,70,54,25,25,25,10,0,0],"gold":486,"neow_bonus":"REMOVE_CARD","is_daily":false,"chose_seed":false,"campfire_upgraded":1,"win_rate":0.0,"timestamp":1613718944,"path_taken":["M","?","M","$","?","R","M","?","T","E","M","?","?","M","R","BOSS","M","M","?","?","M","E"],"items_purchased_type":[],"build_version":"2020-12-22","purchased_purges":1,"victory":false,"max_hp_per_floor":[75,75,75,75,75,75,75,75,75,75,75,75,80,80,80,80,80,80,80,80,80,80,80,80],"card_choices":[{"not_picked":["Kick13","Holywater"],"picked":"Gilgamesh","floor":1.0},{"not_picked":["Fullhouse","GilgameshcomboA","Hightime"],"picked":"SKIP","floor":3.0},{"not_picked":["Airhike","Swordmaster"],"picked":"Unrisingdragon","floor":7.0},{"not_picked":["Gunstinger","Airhike"],"picked":"Dash2","floor":10.0},{"not_picked":["EbonyIvory","Airhike"],"picked":"Dash2","floor":11.0},{"not_picked":["DevilstarS","VitalstarS","Stinger"],"picked":"SKIP","floor":12.0},{"not_picked":["LucifercomboA","Pandora"],"picked":"Greenorb","floor":13.0},{"not_picked":["Fullhouse","Weaponchange"],"picked":"BeastUppercut","floor":14},{"not_picked":["Trickster","Darkslayer"],"picked":"Stylechange","floor":16},{"not_picked":["Fullhouse","DevilstarS"],"picked":"Royaldefend","floor":18},{"not_picked":["VitalstarS","Unrisingdragon","GilgameshcomboA"],"picked":"SKIP","floor":19},{"not_picked":["Fullhouse","Splesh"],"picked":"Rebellion","floor":22}],"player_experience":450177,"relics_obtained":[{"floor":9.0,"key":"PreservedInsect"},{"floor":10.0,"key":"Boot"},{"floor":13.0,"key":"theForsaken:Gavel"}],"event_choices":[{"damage_healed":0.0,"max_hp_gain":0.0,"max_hp_loss":0.0,"gold_gain":0.0,"event_name":"betterThird:BetterSerpent","player_choice":"Ignored","floor":2.0,"gold_loss":0.0,"damage_taken":132.0},{"cards_removed":["Defend_Dante"],"damage_healed":0.0,"max_hp_gain":0.0,"max_hp_loss":0.0,"gold_gain":0.0,"event_name":"The Cleric","player_choice":"Card Removal","floor":5.0,"gold_loss":75.0,"damage_taken":0.0},{"damage_healed":0.0,"max_hp_gain":0.0,"max_hp_loss":0.0,"gold_gain":0.0,"event_name":"Upgrade Shrine","player_choice":"Upgraded","floor":8.0,"gold_loss":0.0,"damage_taken":0.0,"cards_upgraded":["Attack_b"]},{"damage_healed":0.0,"max_hp_gain":0.0,"max_hp_loss":0.0,"gold_gain":0.0,"event_name":"Dead Adventurer","player_choice":"Searched \u00271\u0027 times","floor":13.0,"gold_loss":0.0,"damage_taken":0.0},{"damage_healed":0,"gold_gain":0,"player_choice":"Smashed Altar","damage_taken":0,"max_hp_gain":0,"max_hp_loss":0,"event_name":"Forgotten Altar","floor":20,"gold_loss":0,"cards_obtained":["Decay"]}],"is_beta":false,"boss_relics":[{"not_picked":["Calling Bell","Replay:Ancient Bell"],"picked":"Ring of Chaos"}],"items_purged_floors":[4],"is_endless":false,"potions_floor_spawned":[3,10,12,16],"killed_by":"Book of Stabbing","ascension_level":20}}