{"host":"7sni158j623xchr2","time":1613717786,"event":{"mods":["BaseMod","Colored Map","Highlight Path","Minty Spire (QoL Compilation)","Permanent Neow","Potion Indicator Mod","Rare Cards Sparkle","Relic Sorter","Relic Stats","StSLib","everything is the same but u backflip on backflip"],"gold_per_floor":[115,190,190,204,1,33,46,46,46,46,75,138,68,118,118,220,220,230,29,79,93,143,178,178,209,209,209,174,194,211,186,186,290,290,304,1353,1370,369,387,387,401,401,456,506,516,527,527,527,527],"floor_reached":48,"language":"ENG","playtime":1362,"items_purged":["Strike_G","Normality"],"score":603,"play_id":"941a2b9c-0bc9-461f-80b7-24b5dd731f21","local_time":"20210219005626","is_ascension_mode":true,"campfire_choices":[{"data":"Dagger Spray","floor":8,"key":"SMITH"},{"data":"Deadly Poison","floor":10,"key":"SMITH"},{"data":"Neutralize","floor":15,"key":"SMITH"},{"data":"Terror","floor":24,"key":"SMITH"},{"data":"Die Die Die","floor":27,"key":"SMITH"},{"floor":32,"key":"REST"},{"data":"Wraith Form v2","floor":40,"key":"SMITH"},{"data":"Wraith Form v2","floor":42,"key":"SMITH"},{"floor":47,"key":"RECALL"}],"circlet_count":0,"master_deck":["Strike_G","Strike_G+1","Defend_G","Defend_G","Defend_G","Defend_G","Survivor","Neutralize+1","Quick Slash+1","Quick Slash","Deadly Poison+1","Dagger Spray+1","Footwork","Blur","Die Die Die+1","Die Die Die+1","Deadly Poison+1","PiercingWail","Die Die Die+1","Escape Plan","Dash+1","Necronomicurse","Terror+1","Deflect+1","PiercingWail","Wraith Form v2+1","CurseOfTheBell","Normality","Wraith Form v2+1","PiercingWail","Wraith Form v2","Parasite"],"relics":["Ring of the Snake","The Specimen","SsserpentHead","Darkstone Periapt","Regal Pillow","StrikeDummy","Empty Cage","DollysMirror","Necronomicon","Pantograph","Smiling Mask","Orichalcum","Calling Bell","Centennial Puzzle","Meat on the Bone","Thread and Needle","ClockworkSouvenir","Dead Branch","Whetstone","Art of War"],"acts_visited":["Exordium","TheCity","TheBeyond"],"potions_floor_usage":[11,16,16,23,33,33,37,48],"damage_taken":[{"damage":5,"enemies":"Small Slimes","floor":1,"turns":4},{"damage":0,"enemies":"2 Louse","floor":4,"turns":2},{"damage":15,"enemies":"3 Sentries","floor":6,"turns":7},{"damage":6,"enemies":"Cultist","floor":7,"turns":3},{"damage":18,"enemies":"Gremlin Nob","floor":11,"turns":5},{"damage":0,"enemies":"2 Fungi Beasts","floor":12,"turns":3},{"damage":7,"enemies":"The Guardian","floor":16,"turns":12},{"damage":3,"enemies":"Chosen","floor":18,"turns":7},{"damage":14,"enemies":"2 Thieves","floor":21,"turns":3},{"damage":12,"enemies":"Slavers","floor":23,"turns":4},{"damage":0,"enemies":"Gremlin Leader","floor":25,"turns":5},{"damage":5,"enemies":"Snake Plant","floor":29,"turns":4},{"damage":4,"enemies":"Chosen and Byrds","floor":30,"turns":3},{"damage":59,"enemies":"Champ","floor":33,"turns":16},{"damage":0,"enemies":"3 Shapes","floor":35,"turns":1},{"damage":0,"enemies":"3 Darklings","floor":37,"turns":3},{"damage":2,"enemies":"Transient","floor":39,"turns":5},{"damage":0,"enemies":"Sphere and 2 Shapes","floor":41,"turns":7},{"damage":0,"enemies":"Writhing Mass","floor":45,"turns":7},{"damage":29,"enemies":"Maw","floor":46,"turns":9},{"damage":61,"enemies":"Nemesis","floor":48,"turns":10}],"seed_played":"-5457116474036985462","potions_obtained":[{"floor":4,"key":"PowerPotion"},{"floor":7,"key":"LiquidBronze"},{"floor":11,"key":"Fire Potion"},{"floor":16,"key":"Dexterity Potion"},{"floor":23,"key":"Dexterity Potion"},{"floor":30,"key":"Explosive Potion"},{"floor":37,"key":"Swift Potion"}],"is_trial":false,"path_per_floor":["M","?","?","M","$","E","M","R","T","R","E","M","$","?","R","B",null,"M","$","?","M","?","E","R","E","T","R","?","M","M","?","R","B",null,"M","?","M","$","M","R","M","R","T","?","M","M","R","E"],"character_chosen":"THE_SILENT","items_purchased":["Deadly Poison","Dagger Spray","Block Potion","Die Die Die","PiercingWail","DollysMirror","ClockworkSouvenir","Wraith Form v2","Dead Branch","PiercingWail","Whetstone","DistilledChaos","LiquidBronze"],"campfire_rested":1,"item_purchase_floors":[5,5,5,13,19,19,38,38,38,38,38,38,38],"current_hp_per_floor":[58,47,47,47,47,32,26,26,26,26,8,8,8,8,8,1,63,60,60,60,46,36,24,24,24,24,24,24,19,15,15,50,10,75,75,87,87,87,85,85,85,85,85,83,89,60,60,0,0],"gold":527,"neow_bonus":"ONE_RARE_RELIC","is_daily":false,"chose_seed":false,"campfire_upgraded":7,"win_rate":0.0,"timestamp":1613717786,"path_taken":["M","?","?","M","$","E","M","R","T","R","E","?","$","?","R","BOSS","M","$","?","M","?","E","R","E","T","R","?","M","M","?","R","BOSS","M","?","M","$","M","R","M","R","T","?","M","M","R","E"],"items_purchased_type":["Card","Card","Potion","Card","Card","Relic","Relic","Card","Relic","Card","Relic","Potion","Potion"],"build_version":"2020-12-22","purchased_purges":2,"victory":false,"max_hp_per_floor":[63,63,63,63,63,63,63,63,63,63,63,63,63,63,63,63,63,63,63,63,63,69,69,69,69,69,69,69,69,69,69,69,69,75,75,87,87,87,87,87,87,87,87,83,89,89,89,89,89],"relic_stats":{"Darkstone Periapt":30,"Regal Pillow":15,"counters":[21,120],"Dead Branch":[27],"Whetstone":["Quick Slash","Strike_G"],"Orichalcum":[126],"Smiling Mask":50,"SsserpentHead":400,"Centennial Puzzle":[9],"Pantograph":19,"Necronomicon":[16],"Art of War":[6],"obtain_stats":[{"Darkstone Periapt":6,"Regal Pillow":9,"The Specimen":0,"Dead Branch":38,"Thread and Needle":34,"Whetstone":38,"Orichalcum":28,"Empty Cage":17,"Smiling Mask":25,"ClockworkSouvenir":38,"Calling Bell":34,"SsserpentHead":3,"Centennial Puzzle":34,"DollysMirror":19,"Pantograph":23,"Necronomicon":22,"Art of War":43,"StrikeDummy":11,"Ring of the Snake":0,"Meat on the Bone":34},{"Darkstone Periapt":3,"Regal Pillow":4,"The Specimen":0,"Dead Branch":16,"Thread and Needle":14,"Whetstone":16,"Orichalcum":11,"Empty Cage":7,"Smiling Mask":11,"ClockworkSouvenir":16,"Calling Bell":14,"SsserpentHead":1,"Centennial Puzzle":14,"DollysMirror":8,"Pantograph":10,"Necronomicon":9,"Art of War":18,"StrikeDummy":5,"Ring of the Snake":0,"Meat on the Bone":14},{"Darkstone Periapt":13,"Regal Pillow":16,"The Specimen":0,"Dead Branch":82,"Thread and Needle":78,"Whetstone":82,"Orichalcum":55,"Empty Cage":36,"Smiling Mask":55,"ClockworkSouvenir":82,"Calling Bell":78,"SsserpentHead":4,"Centennial Puzzle":78,"DollysMirror":43,"Pantograph":50,"Necronomicon":46,"Art of War":94,"StrikeDummy":21,"Ring of the Snake":0,"Meat on the Bone":78}],"Ring of the Snake":[42],"Meat on the Bone":0},"card_choices":[{"not_picked":["Dodge and Roll","Prepared"],"picked":"Quick Slash","floor":1},{"not_picked":["Riddle With Holes","Cloak And Dagger"],"picked":"Quick Slash","floor":4},{"not_picked":["Underhanded Strike","Eviscerate"],"picked":"Footwork","floor":6},{"not_picked":["Dagger Spray","Setup"],"picked":"Blur","floor":7},{"not_picked":["Cloak And Dagger","Underhanded Strike","Sucker Punch"],"picked":"SKIP","floor":11},{"not_picked":["Flying Knee","Backflip","Sucker Punch"],"picked":"SKIP","floor":12},{"not_picked":["Unload","Grand Finale"],"picked":"Die Die Die","floor":16},{"not_picked":["Skewer+1","Infinite Blades"],"picked":"Deadly Poison+1","floor":18},{"not_picked":["Backstab","Dodge and Roll"],"picked":"Dash+1","floor":21},{"not_picked":["Deflect+1","Footwork"],"picked":"Terror","floor":23},{"not_picked":["Predator+1","Poisoned Stab+1"],"picked":"Deflect+1","floor":25},{"not_picked":["Choke","Bane","Underhanded Strike+1"],"picked":"SKIP","floor":29},{"not_picked":["Flying Knee","Dodge and Roll"],"picked":"PiercingWail","floor":30},{"not_picked":["Venomology","Storm of Steel"],"picked":"Wraith Form v2","floor":33},{"not_picked":["Backstab+1","Bane","Acrobatics"],"picked":"SKIP","floor":35},{"not_picked":["Outmaneuver","Poisoned Stab","Slice"],"picked":"SKIP","floor":37},{"not_picked":["Sucker Punch+1","Dagger Spray+1"],"picked":"Wraith Form v2","floor":39},{"not_picked":["All Out Attack+1","Endless Agony+1","Acrobatics+1"],"picked":"SKIP","floor":41},{"not_picked":["Expertise","Quick Slash+1","Flying Knee"],"picked":"SKIP","floor":45},{"not_picked":["Bane+1","Quick Slash+1","Underhanded Strike+1"],"picked":"SKIP","floor":46}],"player_experience":1827581,"relics_obtained":[{"floor":6,"key":"Darkstone Periapt"},{"floor":9,"key":"Regal Pillow"},{"floor":11,"key":"StrikeDummy"},{"floor":22,"key":"Necronomicon"},{"floor":23,"key":"Pantograph"},{"floor":25,"key":"Smiling Mask"},{"floor":34,"key":"Centennial Puzzle"},{"floor":34,"key":"Meat on the Bone"},{"floor":34,"key":"Thread and Needle"},{"floor":43,"key":"Art of War"}],"event_choices":[{"damage_healed":0,"gold_gain":75,"player_choice":"Gather Gold","damage_taken":11,"max_hp_gain":0,"max_hp_loss":0,"event_name":"World of Goop","floor":2,"gold_loss":0},{"damage_healed":0,"gold_gain":0,"player_choice":"Trade","damage_taken":0,"relics_obtained":["SsserpentHead"],"max_hp_gain":0,"max_hp_loss":0,"event_name":"FaceTrader","floor":3,"gold_loss":0},{"damage_healed":0,"gold_gain":0,"player_choice":"Grow","damage_taken":0,"max_hp_gain":0,"max_hp_loss":0,"event_name":"Living Wall","floor":14,"gold_loss":0,"cards_upgraded":["Die Die Die"]},{"damage_healed":0,"gold_gain":0,"player_choice":"Read","damage_taken":0,"max_hp_gain":0,"max_hp_loss":0,"event_name":"The Library","floor":20,"gold_loss":0,"cards_obtained":["Escape Plan"]},{"damage_healed":0,"gold_gain":0,"player_choice":"Obtained Book","damage_taken":16,"max_hp_gain":0,"max_hp_loss":0,"event_name":"Cursed Tome","floor":22,"gold_loss":0},{"damage_healed":0,"gold_gain":0,"player_choice":"Obtained Relic","damage_taken":0,"relics_obtained":["Orichalcum"],"max_hp_gain":0,"max_hp_loss":0,"event_name":"Addict","floor":28,"gold_loss":85},{"cards_removed":["Strike_G"],"damage_healed":0,"gold_gain":0,"player_choice":"Gave Gold","damage_taken":0,"max_hp_gain":0,"max_hp_loss":0,"event_name":"Beggar","floor":31,"gold_loss":75},{"damage_healed":0,"gold_gain":999,"player_choice":"Gold","damage_taken":0,"max_hp_gain":0,"max_hp_loss":0,"event_name":"MindBloom","floor":36,"gold_loss":0,"cards_obtained":["Normality","Normality"]},{"damage_healed":0,"gold_gain":0,"player_choice":"Max HP","damage_taken":0,"max_hp_gain":0,"max_hp_loss":4,"event_name":"Winding Halls","floor":44,"gold_loss":0}],"is_beta":false,"boss_relics":[{"not_picked":["Snecko Eye","Sozu"],"picked":"Empty Cage"},{"not_picked":["Pandora\u0027s Box","HoveringKite"],"picked":"Calling Bell"}],"items_purged_floors":[5,38],"is_endless":false,"potions_floor_spawned":[4,7,11,16,23,30,37,45],"killed_by":"Nemesis","ascension_level":1}}