{"host":"yfi73559mxreacvo","time":1613713365,"event":{"mods":["AchievementEnabler","Act Like it!","Aspiration","BaseMod","Better Third Choice","BetterRewards","Colored Map","Conspire","Downfall","Evolution","GifTheSpireLib","Halation","HexUI Lib","Highlight Path","Hubris","Minty Spire (QoL Compilation)","Railgun Mod","Reliquary","Replay The Spire","StSLib","Stuff the Spire","Wandering Minibosses"],"gold_per_floor":[99,112,122,32,238,273,326,359,7,7,21,21,21,35,47,47,47,47],"floor_reached":16,"language":"ENG","playtime":944,"items_purged":["champ:Strike"],"score":110,"play_id":"0df04ac8-ecbe-4d00-8a15-bd7e0a742fba","local_time":"20210219004245","is_ascension_mode":false,"campfire_choices":[{"data":"champ:Taunt","floor":1,"key":"SMITH"},{"floor":13,"key":"RECALL"}],"circlet_count":0,"master_deck":["champ:Strike","champ:Strike","champ:Strike","champ:Defend","champ:Defend","champ:Defend","champ:Defend","champ:Execute","champ:Taunt+1","champ:SkillfulDodge","champ:AdrenalArmor","champ:TripleStrike","champ:EnragedBash","champ:Backstep","champ:ShieldSlam","champ:SkillfulDodge","champ:RisingSlash","champ:Circumvent","champ:Shatter","champ:BringItOn"],"relics":["champ:ChampionCrown","EVO:Axolotl","Bird Faced Urn","Toy Ornithopter","Ice Cream","aspiration:BabyByrd"],"acts_visited":["Exordium"],"potions_floor_usage":[6,9,16,16],"damage_taken":[{"damage":11,"enemies":"2 Louse","floor":2,"turns":4},{"damage":10,"enemies":"Cultist","floor":3,"turns":4},{"damage":45,"enemies":"downfall:FleeingMerchant","floor":4,"turns":4},{"damage":72,"enemies":"Lagavulin","floor":6,"turns":5},{"damage":35,"enemies":"3 Sentries","floor":8,"turns":8},{"damage":33,"enemies":"downfall:FleeingMerchant","floor":9,"turns":4},{"damage":7,"enemies":"Small Slimes","floor":11,"turns":4},{"damage":5,"enemies":"3 Louse","floor":14,"turns":4},{"damage":11,"enemies":"Exordium Wildlife","floor":15,"turns":4},{"damage":47,"enemies":"DF_ARCHETYPE_STREAMLINE","floor":16,"turns":9}],"seed_played":"-1413705575105583095","potions_obtained":[{"floor":2,"key":"bronze:BurnAndBuffPotion"},{"floor":3,"key":"SkillPotion"},{"floor":6,"key":"Block Potion"},{"floor":14,"key":"GamblersBrew"},{"floor":15,"key":"Strength Potion"}],"is_trial":false,"path_per_floor":["R","M","M","$","?","E","T","E","$","?","M","?","R","M","M","B"],"character_chosen":"THE_CHAMP","items_purchased":["Ice Cream","champ:RisingSlash"],"campfire_rested":0,"item_purchase_floors":[9,9],"current_hp_per_floor":[99,98,98,98,74,47,47,37,39,39,37,37,37,37,31,0,0,0],"gold":47,"neow_bonus":"TEN_PERCENT_HP_BONUS","is_daily":false,"chose_seed":false,"campfire_upgraded":1,"win_rate":0.0,"timestamp":1613713365,"path_taken":["R","M","M","$","?","E","T","E","?","?","M","?","R","M","M","BOSS"],"items_purchased_type":["Relic","Card"],"build_version":"2020-12-22","purchased_purges":1,"victory":false,"max_hp_per_floor":[99,99,99,99,99,99,99,99,99,99,99,99,99,99,99,99,99,99],"card_choices":[{"not_picked":["champ:EnGarde","champ:FalseCounter"],"picked":"champ:SkillfulDodge","floor":2},{"not_picked":["champ:CrownThrow","champ:Circumvent"],"picked":"champ:AdrenalArmor","floor":3},{"not_picked":["champ:RecklessLeap","champ:TornadoPunch"],"picked":"champ:TripleStrike","floor":4},{"not_picked":["champ:PerfectedStrike","champ:Parry"],"picked":"champ:EnragedBash","floor":5},{"not_picked":["champ:FaceSlap","champ:SteelEdge"],"picked":"champ:Backstep","floor":6},{"not_picked":["champ:StanceDance","champ:TornadoPunch"],"picked":"champ:ShieldSlam","floor":8},{"not_picked":["champ:EndlessRage","champ:Lariat"],"picked":"champ:SkillfulDodge","floor":9},{"not_picked":["champ:Haymaker","champ:PreciseThrust"],"picked":"champ:Circumvent","floor":11},{"not_picked":["champ:RapidStrikes","champ:DeathBlow"],"picked":"champ:Shatter","floor":14},{"not_picked":["champ:DefensiveShout","champ:Haymaker"],"picked":"champ:BringItOn","floor":15}],"player_experience":477692,"relics_obtained":[{"floor":6,"key":"Bird Faced Urn"},{"floor":8,"key":"Toy Ornithopter"}],"event_choices":[],"is_beta":false,"boss_relics":[],"items_purged_floors":[4],"is_endless":false,"potions_floor_spawned":[2,3,6,14,15],"killed_by":"DF_ARCHETYPE_STREAMLINE","ascension_level":0}}