{"host":"jwpp8hxpigr0nknu","time":1613750952,"event":{"mods":["BaseMod","BetterRewards","Colored Map","Colored Powertips","Googly Eyes","Highlight Path","Minty Spire (QoL Compilation)","Quick Restart","Rare Cards Sparkle","Shop Mod","StSLib"],"gold_per_floor":[116,116,116,133,150,179,179,205,205,236,255,255,255,289,289,389,389,403,403,328,328,354,379,409,435,435,466,491,166,194,529,529,631,631,643,70,0,0,13,38,63,91,91,106,133,180,218,261,273,285,285],"floor_reached":50,"language":"ENG","playtime":5741,"items_purged":["Decay","Meditate","Metallicize+1"],"score":2145,"play_id":"a800229e-4c2b-477b-8608-d66d220f3fd7","local_time":"20210219100912","daily_mods":["Draft","Red Cards","Purple Cards","Heirloom","Flight","DeadlyEvents","Elite Swarm"],"is_ascension_mode":true,"campfire_choices":[{"data":"Worship","floor":7.0,"key":"SMITH"},{"data":"Omniscience","floor":12.0,"key":"SMITH"},{"data":"Swivel","floor":13.0,"key":"SMITH"},{"data":"TalkToTheHand","floor":15.0,"key":"SMITH"},{"floor":32.0,"key":"REST"},{"floor":49,"key":"REST"}],"circlet_count":0,"master_deck":["Prostrate+1","TalkToTheHand+1","EmptyBody+1","Rupture+1","FearNoEvil+1","Worship+1","Rage+1","Thunderclap+1","Swivel+1","Uppercut+1","Prostrate+1","CutThroughFate+1","EmptyMind+1","Hemokinesis+1","Offering+1","Omniscience+1","LessonLearned+1","Seeing Red+1","Reaper+1","Berserk+1","Swivel+1","Burning Pact+1","LessonLearned+1","Ragnarok+1","Scrawl","Offering+1","Double Tap+1","Impervious+1","Pray+1","Blasphemy+1","Immolate+1","Immolate+1","Devotion+1","Exhume+1","Limit Break+1","Brilliance+1"],"relics":["Burning Blood","Turnip","Blood Vial","Calipers","Oddly Smooth Stone","Whetstone","Kunai","Fusion Hammer","Akabeko","Du-Vu Doll","Nunchaku","Lantern","MealTicket","HornCleat","Toxic Egg 2","Question Card","Strange Spoon","Pear","Old Coin","Black Star","Bird Faced Urn","Art of War","Red Mask","Bottled Lightning","Smiling Mask","Bag of Marbles","Bronze Scales","Champion Belt","Charon\u0027s Ashes","Molten Egg 2","Self Forming Clay","Boot","MawBank","Vajra","Omamori","Mango","Thread and Needle","Orichalcum","Magic Flower"],"acts_visited":["Exordium","TheCity","TheBeyond"],"potions_floor_usage":[47,50,50,50],"damage_taken":[{"damage":10.0,"enemies":"Jaw Worm","floor":1.0,"turns":4.0},{"damage":9.0,"enemies":"Small Slimes","floor":4.0,"turns":4.0},{"damage":1.0,"enemies":"Cultist","floor":5.0,"turns":5.0},{"damage":24.0,"enemies":"3 Sentries","floor":6.0,"turns":7.0},{"damage":21.0,"enemies":"Gremlin Nob","floor":8.0,"turns":3.0},{"damage":25.0,"enemies":"3 Sentries","floor":10.0,"turns":5.0},{"damage":23.0,"enemies":"Exordium Thugs","floor":11.0,"turns":6.0},{"damage":8.0,"enemies":"Lagavulin","floor":14.0,"turns":4.0},{"damage":12.0,"enemies":"Slime Boss","floor":16.0,"turns":8.0},{"damage":10.0,"enemies":"Shell Parasite","floor":18.0,"turns":4.0},{"damage":10.0,"enemies":"Gremlin Leader","floor":22.0,"turns":5.0},{"damage":9.0,"enemies":"Book of Stabbing","floor":23.0,"turns":4.0},{"damage":24.0,"enemies":"Slavers","floor":24.0,"turns":6.0},{"damage":24.0,"enemies":"Book of Stabbing","floor":25.0,"turns":3.0},{"damage":9.0,"enemies":"Slavers","floor":27.0,"turns":3.0},{"damage":16.0,"enemies":"Book of Stabbing","floor":28.0,"turns":5.0},{"damage":20.0,"enemies":"Gremlin Leader","floor":30.0,"turns":4.0},{"damage":14.0,"enemies":"Book of Stabbing","floor":31.0,"turns":4.0},{"damage":12.0,"enemies":"Automaton","floor":33.0,"turns":3.0},{"damage":30.0,"enemies":"3 Darklings","floor":35.0,"turns":3.0},{"damage":20.0,"enemies":"3 Shapes","floor":39.0,"turns":6.0},{"damage":12.0,"enemies":"Reptomancer","floor":40.0,"turns":2.0},{"damage":18.0,"enemies":"Giant Head","floor":41.0,"turns":7.0},{"damage":18.0,"enemies":"Reptomancer","floor":42.0,"turns":6.0},{"damage":14.0,"enemies":"Writhing Mass","floor":44.0,"turns":3.0},{"damage":6.0,"enemies":"Giant Head","floor":45.0,"turns":1.0},{"damage":12,"enemies":"Reptomancer","floor":46,"turns":2},{"damage":18,"enemies":"Nemesis","floor":47,"turns":3},{"damage":18,"enemies":"Reptomancer","floor":48,"turns":1},{"damage":100019,"enemies":"Time Eater","floor":50,"turns":4}],"seed_played":"-8841741160729343095","potions_obtained":[{"floor":4.0,"key":"ColorlessPotion"},{"floor":6.0,"key":"Ancient Potion"},{"floor":10.0,"key":"Energy Potion"},{"floor":16.0,"key":"DuplicationPotion"},{"floor":23.0,"key":"Energy Potion"},{"floor":24.0,"key":"Fruit Juice"},{"floor":25.0,"key":"Swift Potion"},{"floor":27.0,"key":"SpeedPotion"},{"floor":39.0,"key":"Fruit Juice"},{"floor":44.0,"key":"SpeedPotion"},{"floor":45.0,"key":"PowerPotion"},{"floor":47,"key":"Fire Potion"},{"floor":48,"key":"Ancient Potion"}],"is_trial":true,"path_per_floor":["M","?","?","M","M","E","R","E","T","E","M","R","R","E","R","B",null,"M","?","$","?","E","E","E","E","T","E","E","$","E","E","R","B",null,"M","$","?","T","M","E","E","E","T","M","E","E","E","E","R","B"],"character_chosen":"IRONCLAD","items_purchased":["Strange Spoon","Pray+1","Bird Faced Urn","Art of War"],"campfire_rested":2,"item_purchase_floors":[29,29,36,36],"current_hp_per_floor":[68,73,73,70,75,57,57,44,44,27,12,12,12,12,12,26,70,68,68,68,68,81,85,67,56,56,73,83,90,100,100,100,94,99,94,100,100,100,98,105,105,105,105,99,103,101,119,107,119,0,0],"gold":285,"neow_bonus":"","is_daily":false,"chose_seed":false,"campfire_upgraded":4,"win_rate":0.0,"timestamp":1613750952,"path_taken":["M","?","?","M","?","E","R","E","T","E","M","R","R","E","R","BOSS","M","?","$","?","?","E","E","E","T","E","E","$","E","E","R","BOSS","M","$","?","?","M","E","E","E","T","?","E","E","E","E","R","BOSS"],"items_purchased_type":["Relic","Card","Relic","Relic"],"build_version":"2020-12-22","purchased_purges":3,"victory":false,"max_hp_per_floor":[80,85,85,85,85,85,85,85,85,85,85,85,85,85,85,85,85,85,85,85,85,85,85,85,90,90,90,90,90,100,100,100,100,100,100,100,100,100,100,105,105,105,105,105,105,105,119,119,119,119,119],"card_choices":[{"not_picked":["Entrench","Feel No Pain"],"picked":"Prostrate","floor":0.0},{"not_picked":["Consecrate","Warcry"],"picked":"TalkToTheHand","floor":0.0},{"not_picked":["WindmillStrike","Sword Boomerang"],"picked":"EmptyBody","floor":0.0},{"not_picked":["BowlingBash","PathToVictory"],"picked":"Rupture","floor":0.0},{"not_picked":["EmptyMind","ThirdEye"],"picked":"FearNoEvil","floor":0.0},{"not_picked":["Crescendo","BowlingBash"],"picked":"Halt","floor":0.0},{"not_picked":["Wallop","Perseverance"],"picked":"Worship","floor":0.0},{"not_picked":["FollowUp","Consecrate"],"picked":"CrushJoints","floor":0.0},{"not_picked":["Heavy Blade","FearNoEvil"],"picked":"Rage","floor":0.0},{"not_picked":["Sever Soul","Clothesline"],"picked":"Thunderclap","floor":0.0},{"not_picked":["Body Slam","Halt"],"picked":"Metallicize","floor":0.0},{"not_picked":["Prostrate","Body Slam"],"picked":"Swivel","floor":0.0},{"not_picked":["Perfected Strike","Reckless Charge"],"picked":"Uppercut","floor":0.0},{"not_picked":["Iron Wave","Metallicize"],"picked":"Prostrate","floor":0.0},{"not_picked":["CrushJoints","Twin Strike"],"picked":"CutThroughFate","floor":0.0},{"not_picked":["Pommel Strike","FollowUp"],"picked":"EmptyMind","floor":1.0},{"not_picked":["CutThroughFate","Collect"],"picked":"Hemokinesis","floor":4.0},{"not_picked":["Shrug It Off","Sword Boomerang","Clash"],"picked":"SKIP","floor":5.0},{"not_picked":["Blasphemy","Brutality"],"picked":"Offering","floor":6.0},{"not_picked":["Impervious","Brutality"],"picked":"Omniscience","floor":8.0},{"not_picked":["Ragnarok","Brutality"],"picked":"LessonLearned","floor":10.0},{"not_picked":["ReachHeaven","Thunderclap"],"picked":"Seeing Red","floor":11.0},{"not_picked":["SpiritShield","Judgement"],"picked":"Reaper","floor":14.0},{"not_picked":["Omniscience","Corruption"],"picked":"Berserk","floor":16.0},{"not_picked":["Wild Strike","DeceiveReality+1"],"picked":"Swivel+1","floor":18.0},{"not_picked":["Omniscience","Bludgeon"],"picked":"LessonLearned","floor":22.0},{"not_picked":["Establishment","Barricade"],"picked":"Ragnarok","floor":23.0},{"not_picked":["Bludgeon","Establishment"],"picked":"Scrawl","floor":24.0},{"not_picked":["Corruption","LessonLearned"],"picked":"Offering","floor":25.0},{"not_picked":["LessonLearned","Juggernaut"],"picked":"Double Tap+1","floor":27.0},{"not_picked":["LessonLearned","Judgement+1"],"picked":"Impervious+1","floor":28.0},{"not_picked":["Establishment","Demon Form","Fiend Fire","Corruption"],"picked":"SKIP","floor":30.0},{"not_picked":["Double Tap+1","Feed","Berserk"],"picked":"Blasphemy+1","floor":31.0},{"not_picked":["DeusExMachina+1","Offering+1","Limit Break+1"],"picked":"Immolate","floor":33.0},{"not_picked":["Heavy Blade+1","Consecrate+1","FollowUp","Adaptation+1"],"picked":"SKIP","floor":35.0},{"not_picked":["Reckless Charge","Flex+1","Sword Boomerang+1","Infernal Blade+1"],"picked":"SKIP","floor":39.0},{"not_picked":["Judgement+1","Brutality","LessonLearned"],"picked":"Immolate","floor":40.0},{"not_picked":["MasterReality","Immolate","DeusExMachina+1"],"picked":"Devotion","floor":41.0},{"not_picked":["Berserk","Fiend Fire+1","Judgement+1","MasterReality"],"picked":"SKIP","floor":42.0},{"not_picked":["Headbutt+1","CutThroughFate+1","Infernal Blade+1","Vengeance+1"],"picked":"SKIP","floor":44.0},{"not_picked":["Establishment","LessonLearned+1","Reaper+1"],"picked":"Exhume+1","floor":45.0},{"not_picked":["Corruption","ConjureBlade+1","DeusExMachina+1"],"picked":"Limit Break+1","floor":46},{"not_picked":["DevaForm","Impervious+1","Reaper+1"],"picked":"Brilliance+1","floor":47},{"not_picked":["Feed+1","Devotion","Double Tap+1","Bludgeon+1"],"picked":"SKIP","floor":48}],"player_experience":399520,"relics_obtained":[{"floor":6.0,"key":"Blood Vial"},{"floor":8.0,"key":"Calipers"},{"floor":9.0,"key":"Oddly Smooth Stone"},{"floor":10.0,"key":"Whetstone"},{"floor":14.0,"key":"Kunai"},{"floor":22.0,"key":"Du-Vu Doll"},{"floor":23.0,"key":"Nunchaku"},{"floor":24.0,"key":"Lantern"},{"floor":25.0,"key":"MealTicket"},{"floor":26.0,"key":"HornCleat"},{"floor":27.0,"key":"Toxic Egg 2"},{"floor":28.0,"key":"Question Card"},{"floor":30.0,"key":"Pear"},{"floor":31.0,"key":"Old Coin"},{"floor":38.0,"key":"Bottled Lightning"},{"floor":40.0,"key":"Smiling Mask"},{"floor":40.0,"key":"Bag of Marbles"},{"floor":41.0,"key":"Bronze Scales"},{"floor":41.0,"key":"Champion Belt"},{"floor":42.0,"key":"Charon\u0027s Ashes"},{"floor":42.0,"key":"Molten Egg 2"},{"floor":43.0,"key":"Self Forming Clay"},{"floor":45.0,"key":"Boot"},{"floor":45.0,"key":"MawBank"},{"floor":46,"key":"Vajra"},{"floor":46,"key":"Omamori"},{"floor":47,"key":"Mango"},{"floor":47,"key":"Thread and Needle"},{"floor":48,"key":"Orichalcum"},{"floor":48,"key":"Magic Flower"}],"event_choices":[{"damage_healed":0.0,"max_hp_gain":5.0,"max_hp_loss":0.0,"gold_gain":0.0,"event_name":"Big Fish","player_choice":"Donut","floor":2.0,"gold_loss":0.0,"damage_taken":0.0},{"damage_healed":0.0,"max_hp_gain":0.0,"max_hp_loss":0.0,"gold_gain":0.0,"event_name":"Wheel of Change","player_choice":"Cursed","floor":3.0,"gold_loss":0.0,"damage_taken":0.0,"cards_obtained":["Decay"]},{"damage_healed":0.0,"max_hp_gain":0.0,"max_hp_loss":0.0,"gold_gain":0.0,"event_name":"The Mausoleum","player_choice":"Opened","floor":19.0,"gold_loss":0.0,"damage_taken":0.0,"relics_obtained":["Akabeko"]},{"damage_healed":0.0,"max_hp_gain":0.0,"max_hp_loss":0.0,"gold_gain":0.0,"cards_transformed":["Halt","CrushJoints"],"event_name":"Drug Dealer","player_choice":"Became Test Subject","floor":21.0,"gold_loss":0.0,"damage_taken":0.0,"cards_obtained":["Meditate","Burning Pact"]},{"damage_healed":0.0,"max_hp_gain":0.0,"max_hp_loss":0.0,"gold_gain":0.0,"event_name":"Tomb of Lord Red Mask","player_choice":"Paid","floor":37.0,"gold_loss":70.0,"damage_taken":0.0,"relics_obtained":["Red Mask"]}],"is_beta":false,"boss_relics":[{"not_picked":["Snecko Eye","Busted Crown"],"picked":"Fusion Hammer"},{"not_picked":["SlaversCollar","Runic Pyramid"],"picked":"Black Star"}],"items_purged_floors":[20,29,36],"is_endless":true,"potions_floor_spawned":[4,6,10,16,23,24,25,27,39,44,45,46,47,48],"killed_by":"Time Eater","ascension_level":9}}