{"host":"7s2d9a8gejctdvjm","time":1613774928,"event":{"mods":["BaseMod","Downfall","Hermit","Marisa????????","Minty Spire (QoL Compilation)","StSLib","The Hierophant","The Runesmith","The Servant 0.9.4"],"gold_per_floor":[118,134,153,165,194,242,142,199,225,275,335,335,376,406,406,547,547,575,152,152,179,179,582,672,672,698,698,730,787,787,221,221,379,379,412,542,542,651,353,353,207,247,247,247,294,294,355,31,31,51,51,51,51,198,226],"floor_reached":56,"language":"ENG","playtime":4323,"items_purged":["Strike_MRS","Strike_MRS","Writhe"],"score":1436,"play_id":"6bc3e4ac-c270-469a-a312-a5838d85cb49","local_time":"20210219144848","is_ascension_mode":false,"campfire_choices":[{"data":"MysteriousBeam","floor":12,"key":"SMITH"},{"data":"MilkyWay","floor":15,"key":"SMITH"},{"data":"MillisecondPulsars","floor":27,"key":"SMITH"},{"data":"DeepEcoloBomb","floor":30,"key":"SMITH"},{"data":"AsteroidBelt","floor":32,"key":"SMITH"},{"floor":40,"key":"RECALL"},{"data":"BinaryStars","floor":46,"key":"SMITH"},{"floor":49,"key":"REST"},{"floor":52,"key":"DIG"}],"circlet_count":0,"master_deck":["Strike_MRS","Strike_MRS","Defend_MRS","Defend_MRS","Defend_MRS","Defend_MRS","MasterSpark","UpSweep","ManaConvection","MilkyWay+1","MysteriousBeam+1","WitchOfGreed","SporeBomb","MagicAbsorber","WitchOfGreed","SprinkleStarSeal","Robbery","CasketOfStar","UnstableBomb","PowerUp","MilkyWay+1","MillisecondPulsars+1","DeepEcoloBomb+1","MilkyWay+1","AsteroidBelt+1","BinaryStars+1","Madness","Madness+1","Dark Shackles","EarthLightRay+1","EnergyFlow+1","Apotheosis","DragonMeteor"],"relics":["MiniHakkero","Orichalcum","TungstenRod","Oddly Smooth Stone","Bag of Preparation","Runesmith:AutoHammer","RampagingMagicTools","SimpleLauncher","MutagenicStrength","Old Coin","Pantograph","Blood Vial","Bottled Flame","Torii","ClockworkSouvenir","ExperimentalFamiliar","Shovel","CatCart","Lee\u0027s Waffle","Nunchaku","Potion Belt","AmplifyWand","BreadOfAWashokuLover","Strange Spoon","Gremlin Horn","War Paint"],"acts_visited":["Exordium","TheCity","TheBeyond","TheEnding"],"potions_floor_usage":[4,5,6,8,8,10,10,11,13,16,21,21,23,28,28,28,29,29,33,35,36,36,36,38,50,54,55,55,55],"damage_taken":[{"damage":1,"enemies":"Cultist","floor":1,"turns":3},{"damage":1,"enemies":"Jaw Worm","floor":2,"turns":3},{"damage":0,"enemies":"2 Louse","floor":3,"turns":3},{"damage":0,"enemies":"Lots of Slimes","floor":4,"turns":2},{"damage":0,"enemies":"Looter","floor":5,"turns":4},{"damage":20,"enemies":"Gremlin Nob","floor":6,"turns":4},{"damage":6,"enemies":"3 Sentries","floor":8,"turns":5},{"damage":0,"enemies":"Blue Slaver","floor":10,"turns":2},{"damage":6,"enemies":"Lagavulin","floor":11,"turns":6},{"damage":0,"enemies":"3 Louse","floor":13,"turns":5},{"damage":11,"enemies":"The Guardian","floor":16,"turns":6},{"damage":22,"enemies":"3 Byrds","floor":18,"turns":5},{"damage":7,"enemies":"Spheric Guardian","floor":21,"turns":4},{"damage":36,"enemies":"Gremlin Leader","floor":23,"turns":6},{"damage":9,"enemies":"Centurion and Healer","floor":24,"turns":5},{"damage":0,"enemies":"Shelled Parasite and Fungi","floor":28,"turns":3},{"damage":0,"enemies":"Slavers","floor":29,"turns":6},{"damage":24,"enemies":"Champ","floor":33,"turns":7},{"damage":0,"enemies":"Orb Walker","floor":35,"turns":2},{"damage":31,"enemies":"2 Orb Walkers","floor":36,"turns":4},{"damage":0,"enemies":"Orin","floor":38,"turns":7},{"damage":3,"enemies":"Giant Head","floor":42,"turns":4},{"damage":3,"enemies":"3 Shapes","floor":45,"turns":4},{"damage":59,"enemies":"Nemesis","floor":47,"turns":5},{"damage":0,"enemies":"Donu and Deca","floor":50,"turns":5},{"damage":21,"enemies":"Shield and Spear","floor":54,"turns":4},{"damage":32,"enemies":"The Heart","floor":55,"turns":6}],"seed_played":"-4899359717932758140","potions_obtained":[{"floor":2,"key":"SteroidPotion"},{"floor":3,"key":"SteroidPotion"},{"floor":4,"key":"SkillPotion"},{"floor":5,"key":"Ancient Potion"},{"floor":5,"key":"PowerPotion"},{"floor":6,"key":"Energy Potion"},{"floor":8,"key":"SkillPotion"},{"floor":8,"key":"SkillPotion"},{"floor":10,"key":"Energy Potion"},{"floor":10,"key":"Fire Potion"},{"floor":11,"key":"CultistPotion"},{"floor":13,"key":"FearPotion"},{"floor":16,"key":"SpeedPotion"},{"floor":18,"key":"Block Potion"},{"floor":18,"key":"Regen Potion"},{"floor":21,"key":"LiquidBronze"},{"floor":23,"key":"SpeedPotion"},{"floor":23,"key":"Weak Potion"},{"floor":24,"key":"DistilledChaos"},{"floor":24,"key":"EssenceOfSteel"},{"floor":24,"key":"BlessingOfTheForge"},{"floor":28,"key":"LiquidMemories"},{"floor":28,"key":"Fruit Juice"},{"floor":29,"key":"CultistPotion"},{"floor":29,"key":"GamblersBrew"},{"floor":33,"key":"Block Potion"},{"floor":33,"key":"AttackPotion"},{"floor":35,"key":"ColorlessPotion"},{"floor":35,"key":"Fire Potion"},{"floor":36,"key":"Swift Potion"},{"floor":36,"key":"ShroomBrew"},{"floor":38,"key":"AttackPotion"},{"floor":42,"key":"SmokeBomb"},{"floor":47,"key":"Weak Potion"},{"floor":47,"key":"ShroomBrew"},{"floor":54,"key":"PowerPotion"},{"floor":54,"key":"EssenceOfSteel"}],"is_trial":false,"path_per_floor":["M","M","M","M","M","E","$","E","T","M","E","R","M","?","R","B",null,"M","$","?","M","?","E","M","?","T","R","M","E","R","$","R","B",null,"M","?","?","?","$","R","$","E","T","?","M","R","E","$","R","B",null,"R","$","E","B",null],"character_chosen":"MARISA","items_purchased":["WitchOfGreed","SimpleLauncher","PowerUp","Torii","ClockworkSouvenir","Lee\u0027s Waffle","Nunchaku","Potion Belt","Strange Spoon","Apotheosis"],"campfire_rested":1,"item_purchase_floors":[7,19,19,31,31,39,39,41,48,48],"current_hp_per_floor":[81,80,80,80,80,60,60,54,54,54,48,48,48,48,48,37,82,60,60,60,65,65,29,20,20,20,20,27,29,29,29,29,32,87,87,56,46,48,94,94,94,91,91,91,90,90,37,37,65,92,94,94,94,79,69],"gold":226,"neow_bonus":"TEN_PERCENT_HP_BONUS","is_daily":false,"chose_seed":false,"campfire_upgraded":6,"win_rate":0.0,"timestamp":1613774928,"path_taken":["M","M","M","M","M","E","?","E","T","M","E","R","M","?","R","BOSS","M","$","?","?","?","E","M","?","T","R","M","E","R","$","R","BOSS","M","?","?","?","$","R","$","E","T","?","?","R","E","$","R","BOSS","R","$","E","BOSS"],"items_purchased_type":["Card","Relic","Card","Relic","Relic","Relic","Relic","Relic","Relic","Card"],"build_version":"2020-12-22","purchased_purges":3,"victory":true,"max_hp_per_floor":[82,82,82,82,82,82,82,82,82,82,82,82,82,82,82,82,82,82,82,82,82,82,82,82,82,82,82,87,87,87,87,87,87,87,87,87,87,87,94,94,94,94,94,94,94,94,94,94,94,94,94,94,94,94,94],"card_choices":[{"not_picked":["WitchLeyline","OneTimeOff"],"picked":"ManaConvection","floor":1},{"not_picked":["UnstableBomb","Acceleration"],"picked":"MilkyWay","floor":2},{"not_picked":["MeteoricShower","StarlightTyphoon"],"picked":"MysteriousBeam","floor":3},{"not_picked":["ChargeUpSpray","PowerUp"],"picked":"WitchOfGreed","floor":4},{"not_picked":["6A","Occultation"],"picked":"SporeBomb","floor":5},{"not_picked":["6A","AbsoluteMagnitude"],"picked":"MagicAbsorber","floor":6},{"not_picked":["SporeBomb","GravityBeat","Orbital"],"picked":"SKIP","floor":8},{"not_picked":["ChargeUpSpray","PowerUp"],"picked":"SprinkleStarSeal","floor":10},{"not_picked":["WitchLeyline","OneTimeOff","OrrerysSun"],"picked":"SKIP","floor":11},{"not_picked":["OrrerysSun","MysteriousBeam"],"picked":"Robbery","floor":13},{"not_picked":["BlazingStar","BigCrunch"],"picked":"CasketOfStar","floor":16},{"not_picked":["6A","DC"],"picked":"UnstableBomb","floor":18},{"not_picked":["ShootTheMoon+1","WitchOfGreed","SporeBomb"],"picked":"SKIP","floor":21},{"not_picked":["GravityBeat","EventHorizon"],"picked":"MillisecondPulsars","floor":23},{"not_picked":["OpenUniverse","GalacticHalo"],"picked":"DeepEcoloBomb","floor":24},{"not_picked":["EnergyFlow","IllusionStar"],"picked":"MilkyWay+1","floor":28},{"not_picked":["ShootingEcho+1","StarBarrage"],"picked":"AsteroidBelt","floor":29},{"not_picked":["CollectingQuirk","FinalSpark"],"picked":"BinaryStars","floor":33},{"not_picked":["UnstableBomb+1","SporeBomb+1","DoubleSpark"],"picked":"SKIP","floor":35},{"not_picked":["AlicesGift","ChargingUp","LuminesStrike+1"],"picked":"SKIP","floor":42},{"not_picked":["Swift Strike","Secret Weapon"],"picked":"Dark Shackles","floor":44},{"not_picked":["DC+1","GalacticHalo"],"picked":"EarthLightRay","floor":45},{"not_picked":["Acceleration","GasGiant+1"],"picked":"EnergyFlow+1","floor":47},{"not_picked":["LuminesStrike+1","Robbery+1"],"picked":"DragonMeteor","floor":54}],"player_experience":59223,"relics_obtained":[{"floor":6,"key":"Orichalcum"},{"floor":8,"key":"TungstenRod"},{"floor":9,"key":"Oddly Smooth Stone"},{"floor":11,"key":"Bag of Preparation"},{"floor":23,"key":"Old Coin"},{"floor":26,"key":"Blood Vial"},{"floor":29,"key":"Bottled Flame"},{"floor":36,"key":"Shovel"},{"floor":38,"key":"CatCart"},{"floor":42,"key":"AmplifyWand"},{"floor":47,"key":"BreadOfAWashokuLover"},{"floor":52,"key":"Gremlin Horn"},{"floor":54,"key":"War Paint"}],"event_choices":[{"damage_healed":0,"gold_gain":30,"player_choice":"Searched \u00273\u0027 times","damage_taken":0,"relics_obtained":["Runesmith:AutoHammer"],"max_hp_gain":0,"max_hp_loss":0,"event_name":"Dead Adventurer","floor":14,"gold_loss":0},{"damage_healed":0,"gold_gain":0,"player_choice":"Copied","damage_taken":0,"max_hp_gain":0,"max_hp_loss":0,"event_name":"Duplicator","floor":20,"gold_loss":0,"cards_obtained":["MilkyWay"]},{"damage_healed":0,"gold_gain":0,"player_choice":"Inject Mutagens","damage_taken":0,"relics_obtained":["MutagenicStrength"],"max_hp_gain":0,"max_hp_loss":0,"event_name":"Drug Dealer","floor":22,"gold_loss":0},{"damage_healed":0,"gold_gain":0,"player_choice":"Opened","damage_taken":0,"relics_obtained":["Pantograph"],"max_hp_gain":0,"max_hp_loss":0,"event_name":"The Mausoleum","floor":25,"gold_loss":0,"cards_obtained":["Writhe"]},{"damage_healed":0,"gold_gain":0,"player_choice":"Fight","damage_taken":0,"max_hp_gain":0,"max_hp_loss":0,"event_name":"Mysterious Sphere","floor":36,"gold_loss":0},{"damage_healed":0,"gold_gain":0,"player_choice":"Embrace Madness","damage_taken":11,"max_hp_gain":0,"max_hp_loss":0,"event_name":"Winding Halls","floor":37,"gold_loss":0,"cards_obtained":["Madness","Madness"]},{"damage_healed":0,"gold_gain":0,"player_choice":"Fight","damage_taken":0,"max_hp_gain":0,"max_hp_loss":0,"event_name":"OrinTheCat","floor":38,"gold_loss":0},{"damage_healed":0,"gold_gain":0,"player_choice":"Memory 1","damage_taken":0,"max_hp_gain":0,"max_hp_loss":0,"event_name":"SensoryStone","floor":44,"gold_loss":0}],"is_beta":false,"boss_relics":[{"not_picked":["Black Star","Busted Crown"],"picked":"RampagingMagicTools"},{"not_picked":["Sozu","Runic Pyramid"],"picked":"ExperimentalFamiliar"}],"items_purged_floors":[7,19,31],"is_endless":false,"potions_floor_spawned":[2,3,4,5,13,18,24,28,35],"ascension_level":0}}