{"host":"7cp3z5w0tcrrm8ys","time":1613701148,"event":{"mods":["AchievementEnabler","BaseMod","DeckTracker","Minty Spire (QoL Compilation)","StSLib","SuperFastMode"],"gold_per_floor":[109,129,144,164,314,314,330,358,384,395,37,37,37,81,81,156,156,175,197,222,249,273,273,300,12,12,21,130,153,107,131,131,131,131],"floor_reached":33,"language":"KOR","playtime":918,"items_purged":["Doubt"],"score":551,"play_id":"bb00e900-8815-43ac-b86b-67c635923adc","local_time":"20210219111908","is_ascension_mode":true,"campfire_choices":[{"data":"Perfected Strike","floor":6.0,"key":"SMITH"},{"floor":12.0,"key":"REST"},{"data":"Disarm","floor":15.0,"key":"SMITH"},{"floor":23.0,"key":"REST"},{"floor":27,"key":"REST"},{"data":"Armaments","floor":32,"key":"SMITH"}],"circlet_count":0,"master_deck":["AscendersBane","Strike_R","Strike_R","Strike_R","Strike_R","Strike_R","Defend_R","Defend_R","Defend_R","Defend_R","Bash","Swift Strike","Anger","Perfected Strike+1","Clothesline","Carnage","Perfected Strike","Disarm+1","Perfected Strike","Wild Strike","Wild Strike+1","Perfected Strike","Sentinel+1","Havoc+1","Rage","Perfected Strike","Ghostly Armor+1","Combust","Wild Strike","Armaments+1","Shrug It Off"],"relics":["Burning Blood","Gremlin Horn","Regal Pillow","ClockworkSouvenir","CeramicFish","Happy Flower","Sozu","Dream Catcher","Bag of Preparation","Charon\u0027s Ashes","Matryoshka"],"acts_visited":["Exordium","TheCity"],"potions_floor_usage":[],"damage_taken":[{"damage":4.0,"enemies":"Jaw Worm","floor":1.0,"turns":4.0},{"damage":4.0,"enemies":"Small Slimes","floor":2.0,"turns":3.0},{"damage":7.0,"enemies":"Cultist","floor":3.0,"turns":4.0},{"damage":9.0,"enemies":"3 Louse","floor":4.0,"turns":3.0},{"damage":9.0,"enemies":"Blue Slaver","floor":7.0,"turns":2.0},{"damage":30.0,"enemies":"Lagavulin","floor":8.0,"turns":7.0},{"damage":7.0,"enemies":"Large Slime","floor":10.0,"turns":5.0},{"damage":9.0,"enemies":"Gremlin Nob","floor":14.0,"turns":4.0},{"damage":20.0,"enemies":"The Guardian","floor":16.0,"turns":12.0},{"damage":11.0,"enemies":"Spheric Guardian","floor":18.0,"turns":3.0},{"damage":26.0,"enemies":"3 Byrds","floor":19.0,"turns":5.0},{"damage":0.0,"enemies":"Cultist and Chosen","floor":20.0,"turns":4.0},{"damage":2.0,"enemies":"Snecko","floor":21.0,"turns":3.0},{"damage":20.0,"enemies":"Centurion and Healer","floor":22.0,"turns":4.0},{"damage":26,"enemies":"Chosen and Byrds","floor":24,"turns":6},{"damage":3,"enemies":"Colosseum Slavers","floor":28,"turns":3},{"damage":7,"enemies":"Colosseum Nobs","floor":28,"turns":3},{"damage":3,"enemies":"Sentry and Sphere","floor":29,"turns":3},{"damage":2,"enemies":"3 Cultists","floor":31,"turns":3},{"damage":82,"enemies":"Collector","floor":33,"turns":6}],"seed_played":"-2775434599487740747","potions_obtained":[{"floor":1.0,"key":"LiquidBronze"},{"floor":4.0,"key":"Weak Potion"},{"floor":7.0,"key":"SpeedPotion"},{"floor":16.0,"key":"EssenceOfSteel"}],"is_trial":false,"path_per_floor":["M","M","M","M","?","R","M","E","T","M","$","R","?","E","R","B",null,"M","M","M","M","M","R","M","$","T","R","?","M","$","M","R","B"],"character_chosen":"IRONCLAD","items_purchased":["BlessingOfTheForge","PowerPotion","ClockworkSouvenir","Rage","Perfected Strike","Dream Catcher","Armaments"],"campfire_rested":3,"item_purchase_floors":[11,11,11,25,25,25,30],"current_hp_per_floor":[70,72,71,68,68,68,65,41,41,40,40,75,75,72,72,58,71,66,46,52,56,42,75,55,55,55,75,74,75,75,75,75,0,0],"gold":131,"neow_bonus":"RANDOM_COLORLESS","is_daily":false,"chose_seed":false,"campfire_upgraded":3,"win_rate":0.0,"timestamp":1613701148,"path_taken":["M","M","M","M","?","R","M","E","T","M","$","R","?","E","R","BOSS","M","?","M","M","M","R","M","$","T","R","?","M","$","M","R","BOSS"],"items_purchased_type":["Potion","Potion","Relic","Card","Card","Relic","Card"],"build_version":"2020-12-22","purchased_purges":1,"victory":false,"max_hp_per_floor":[75,75,75,75,75,75,75,75,75,75,75,75,75,75,75,75,75,75,75,75,75,75,75,75,75,75,75,75,75,75,75,75,75,75],"card_choices":[{"not_picked":["Finesse","Trip"],"picked":"Swift Strike","floor":0.0},{"not_picked":["Iron Wave","Dark Embrace"],"picked":"Anger","floor":1.0},{"not_picked":["Evolve","Second Wind"],"picked":"Perfected Strike","floor":2.0},{"not_picked":["Uppercut","Flex"],"picked":"Clothesline","floor":3.0},{"not_picked":["Headbutt","Spot Weakness"],"picked":"Carnage","floor":4.0},{"not_picked":["Clothesline","Evolve"],"picked":"Iron Wave","floor":7.0},{"not_picked":["Bludgeon","Sword Boomerang","Pommel Strike"],"picked":"SKIP","floor":8.0},{"not_picked":["Armaments","Infernal Blade"],"picked":"Perfected Strike","floor":10.0},{"not_picked":["Burning Pact","True Grit"],"picked":"Disarm","floor":14.0},{"not_picked":["Anger","Flex+1"],"picked":"Perfected Strike","floor":18.0},{"not_picked":["Clash","Dark Embrace+1"],"picked":"Wild Strike","floor":19.0},{"not_picked":["Feel No Pain","Bloodletting"],"picked":"Wild Strike+1","floor":20.0},{"not_picked":["Clothesline","True Grit"],"picked":"Perfected Strike","floor":21.0},{"not_picked":["Warcry","Reckless Charge"],"picked":"Sentinel+1","floor":22.0},{"not_picked":["Feel No Pain","Hemokinesis"],"picked":"Havoc+1","floor":24},{"not_picked":["Inflame","Dropkick"],"picked":"Ghostly Armor+1","floor":27},{"not_picked":["Clash","Reckless Charge"],"picked":"Combust","floor":28},{"not_picked":["Sword Boomerang","Blood for Blood"],"picked":"Wild Strike","floor":29},{"not_picked":["Shockwave","Feel No Pain"],"picked":"Shrug It Off","floor":31}],"player_experience":818429,"relics_obtained":[{"floor":8.0,"key":"Gremlin Horn"},{"floor":9.0,"key":"Regal Pillow"},{"floor":14.0,"key":"Happy Flower"},{"floor":26,"key":"Bag of Preparation"},{"floor":28,"key":"Charon\u0027s Ashes"},{"floor":28,"key":"Matryoshka"}],"event_choices":[{"damage_healed":0.0,"max_hp_gain":0.0,"max_hp_loss":0.0,"gold_gain":150.0,"event_name":"Liars Game","player_choice":"AGREE","floor":5.0,"gold_loss":0.0,"damage_taken":0.0,"cards_obtained":["Doubt"]},{"cards_removed":["Iron Wave"],"damage_healed":0.0,"max_hp_gain":0.0,"max_hp_loss":0.0,"gold_gain":0.0,"event_name":"WeMeetAgain","player_choice":"Gave Card","floor":13.0,"gold_loss":0.0,"damage_taken":0.0,"relics_obtained":["CeramicFish"]},{"damage_healed":0,"gold_gain":0,"player_choice":"Fight","damage_taken":0,"max_hp_gain":0,"max_hp_loss":0,"event_name":"Colosseum","floor":28,"gold_loss":0},{"damage_healed":0,"gold_gain":0,"player_choice":"Fought Nobs","damage_taken":0,"max_hp_gain":0,"max_hp_loss":0,"event_name":"Colosseum","floor":28,"gold_loss":0}],"is_beta":false,"boss_relics":[{"not_picked":["SacredBark","Cursed Key"],"picked":"Sozu"}],"items_purged_floors":[11],"is_endless":false,"potions_floor_spawned":[1,4,7,16,19,21,22,28],"killed_by":"Collector","ascension_level":20}}