{"host":"j46h1ep9toft11pa","time":1613711332,"event":{"mods":["AchievementEnabler","BaseMod","Colored Powertips","HololiveMod","Minty Spire (QoL Compilation)","Replay The Spire","StSLib"],"gold_per_floor":[84,98,110,128,146,178,178,193,243,243,44,44,44,69,69,168,168,182,12,31,45,45,45,121,152,152,152,170,201,216,250,250,250,250],"floor_reached":33,"language":"ENG","playtime":1601,"items_purged":["Hololive_Strike"],"score":603,"play_id":"d8771f99-c458-4724-b77a-52ce7acc272c","local_time":"20210219000852","is_ascension_mode":true,"campfire_choices":[{"data":"Hololive_Breathe","floor":7,"key":"SMITH"},{"data":"Hololive_LuckPotion","floor":7,"key":"SMITH"},{"data":"Hololive_LuckPotion","floor":10,"key":"SMITH"},{"data":"Hololive_StrengthChampion","floor":10,"key":"SMITH"},{"data":"Hololive_FlyingPonyTail","floor":12,"key":"SMITH"},{"data":"Hololive_FlyingPonyTail","floor":12,"key":"SMITH"},{"floor":15,"key":"DIG"},{"data":"Hololive_Breathe","floor":23,"key":"SMITH"},{"data":"Hololive_FlyingPonyTail","floor":23,"key":"SMITH"},{"data":"Hololive_LuckPotion","floor":32,"key":"SMITH"},{"data":"Hololive_CocoNews","floor":32,"key":"SMITH"}],"circlet_count":0,"master_deck":["Hololive_Strike+1","Hololive_Defend","Hololive_Defend","Hololive_Defend","Hololive_Defend","Hololive_LuckPotion+1","Hololive_Trident","Master of Strategy","Hololive_StrengthChampion+1","Hololive_Breathe+1","Hololive_CallHimemoriLuna","Hololive_LuckPotion+1","Hololive_Rebound","Hololive_Psychosis","Hololive_FlyingPonyTail+1","Hololive_FlyingPonyTail+1","Hololive_Breathe+1","Hololive_CocoNews+1","Hololive_StrengthChampion","Hololive_FlyingPonyTail+1","Hololive_CallMurasakiShion","Hololive_StrengthChampion","Hololive_Spy","Hololive_CallYogiri","Hololive_DevilCharm+1","Hololive_LuckPotion+1","Hololive_Psychosis+1","Hololive_StrengthChampion+1","Hololive_CallNakiriAyame"],"relics":["Hololive_TheStar","Hololive_Peko","Replay:Arrowhead","Ancient Tea Set","Sling","CaptainsWheel","Sundial","Sozu","ReplayTheSpireMod:TigerMarble","Chameleon Ring","Shuriken","ReplayTheSpireMod:Lightbulb"],"acts_visited":["Exordium","TheCity"],"potions_floor_usage":[25],"damage_taken":[{"damage":0,"enemies":"Cultist","floor":1,"turns":4},{"damage":0,"enemies":"Small Slimes","floor":2,"turns":3},{"damage":0,"enemies":"Jaw Worm","floor":3,"turns":3},{"damage":0,"enemies":"2 Fungi Beasts","floor":4,"turns":3},{"damage":0,"enemies":"Red Slaver","floor":5,"turns":2},{"damage":0,"enemies":"Replay:BlueRogue","floor":6,"turns":4},{"damage":0,"enemies":"3 Louse","floor":8,"turns":2},{"damage":0,"enemies":"Lagavulin","floor":14,"turns":3},{"damage":0,"enemies":"Slime Boss","floor":16,"turns":6},{"damage":0,"enemies":"3 Byrds","floor":18,"turns":4},{"damage":0,"enemies":"Shell Parasite","floor":20,"turns":3},{"damage":0,"enemies":"Cultist and Chosen","floor":21,"turns":4},{"damage":9,"enemies":"Slavers","floor":25,"turns":4},{"damage":0,"enemies":"Snecko","floor":28,"turns":3},{"damage":3,"enemies":"Gremlin Leader","floor":29,"turns":5},{"damage":0,"enemies":"Chosen and Byrds","floor":30,"turns":4},{"damage":0,"enemies":"Replay:Snechameleon","floor":31,"turns":3},{"damage":20,"enemies":"Collector","floor":33,"turns":2}],"seed_played":"6215677102266997033","potions_obtained":[{"floor":1,"key":"AttackPotion"},{"floor":5,"key":"Milkshake"},{"floor":14,"key":"DistilledChaos"}],"is_trial":false,"path_per_floor":["M","M","M","M","M","E","R","M","T","R","$","R","?","E","R","B",null,"M","$","M","M","?","R","T","E","T","?","M","E","M","E","R","B"],"character_chosen":"Hololive_HololiveCharacter","items_purchased":["Hololive_FlyingPonyTail","Sling","Hololive_StrengthChampion","Hololive_FlyingPonyTail"],"campfire_rested":0,"item_purchase_floors":[11,11,19,19],"current_hp_per_floor":[32,32,32,32,32,32,32,32,32,32,32,32,32,32,32,32,32,32,32,32,32,32,32,32,23,23,23,23,20,20,20,20,0,0],"gold":250,"neow_bonus":"RANDOM_COLORLESS_2","is_daily":false,"chose_seed":false,"campfire_upgraded":10,"win_rate":0.0,"timestamp":1613711332,"path_taken":["M","M","M","M","?","E","R","M","T","R","?","R","?","E","R","BOSS","M","$","M","M","?","R","?","E","T","?","M","E","M","E","R","BOSS"],"items_purchased_type":["Card","Relic","Card","Card"],"build_version":"2020-12-22","purchased_purges":1,"victory":false,"max_hp_per_floor":[32,32,32,32,32,32,32,32,32,32,32,32,32,32,32,32,32,32,32,32,32,32,32,32,32,32,32,32,32,32,32,32,32,32],"card_choices":[{"not_picked":["Magnetism","Poisoned Strike"],"picked":"Master of Strategy","floor":0},{"not_picked":["Hololive_HuntDinosaur","Hololive_Sequa","Hololive_DevilCharm"],"picked":"Hololive_StrengthChampion","floor":1},{"not_picked":["Hololive_CallMoonaHoshinova","Hololive_CallYozoraMel","Hololive_CallHimemoriLuna"],"picked":"Hololive_Breathe","floor":2},{"not_picked":["Hololive_Drill","Hololive_RevenueBasedLive","Hololive_CallFriendA"],"picked":"Hololive_CallHimemoriLuna","floor":3},{"not_picked":["Hololive_BeCareful","Hololive_CallTokinoSora","Hololive_OvertimeWork"],"picked":"Hololive_LuckPotion","floor":4},{"not_picked":["Hololive_CallCivia","Hololive_Teleport","Hololive_CallHimemoriLuna"],"picked":"Hololive_Rebound","floor":5},{"not_picked":["Hololive_Trident","Hololive_Sequa","Hololive_CallCivia"],"picked":"Hololive_Psychosis","floor":6},{"not_picked":["Hololive_Trident","Hololive_CallRosalyn","Hololive_RevenueBasedLive"],"picked":"Hololive_FlyingPonyTail","floor":8},{"not_picked":["Hololive_RevenueBasedLive","Hololive_CallInugamiKorone","Hololive_StrengthChampion"],"picked":"Hololive_Breathe","floor":14},{"not_picked":["Hololive_RevenueBasedLive","Hololive_CallSakuraMiko","Hololive_Trident"],"picked":"Hololive_CocoNews","floor":18},{"not_picked":["Hololive_Psychosis+1","Hololive_StrengthChampion","Hololive_Rebound"],"picked":"Hololive_CallMurasakiShion","floor":20},{"not_picked":["Hololive_HighAtkLowDef","Hololive_RevenueBasedLive","Hololive_CocoNews"],"picked":"Hololive_StrengthChampion","floor":21},{"not_picked":["Hololive_CallShiroganeNoel","Hololive_CallTokinoSora","Hololive_Watashimo"],"picked":"Hololive_DevilCharm+1","floor":25},{"not_picked":["Hololive_CocoNews","Hololive_Yoholoon","Hololive_CallRosalyn"],"picked":"Hololive_LuckPotion","floor":28},{"not_picked":["Hololive_HighAtkLowDef","Hololive_LuckPotion","Hololive_CallMoonaHoshinova"],"picked":"Hololive_Psychosis+1","floor":29},{"not_picked":["Hololive_Trident","Hololive_OvertimeWork","Hololive_CallOzoraSubaru+1"],"picked":"Hololive_StrengthChampion+1","floor":30},{"not_picked":["Hololive_CallOzoraSubaru","Hololive_CallMoonaHoshinova+1","Hololive_OvertimeWork"],"picked":"Hololive_CallNakiriAyame","floor":31}],"player_experience":183610,"relics_obtained":[{"floor":6,"key":"Replay:Arrowhead"},{"floor":9,"key":"Ancient Tea Set"},{"floor":14,"key":"CaptainsWheel"},{"floor":15,"key":"Sundial"},{"floor":25,"key":"ReplayTheSpireMod:TigerMarble"},{"floor":26,"key":"Chameleon Ring"},{"floor":29,"key":"Shuriken"},{"floor":31,"key":"ReplayTheSpireMod:Lightbulb"}],"event_choices":[{"damage_healed":0,"gold_gain":0,"cards_transformed":["Hololive_Strike","Hololive_Strike"],"player_choice":"Became Test Subject","damage_taken":0,"max_hp_gain":0,"max_hp_loss":0,"event_name":"Drug Dealer","floor":22,"gold_loss":0,"cards_obtained":["Hololive_Spy","Hololive_CallYogiri"]},{"damage_healed":0,"gold_gain":0,"player_choice":"0 cards matched","damage_taken":0,"max_hp_gain":0,"max_hp_loss":0,"event_name":"Match and Keep!","floor":27,"gold_loss":0,"cards_obtained":[]}],"is_beta":false,"boss_relics":[{"not_picked":["Hololive_Finger","Ectoplasm"],"picked":"Sozu"}],"items_purged_floors":[19],"is_endless":false,"potions_floor_spawned":[1,5,14,18,20,28,29],"killed_by":"Collector","ascension_level":5}}