{"host":"smn2tb46ysgs1sad","time":1613763087,"event":{"mods":["AchievementEnabler","Aspiration","BaseMod","Colored Powertips","Downfall","Hermit","Minty Spire (QoL Compilation)","Reliquary","Replay The Spire","StSLib","The Cursed","The Disciple","The Hierophant"],"gold_per_floor":[116,131,142,142,154,154,184,41,109,140,140,240,265,285,285,384,384,401,401,415,433,433,467,467,483,529,548,559,579,606,338,338,442,442,457,474,493,443,461,493,493,493,542,542,347,365,365,384,384,384],"floor_reached":51,"language":"ENG","playtime":3153,"items_purged":["Defend_G","Strike_G","Strike_G","Defend_G"],"score":923,"play_id":"8780ccf2-ee9c-4998-baa1-522af3ecd785","local_time":"20210219113127","is_ascension_mode":true,"campfire_choices":[{"floor":6,"key":"REST"},{"floor":11,"key":"REST"},{"floor":15,"key":"REST"},{"data":"Infinite Blades","floor":24,"key":"SMITH"},{"floor":32,"key":"REST"},{"data":"ReplayTheSpireMod:Scrap Shanks","floor":41,"key":"SMITH"},{"data":"Adrenaline","floor":44,"key":"SMITH"},{"data":"Caltrops","floor":47,"key":"SMITH"},{"floor":49,"key":"REST"}],"circlet_count":0,"master_deck":["Strike_G","Strike_G","Defend_G+1","Defend_G","Defend_G+1","Survivor","Neutralize","Venomology","Caltrops+1","PiercingWail","ReplayTheSpireMod:Scrap Shanks+1","Leg Sweep","Quick Slash","All Out Attack","After Image+1","Flying Knee","Dagger Throw","Adrenaline+1","Acrobatics+1","Calculated Gamble+1","Infinite Blades+1","Blade Dance+1","Backstab","Adrenaline","Well Laid Plans+1","Parasite","Footwork+1","ReplayTheSpireMod:The Works","Neutralize"],"relics":["Ring of the Snake","Anchor","White Beast Statue","aspiration:FrozenJewel","Smiling Mask","WristBlade","FossilizedHelix","aspiration:Lifesprig","reliquary:IridiumChain","Counterbalance","HoveringKite","Vajra","War Paint","reliquary:SilkGlove"],"acts_visited":["Exordium","TheCity","TheBeyond"],"potions_floor_usage":[1,2,7,7,10,10,10,13,16,16,16,18,20,23,25,28,30,33,33,33,48,50,50,50],"damage_taken":[{"damage":0,"enemies":"Cultist","floor":1,"turns":4},{"damage":4,"enemies":"Jaw Worm","floor":2,"turns":2},{"damage":5,"enemies":"2 Louse","floor":3,"turns":3},{"damage":16,"enemies":"Gremlin Gang","floor":5,"turns":8},{"damage":26,"enemies":"3 Sentries","floor":7,"turns":9},{"damage":24,"enemies":"Lagavulin","floor":10,"turns":5},{"damage":14,"enemies":"3 Sentries","floor":13,"turns":5},{"damage":0,"enemies":"Blue Slaver","floor":14,"turns":4},{"damage":30,"enemies":"The Guardian","floor":16,"turns":9},{"damage":3,"enemies":"3 Byrds","floor":18,"turns":4},{"damage":8,"enemies":"Shell Parasite","floor":20,"turns":5},{"damage":21,"enemies":"Snake Plant","floor":21,"turns":5},{"damage":0,"enemies":"Replay:Snechameleon","floor":23,"turns":4},{"damage":0,"enemies":"Cultist and Chosen","floor":25,"turns":6},{"damage":0,"enemies":"Centurion and Healer","floor":27,"turns":4},{"damage":0,"enemies":"Chosen and Byrds","floor":28,"turns":5},{"damage":12,"enemies":"Snecko","floor":29,"turns":4},{"damage":0,"enemies":"Slavers","floor":30,"turns":5},{"damage":0,"enemies":"Champ","floor":33,"turns":8},{"damage":0,"enemies":"3 Darklings","floor":35,"turns":4},{"damage":0,"enemies":"3 Shapes","floor":36,"turns":4},{"damage":19,"enemies":"Writhing Mass","floor":37,"turns":6},{"damage":0,"enemies":"Sphere and 2 Shapes","floor":39,"turns":3},{"damage":0,"enemies":"Nemesis","floor":40,"turns":7},{"damage":0,"enemies":"Spire Growth","floor":46,"turns":4},{"damage":0,"enemies":"3 Darklings","floor":48,"turns":3},{"damage":33,"enemies":"Donu and Deca","floor":50,"turns":9}],"seed_played":"6918215385130041162","potions_obtained":[{"floor":1,"key":"LiquidMemories"},{"floor":2,"key":"Death Potion"},{"floor":10,"key":"Explosive Potion"},{"floor":13,"key":"EssenceOfSteel"},{"floor":14,"key":"Strength Potion"},{"floor":16,"key":"Poison Potion"},{"floor":18,"key":"Flashbang"},{"floor":23,"key":"Fire Potion"},{"floor":25,"key":"PowerPotion"},{"floor":28,"key":"EssenceOfSteel"},{"floor":33,"key":"AttackPotion"},{"floor":35,"key":"SkillPotion"},{"floor":36,"key":"GhostInAJar"},{"floor":48,"key":"SmokeBomb"}],"is_trial":false,"path_per_floor":["M","M","M","?","M","R","E","$","T","E","R","?","E","M","R","B",null,"M","?","M","M","?","E","R","M","T","M","M","M","E","$","R","B",null,"M","M","M","$","M","E","R","?","T","R","$","M","R","M","R","B",null],"character_chosen":"THE_SILENT","items_purchased":["All Out Attack","Backstab","reliquary:FerryPass","reliquary:SilkGlove"],"campfire_rested":5,"item_purchase_floors":[8,31,31,45],"current_hp_per_floor":[70,66,61,61,45,66,40,40,40,16,37,37,23,23,44,14,70,67,67,59,38,38,38,38,38,38,38,38,26,26,26,47,47,70,70,70,51,51,51,51,51,51,51,51,51,51,51,51,70,37],"gold":384,"neow_bonus":"ONE_RANDOM_RARE_CARD","is_daily":false,"chose_seed":false,"campfire_upgraded":4,"win_rate":0.0,"timestamp":1613763087,"path_taken":["M","M","?","?","?","R","E","$","T","E","R","?","E","M","R","BOSS","M","?","?","M","?","E","R","M","T","M","M","?","E","$","R","BOSS","M","M","M","$","M","E","R","?","T","R","$","M","R","M","R","BOSS"],"items_purchased_type":["Card","Card","Relic","Relic"],"build_version":"2020-12-22","purchased_purges":4,"victory":true,"max_hp_per_floor":[70,70,70,70,70,70,70,70,70,70,70,70,70,70,70,70,70,70,70,70,70,70,70,70,70,70,70,70,70,70,70,70,70,70,70,70,70,70,70,70,70,70,70,70,70,70,70,70,70,70],"card_choices":[{"not_picked":["Sucker Punch","Underhanded Strike"],"picked":"Caltrops","floor":1},{"not_picked":["Cloak And Dagger","Hidden Blade"],"picked":"PiercingWail","floor":2},{"not_picked":["Dagger Spray","Deadly Poison"],"picked":"ReplayTheSpireMod:Scrap Shanks","floor":3},{"not_picked":["Deflect","Masterful Stab"],"picked":"Leg Sweep","floor":5},{"not_picked":["Skewer","Well Laid Plans"],"picked":"Quick Slash","floor":7},{"not_picked":["Slice","Deadly Poison"],"picked":"After Image","floor":10},{"not_picked":["Replay:Bag of Tricks","Crippling Poison"],"picked":"Flying Knee","floor":13},{"not_picked":["Toxin Wave","Quick Slash"],"picked":"Dagger Throw","floor":14},{"not_picked":["Replay:Bag of Tricks","Doppelganger"],"picked":"Adrenaline","floor":16},{"not_picked":["Sucker Punch","Skewer","Dodge and Roll"],"picked":"SKIP","floor":18},{"not_picked":["Predator","Underhanded Strike"],"picked":"Acrobatics+1","floor":20},{"not_picked":["ReplayTheSpireMod:Shiv Toss+1","Poisoned Stab"],"picked":"Calculated Gamble+1","floor":21},{"not_picked":["Burst","Noxious Fumes"],"picked":"Infinite Blades","floor":23},{"not_picked":["Acrobatics","Deadly Poison","Quick Slash"],"picked":"SKIP","floor":25},{"not_picked":["Dagger Throw","Dodge and Roll","PiercingWail"],"picked":"SKIP","floor":27},{"not_picked":["Unload","Expertise+1"],"picked":"Blade Dance+1","floor":28},{"not_picked":["Dagger Spray","Sucker Punch","Poisoned Stab"],"picked":"SKIP","floor":29},{"not_picked":["aspiration:Lunge","Deflect","Catalyst+1"],"picked":"SKIP","floor":30},{"not_picked":["Malaise","Grand Finale"],"picked":"Adrenaline","floor":33},{"not_picked":["Quick Slash","Dagger Spray"],"picked":"Well Laid Plans+1","floor":35},{"not_picked":["Blade Dance","Dagger Throw+1","Catalyst"],"picked":"SKIP","floor":36},{"not_picked":["Blade Dance+1","Acrobatics"],"picked":"Footwork+1","floor":37},{"not_picked":["Catalyst","Replay:Poison Smokescreen+1","Dagger Throw"],"picked":"SKIP","floor":39},{"not_picked":["Tactician","Dagger Throw","Quick Slash+1"],"picked":"SKIP","floor":40},{"not_picked":["Bane+1","Outmaneuver","Sucker Punch"],"picked":"SKIP","floor":46},{"not_picked":["Fluid Movement","Dagger Throw+1","Quick Slash"],"picked":"SKIP","floor":48}],"player_experience":203971,"relics_obtained":[{"floor":7,"key":"Anchor"},{"floor":9,"key":"White Beast Statue"},{"floor":10,"key":"aspiration:FrozenJewel"},{"floor":13,"key":"Smiling Mask"},{"floor":23,"key":"FossilizedHelix"},{"floor":26,"key":"aspiration:Lifesprig"},{"floor":30,"key":"reliquary:IridiumChain"},{"floor":33,"key":"Counterbalance"},{"floor":40,"key":"Vajra"},{"floor":43,"key":"War Paint"}],"event_choices":[{"damage_healed":0,"gold_gain":0,"player_choice":"Bought 0 Potions","damage_taken":0,"max_hp_gain":0,"max_hp_loss":0,"event_name":"The Woman in Blue","floor":4,"gold_loss":0},{"damage_healed":0,"gold_gain":100,"player_choice":"Gold","damage_taken":0,"max_hp_gain":0,"max_hp_loss":0,"event_name":"Wheel of Change","floor":12,"gold_loss":0},{"cards_removed":["Strike_G"],"damage_healed":0,"gold_gain":0,"player_choice":"Offered Basic","damage_taken":0,"max_hp_gain":0,"max_hp_loss":0,"event_name":"Bonfire Elementals","floor":19,"gold_loss":0},{"damage_healed":0,"gold_gain":0,"player_choice":"Forge","damage_taken":0,"max_hp_gain":0,"max_hp_loss":0,"event_name":"Accursed Blacksmith","floor":22,"gold_loss":0,"cards_upgraded":["After Image"]},{"damage_healed":0,"gold_gain":0,"player_choice":"2 cards matched","damage_taken":0,"max_hp_gain":0,"max_hp_loss":0,"event_name":"Match and Keep!","floor":42,"gold_loss":0,"cards_obtained":["ReplayTheSpireMod:The Works","Neutralize"]}],"is_beta":false,"boss_relics":[{"not_picked":["Empty Cage","Snecko Scales"],"picked":"WristBlade"},{"not_picked":["Sozu","Abe\u0027s Treasure"],"picked":"HoveringKite"}],"items_purged_floors":[8,31,38,45],"is_endless":false,"potions_floor_spawned":[1,2,10,13,14,16,18,20,21,23,25,27,28,29,30,33,35,36,37,39,40,46,48],"ascension_level":2}}