{"host":"3z9xbwjeimmg738z","time":1613775618,"event":{"mods":["100% Spire Juice","2.2 Compatiblity","Act Like it!","AlwaysNeverKeys","Aspiration","Bard","BaseMod","Beaked The Cultist","Better Altar","Better Match","Better Note","Better Sensory Stone","Better Skull","Better Synergies","Better Third Choice","Bossed Relics","CapriCore","Colored Powertips","Defuse TimeMaze Blight","Dio Mod","Displayed Cursed Tome","Faster Ascension Climbing","GifTheSpireLib","Hubris","Luminous","Marisa????????","Minty Spire (QoL Compilation)","Pale of the Ancients","Permanent Neow","Replay The Spire","Ruina","Shapeshifter Mod","Smile Girya","StSLib","The Fake Hero","The Juggle","The Saiyan","The Showman","TheBandit","Uncapped","Yakumo Yukari mod","noobMod"],"gold_per_floor":[115,115,115,208,258,303,303,343,392,32,72,117,164,176,176,274,274,289,59,77,77,97,160,160,193,193,224,224,70,144,144,144,48,48,151,151,258,169,19,53,79,79,112,140,140,174,174,209,209,209,252,262,262,282,343,359,359,359,359,480,480,22,22,24],"floor_reached":65,"language":"ENG","playtime":5734,"items_purged":["Languid"],"score":1700,"play_id":"1b11f40a-5c4e-4ee1-825a-d31ac3393b75","local_time":"20210219150018","daily_mods":["ControlledChaos"],"is_ascension_mode":true,"campfire_choices":[{"floor":7,"key":"REST"},{"data":"Moonworks:MetallicMonocoque","floor":15,"key":"SMITH"},{"data":"Pot Of Greed","floor":28,"key":"SMITH"},{"data":"Pot Of Greed","floor":34,"key":"SMITH"},{"data":"Moonworks:Ambush","floor":42,"key":"SMITH"},{"data":"Moonworks:LongDistanceShot","floor":47,"key":"SMITH"},{"floor":53,"key":"REST"},{"floor":59,"key":"REST"},{"floor":61,"key":"REST"}],"circlet_count":0,"master_deck":["Moonworks:Strike+1","Moonworks:Strike+1","Moonworks:Strike+1","Moonworks:Strike+1","Moonworks:Defend+1","Moonworks:Defend+1","Moonworks:Defend+1","Moonworks:Defend+1","Moonworks:Ambush+1","Moonworks:LongDistanceShot+1","Moonworks:NicePresent+1","Moonworks:NicePresent+1","Moonworks:MetallicMonocoque+1","Moonworks:Dinner+1","Moonworks:CookingTime+1","Moonworks:CrystalBarrier+1","Pot Of Greed+1","Pot Of Greed+1"],"relics":["Moonworks:BrokenBomb","Moonworks:Homemark","Frozen Eye","ice","ReplayTheSpireMod:Ring of Challenge","Replay:Kaleidoscope","Bird Faced Urn","Bag of Marbles","Centennial Puzzle","aspiration:ChemicalBlood","ReplayTheSpireMod:Lightbulb","Replay:Ancient Bell","Potion Belt","Meat on the Bone","Replay:Towering Pillar of Hats","Gremlin Food","Anchor","Grinning Jar","Pocketwatch","CeramicFish","White Beast Statue","Blood Vial","Replay:Bandana","aspiration:SecretTechniqueScroll","Molten Egg 2","Guide Book","Iron Hammer","Mercury Hourglass","hubris:SlimyHat","Bronze Scales","Torii","paleoftheancients:Timepiece","paleoftheancients:KeyRelic","Ice Cream","paleoftheancients:SoulOfTheTimeEater","hubris:Towel","Bag of Preparation","Incense Burner","Chemical X"],"acts_visited":["Exordium","ruina:Briah","TheBeyond","paleoftheancients:PaleOfTheAncients"],"potions_floor_usage":[6,16,18,22,23,25,25,25,25,30,30,30,30,40,41,41,43,46,46,46,52,54,60,60,60,60,64],"damage_taken":[{"damage":1,"enemies":"Jaw Worm","floor":1,"turns":4},{"damage":16,"enemies":"Small Slimes","floor":4,"turns":5},{"damage":1,"enemies":"Cultist","floor":5,"turns":5},{"damage":34,"enemies":"Gremlin Nob","floor":6,"turns":5},{"damage":43,"enemies":"Lagavulin","floor":8,"turns":9},{"damage":21,"enemies":"3 Sentries","floor":11,"turns":5},{"damage":3,"enemies":"3 Louse","floor":12,"turns":3},{"damage":19,"enemies":"Lagavulin","floor":13,"turns":6},{"damage":0,"enemies":"Lots of Slimes","floor":14,"turns":4},{"damage":17,"enemies":"Hexaghost","floor":16,"turns":9},{"damage":4,"enemies":"ruina:BadWolf","floor":18,"turns":7},{"damage":27,"enemies":"ruina:Nosferatu","floor":20,"turns":9},{"damage":4,"enemies":"ruina:KnightOfDespair","floor":22,"turns":5},{"damage":15,"enemies":"ruina:ServantOfWrath","floor":23,"turns":8},{"damage":23,"enemies":"ruina:RoadHome","floor":25,"turns":8},{"damage":38,"enemies":"ruina:Mountain","floor":27,"turns":9},{"damage":6,"enemies":"ruina:ServantOfWrath","floor":30,"turns":8},{"damage":21,"enemies":"ruina:Nos_and_Bat","floor":33,"turns":7},{"damage":0,"enemies":"ruina:JesterOfNihil","floor":35,"turns":10},{"damage":80,"enemies":"3 Shapes","floor":37,"turns":3},{"damage":7,"enemies":"3 Darklings","floor":38,"turns":4},{"damage":44,"enemies":"Transient","floor":40,"turns":5},{"damage":16,"enemies":"Jaw Worm Horde","floor":41,"turns":8},{"damage":62,"enemies":"Giant Head","floor":43,"turns":15},{"damage":22,"enemies":"Sphere and 2 Shapes","floor":44,"turns":7},{"damage":29,"enemies":"Reptomancer","floor":46,"turns":8},{"damage":26,"enemies":"Nemesis","floor":48,"turns":10},{"damage":0,"enemies":"Giant Head","floor":51,"turns":16},{"damage":0,"enemies":"Giant Head","floor":52,"turns":14},{"damage":23,"enemies":"Awakened One","floor":54,"turns":12},{"damage":0,"enemies":"Awakened One","floor":55,"turns":10},{"damage":0,"enemies":"Awakened One","floor":56,"turns":8},{"damage":61,"enemies":"Awakened One","floor":60,"turns":16},{"damage":20,"enemies":"paleoftheancients:N","floor":64,"turns":19}],"seed_played":"5591241092987949529","potions_obtained":[{"floor":4,"key":"SpeedPotion"},{"floor":5,"key":"AttackPotion"},{"floor":11,"key":"DuplicationPotion"},{"floor":12,"key":"Block Potion"},{"floor":16,"key":"Regen Potion"},{"floor":22,"key":"AttackPotion"},{"floor":23,"key":"Strength Potion"},{"floor":25,"key":"AttackPotion"},{"floor":30,"key":"Regen Potion"},{"floor":33,"key":"Swift Potion"},{"floor":40,"key":"AttackPotion"},{"floor":41,"key":"Explosive Potion"},{"floor":43,"key":"LiquidBronze"},{"floor":44,"key":"Regen Potion"},{"floor":46,"key":"Regen Potion"},{"floor":46,"key":"DistilledChaos"},{"floor":48,"key":"Reflective Coating"},{"floor":51,"key":"Swift Potion"},{"floor":55,"key":"Swift Potion"},{"floor":56,"key":"SteroidPotion"},{"floor":60,"key":"LifebloodPotion"}],"is_trial":true,"path_per_floor":["M","?","?","M","M","E","R","E","T","?","E","M","E","M","R","B",null,"M","$","M","?","M","E","?","E","T","E","R","$","E","PTL","PTL","M","R","B",null,"M","M","$","M","M","R","E","M","T","E","R","E","PTL","PTL","E","?","R","B","M","M","?","$","R","M","R","$","?","B",null],"character_chosen":"THE_STARBREAKER","items_purchased":["Gremlin Food","Blood Vial","Guide Book","Incense Burner","Chemical X"],"campfire_rested":4,"item_purchase_floors":[19,29,39,62,62],"current_hp_per_floor":[59,59,59,43,42,8,26,48,48,51,42,44,39,52,52,75,90,95,95,82,37,60,65,65,77,77,72,72,72,92,92,92,89,89,113,157,92,110,110,97,107,107,103,113,113,204,204,197,197,197,226,230,230,276,283,286,286,286,286,269,295,295,295,237],"gold":24,"neow_bonus":"","is_daily":false,"chose_seed":false,"campfire_upgraded":5,"win_rate":0.0,"timestamp":1613775618,"path_taken":["M","?","?","M","?","E","R","E","T","?","E","M","E","M","R","BOSS","M","$","?","?","M","E","?","E","T","E","R","?","E","PTL","PTL","M","R","BOSS","M","M","$","M","M","R","E","M","T","E","R","E","PTL","PTL","E","?","R","BOSS","M","M","?","$","R","M","R","$","?","BOSS"],"items_purchased_type":["Relic","Relic","Relic","Relic","Relic"],"build_version":"2020-12-22","purchased_purges":1,"victory":true,"max_hp_per_floor":[60,60,60,60,60,60,60,61,61,61,66,69,70,80,80,90,90,96,96,103,103,108,118,118,126,126,132,132,132,142,142,142,151,151,157,157,161,167,167,171,178,178,189,197,197,205,205,213,213,213,227,230,230,276,284,286,286,286,286,295,295,295,295,340],"card_choices":[{"not_picked":["Moonworks:CloudOfSeagulls","Moonworks:CastOff","Moonworks:SakisCookie"],"picked":"SKIP","floor":1},{"not_picked":["Moonworks:DeployBits","Moonworks:RocketCannon"],"picked":"Moonworks:NicePresent","floor":4},{"not_picked":["Moonworks:Assault","Moonworks:SakisCookie"],"picked":"Moonworks:NicePresent","floor":5},{"not_picked":["Moonworks:RedAndBlue","Moonworks:IndiscriminateFireSupport"],"picked":"Moonworks:MetallicMonocoque","floor":6},{"not_picked":["Moonworks:JonathanRush","Moonworks:CloudOfSeagulls"],"picked":"Moonworks:Dinner","floor":8},{"not_picked":["Moonworks:NicePresent","Moonworks:JonathanRush","Moonworks:StiffCrystal"],"picked":"SKIP","floor":11},{"not_picked":["Moonworks:RagingMadness","Moonworks:BigMagnum"],"picked":"Moonworks:CookingTime","floor":12},{"not_picked":["Moonworks:DeployBits","Moonworks:MiracleWalker","Moonworks:BigMagnum"],"picked":"SKIP","floor":13},{"not_picked":["Moonworks:Flamethrower","Moonworks:EvilSpyWorkPreparation","Moonworks:MiracleWalker"],"picked":"SKIP","floor":14},{"not_picked":["Moonworks:Gamble","Moonworks:AccelHyper"],"picked":"Moonworks:CrystalBarrier","floor":16},{"not_picked":["CurseOfTheBell","Regret"],"picked":"Amnesia","floor":17},{"not_picked":["Doubt","Pain"],"picked":"Amnesia","floor":17},{"not_picked":["Hallucinations","hubris:Lust"],"picked":"Replay:Sluggish","floor":17},{"not_picked":["Moonworks:BigMagnum","Moonworks:EvilSpyWorkPreparation+1","Moonworks:IndiscriminateFireSupport"],"picked":"SKIP","floor":18},{"not_picked":["Moonworks:DevilHand","Moonworks:CloudOfSeagulls+1","Moonworks:IndiscriminateFireSupport"],"picked":"SKIP","floor":20},{"not_picked":["Moonworks:SweetBattle+1","Moonworks:Blazing","Moonworks:Poppoformation"],"picked":"SKIP","floor":22},{"not_picked":["Moonworks:ImOnFire","Moonworks:BigMagnum","Moonworks:DeployBits"],"picked":"SKIP","floor":23},{"not_picked":["Moonworks:NicePresent+1","Moonworks:Assault","Moonworks:UnluckyCharm+1"],"picked":"SKIP","floor":25},{"not_picked":["Moonworks:AnotherUltimateWeapon","Moonworks:BindingChains","Moonworks:JonathanRush"],"picked":"SKIP","floor":27},{"not_picked":["Moonworks:Assault","Moonworks:IndiscriminateFireSupport","Moonworks:UnluckyCharm"],"picked":"SKIP","floor":30},{"not_picked":["Moonworks:Assault+1","Moonworks:CompletionReward","Moonworks:NicePresent+1"],"picked":"SKIP","floor":33},{"not_picked":["Moonworks:StiffCrystal+1","Moonworks:CloudOfSeagulls+1","Moonworks:IndiscriminateFireSupport+1"],"picked":"SKIP","floor":37},{"not_picked":["Moonworks:UnluckyCharm","Moonworks:Dash+1","Moonworks:WindyEnchantment+1"],"picked":"SKIP","floor":38},{"not_picked":["Moonworks:CloudOfSeagulls+1","Moonworks:LulusLuckyEgg","Moonworks:ScrambledEve+1"],"picked":"SKIP","floor":40},{"not_picked":["Moonworks:CookingTime+1","Moonworks:SweetBattle+1","Moonworks:CloudOfSeagulls+1"],"picked":"SKIP","floor":41},{"not_picked":["Moonworks:CastOff+1","Moonworks:LuckyCharm","Moonworks:BigBangBell+1"],"picked":"SKIP","floor":43},{"not_picked":["Moonworks:Assault+1","Moonworks:RedAndBlue","Moonworks:ImOnFire+1"],"picked":"SKIP","floor":44},{"not_picked":["Moonworks:DevilHand+1","Moonworks:IndiscriminateFireSupport+1","Moonworks:Accelerator"],"picked":"SKIP","floor":46},{"not_picked":["Moonworks:NicePresent","Moonworks:ImOnFire+1","Moonworks:LuckyCharm+1"],"picked":"SKIP","floor":48},{"not_picked":["Moonworks:BigMagnum+1","Moonworks:DeployBits","Moonworks:ImOnFire+1"],"picked":"SKIP","floor":51},{"not_picked":["Moonworks:SakisCookie","Moonworks:PlushieMaster","Moonworks:ScrambledEve"],"picked":"SKIP","floor":55},{"not_picked":["Moonworks:JonathanRush+1","Moonworks:EvilSpyWorkPreparation+1","Moonworks:Poppoformation+1"],"picked":"SKIP","floor":56},{"not_picked":["Moonworks:LulusLuckyEgg","Moonworks:StiffCrystal","Moonworks:SakisCookie+1"],"picked":"SKIP","floor":60}],"player_experience":260155,"relics_obtained":[{"floor":2,"key":"ReplayTheSpireMod:Ring of Challenge"},{"floor":6,"key":"Replay:Kaleidoscope"},{"floor":8,"key":"Bird Faced Urn"},{"floor":9,"key":"Bag of Marbles"},{"floor":11,"key":"Centennial Puzzle"},{"floor":11,"key":"aspiration:ChemicalBlood"},{"floor":13,"key":"ReplayTheSpireMod:Lightbulb"},{"floor":23,"key":"Anchor"},{"floor":25,"key":"Pocketwatch"},{"floor":26,"key":"CeramicFish"},{"floor":27,"key":"White Beast Statue"},{"floor":30,"key":"Replay:Bandana"},{"floor":37,"key":"Molten Egg 2"},{"floor":43,"key":"Iron Hammer"},{"floor":45,"key":"Mercury Hourglass"},{"floor":46,"key":"hubris:SlimyHat"},{"floor":48,"key":"Bronze Scales"},{"floor":51,"key":"Torii"},{"floor":56,"key":"paleoftheancients:SoulOfTheTimeEater"},{"floor":60,"key":"paleoftheancients:SoulOfTheDefect"},{"floor":60,"key":"Bag of Preparation"}],"event_choices":[{"damage_healed":0,"gold_gain":0,"player_choice":"Bought 0 Potions","damage_taken":0,"max_hp_gain":0,"max_hp_loss":0,"event_name":"The Woman in Blue","floor":3,"gold_loss":0},{"damage_healed":3,"gold_gain":0,"player_choice":"LEAVE ","damage_taken":0,"relics_obtained":[],"max_hp_gain":0,"max_hp_loss":0,"event_name":"betterSkull:BetterSkull","floor":10,"gold_loss":0,"cards_upgraded":[]}],"is_beta":false,"boss_relics":[{"not_picked":["SlaversCollar","aspiration:DefectSkillbook"],"picked":"Replay:Ancient Bell"},{"not_picked":["Blue Doll","Juzu Bracelet"],"picked":"Potion Belt"},{"not_picked":["Eternal Feather","hubris:BottledRain"],"picked":"Meat on the Bone"},{"not_picked":["FossilizedHelix","hubris:AstralHammer"],"picked":"Replay:Towering Pillar of Hats"},{"not_picked":["SacredBark","Pandora\u0027s Box"],"picked":"aspiration:SecretTechniqueScroll"}],"items_purged_floors":[19],"is_endless":false,"potions_floor_spawned":[4,5,11,12,13,14,22,23,25,30,33,35,37,38,40,41,43,44,46,48,51,52,55,56,60],"ascension_level":1}}