{"host":"rm0ctv8qd8mnbkg1","time":1613740597,"event":{"mods":["BaseMod","Beaked The Cultist","BetterRewards","Colored Map","DNKmod","Dark Map","Defuse TimeMaze Blight","Downfall","Friendly Minions","Hubris","Marisa????????","Minty Spire (QoL Compilation)","MostiFishMod","Permanent Neow","Rare Cards Sparkle","Relic Sorter","Reliquary","Replay The Spire","RumiaBox-????????","Shade Mod","Shop Mod","Spicy Shops","Spire Arcade","StSLib","The Construct","The Servant 0.9.4","TheVacant","Wandering Minibosses","??????REMEMod"],"gold_per_floor":[10011,10026,10117,10136,10211,10211,10211,10211],"floor_reached":7,"language":"ENG","playtime":149,"items_purged":[],"score":93,"play_id":"afc33d2b-aa06-4a61-9c00-6eec93dac3a8","local_time":"20210219131637","is_ascension_mode":true,"campfire_choices":[{"data":"Shade:Bite_Shade","floor":6,"key":"SMITH"}],"circlet_count":0,"master_deck":["Shade:Strike_Shade","Shade:Strike_Shade","Shade:Strike_Shade","Shade:Strike_Shade","Shade:Defend_Shade","Shade:Defend_Shade","Shade:Defend_Shade","Shade:Defend_Shade","Shade:AnimateDead","Shade:CarefulCut","Replay:BasicMightCard","Shade:ExtraLimbs","Shade:RavenousHorde","Shade:Bite_Shade+1","Shade:SkeletonHug","Shade:Frenzy"],"relics":["Shade:YorickSkull","REME_ComplimentaryCards","DaveBox","GuanYuAspect","Replay:Rubber Ducky"],"acts_visited":["Exordium"],"potions_floor_usage":[],"damage_taken":[{"damage":3,"enemies":"2 Louse","floor":1,"turns":2},{"damage":0,"enemies":"Small Slimes","floor":2,"turns":2},{"damage":2,"enemies":"Cultist","floor":4,"turns":3},{"damage":0,"enemies":"Lagavulin","floor":7,"turns":1}],"seed_played":"-3276079341581710230","potions_obtained":[{"floor":1,"key":"Block Potion"}],"is_trial":false,"path_per_floor":["M","M","?","M","?","R","E"],"character_chosen":"SHADE","items_purchased":[],"campfire_rested":0,"item_purchase_floors":[],"current_hp_per_floor":[526,534,397,407,396,396,399,399],"gold":10211,"neow_bonus":"TEN_PERCENT_HP_BONUS","is_daily":false,"chose_seed":false,"campfire_upgraded":1,"win_rate":0.0,"timestamp":1613740597,"path_taken":["M","M","?","?","?","R","E"],"items_purchased_type":[],"build_version":"2020-12-22","purchased_purges":0,"victory":false,"max_hp_per_floor":[550,550,550,550,550,550,550,550],"card_choices":[{"not_picked":["Shade:Bonestorm","Shade:FeralStrike"],"picked":"Shade:ExtraLimbs","floor":1},{"not_picked":["Shade:GreyBargain","Shade:FuneraryArmor"],"picked":"Shade:RavenousHorde","floor":2},{"not_picked":["Shade:Awaken","Shade:FreshBones"],"picked":"Shade:Bite_Shade","floor":3},{"not_picked":["Shade:Haruspicy","Shade:Brains"],"picked":"Shade:SkeletonHug","floor":3},{"not_picked":["Shade:ClawBack","Shade:PressTheAttack"],"picked":"Shade:Frenzy","floor":4}],"player_experience":383180,"relics_obtained":[{"floor":3,"key":"Replay:Rubber Ducky"}],"event_choices":[{"damage_healed":0,"gold_gain":75,"player_choice":"Gather Gold","damage_taken":11,"max_hp_gain":0,"max_hp_loss":0,"event_name":"World of Goop","floor":5,"gold_loss":0}],"is_beta":false,"boss_relics":[],"items_purged_floors":[],"is_endless":false,"potions_floor_spawned":[1],"killed_by":"Lagavulin","ascension_level":1}}