{"host":"Zack","time":1613776256,"event":{"mods":["Aspiration","BaseMod","Better Note","Better Sensory Stone","Better Skull","Better Third Choice","Colored Map","Downfall","Energized Spire","Highlight Path","Minty Spire (QoL Compilation)","Relic Stats","Replay The Spire","Spire Arcade","StSLib"],"gold_per_floor":[99,113,126,143,154,172,195,206,231,248,279,279,314,331,350,447,497,497,512,531,531,547,547,623,649,667,701,701,711,611,25,35,35,35,35],"floor_reached":33,"language":"ENG","playtime":7458,"items_purged":[],"score":365,"play_id":"96dfc4fe-008d-454f-9d1f-9e638bb75bf6","local_time":"20210219231056","is_ascension_mode":false,"campfire_choices":[{"data":"Guardian:CurlUp","floor":1,"key":"SMITH"},{"data":"Guardian:PiercingHide","floor":12,"key":"SMITH"},{"data":"Guardian:ShieldCharger","floor":18,"key":"SMITH"},{"data":"Guardian:Suspension","floor":23,"key":"SMITH"},{"data":"Guardian:Clone","floor":30,"key":"SMITH"}],"circlet_count":0,"master_deck":["Guardian:Strike_Guardian","Guardian:Strike_Guardian","Guardian:Strike_Guardian","Guardian:Strike_Guardian","Guardian:Defend_Guardian","Guardian:Defend_Guardian","Guardian:Defend_Guardian","Guardian:Defend_Guardian","Guardian:CurlUp+1","Guardian:TwinSlam+1","Guardian:PiercingHide+1","Guardian:BronzeArmor","Guardian:Recover","Guardian:Preprogram","Guardian:ChargeCore","Guardian:Suspension+1","Guardian:ArmoredProtocol","Guardian:ShieldCharger+1","Guardian:WalkerClaw","Guardian:CrystalBeam","Guardian:Clone+1","Guardian:PrimingBeam","Guardian:BodySlam","Guardian:Incinerate","Guardian:Reroute+1","Guardian:Gem_Blue","Guardian:BodySlam","Guardian:RollAttack","Guardian:TimeSifter","Guardian:Harden","Guardian:ShieldSpikes","Guardian:TemporalShield+1","Guardian:VentSteam","Guardian:Gem_Orange"],"relics":["Guardian:ModeShifter","Gremlin Food","Snack Pack","Tiny House","Nloth\u0027s Gift","Replay:Multitool","Pocketwatch","downfall:KnowingSkull","downfall:HeartBlessingBlue","Onion Ring","Orrery"],"acts_visited":["Exordium","TheCity"],"potions_floor_usage":[9,9,11,11,16,16,16,27,29,33,33],"damage_taken":[{"damage":8,"enemies":"Small Slimes","floor":2,"turns":5},{"damage":2,"enemies":"2 Louse","floor":3,"turns":3},{"damage":1,"enemies":"Jaw Worm","floor":4,"turns":4},{"damage":5,"enemies":"downfall:LooterAlt","floor":5,"turns":4},{"damage":4,"enemies":"Gremlin Gang","floor":6,"turns":9},{"damage":16,"enemies":"Large Slime","floor":8,"turns":7},{"damage":22,"enemies":"Gremlin Nob","floor":9,"turns":4},{"damage":10,"enemies":"2 Fungi Beasts","floor":10,"turns":5},{"damage":0,"enemies":"Lagavulin","floor":11,"turns":9},{"damage":5,"enemies":"Replay:BlueRogue","floor":13,"turns":8},{"damage":3,"enemies":"3 Louse","floor":14,"turns":3},{"damage":0,"enemies":"downfall:LooterAlt","floor":15,"turns":5},{"damage":10,"enemies":"SI_SHIV_ARCHETYPE","floor":16,"turns":8},{"damage":0,"enemies":"Spheric Guardian","floor":19,"turns":5},{"damage":0,"enemies":"Chosen","floor":20,"turns":5},{"damage":11,"enemies":"3 Cultists","floor":22,"turns":6},{"damage":20,"enemies":"Replay:Snechameleon","floor":25,"turns":8},{"damage":34,"enemies":"Cultist and Chosen","floor":26,"turns":12},{"damage":6,"enemies":"Book of Stabbing","floor":27,"turns":6},{"damage":9,"enemies":"Snecko","floor":29,"turns":4},{"damage":1,"enemies":"downfall:FleeingMerchant","floor":31,"turns":4},{"damage":9,"enemies":"3 Cultists","floor":32,"turns":5},{"damage":27,"enemies":"IC_MUSHROOM_ARCHETYPE","floor":33,"turns":8}],"seed_played":"-3393901950406129526","potions_obtained":[{"floor":2,"key":"Slimebound:ThreeZeroPotion"},{"floor":3,"key":"Fire Potion"},{"floor":5,"key":"Dexterity Potion"},{"floor":9,"key":"bronze:BurnAndBuffPotion"},{"floor":10,"key":"Swift Potion"},{"floor":13,"key":"LiquidBronze"},{"floor":15,"key":"Swift Potion"},{"floor":17,"key":"LiquidBronze"},{"floor":20,"key":"Dexterity Potion"},{"floor":25,"key":"LiquidMemories"},{"floor":26,"key":"SpeedPotion"},{"floor":27,"key":"SkillPotion"}],"is_trial":false,"path_per_floor":["R","M","M","M","M","M","T","M","E","M","E","R","E","M","M","B",null,"R","M","M","?","M","R","T","E","M","E","?","M","R","$","M","B"],"character_chosen":"GUARDIAN","items_purchased":["Guardian:Gem_Blue","Onion Ring","Guardian:BodySlam","Guardian:RollAttack","Orrery"],"campfire_rested":0,"item_purchase_floors":[31,31,31,31,31],"current_hp_per_floor":[88,80,78,77,72,68,68,52,30,20,20,20,15,12,14,6,93,93,93,93,93,86,86,86,68,36,32,24,17,27,32,23,0,0,0],"gold":35,"neow_bonus":"TEN_PERCENT_HP_BONUS","is_daily":false,"chose_seed":false,"campfire_upgraded":5,"win_rate":0.0,"timestamp":1613776256,"path_taken":["R","M","M","M","M","M","T","M","E","M","E","R","E","M","M","BOSS","R","M","M","?","M","R","T","E","M","E","?","M","R","$","M","BOSS"],"items_purchased_type":["Card","Relic","Card","Card","Relic"],"build_version":"2020-11-17","purchased_purges":0,"victory":false,"max_hp_per_floor":[88,88,88,88,88,88,88,88,88,88,88,88,88,88,88,88,93,93,93,93,93,93,93,93,93,93,93,93,93,103,103,103,103,103,103],"relic_stats":{"counters":[23,137],"Nloth\u0027s Gift":0,"obtain_stats":[{"Gremlin Food":7,"Tiny House":17,"downfall:HeartBlessingBlue":30,"Quantum Egg":9,"Guardian:ModeShifter":0,"Orrery":31,"downfall:KnowingSkull":28,"Onion Ring":31,"Snack Pack":13,"Nloth\u0027s Gift":21,"Replay:Multitool":25,"Pocketwatch":27},{"Gremlin Food":5,"Tiny House":13,"downfall:HeartBlessingBlue":20,"Quantum Egg":7,"Guardian:ModeShifter":0,"Orrery":21,"downfall:KnowingSkull":19,"Onion Ring":21,"Snack Pack":10,"Nloth\u0027s Gift":15,"Replay:Multitool":17,"Pocketwatch":19},{"Gremlin Food":25,"Tiny House":74,"downfall:HeartBlessingBlue":120,"Quantum Egg":36,"Guardian:ModeShifter":0,"Orrery":124,"downfall:KnowingSkull":116,"Onion Ring":124,"Snack Pack":58,"Nloth\u0027s Gift":84,"Replay:Multitool":98,"Pocketwatch":116}],"Pocketwatch":[9]},"card_choices":[{"not_picked":["Guardian:Gem_Blue","Guardian:BronzeOrb"],"picked":"Guardian:PiercingHide","floor":2},{"not_picked":["Guardian:Gem_Cyan","Guardian:Incinerate"],"picked":"Guardian:BronzeArmor","floor":3},{"not_picked":["Guardian:VentSteam","Guardian:TimeCapacitor"],"picked":"Guardian:Recover","floor":4},{"not_picked":["Guardian:PrismaticBeam","Guardian:Planning"],"picked":"Guardian:Preprogram","floor":5},{"not_picked":["Guardian:PrismaticBeam","Guardian:Gem_Red"],"picked":"Guardian:ChargeCore","floor":6},{"not_picked":["Guardian:Recover","Guardian:FloatingOrbs"],"picked":"Guardian:Suspension","floor":8},{"not_picked":["Guardian:Recover","Guardian:ShieldSpikes"],"picked":"Guardian:ArmoredProtocol","floor":9},{"not_picked":["Guardian:TemporalShield","Guardian:ShieldCharger"],"picked":"Guardian:Gem_Synthetic","floor":10},{"not_picked":["Guardian:Repulse","Guardian:PrimingBeam"],"picked":"Guardian:ShieldCharger","floor":11},{"not_picked":["Guardian:PiercingHide","Guardian:Planning"],"picked":"Guardian:WalkerClaw","floor":13},{"not_picked":["Guardian:Emergency","Guardian:StasisField"],"picked":"Guardian:Gem_Blue","floor":14},{"not_picked":["Guardian:Reroute","Guardian:PiercingHide"],"picked":"Guardian:CrystalBeam","floor":15},{"not_picked":["Guardian:TimeSifter","Guardian:ExploitGems"],"picked":"Guardian:Gem_Synthetic","floor":16},{"not_picked":["Guardian:Planning","Guardian:SentryBeam"],"picked":"Guardian:Gem_Lightblue","floor":17},{"not_picked":["Guardian:ShieldCharger","Guardian:SentryBeam+1","Guardian:MultiBeam"],"picked":"SKIP","floor":19},{"not_picked":["Guardian:Gem_Blue","Guardian:CrystalBeam"],"picked":"Guardian:Gem_Yellow","floor":20},{"not_picked":["Guardian:ShieldCharger","Guardian:EvasiveProtocol"],"picked":"Guardian:Clone","floor":22},{"not_picked":["Guardian:BodySlam+1","Guardian:ShieldCharger"],"picked":"Guardian:Gem_Blue","floor":25},{"not_picked":["Guardian:Gem_Fragmented","Guardian:CrystalBeam"],"picked":"Guardian:PrimingBeam","floor":26},{"not_picked":["Guardian:TemporalStrike","Guardian:FloatingOrbs"],"picked":"Guardian:BodySlam","floor":27},{"not_picked":["Guardian:PiercingHide","Guardian:Preprogram"],"picked":"Guardian:Incinerate","floor":29},{"not_picked":["Guardian:Recover+1","Guardian:PiercingHide"],"picked":"Guardian:Reroute+1","floor":31},{"not_picked":["Guardian:Suspension","Guardian:Gem_White"],"picked":"Guardian:TimeSifter","floor":31},{"not_picked":["Guardian:ArmoredProtocol","Guardian:EvasiveProtocol"],"picked":"Guardian:Harden","floor":31},{"not_picked":["Guardian:PiercingHide","Guardian:ChargeCore"],"picked":"Guardian:ShieldSpikes","floor":31},{"not_picked":["Guardian:DecasProtection+1","Guardian:ShieldSpikes"],"picked":"Guardian:TemporalShield+1","floor":31},{"not_picked":["Guardian:Recover","Guardian:ShieldCharger"],"picked":"Guardian:VentSteam","floor":31},{"not_picked":["Guardian:Gem_Red","Guardian:PrismaticBeam"],"picked":"Guardian:Gem_Orange","floor":32}],"player_experience":7147,"relics_obtained":[{"floor":7,"key":"Gremlin Food"},{"floor":9,"key":"Quantum Egg"},{"floor":13,"key":"Snack Pack"},{"floor":25,"key":"Replay:Multitool"},{"floor":27,"key":"Pocketwatch"}],"event_choices":[],"is_beta":true,"boss_relics":[{"not_picked":["Empty Cage","Replay:Bronze Core"],"picked":"Tiny House"}],"items_purged_floors":[],"is_endless":false,"potions_floor_spawned":[2,3,5,9,10,13,15,20,25,26,27],"killed_by":"IC_MUSHROOM_ARCHETYPE","ascension_level":0}}