{"host":"w14xfy17z3c5mpoi","time":1613775249,"event":{"mods":["AchievementEnabler","BaseMod","Minty Spire (QoL Compilation)","Relic Stats"],"gold_per_floor":[112,122,122,138,103,137,137,137,137,147,1,16,16,16,16,115,165,179,192,208,208,208],"floor_reached":21,"language":"ENG","playtime":1176,"items_purged":["Pain"],"score":253,"play_id":"f2b5390c-a838-4eb7-b819-350238d4d7d1","local_time":"20210219175409","is_ascension_mode":true,"campfire_choices":[{"floor":8,"key":"REST"},{"floor":13,"key":"REST"},{"data":"Rip and Tear","floor":15,"key":"SMITH"}],"circlet_count":0,"master_deck":["Strike_B","Strike_B","Strike_B","Strike_B","Defend_B","Defend_B+1","Defend_B","Defend_B","Zap+1","Dualcast+1","Coolheaded","Coolheaded","Sweeping Beam","Compile Driver","Rip and Tear+1","FTL","Ball Lightning","Biased Cognition","Auto Shields","Electrodynamics"],"relics":["Cracked Core","Bottled Flame","WarpedTongs","Akabeko","Tiny House"],"acts_visited":["Exordium","TheCity"],"potions_floor_usage":[1,6,18,21],"damage_taken":[{"damage":4,"enemies":"Jaw Worm","floor":1,"turns":3},{"damage":14,"enemies":"2 Louse","floor":2,"turns":3},{"damage":0,"enemies":"Cultist","floor":4,"turns":4},{"damage":26,"enemies":"Gremlin Nob","floor":6,"turns":4},{"damage":16,"enemies":"Lots of Slimes","floor":10,"turns":3},{"damage":0,"enemies":"Exordium Thugs","floor":12,"turns":2},{"damage":20,"enemies":"Hexaghost","floor":16,"turns":9},{"damage":19,"enemies":"Shell Parasite","floor":18,"turns":4},{"damage":26,"enemies":"3 Byrds","floor":19,"turns":4},{"damage":5,"enemies":"3 Cultists","floor":20,"turns":4},{"damage":21,"enemies":"Centurion and Healer","floor":21,"turns":4}],"seed_played":"6392223848214948013","potions_obtained":[{"floor":0,"key":"PowerPotion"},{"floor":0,"key":"FearPotion"},{"floor":0,"key":"SpeedPotion"},{"floor":2,"key":"GamblersBrew"},{"floor":4,"key":"LiquidMemories"},{"floor":16,"key":"AttackPotion"},{"floor":20,"key":"GamblersBrew"}],"is_trial":false,"path_per_floor":["M","M","?","M","?","E","?","R","T","M","$","M","R","$","R","B",null,"M","M","M","M"],"character_chosen":"DEFECT","items_purchased":["FTL"],"campfire_rested":2,"item_purchase_floors":[11],"current_hp_per_floor":[64,50,35,35,53,27,27,49,49,33,33,33,55,55,55,35,70,51,25,20,0,0],"gold":208,"neow_bonus":"THREE_SMALL_POTIONS","is_daily":false,"chose_seed":false,"campfire_upgraded":1,"win_rate":0.0,"timestamp":1613775249,"path_taken":["M","M","?","M","?","E","?","R","T","M","$","M","R","$","R","BOSS","M","?","M","M"],"items_purchased_type":["Card"],"build_version":"2020-12-22","purchased_purges":1,"victory":false,"max_hp_per_floor":[75,75,75,75,75,75,75,75,75,75,75,75,75,75,75,75,80,80,80,80,80,80],"relic_stats":{"counters":[11,44],"obtain_stats":[{"Bottled Flame":6,"Tiny House":17,"Cracked Core":0,"Akabeko":9,"WarpedTongs":7},{"Bottled Flame":4,"Tiny House":7,"Cracked Core":0,"Akabeko":4,"WarpedTongs":4},{"Bottled Flame":14,"Tiny House":28,"Cracked Core":0,"Akabeko":14,"WarpedTongs":14}],"WarpedTongs":[30]},"card_choices":[{"not_picked":["Rebound","Scrape"],"picked":"Coolheaded","floor":1},{"not_picked":["Leap","Tempest"],"picked":"Coolheaded","floor":2},{"not_picked":["Beam Cell","Gash"],"picked":"Sweeping Beam","floor":4},{"not_picked":["Gash","Hologram"],"picked":"Compile Driver","floor":6},{"not_picked":["Sweeping Beam","Rebound"],"picked":"Rip and Tear","floor":10},{"not_picked":["Rebound","All For One"],"picked":"Ball Lightning","floor":12},{"not_picked":["Hyperbeam","Thunder Strike"],"picked":"Biased Cognition","floor":16},{"not_picked":["Stack","Redo","Static Discharge"],"picked":"SKIP","floor":18},{"not_picked":["Beam Cell","Streamline"],"picked":"Auto Shields","floor":19},{"not_picked":["BootSequence","Rip and Tear+1"],"picked":"Electrodynamics","floor":20}],"player_experience":702900,"relics_obtained":[{"floor":6,"key":"Bottled Flame"},{"floor":9,"key":"Akabeko"}],"event_choices":[{"damage_healed":0,"gold_gain":0,"player_choice":"Entered Light","damage_taken":15,"max_hp_gain":0,"max_hp_loss":0,"event_name":"Shining Light","floor":3,"gold_loss":0,"cards_upgraded":["Defend_B","Zap"]},{"damage_healed":18,"gold_gain":0,"player_choice":"Healed","damage_taken":0,"max_hp_gain":0,"max_hp_loss":0,"event_name":"The Cleric","floor":5,"gold_loss":35},{"damage_healed":0,"gold_gain":0,"player_choice":"Rummage","damage_taken":0,"relics_obtained":["WarpedTongs"],"max_hp_gain":0,"max_hp_loss":0,"event_name":"Accursed Blacksmith","floor":7,"gold_loss":0,"cards_obtained":["Pain"]}],"is_beta":false,"boss_relics":[{"not_picked":["Busted Crown","Sozu"],"picked":"Tiny House"}],"items_purged_floors":[11],"is_endless":false,"potions_floor_spawned":[2,4,16,20],"killed_by":"Centurion and Healer","ascension_level":8}}