{"host":"l7l2v2zs4hqku4vk","time":1613703707,"event":{"mods":["Act Like it!","BaseMod","Colored Powertips","Downfall","Highlight Path","Minty Spire (QoL Compilation)","Replay The Spire","StSLib","TestMod","The Servant 0.9.4","óô»ðÖ¸ÄÏ"],"gold_per_floor":[113,163,178,52,70,70,100,100,124,124,124],"floor_reached":10,"language":"ZHS","playtime":625,"items_purged":["Strike_G"],"score":132,"play_id":"1a1cc001-ffaf-4bcc-ade7-97817e0d4ca1","local_time":"20210219110147","is_ascension_mode":true,"campfire_choices":[{"data":"Accuracy","floor":6,"key":"SMITH"},{"data":"ReplayTheSpireMod:Private Reserves","floor":8,"key":"SMITH"}],"circlet_count":0,"master_deck":["AscendersBane","Strike_G","Strike_G","Strike_G","Strike_G","Defend_G","Defend_G","Defend_G","Defend_G","Defend_G","Survivor","Neutralize","ReplayTheSpireMod:Private Reserves+1","Hidden Blade","Deadly Poison","Accuracy+1","Acrobatics"],"relics":["Ring of the Snake","testmod-TestBox","testmod-Mahjong","Gremlin Food","Potion Belt"],"acts_visited":["Exordium"],"potions_floor_usage":[7],"damage_taken":[{"damage":0,"enemies":"2 Louse","floor":1,"turns":4},{"damage":0,"enemies":"Cultist","floor":3,"turns":4},{"damage":4,"enemies":"Jaw Worm","floor":5,"turns":5},{"damage":30,"enemies":"Lagavulin","floor":7,"turns":9},{"damage":64,"enemies":"Gremlin Nob","floor":10,"turns":4}],"seed_played":"3547564212113064574","potions_obtained":[{"floor":1,"key":"Adrenaline Potion"},{"floor":7,"key":"SpeedPotion"}],"is_trial":false,"path_per_floor":["M","?","M","$","M","R","E","R","T","E"],"character_chosen":"THE_SILENT","items_purchased":["Deadly Poison"],"campfire_rested":0,"item_purchase_floors":[4],"current_hp_per_floor":[59,59,59,59,55,55,40,40,40,0,0],"gold":124,"neow_bonus":"RANDOM_COLORLESS","is_daily":false,"chose_seed":false,"campfire_upgraded":2,"win_rate":0.0,"timestamp":1613703707,"path_taken":["M","?","M","$","M","R","E","R","T","E"],"items_purchased_type":["Card"],"build_version":"2020-12-22","purchased_purges":1,"victory":false,"max_hp_per_floor":[66,66,66,66,66,66,66,66,66,66,66],"card_choices":[{"not_picked":["Purity","Finesse"],"picked":"ReplayTheSpireMod:Private Reserves","floor":0},{"not_picked":["Acrobatics","Underhanded Strike"],"picked":"Hidden Blade","floor":1},{"not_picked":["Dagger Throw","Dagger Spray","Flechettes"],"picked":"SKIP","floor":3},{"not_picked":["Deadly Poison","ReplayTheSpireMod:Scrap Shanks"],"picked":"Accuracy","floor":5},{"not_picked":["Crippling Poison","Caltrops"],"picked":"Acrobatics","floor":7}],"player_experience":1822934,"relics_obtained":[{"floor":7,"key":"Gremlin Food"},{"floor":9,"key":"Potion Belt"}],"event_choices":[{"damage_healed":0,"gold_gain":50,"player_choice":"Pray","damage_taken":0,"max_hp_gain":0,"max_hp_loss":0,"event_name":"Golden Shrine","floor":2,"gold_loss":0}],"is_beta":false,"boss_relics":[],"items_purged_floors":[4],"is_endless":false,"potions_floor_spawned":[1,7],"killed_by":"Gremlin Nob","ascension_level":20}}