{"host":"eutfwpehtd75iaf6","time":1613700281,"event":{"mods":["BaseMod","Colored Map","Marisa????????","Minty Spire (QoL Compilation)","StSLib"],"gold_per_floor":[109,125,75,75,88,123,44,55,55,67,90,131,143,155,167,300,312,363,420,474,113,128,206,206,270,270,309,309,162,162,261,261,417,417,521,521,584,584,335,386,405,405,428,279,295,674,1007,1055,1055,1055,1055,1055,265,300,300,300],"floor_reached":55,"language":"ENG","playtime":5693,"items_purged":[],"score":821,"play_id":"dff239cf-6f14-491c-bdc4-b013ac7b898f","local_time":"20210218210441","is_ascension_mode":false,"campfire_choices":[{"data":"MysteriousBeam","floor":10,"key":"SMITH"},{"floor":15,"key":"REST"},{"floor":28,"key":"REST"},{"data":"EarthLightRay","floor":30,"key":"SMITH"},{"data":"AsteroidBelt","floor":32,"key":"SMITH"},{"floor":42,"key":"RECALL"},{"floor":49,"key":"REST"},{"data":"EnergyRecoil","floor":52,"key":"SMITH"}],"circlet_count":0,"master_deck":["Defend_MRS","Defend_MRS+1","Defend_MRS","MasterSpark+1","UpSweep","PowerUp","AsteroidBelt+1","OrrerysSun","GalacticHalo","SprinkleStarSeal","MysteriousBeam+1","Robbery+1","PulseMagic","MillisecondPulsars+1","DragonMeteor+1","Singularity+1","DarkMatter+1","DC+1","EnergyRecoil+1","EarthLightRay+1","MagicChant+1","ChargingUp+1","Orbital","UltimateShortwave","Master of Strategy","EarthLightRay","OortCloud","PropBag+1","EnergyFlow","Alpha"],"relics":["MiniHakkero","NeowsBlessing","Juzu Bracelet","MawBank","Eternal Feather","Astrolabe","Vajra","Sling","Whetstone","Bottled Tornado","Art of War","War Paint","ExperimentalFamiliar","Calipers","Bottled Lightning","Omamori","Lantern","Nunchaku","CatCart","HornCleat","Shuriken","PrismaticShard","Orichalcum","Ornamental Fan"],"acts_visited":["Exordium","TheCity","TheBeyond","TheEnding"],"potions_floor_usage":[6,6,12,12,20,20,27,46,48,54,55,55],"damage_taken":[{"damage":0,"enemies":"Cultist","floor":1,"turns":1},{"damage":0,"enemies":"Small Slimes","floor":2,"turns":1},{"damage":0,"enemies":"2 Louse","floor":5,"turns":1},{"damage":0,"enemies":"Gremlin Nob","floor":6,"turns":3},{"damage":7,"enemies":"Large Slime","floor":8,"turns":7},{"damage":3,"enemies":"Blue Slaver","floor":11,"turns":4},{"damage":19,"enemies":"Lagavulin","floor":12,"turns":6},{"damage":12,"enemies":"The Guardian","floor":16,"turns":8},{"damage":17,"enemies":"Spheric Guardian","floor":18,"turns":5},{"damage":16,"enemies":"3 Byrds","floor":19,"turns":7},{"damage":21,"enemies":"Snecko","floor":20,"turns":6},{"damage":0,"enemies":"Sentry and Sphere","floor":22,"turns":1},{"damage":1,"enemies":"Gremlin Leader","floor":23,"turns":7},{"damage":8,"enemies":"Centurion and Healer","floor":25,"turns":5},{"damage":16,"enemies":"Book of Stabbing","floor":27,"turns":5},{"damage":39,"enemies":"Champ","floor":33,"turns":11},{"damage":15,"enemies":"Orb Walker","floor":35,"turns":3},{"damage":7,"enemies":"Mind Bloom Boss Battle","floor":37,"turns":5},{"damage":9,"enemies":"Reptomancer","floor":40,"turns":5},{"damage":3,"enemies":"3 Shapes","floor":41,"turns":3},{"damage":0,"enemies":"Maw","floor":45,"turns":4},{"damage":10,"enemies":"Nemesis","floor":46,"turns":5},{"damage":34,"enemies":"Orin","floor":48,"turns":6},{"damage":17,"enemies":"Time Eater","floor":50,"turns":8},{"damage":14,"enemies":"Shield and Spear","floor":54,"turns":4},{"damage":116,"enemies":"The Heart","floor":55,"turns":11}],"seed_played":"2297389650906722128","potions_obtained":[{"floor":1,"key":"DuplicationPotion"},{"floor":5,"key":"LiquidMemories"},{"floor":6,"key":"ColorlessPotion"},{"floor":8,"key":"FearPotion"},{"floor":12,"key":"ShroomBrew"},{"floor":16,"key":"FearPotion"},{"floor":19,"key":"AttackPotion"},{"floor":23,"key":"BlessingOfTheForge"},{"floor":33,"key":"EssenceOfSteel"},{"floor":35,"key":"Block Potion"},{"floor":37,"key":"LiquidBronze"}],"is_trial":false,"path_per_floor":["M","M","?","?","M","E","$","M","T","R","M","E","?","?","R","B",null,"M","M","M","$","M","E","?","M","T","E","R","$","R","?","R","B",null,"M","?","?","?","$","E","M","R","T","$","M","E","?","?","R","B",null,"R","$","E","B"],"character_chosen":"MARISA","items_purchased":["SprinkleStarSeal","Vajra","EarthLightRay","Sling","War Paint","Bottled Lightning","Lantern","HornCleat","Shuriken","PrismaticShard","EnergyFlow","AttackPotion","Energy Potion"],"campfire_rested":3,"item_purchase_floors":[7,21,21,21,29,39,44,53,53,53,53,53,53],"current_hp_per_floor":[75,75,75,80,80,80,80,73,73,73,70,51,31,31,64,52,80,63,47,26,26,26,29,29,25,25,13,49,49,61,61,73,40,80,65,65,64,64,64,65,62,77,77,77,80,70,70,46,80,73,80,80,80,76,0,0],"gold":300,"neow_bonus":"THREE_ENEMY_KILL","is_daily":false,"chose_seed":false,"campfire_upgraded":4,"win_rate":0.0,"timestamp":1613700281,"path_taken":["M","M","?","?","M","E","$","M","T","R","M","E","?","?","R","BOSS","M","M","M","?","M","E","?","M","T","E","R","$","R","?","R","BOSS","M","?","?","?","$","E","M","R","T","?","M","E","?","?","R","BOSS","R","$","E","BOSS"],"items_purchased_type":["Card","Relic","Card","Relic","Relic","Relic","Relic","Relic","Relic","Relic","Card","Potion","Potion"],"build_version":"2020-12-22","purchased_purges":0,"victory":false,"max_hp_per_floor":[75,75,75,80,80,80,80,80,80,80,80,80,80,80,80,80,80,80,80,80,80,80,80,80,80,80,80,80,80,80,80,80,80,80,80,80,80,80,80,80,80,80,80,80,80,80,80,80,80,80,80,80,80,80,80,80],"card_choices":[{"not_picked":["MachineGunSpark","PulseMagic"],"picked":"PowerUp","floor":1},{"not_picked":["UnstableBomb","PropBag"],"picked":"AsteroidBelt","floor":2},{"not_picked":["ShootingEcho","ManaConvection"],"picked":"OrrerysSun","floor":5},{"not_picked":["WitchOfGreed","EnergyRecoil"],"picked":"GalacticHalo","floor":6},{"not_picked":["SporeBomb","MilkyWay"],"picked":"MysteriousBeam","floor":8},{"not_picked":["GalacticHalo","PowerUp"],"picked":"Robbery","floor":11},{"not_picked":["AsteroidBelt","WitchLeyline"],"picked":"PulseMagic","floor":12},{"not_picked":["MaximisePower","TreasureHunter"],"picked":"MillisecondPulsars","floor":16},{"not_picked":["Acceleration+1","NonDirectionalLaser"],"picked":"DC+1","floor":18},{"not_picked":["GrandCross","DarkSpark","MysteriousBeam"],"picked":"SKIP","floor":19},{"not_picked":["StarBarrage","GravityBeat"],"picked":"EnergyRecoil","floor":20},{"not_picked":["GrandCross","StarBarrage"],"picked":"MagicChant","floor":22},{"not_picked":["MysteriousBeam+1","LuminesStrike"],"picked":"ChargingUp+1","floor":23},{"not_picked":["DeepEcoloBomb","WitchOfGreed","AlicesGift"],"picked":"SKIP","floor":25},{"not_picked":["LuminesStrike","DC+1"],"picked":"Orbital","floor":27},{"not_picked":["AbsoluteMagnitude","EscapeVelocity"],"picked":"UltimateShortwave","floor":33},{"not_picked":["Orbital+1","GalacticHalo+1","UnstableBomb"],"picked":"SKIP","floor":35},{"not_picked":["HandOfGreed","Secret Weapon"],"picked":"Master of Strategy","floor":36},{"not_picked":["MilkyWay","IllusionStar"],"picked":"EarthLightRay","floor":37},{"not_picked":["OpenUniverse+1","UnstableBomb","6A+1"],"picked":"SKIP","floor":40},{"not_picked":["StarlightTyphoon","FairyDestructionRay+1","GalacticHalo"],"picked":"SKIP","floor":41},{"not_picked":["DarkMatter+1","GrandCross","DoubleSpark+1"],"picked":"SKIP","floor":45},{"not_picked":["PowerUp","MilkyWay"],"picked":"OortCloud","floor":46},{"not_picked":["MysteriousBeam+1","Occultation"],"picked":"PropBag+1","floor":48},{"not_picked":["Weave","Protect"],"picked":"Alpha","floor":54}],"player_experience":122484,"relics_obtained":[{"floor":6,"key":"Juzu Bracelet"},{"floor":9,"key":"MawBank"},{"floor":12,"key":"Eternal Feather"},{"floor":23,"key":"Whetstone"},{"floor":26,"key":"Bottled Tornado"},{"floor":27,"key":"Art of War"},{"floor":37,"key":"Calipers"},{"floor":40,"key":"Omamori"},{"floor":46,"key":"Nunchaku"},{"floor":48,"key":"CatCart"},{"floor":54,"key":"Orichalcum"}],"event_choices":[{"cards_removed":["Strike_MRS"],"damage_healed":0,"gold_gain":0,"player_choice":"Card Removal","damage_taken":0,"max_hp_gain":0,"max_hp_loss":0,"event_name":"The Cleric","floor":3,"gold_loss":50},{"damage_healed":0,"gold_gain":0,"player_choice":"Donut","damage_taken":0,"max_hp_gain":5,"max_hp_loss":0,"event_name":"Big Fish","floor":4,"gold_loss":0},{"damage_healed":0,"gold_gain":0,"player_choice":"Take Damage","damage_taken":20,"relics_obtained":["Golden Idol"],"max_hp_gain":0,"max_hp_loss":0,"event_name":"Golden Idol","floor":13,"gold_loss":0},{"cards_removed":["Strike_MRS"],"damage_healed":0,"gold_gain":0,"player_choice":"Purged","damage_taken":0,"max_hp_gain":0,"max_hp_loss":0,"event_name":"Purifier","floor":14,"gold_loss":0},{"damage_healed":0,"gold_gain":0,"player_choice":"Upgraded","damage_taken":0,"max_hp_gain":0,"max_hp_loss":0,"event_name":"Upgrade Shrine","floor":24,"gold_loss":0,"cards_upgraded":["MillisecondPulsars"]},{"damage_healed":0,"gold_gain":99,"player_choice":"Stole From Cult","damage_taken":0,"max_hp_gain":0,"max_hp_loss":0,"event_name":"Nest","floor":31,"gold_loss":0},{"damage_healed":0,"gold_gain":0,"player_choice":"Memory 1","damage_taken":0,"max_hp_gain":0,"max_hp_loss":0,"event_name":"SensoryStone","floor":36,"gold_loss":0},{"damage_healed":0,"gold_gain":0,"player_choice":"Fight","damage_taken":0,"max_hp_gain":0,"max_hp_loss":0,"event_name":"MindBloom","floor":37,"gold_loss":0},{"damage_healed":0,"gold_gain":0,"player_choice":"Ignored","damage_taken":0,"max_hp_gain":0,"max_hp_loss":0,"event_name":"Tomb of Lord Red Mask","floor":38,"gold_loss":0},{"damage_healed":0,"gold_gain":333,"player_choice":"Gave Idol","damage_taken":0,"max_hp_gain":0,"max_hp_loss":0,"event_name":"The Moai Head","floor":47,"relics_lost":["Golden Idol"],"gold_loss":0},{"damage_healed":0,"gold_gain":0,"player_choice":"Fight","damage_taken":0,"max_hp_gain":0,"max_hp_loss":0,"event_name":"OrinTheCat","floor":48,"gold_loss":0}],"is_beta":false,"boss_relics":[{"not_picked":["Runic Pyramid","Philosopher\u0027s Stone"],"picked":"Astrolabe"},{"not_picked":["Velvet Choker","Runic Dome"],"picked":"ExperimentalFamiliar"}],"items_purged_floors":[],"is_endless":false,"potions_floor_spawned":[1,5,6,8,12,16,19,23,33,35,37,45],"killed_by":"The Heart","ascension_level":0}}