{"host":"ws4mzzemcqsz5e2k","time":1613744690,"event":{"mods":["Act Like it!","BaseMod","Colored Powertips","Hermit","Minty Spire (QoL Compilation)","Quick Restart","Relic Filter Mod","StSLib"],"gold_per_floor":[114,124,124,140,155,155,155],"floor_reached":6,"language":"ZHS","playtime":409,"items_purged":[],"score":176,"play_id":"0a2a70af-4071-4718-83dc-eaeda019a999","local_time":"20210219222450","daily_mods":["Heirloom","Uncertain Future"],"is_ascension_mode":true,"campfire_choices":[],"circlet_count":0,"master_deck":["AscendersBane","hermit:Strike_Hermit","hermit:Strike_Hermit","hermit:Strike_Hermit","hermit:Strike_Hermit","hermit:Defend_Hermit","hermit:Defend_Hermit","hermit:Defend_Hermit","hermit:Defend_Hermit","hermit:Snapshot","hermit:Covet","hermit:Maintenance","hermit:Coalescence","hermit:FlashPowder"],"relics":["hermit:Momento","Ice Cream"],"acts_visited":["Exordium"],"potions_floor_usage":[5,6],"damage_taken":[{"damage":10.0,"enemies":"Small Slimes","floor":1.0,"turns":3.0},{"damage":4.0,"enemies":"2 Louse","floor":2.0,"turns":3.0},{"damage":8.0,"enemies":"Cultist","floor":4.0,"turns":5.0},{"damage":20,"enemies":"Gremlin Gang","floor":5,"turns":7},{"damage":70,"enemies":"Gremlin Nob","floor":6,"turns":4}],"seed_played":"-2078661220525444739","potions_obtained":[{"floor":1.0,"key":"Regen Potion"},{"floor":4.0,"key":"Fire Potion"},{"floor":5,"key":"SneckoOil"}],"is_trial":true,"path_per_floor":["M","M","?","M","M","E"],"character_chosen":"HERMIT","items_purchased":[],"campfire_rested":0,"item_purchase_floors":[],"current_hp_per_floor":[54,50,55,61,41,0,0],"gold":155,"neow_bonus":"","is_daily":false,"chose_seed":false,"campfire_upgraded":0,"win_rate":0.0,"timestamp":1613744690,"path_taken":["M","M","?","M","M","E"],"items_purchased_type":[],"build_version":"2020-12-22","purchased_purges":0,"victory":false,"max_hp_per_floor":[71,71,76,76,76,76,76],"card_choices":[{"not_picked":["hermit:TakeCover","hermit:BodyArmor","hermit:Feint"],"picked":"SKIP","floor":1.0},{"not_picked":["hermit:Coalescence","hermit:HighCaliber"],"picked":"hermit:Maintenance","floor":2.0},{"not_picked":["hermit:Desperado","hermit:Vantage"],"picked":"hermit:Coalescence","floor":4.0},{"not_picked":["hermit:ShadowCloak","hermit:Combo"],"picked":"hermit:FlashPowder","floor":5}],"player_experience":1598505,"relics_obtained":[],"event_choices":[{"damage_healed":0.0,"max_hp_gain":5.0,"max_hp_loss":0.0,"gold_gain":0.0,"event_name":"Big Fish","player_choice":"Donut","floor":3.0,"gold_loss":0.0,"damage_taken":0.0}],"is_beta":false,"boss_relics":[],"items_purged_floors":[],"is_endless":true,"potions_floor_spawned":[1,4,5],"killed_by":"Gremlin Nob","ascension_level":20}}