{"host":"1focbxb2e8qu7ccd","time":1613774670,"event":{"mods":["AchievementEnabler","BaseMod","Bestiary","Highlight Path","Minty Spire (QoL Compilation)","Relic Stats"],"gold_per_floor":[113,125,125,143,143,143,176,176,228,238,238,253,285,30,30,109,109,123,135,135,145,157,157,187,237,261,303,412,412,19,37,37,37,37],"floor_reached":33,"language":"ENG","playtime":1817,"items_purged":[],"score":686,"play_id":"d43a7dc2-321a-4ee8-9bf4-7a2d2c59acb4","local_time":"20210219174430","is_ascension_mode":true,"campfire_choices":[{"data":"Dagger Spray","floor":6.0,"key":"SMITH"},{"data":"Poisoned Stab","floor":8.0,"key":"SMITH"},{"data":"Catalyst","floor":11.0,"key":"SMITH"},{"data":"Glass Knife","floor":15.0,"key":"SMITH"},{"data":"Burst","floor":23.0,"key":"SMITH"},{"floor":29,"key":"RECALL"},{"data":"Dark Shackles","floor":32,"key":"SMITH"}],"circlet_count":0,"master_deck":["AscendersBane","Strike_G","Strike_G","Strike_G","Defend_G","Defend_G","Defend_G","Defend_G","Defend_G","Survivor","Neutralize","Dark Shackles+1","Poisoned Stab+1","Catalyst+1","Dagger Spray+1","Flying Knee","Dagger Throw","Glass Knife+1","Burst+1","Dodge and Roll","Backflip+1","Well Laid Plans+1","Leg Sweep+1","Predator","Infinite Blades"],"relics":["Ring of the Snake","PreservedInsect","Toy Ornithopter","Regal Pillow","TwistedFunnel","Coffee Dripper","CultistMask","Toxic Egg 2","CeramicFish","CaptainsWheel","White Beast Statue","HornCleat"],"acts_visited":["Exordium","TheCity"],"potions_floor_usage":[33],"damage_taken":[{"damage":0.0,"enemies":"Small Slimes","floor":1.0,"turns":4.0},{"damage":1.0,"enemies":"Cultist","floor":2.0,"turns":4.0},{"damage":4.0,"enemies":"Jaw Worm","floor":4.0,"turns":5.0},{"damage":10.0,"enemies":"Lagavulin","floor":7.0,"turns":7.0},{"damage":0.0,"enemies":"Large Slime","floor":10.0,"turns":5.0},{"damage":0.0,"enemies":"3 Louse","floor":12.0,"turns":3.0},{"damage":11.0,"enemies":"Gremlin Nob","floor":13.0,"turns":3.0},{"damage":0.0,"enemies":"Slime Boss","floor":16.0,"turns":6.0},{"damage":19.0,"enemies":"Spheric Guardian","floor":18.0,"turns":4.0},{"damage":12.0,"enemies":"Shell Parasite","floor":19.0,"turns":3.0},{"damage":0.0,"enemies":"Snake Plant","floor":21.0,"turns":2.0},{"damage":0.0,"enemies":"Cultist and Chosen","floor":22.0,"turns":4.0},{"damage":14.0,"enemies":"Book of Stabbing","floor":24.0,"turns":2.0},{"damage":21.0,"enemies":"Slavers","floor":27.0,"turns":5.0},{"damage":0.0,"enemies":"Colosseum Slavers","floor":28.0,"turns":4.0},{"damage":0.0,"enemies":"Colosseum Nobs","floor":28.0,"turns":3.0},{"damage":42,"enemies":"Champ","floor":33,"turns":13}],"seed_played":"-1437943510108156486","potions_obtained":[{"floor":2.0,"key":"CunningPotion"},{"floor":4.0,"key":"FearPotion"},{"floor":5.0,"key":"CultistPotion"},{"floor":12.0,"key":"SteroidPotion"},{"floor":13.0,"key":"Strength Potion"},{"floor":22.0,"key":"SmokeBomb"},{"floor":28,"key":"FairyPotion"}],"is_trial":false,"path_per_floor":["M","M","?","M","?","R","E","R","T","M","R","M","E","$","R","B",null,"M","M","?","M","M","R","E","?","T","E","?","R","$","?","R","B"],"character_chosen":"THE_SILENT","items_purchased":["TwistedFunnel","Glass Knife","HornCleat","Leg Sweep+1","Strength Potion"],"campfire_rested":0,"item_purchase_floors":[14,14,30,30,30],"current_hp_per_floor":[59,58,63,59,59,59,49,49,49,49,49,49,38,38,38,43,64,45,33,33,33,33,33,19,19,19,3,3,3,3,3,3,0,0],"gold":37,"neow_bonus":"RANDOM_COLORLESS","is_daily":false,"chose_seed":false,"campfire_upgraded":6,"win_rate":0.0,"timestamp":1613774670,"path_taken":["M","M","?","M","?","R","E","R","T","?","R","M","E","$","R","BOSS","M","M","?","M","?","R","E","?","T","E","?","R","$","?","R","BOSS"],"items_purchased_type":["Relic","Card","Relic","Card","Potion"],"build_version":"2020-12-22","purchased_purges":0,"victory":false,"max_hp_per_floor":[66,66,71,71,71,71,71,71,71,71,71,71,71,71,71,71,71,71,71,71,71,71,71,71,71,71,71,71,71,71,71,71,71,71],"relic_stats":{"Regal Pillow":0,"counters":[17,77],"CeramicFish":45,"PreservedInsect":143,"obtain_stats":[{"TwistedFunnel":14,"Regal Pillow":13,"CaptainsWheel":28,"HornCleat":30,"CeramicFish":27,"PreservedInsect":7,"CultistMask":20,"Coffee Dripper":17,"Toxic Egg 2":24,"Toy Ornithopter":9,"White Beast Statue":28,"Ring of the Snake":0},{"TwistedFunnel":7,"Regal Pillow":7,"CaptainsWheel":16,"HornCleat":16,"CeramicFish":14,"PreservedInsect":4,"CultistMask":10,"Coffee Dripper":8,"Toxic Egg 2":13,"Toy Ornithopter":4,"White Beast Statue":16,"Ring of the Snake":0},{"TwistedFunnel":31,"Regal Pillow":31,"CaptainsWheel":64,"HornCleat":64,"CeramicFish":57,"PreservedInsect":20,"CultistMask":44,"Coffee Dripper":37,"Toxic Egg 2":52,"Toy Ornithopter":20,"White Beast Statue":64,"Ring of the Snake":0}],"Toy Ornithopter":15,"Ring of the Snake":[34]},"card_choices":[{"not_picked":["Purity","Enlightenment"],"picked":"Dark Shackles","floor":0.0},{"not_picked":["Heel Hook","Slice"],"picked":"Poisoned Stab","floor":1.0},{"not_picked":["Outmaneuver","All Out Attack"],"picked":"Catalyst","floor":2.0},{"not_picked":["Flechettes","Quick Slash"],"picked":"Dagger Spray","floor":4.0},{"not_picked":["Prepared","Skewer","Underhanded Strike"],"picked":"SKIP","floor":7.0},{"not_picked":["Outmaneuver","Escape Plan"],"picked":"Flying Knee","floor":10.0},{"not_picked":["Outmaneuver","Predator"],"picked":"Dagger Throw","floor":12.0},{"not_picked":["Flying Knee","Concentrate","Prepared"],"picked":"SKIP","floor":13.0},{"not_picked":["Unload","Storm of Steel"],"picked":"Burst","floor":16.0},{"not_picked":["Masterful Stab","Quick Slash","Dagger Spray"],"picked":"SKIP","floor":18.0},{"not_picked":["Masterful Stab+1","Flying Knee","Prepared"],"picked":"SKIP","floor":19.0},{"not_picked":["Underhanded Strike","Dagger Spray"],"picked":"Dodge and Roll","floor":21.0},{"not_picked":["Riddle With Holes","Dagger Spray","Quick Slash"],"picked":"SKIP","floor":22.0},{"not_picked":["Riddle With Holes","Dagger Spray","Quick Slash"],"picked":"SKIP","floor":22.0},{"not_picked":["Underhanded Strike","Riddle With Holes","Skewer"],"picked":"SKIP","floor":24.0},{"not_picked":["Dagger Spray","After Image"],"picked":"Backflip+1","floor":27.0},{"not_picked":["Bane+1","Accuracy"],"picked":"Well Laid Plans+1","floor":28}],"player_experience":1031461,"relics_obtained":[{"floor":7.0,"key":"PreservedInsect"},{"floor":9.0,"key":"Toy Ornithopter"},{"floor":13.0,"key":"Regal Pillow"},{"floor":24.0,"key":"Toxic Egg 2"},{"floor":27.0,"key":"CeramicFish"},{"floor":28,"key":"CaptainsWheel"},{"floor":28,"key":"White Beast Statue"}],"event_choices":[{"damage_healed":0.0,"max_hp_gain":5.0,"max_hp_loss":0.0,"gold_gain":0.0,"event_name":"Big Fish","player_choice":"Donut","floor":3.0,"gold_loss":0.0,"damage_taken":0.0},{"damage_healed":0.0,"max_hp_gain":0.0,"max_hp_loss":0.0,"gold_gain":0.0,"event_name":"Lab","player_choice":"Got Potions","floor":5.0,"gold_loss":0.0,"damage_taken":0.0},{"damage_healed":0.0,"max_hp_gain":0.0,"max_hp_loss":0.0,"gold_gain":0.0,"event_name":"FaceTrader","player_choice":"Trade","floor":20.0,"gold_loss":0.0,"damage_taken":0.0,"relics_obtained":["CultistMask"]},{"damage_healed":0.0,"max_hp_gain":0.0,"max_hp_loss":0.0,"gold_gain":50.0,"event_name":"Nest","player_choice":"Stole From Cult","floor":25.0,"gold_loss":0.0,"damage_taken":0.0},{"damage_healed":0.0,"max_hp_gain":0.0,"max_hp_loss":0.0,"gold_gain":0.0,"event_name":"Colosseum","player_choice":"Fight","floor":28.0,"gold_loss":0.0,"damage_taken":0.0},{"damage_healed":0.0,"max_hp_gain":0.0,"max_hp_loss":0.0,"gold_gain":0.0,"event_name":"Colosseum","player_choice":"Fought Nobs","floor":28.0,"gold_loss":0.0,"damage_taken":0.0},{"damage_healed":0,"gold_gain":0,"cards_transformed":["Strike_G","Strike_G"],"player_choice":"Became Test Subject","damage_taken":0,"max_hp_gain":0,"max_hp_loss":0,"event_name":"Drug Dealer","floor":31,"gold_loss":0,"cards_obtained":["Predator","Infinite Blades"]}],"is_beta":false,"boss_relics":[{"not_picked":["SacredBark","Ectoplasm"],"picked":"Coffee Dripper"}],"items_purged_floors":[],"is_endless":false,"potions_floor_spawned":[2,4,12,13,22,28,28],"killed_by":"Champ","ascension_level":20}}