{"host":"i45hfqkcke4zequp","time":1613743048,"event":{"mods":["AchievementEnabler","BaseMod","BetterRewards","Minty Spire (QoL Compilation)","Permanent Neow","Shop Mod","SuperFastMode"],"gold_per_floor":[113,113,132,132,97,130,130,142,142,217,242,253,253,269,269,347,347,360,200,218,231,250,250,267,267,267,267,283,316,331,431,431,508,508,520,536,536,70,90,121,121,121,170,27,60,78,54,54,54,54],"floor_reached":51,"language":"KOR","playtime":4214,"items_purged":[],"score":1225,"play_id":"111265d1-cbbb-4a9a-84eb-79210775dc1c","local_time":"20210219225728","is_ascension_mode":true,"campfire_choices":[{"floor":7.0,"key":"REST"},{"floor":15.0,"key":"REST"},{"floor":23.0,"key":"REST"},{"floor":27.0,"key":"REST"},{"data":"Aggregate","floor":32.0,"key":"SMITH"},{"data":"1","floor":41,"key":"LIFT"},{"data":"2","floor":49,"key":"LIFT"}],"circlet_count":0,"master_deck":["AscendersBane","Strike_B","Strike_B","Strike_B","Strike_B","Defend_B","Defend_B","Defend_B","Defend_B","Zap","Dualcast","Gash","Gash","FTL","Beam Cell","Hologram","Go for the Eyes","Steam Power","Echo Form","Blind","Sunder","Zap","Go for the Eyes","Hologram","Seek","Gash","Aggregate+1","Go for the Eyes","Static Discharge","White Noise","Self Repair","Undo+1","Necronomicurse","Aggregate","Meteor Strike","Gash","Conserve Battery+1","Amplify+1","Static Discharge","Hello World","Madness+1","Madness+1","Reboot+1","Stack+1","Steam Power+1","Reprogram+1","Force Field+1","Gash"],"relics":["Cracked Core","Ice Cream","Turnip","Anchor","CaptainsWheel","Mummified Hand","Oddly Smooth Stone","Necronomicon","Letter Opener","Girya","Unceasing Top","Toxic Egg 2","Fusion Hammer","MerchantsRug","Bird Faced Urn","Centennial Puzzle","Nunchaku","Lantern","Dream Catcher"],"acts_visited":["Exordium","TheCity","TheBeyond"],"potions_floor_usage":[40,45,50],"damage_taken":[{"damage":7.0,"enemies":"Jaw Worm","floor":1.0,"turns":3.0},{"damage":0.0,"enemies":"2 Louse","floor":3.0,"turns":2.0},{"damage":16.0,"enemies":"Gremlin Nob","floor":6.0,"turns":4.0},{"damage":0.0,"enemies":"Small Slimes","floor":8.0,"turns":2.0},{"damage":10.0,"enemies":"Lagavulin","floor":11.0,"turns":5.0},{"damage":0.0,"enemies":"3 Louse","floor":12.0,"turns":3.0},{"damage":0.0,"enemies":"Red Slaver","floor":14.0,"turns":3.0},{"damage":36.0,"enemies":"Hexaghost","floor":16.0,"turns":8.0},{"damage":5.0,"enemies":"Spheric Guardian","floor":18.0,"turns":3.0},{"damage":10.0,"enemies":"Shell Parasite","floor":20.0,"turns":4.0},{"damage":35.0,"enemies":"3 Cultists","floor":21.0,"turns":5.0},{"damage":12.0,"enemies":"Snake Plant","floor":22.0,"turns":5.0},{"damage":15.0,"enemies":"Centurion and Healer","floor":24.0,"turns":6.0},{"damage":13.0,"enemies":"Snecko","floor":28.0,"turns":6.0},{"damage":24.0,"enemies":"Slavers","floor":29.0,"turns":6.0},{"damage":0.0,"enemies":"3 Cultists","floor":30.0,"turns":4.0},{"damage":22.0,"enemies":"Colosseum Slavers","floor":31.0,"turns":7.0},{"damage":13.0,"enemies":"Colosseum Nobs","floor":31.0,"turns":6.0},{"damage":64.0,"enemies":"Automaton","floor":33.0,"turns":8.0},{"damage":9.0,"enemies":"3 Shapes","floor":35.0,"turns":5.0},{"damage":0.0,"enemies":"Orb Walker","floor":36.0,"turns":4.0},{"damage":0,"enemies":"Maw","floor":39,"turns":5},{"damage":40,"enemies":"Reptomancer","floor":40,"turns":5},{"damage":41,"enemies":"Nemesis","floor":45,"turns":7},{"damage":0,"enemies":"Jaw Worm Horde","floor":46,"turns":3},{"damage":4,"enemies":"Awakened One","floor":50,"turns":8}],"seed_played":"2292566983691907820","potions_obtained":[{"floor":1.0,"key":"SpeedPotion"},{"floor":3.0,"key":"SkillPotion"},{"floor":8.0,"key":"BlessingOfTheForge"},{"floor":12.0,"key":"CultistPotion"},{"floor":31.0,"key":"FairyPotion"},{"floor":35.0,"key":"Regen Potion"},{"floor":36.0,"key":"ColorlessPotion"},{"floor":45,"key":"Strength Potion"}],"is_trial":false,"path_per_floor":["M","?","M","?","?","E","R","M","T","?","E","M","?","M","R","B",null,"M","$","M","M","M","R","M","?","T","R","M","E","M","?","R","B",null,"M","M","?","$","M","E","R","?","T","$","E","M","$","?","R","B",null],"character_chosen":"DEFECT","items_purchased":["Gash","Aggregate","Go for the Eyes","Static Discharge","MerchantsRug","Bird Faced Urn","Reboot+1","Lantern","Gash"],"campfire_rested":4,"item_purchase_floors":[0,19,19,19,38,38,38,44,47],"current_hp_per_floor":[45,45,45,45,63,47,69,69,69,58,48,48,48,48,70,34,65,60,60,50,15,10,32,31,15,15,37,45,28,42,56,56,29,64,62,75,66,66,75,57,57,57,57,57,69,75,75,75,75,75],"gold":54,"neow_bonus":"","is_daily":false,"chose_seed":false,"campfire_upgraded":1,"win_rate":0.0,"timestamp":1613743048,"path_taken":["M","?","M","?","?","E","R","M","T","?","E","M","?","?","R","BOSS","M","$","M","M","M","R","M","?","T","R","M","E","M","?","R","BOSS","M","M","?","$","M","E","R","?","T","$","E","?","?","?","R","BOSS"],"items_purchased_type":["Card","Card","Card","Card","Relic","Relic","Card","Relic","Card"],"build_version":"2020-12-22","purchased_purges":0,"victory":true,"max_hp_per_floor":[75,75,75,75,75,75,75,75,75,75,75,75,75,75,75,75,75,75,75,75,75,75,75,75,75,75,75,75,75,75,75,75,75,75,75,75,75,75,75,75,75,75,75,75,75,75,75,75,75,75],"card_choices":[{"not_picked":["BootSequence","Auto Shields"],"picked":"Gash","floor":1.0},{"not_picked":["Ball Lightning","Auto Shields"],"picked":"FTL","floor":3.0},{"not_picked":["Blizzard","Amplify"],"picked":"Beam Cell","floor":6.0},{"not_picked":["Capacitor","BootSequence"],"picked":"Hologram","floor":8.0},{"not_picked":["Streamline","Storm"],"picked":"Go for the Eyes","floor":11.0},{"not_picked":["Force Field","Barrage"],"picked":"Steam Power","floor":12.0},{"not_picked":["Coolheaded","Tempest"],"picked":"Hologram","floor":14.0},{"not_picked":["Hyperbeam","Multi-Cast"],"picked":"Seek","floor":16.0},{"not_picked":["Leap","Compile Driver"],"picked":"Gash","floor":18.0},{"not_picked":["Ball Lightning","Steam"],"picked":"White Noise","floor":20.0},{"not_picked":["Stack","Beam Cell"],"picked":"Self Repair","floor":21.0},{"not_picked":["Gash","Chaos"],"picked":"Undo+1","floor":22.0},{"not_picked":["Sunder","Hello World"],"picked":"Self Repair","floor":24.0},{"not_picked":["Reinforced Body","Rebound"],"picked":"Aggregate","floor":28.0},{"not_picked":["Sunder+1","FTL+1"],"picked":"Meteor Strike","floor":29.0},{"not_picked":["Blizzard","Rip and Tear"],"picked":"Gash","floor":30.0},{"not_picked":["Streamline","Force Field+1"],"picked":"Conserve Battery+1","floor":31.0},{"not_picked":["Rainbow+1","Biased Cognition"],"picked":"Amplify+1","floor":33.0},{"not_picked":["Chill+1","Cold Snap"],"picked":"Static Discharge","floor":35.0},{"not_picked":["Coolheaded+1","Conserve Battery+1"],"picked":"Hello World","floor":36.0},{"not_picked":["Glacier+1","Static Discharge+1"],"picked":"Stack+1","floor":39},{"not_picked":["Go for the Eyes","Conserve Battery+1"],"picked":"Steam Power+1","floor":40},{"not_picked":["Streamline+1","Biased Cognition"],"picked":"Reprogram+1","floor":45},{"not_picked":["Compile Driver","Go for the Eyes+1"],"picked":"Force Field+1","floor":46}],"player_experience":565340,"relics_obtained":[{"floor":6.0,"key":"CaptainsWheel"},{"floor":9.0,"key":"Mummified Hand"},{"floor":11.0,"key":"Oddly Smooth Stone"},{"floor":25.0,"key":"Necronomicon"},{"floor":26.0,"key":"Letter Opener"},{"floor":29.0,"key":"Girya"},{"floor":31.0,"key":"Unceasing Top"},{"floor":31.0,"key":"Toxic Egg 2"},{"floor":40,"key":"Centennial Puzzle"},{"floor":43,"key":"Nunchaku"},{"floor":45,"key":"Dream Catcher"}],"event_choices":[{"damage_healed":0.0,"max_hp_gain":0.0,"max_hp_loss":0.0,"gold_gain":0.0,"event_name":"Big Fish","player_choice":"Box","floor":2.0,"gold_loss":0.0,"damage_taken":0.0,"relics_obtained":["Anchor"],"cards_obtained":["Regret"]},{"cards_removed":["Regret"],"damage_healed":0.0,"max_hp_gain":0.0,"max_hp_loss":0.0,"gold_gain":0.0,"event_name":"Living Wall","player_choice":"Forget","floor":4.0,"gold_loss":0.0,"damage_taken":0.0},{"damage_healed":18.0,"max_hp_gain":0.0,"max_hp_loss":0.0,"gold_gain":0.0,"event_name":"The Cleric","player_choice":"Healed","floor":5.0,"gold_loss":35.0,"damage_taken":0.0},{"damage_healed":0.0,"max_hp_gain":0.0,"max_hp_loss":0.0,"gold_gain":75.0,"event_name":"World of Goop","player_choice":"Gather Gold","floor":10.0,"gold_loss":0.0,"damage_taken":11.0},{"damage_healed":0.0,"max_hp_gain":0.0,"max_hp_loss":0.0,"gold_gain":0.0,"event_name":"Match and Keep!","player_choice":"5 cards matched","floor":13.0,"gold_loss":0.0,"damage_taken":0.0,"cards_obtained":["Echo Form","Blind","Sunder","Zap","Go for the Eyes"]},{"damage_healed":0.0,"max_hp_gain":0.0,"max_hp_loss":0.0,"gold_gain":0.0,"event_name":"Cursed Tome","player_choice":"Obtained Book","floor":25.0,"gold_loss":0.0,"damage_taken":16.0},{"damage_healed":0.0,"max_hp_gain":0.0,"max_hp_loss":0.0,"gold_gain":0.0,"event_name":"Colosseum","player_choice":"Fight","floor":31.0,"gold_loss":0.0,"damage_taken":0.0},{"damage_healed":0.0,"max_hp_gain":0.0,"max_hp_loss":0.0,"gold_gain":0.0,"event_name":"Colosseum","player_choice":"Fought Nobs","floor":31.0,"gold_loss":0.0,"damage_taken":0.0},{"damage_healed":0.0,"max_hp_gain":0.0,"max_hp_loss":0.0,"gold_gain":0.0,"event_name":"Winding Halls","player_choice":"Embrace Madness","floor":37.0,"gold_loss":0.0,"damage_taken":9.0,"cards_obtained":["Madness","Madness"]},{"damage_healed":0,"gold_gain":0,"player_choice":"Bought 0 Potions","damage_taken":0,"max_hp_gain":0,"max_hp_loss":0,"event_name":"The Woman in Blue","floor":42,"gold_loss":0},{"cards_removed":["Self Repair"],"damage_healed":0,"gold_gain":0,"player_choice":"Removed Power","damage_taken":0,"max_hp_gain":0,"max_hp_loss":0,"event_name":"Falling","floor":48,"gold_loss":0}],"is_beta":false,"boss_relics":[{"not_picked":["Ectoplasm","Tiny House"],"picked":"Velvet Choker"},{"not_picked":["Sozu","Pandora\u0027s Box"],"picked":"Fusion Hammer"}],"items_purged_floors":[],"is_endless":false,"potions_floor_spawned":[1,3,8,12,14,24,28,29,31,31,35,36,45],"ascension_level":13}}