{"host":"tf5skwcwe0vlu2md","time":1613735761,"event":{"mods":["BaseMod","Downfall","Highlight Path","Minty Spire (QoL Compilation)","Quick Restart","StSLib","The Hierophant"],"gold_per_floor":[20,20,37,56,56,82,99,134,159,159,176,251,262,276,276,381,381,396,415,431,431,431,431],"floor_reached":22,"playtime":920,"items_purged":[],"score":230,"play_id":"12fe83bd-380c-43d3-8847-9603bc62ba1d","local_time":"20210219225601","is_ascension_mode":true,"campfire_choices":[{"data":"Dualcast","floor":10,"key":"SMITH"},{"data":"Zap","floor":15,"key":"SMITH"}],"circlet_count":0,"master_deck":["Strike_B","Strike_B","Strike_B","Strike_B","Defend_B","Defend_B","Defend_B","Defend_B","Zap+1","Dualcast+1","Defragment+1","Gash","Tempest","Go for the Eyes","White Noise","Turbo","Auto Shields","Biased Cognition","White Noise","Gash","Aggregate+1"],"relics":["Cracked Core","Incense Burner","Ancient Tea Set","Akabeko","Bag of Marbles","SlaversCollar","Anchor"],"acts_visited":["Exordium","TheCity"],"potions_floor_usage":[7,7,19,20],"damage_taken":[{"damage":0,"enemies":"Small Slimes","floor":1,"turns":3},{"damage":1,"enemies":"Cultist","floor":3,"turns":4},{"damage":4,"enemies":"Jaw Worm","floor":4,"turns":3},{"damage":1,"enemies":"Gremlin Nob","floor":6,"turns":3},{"damage":17,"enemies":"Gremlin Gang","floor":7,"turns":3},{"damage":11,"enemies":"Lagavulin","floor":8,"turns":6},{"damage":1,"enemies":"2 Fungi Beasts","floor":11,"turns":2},{"damage":0,"enemies":"Red Slaver","floor":13,"turns":2},{"damage":8,"enemies":"Blue Slaver","floor":14,"turns":3},{"damage":24,"enemies":"The Guardian","floor":16,"turns":8},{"damage":25,"enemies":"2 Thieves","floor":18,"turns":4},{"damage":22,"enemies":"Shell Parasite","floor":19,"turns":5},{"damage":16,"enemies":"Snake Plant","floor":20,"turns":3},{"damage":50,"enemies":"Shelled Parasite and Fungi","floor":22,"turns":6}],"seed_played":"4094954266314166684","potions_obtained":[{"floor":3,"key":"AttackPotion"},{"floor":6,"key":"Energy Potion"},{"floor":7,"key":"Strength Potion"},{"floor":14,"key":"FearPotion"},{"floor":16,"key":"FairyPotion"},{"floor":18,"key":"PowerPotion"},{"floor":19,"key":"FearPotion"}],"is_trial":false,"path_per_floor":["M","?","M","M","?","E","M","E","T","R","M","?","M","M","R","B",null,"M","M","M","?","M"],"character_chosen":"DEFECT","items_purchased":[],"campfire_rested":0,"item_purchase_floors":[],"current_hp_per_floor":[75,75,74,70,75,74,57,46,46,46,45,37,37,29,29,5,80,55,33,17,17,0,0],"gold":431,"neow_bonus":"ONE_RARE_RELIC","is_daily":false,"chose_seed":false,"campfire_upgraded":2,"win_rate":0.0,"timestamp":1613735761,"path_taken":["M","?","M","M","?","E","M","E","T","R","M","?","?","M","R","BOSS","M","M","M","?","?"],"items_purchased_type":[],"build_version":"2020-12-13","purchased_purges":0,"victory":false,"max_hp_per_floor":[75,75,75,75,80,80,80,80,80,80,80,80,80,80,80,80,80,80,80,80,80,80,80],"card_choices":[{"not_picked":["Compile Driver","Beam Cell"],"picked":"Defragment","floor":1},{"not_picked":["Coolheaded","Redo"],"picked":"Gash","floor":3},{"not_picked":["Self Repair","FTL"],"picked":"Tempest","floor":4},{"not_picked":["Turbo","Rainbow"],"picked":"Go for the Eyes","floor":6},{"not_picked":["Coolheaded","Stack"],"picked":"White Noise","floor":7},{"not_picked":["Chaos","Streamline","Compile Driver"],"picked":"SKIP","floor":8},{"not_picked":["Coolheaded","Hologram"],"picked":"Turbo","floor":11},{"not_picked":["Rainbow","Aggregate"],"picked":"Auto Shields","floor":13},{"not_picked":["Coolheaded","Reprogram","Streamline"],"picked":"SKIP","floor":14},{"not_picked":["Meteor Strike","Core Surge"],"picked":"Biased Cognition","floor":16},{"not_picked":["Compile Driver","Aggregate"],"picked":"White Noise","floor":18},{"not_picked":["Turbo","Chill"],"picked":"Gash","floor":19},{"not_picked":["Darkness","Sweeping Beam"],"picked":"Aggregate+1","floor":20}],"player_experience":285226,"relics_obtained":[{"floor":6,"key":"Ancient Tea Set"},{"floor":8,"key":"Akabeko"},{"floor":9,"key":"Bag of Marbles"}],"event_choices":[{"damage_healed":0,"gold_gain":0,"player_choice":"Grow","damage_taken":0,"max_hp_gain":0,"max_hp_loss":0,"event_name":"Living Wall","floor":2,"gold_loss":0,"cards_upgraded":["Defragment"]},{"damage_healed":0,"gold_gain":0,"player_choice":"Donut","damage_taken":0,"max_hp_gain":5,"max_hp_loss":0,"event_name":"Big Fish","floor":5,"gold_loss":0},{"damage_healed":0,"gold_gain":75,"player_choice":"Touch","damage_taken":8,"max_hp_gain":0,"max_hp_loss":0,"event_name":"FaceTrader","floor":12,"gold_loss":0},{"damage_healed":0,"gold_gain":0,"player_choice":"Gave Potion","damage_taken":0,"relics_obtained":["Anchor"],"max_hp_gain":0,"max_hp_loss":0,"event_name":"WeMeetAgain","floor":21,"gold_loss":0}],"is_beta":false,"boss_relics":[{"not_picked":["FrozenCore","Philosopher\u0027s Stone"],"picked":"SlaversCollar"}],"items_purged_floors":[],"is_endless":false,"potions_floor_spawned":[3,6,7,14,16,18,19],"killed_by":"Shelled Parasite and Fungi","ascension_level":3}}