{"host":"72n3jwtrlpjobydj","time":1613767794,"event":{"mods":["AchievementEnabler","BaseMod","CapriCore","DeckTracker","Hermit","Koishi","KomeijiMod","Lobotomy","Marisa£¨Ùöéë¡¡Øª×âÞÞ£©","Minty Spire (QoL Compilation)","Permanent Neow","StSLib","SuperFastMode","The Cursed","The Hierophant","The Immortal"],"gold_per_floor":[211,136,149,162,176,176,176,176,176,187,53,53,71,71,71,71,71],"floor_reached":16,"language":"KOR","playtime":327,"items_purged":["Strike_P","Defend_P"],"score":97,"play_id":"cd1aa48d-dc69-4515-b5dd-b8b5ade0e3a0","local_time":"20210220054954","is_ascension_mode":true,"campfire_choices":[{"floor":6,"key":"RECALL"},{"floor":8,"key":"REST"},{"floor":12,"key":"REST"},{"data":"Tantrum","floor":15,"key":"SMITH"}],"circlet_count":0,"master_deck":["Strike_P","Strike_P","Strike_P","Defend_P","Defend_P","Eruption","Vigilance","Tantrum+1"],"relics":["PureWater"],"acts_visited":["Exordium"],"potions_floor_usage":[16,16,16],"damage_taken":[{"damage":7,"enemies":"Cultist","floor":1,"turns":3},{"damage":0,"enemies":"Jaw Worm","floor":3,"turns":3},{"damage":0,"enemies":"Small Slimes","floor":4,"turns":2},{"damage":8,"enemies":"Blue Slaver","floor":5,"turns":5},{"damage":7,"enemies":"Red Slaver","floor":10,"turns":4},{"damage":9,"enemies":"Large Slime","floor":13,"turns":5},{"damage":81,"enemies":"Hexaghost","floor":16,"turns":9}],"seed_played":"6505101317484772228","potions_obtained":[{"floor":4,"key":"Block Potion"},{"floor":13,"key":"SkillPotion"},{"floor":14,"key":"Regen Potion"}],"is_trial":false,"path_per_floor":["M","$","M","M","M","R","?","R","T","M","$","R","M","?","R","B"],"character_chosen":"WATCHER","items_purchased":["Tantrum"],"campfire_rested":2,"item_purchase_floors":[11],"current_hp_per_floor":[65,65,65,65,57,57,50,71,71,64,64,72,63,63,63,0,0],"gold":71,"neow_bonus":"HUNDRED_GOLD","is_daily":false,"chose_seed":false,"campfire_upgraded":1,"win_rate":0.0,"timestamp":1613767794,"path_taken":["M","$","M","M","?","R","?","R","T","M","$","R","M","?","R","BOSS"],"items_purchased_type":["Card"],"build_version":"2020-12-22","purchased_purges":2,"victory":false,"max_hp_per_floor":[72,72,72,72,72,72,72,72,72,72,72,72,72,72,72,72,72],"card_choices":[{"not_picked":["Evaluate","FlurryOfBlows","Halt"],"picked":"SKIP","floor":1},{"not_picked":["WreathOfFlame","Vengeance","Evaluate"],"picked":"SKIP","floor":3},{"not_picked":["ThirdEye","Worship","Nirvana"],"picked":"SKIP","floor":4},{"not_picked":["SashWhip","Perseverance","SignatureMove"],"picked":"SKIP","floor":5},{"not_picked":["SashWhip","CutThroughFate","Devotion"],"picked":"SKIP","floor":10},{"not_picked":["Protect","FollowUp","Worship"],"picked":"SKIP","floor":13}],"player_experience":96151,"relics_obtained":[],"event_choices":[{"cards_removed":["Defend_P"],"damage_healed":0,"gold_gain":0,"player_choice":"Card Removal","damage_taken":7,"max_hp_gain":0,"max_hp_loss":0,"event_name":"Golden Wing","floor":7,"gold_loss":0},{"damage_healed":0,"gold_gain":0,"player_choice":"Got Potions","damage_taken":0,"max_hp_gain":0,"max_hp_loss":0,"event_name":"Lab","floor":14,"gold_loss":0}],"is_beta":false,"boss_relics":[],"items_purged_floors":[2,11],"is_endless":false,"potions_floor_spawned":[4,13],"killed_by":"Hexaghost","ascension_level":1}}