{"host":"8srk5r1dwtmjotwd","time":1613706348,"event":{"mods":["AchievementEnabler","Act Like it!","Aspiration","BaseMod","Beaked The Cultist","Bestiary","Better Note","Better Third Choice","Colored Map","Colored Powertips","Conspire","Custom Start","Friendly Minions","GifTheSpireLib","Halation","Hallownest","Hermit","Highlight Path","Hubris","Infinite Spire","Mimic Mod","Minty Spire (QoL Compilation)","Morshu Shopkeeper - ENHANCED","Quick Restart","Rare Cards Sparkle","Reliquary","Replay The Spire","Shop Mod","StSLib","SuperFastMode","Synergy Search","The Bug Knight","The Construct","The Cursed","The Disciple","The Marked","Thieving Mod","Wide Potions","Yohane!","everything is the same but u backflip on backflip","slay the spire mod where everything is the same but ironclad has a cowboy hat"],"gold_per_floor":[117,167,167,179,179,195,195,237,287,297,329,343,18,153,153,168,218,236,277,277,341,362,362,391,407,407,407,429,429,99,116,116,238,288,308,308,69,97,111,111],"floor_reached":39,"language":"ENG","playtime":2177,"items_purged":["hubris:Compulsion","Sickly"],"score":491,"play_id":"f7c2646f-9f90-415a-bbd5-873ceb6ed091","local_time":"20210218224548","is_ascension_mode":false,"campfire_choices":[{"data":"Seeing Red","floor":23,"key":"SMITH"},{"floor":29,"key":"REST"},{"data":"hubris:Fate","floor":29,"key":"SMITH"},{"floor":32,"key":"REST"},{"data":"hubris:Rewind","floor":32,"key":"SMITH"}],"circlet_count":0,"master_deck":["Strike_R","Strike_R","Strike_R","Strike_R+1","Strike_R","Defend_R","Defend_R","Defend_R","Defend_R","Bash","Twin Strike","Hallucinations","conspire:Charge","Demon Form","Whirlwind","Seeing Red+1","Rage","Replay:Undeath\u0027s Touch","Offering","Bludgeon","Hallucinations","hubris:InfiniteBlow+1","Eruption","Reaper","Replay:Parry","ReplayReversal","hubris:NaturalOne","Pain","conspire:Charge","Demonic Infusion","Replay:Undeath\u0027s Touch+1","Perfected Strike","Clumsy","Shrug It Off","hubris:Rewind+1","hubris:Fate+1","infinitespire:Starlight","Life Link+1","hubris:Sloth","Demon Form","Rupture","Flex+1"],"relics":["Burning Blood","NeowsBlessing","Ring of Greed","Ring of Peace","infinitespire:Midas Blood","hubris:MobiusCoin","hubris:Icosahedron","Red Skull","Happy Flower","Anchor","reliquary:PartyBalloon","infinitespire:Magic Flask","ReplayTheSpireMod:SealedPack","aspiration:SeaSaltIceCream","aspiration:Nostalgia","beaked:MendingPlumage","HollowMod:LifeEnderRelic","reliquary:HotPoker","aspiration:Headhunter","hubris:ChampionShield","Ring of Chaos","infinitespire:Lucky Rock","White Beast Statue"],"acts_visited":["Exordium","TheCity","TheBeyond"],"potions_floor_usage":[11,13,14,14,15,16,25,25,31,33,33,38],"damage_taken":[{"damage":0,"enemies":"Cultist","floor":1,"turns":1},{"damage":0,"enemies":"Small Slimes","floor":4,"turns":1},{"damage":0,"enemies":"Jaw Worm","floor":6,"turns":1},{"damage":15,"enemies":"Large Slime","floor":8,"turns":5},{"damage":0,"enemies":"Large Slime","floor":10,"turns":5},{"damage":6,"enemies":"Gremlin Nob","floor":11,"turns":4},{"damage":0,"enemies":"Blue Slaver","floor":12,"turns":3},{"damage":2,"enemies":"Replay:BlueRogue","floor":14,"turns":4},{"damage":71,"enemies":"Hexaghost","floor":16,"turns":7},{"damage":21,"enemies":"2 Thieves","floor":18,"turns":3},{"damage":27,"enemies":"Chosen","floor":19,"turns":7},{"damage":36,"enemies":"Chosen","floor":21,"turns":6},{"damage":29,"enemies":"Chosen","floor":22,"turns":6},{"damage":55,"enemies":"Shelled Parasite and Fungi","floor":24,"turns":5},{"damage":6,"enemies":"Cultist and Chosen","floor":25,"turns":4},{"damage":48,"enemies":"conspire:HollyBat","floor":28,"turns":8},{"damage":0,"enemies":"Snecko","floor":31,"turns":3},{"damage":47,"enemies":"Collector","floor":33,"turns":4},{"damage":55,"enemies":"3 Darklings","floor":35,"turns":5},{"damage":10,"enemies":"3 Shapes","floor":38,"turns":2},{"damage":90,"enemies":"Writhing Mass","floor":39,"turns":3}],"seed_played":"4004153519984553969","potions_obtained":[{"floor":1,"key":"Swift Potion"},{"floor":11,"key":"AttackPotion"},{"floor":14,"key":"Swift Potion"},{"floor":15,"key":"Fruit Juice"},{"floor":15,"key":"conspire:TimeTravelPotion"},{"floor":16,"key":"Elixir"},{"floor":24,"key":"Adrenaline Potion"},{"floor":28,"key":"SneckoOil"},{"floor":31,"key":"Fire Potion"},{"floor":33,"key":"Regen Potion"},{"floor":38,"key":"construct:ShiftPotion"}],"is_trial":false,"path_per_floor":["M","?","?","M","?","M","?","MIM","T","M","E","M","$","E","R_BF","B",null,"M","MIM","?","MIM","M","R","M","M","T","AVR","M","R","$","M","R","B",null,"M","?","$","M","M"],"character_chosen":"IRONCLAD","items_purchased":["Fruit Juice","reliquary:PartyBalloon","EssenceOfSteel","CultistPotion","hubris:ChampionShield","White Beast Statue"],"campfire_rested":2,"item_purchase_floors":[13,13,13,30,30,37],"current_hp_per_floor":[80,80,80,80,80,80,80,71,71,77,77,80,85,85,97,32,97,82,61,61,53,49,49,16,30,30,30,25,54,54,81,97,64,97,54,54,54,67,0,0],"gold":111,"neow_bonus":"THREE_ENEMY_KILL","is_daily":false,"chose_seed":false,"campfire_upgraded":3,"win_rate":0.0,"timestamp":1613706348,"path_taken":["M","?","?","M","?","?","?","?","T","?","E","M","?","E","R_BF","BOSS","M","?","?","?","M","R","M","?","T","AVR","M","R","?","M","R","BOSS","M","?","$","M","?"],"items_purchased_type":["Potion","Relic","Potion","Potion","Relic","Relic"],"build_version":"2020-12-22","purchased_purges":2,"victory":false,"max_hp_per_floor":[80,80,80,80,80,80,80,80,80,80,80,80,85,85,97,97,97,97,97,97,97,97,97,97,97,97,97,97,97,97,97,97,97,97,97,97,97,97,97,97],"card_choices":[{"not_picked":["Run Through","Sever Soul"],"picked":"Twin Strike","floor":1},{"not_picked":["Wild Strike","Iron Wave"],"picked":"conspire:Charge","floor":4},{"not_picked":["Anger","Replay:Undeath\u0027s Touch"],"picked":"Demon Form","floor":6},{"not_picked":["Replay:Undeath\u0027s Touch","Power Through"],"picked":"Whirlwind","floor":8},{"not_picked":["ReplayTheSpireMod:Strike From Hell","Dropkick"],"picked":"Seeing Red","floor":10},{"not_picked":["hubris:SharpeningStone","Sever Soul"],"picked":"Rage","floor":11},{"not_picked":["Clash","ReplayTheSpireMod:Strike From Hell"],"picked":"Replay:Undeath\u0027s Touch","floor":12},{"not_picked":["Demonic Infusion","Body Slam"],"picked":"Offering","floor":14},{"not_picked":["Brutality","Feed"],"picked":"Bludgeon","floor":16},{"not_picked":["infinitespire:UltimateForm","ReplayTheSpireMod:??????????????????????"],"picked":"hubris:InfiniteBlow","floor":17},{"not_picked":["Survivor","theMarked:SoldierOfQuellstein"],"picked":"Eruption","floor":17},{"not_picked":["Feed","Brutality"],"picked":"Reaper","floor":17},{"not_picked":["Specialist","Blind"],"picked":"Replay:Parry","floor":17},{"not_picked":["Wild Strike","Power Through"],"picked":"ReplayReversal","floor":18},{"not_picked":["Anger","Thunderclap"],"picked":"conspire:Charge","floor":19},{"not_picked":["Searing Blow","Iron Wave"],"picked":"Demonic Infusion","floor":21},{"not_picked":["Blood for Blood+1","Body Slam"],"picked":"Replay:Undeath\u0027s Touch+1","floor":22},{"not_picked":["Dropkick","ReplayTheSpireMod:Stacked"],"picked":"Perfected Strike","floor":24},{"not_picked":["True Grit","Disarm"],"picked":"Shrug It Off","floor":25},{"not_picked":["ReplayTheSpireMod:Muscle Training","Heavy Blade"],"picked":"Life Link+1","floor":28},{"not_picked":["Pommel Strike","Clash","Twin Strike"],"picked":"SKIP","floor":31},{"not_picked":["Reaper","Exhume"],"picked":"Demon Form","floor":33},{"not_picked":["Havoc+1","Clothesline+1"],"picked":"Rupture","floor":35},{"not_picked":["Perfected Strike+1","Entrench"],"picked":"Flex+1","floor":38}],"player_experience":133833,"relics_obtained":[{"floor":2,"key":"Ring of Greed"},{"floor":2,"key":"Ring of Peace"},{"floor":2,"key":"infinitespire:Midas Blood"},{"floor":2,"key":"hubris:MobiusCoin"},{"floor":8,"key":"Red Skull"},{"floor":9,"key":"Happy Flower"},{"floor":11,"key":"Anchor"},{"floor":14,"key":"infinitespire:Magic Flask"},{"floor":19,"key":"aspiration:SeaSaltIceCream"},{"floor":21,"key":"HollowMod:LifeEnderRelic"},{"floor":26,"key":"reliquary:HotPoker"},{"floor":36,"key":"infinitespire:Lucky Rock"}],"event_choices":[{"damage_healed":0,"gold_gain":0,"player_choice":"Upgraded","damage_taken":0,"max_hp_gain":0,"max_hp_loss":0,"event_name":"Upgrade Shrine","floor":20,"gold_loss":0,"cards_upgraded":["hubris:InfiniteBlow"]},{"damage_healed":0,"gold_gain":0,"player_choice":"Relic","damage_taken":0,"max_hp_gain":0,"max_hp_loss":0,"event_name":"Wheel of Change","floor":36,"gold_loss":0}],"is_beta":false,"boss_relics":[{"not_picked":["Black Star","aspiration:RitualDagger"],"picked":"ReplayTheSpireMod:SealedPack"},{"not_picked":["aspiration:RunicSpoon","halation:Yufonium"],"picked":"Ring of Chaos"}],"items_purged_floors":[27,30],"is_endless":false,"potions_floor_spawned":[1,11,14,16,24,28,31,33,38],"killed_by":"Writhing Mass","ascension_level":0}}