{"host":"zsnmfqgcm92hlreo","time":1613706409,"event":{"mods":["AchievementEnabler","BaseMod","Bestiary","Block Reminder","Colored Map","Colored Powertips","Filter the Spire","Minty Spire (QoL Compilation)","Permanent Neow","Quick Restart","Relic Stats","StSLib","Weighted Paths"],"gold_per_floor":[113,125,125,200,46,46,46],"floor_reached":6,"language":"ENG","playtime":936,"items_purged":[],"score":68,"play_id":"6d86740e-ed04-491d-843c-57a1f9c9454b","local_time":"20210218214649","is_ascension_mode":true,"campfire_choices":[],"circlet_count":0,"master_deck":["AscendersBane","Strike_R","Strike_R","Strike_R","Strike_R","Strike_R","Defend_R","Defend_R","Defend_R","Defend_R","Bash","Combust","Pommel Strike","Burning Pact","Armaments"],"relics":["Snecko Eye"],"acts_visited":["Exordium"],"potions_floor_usage":[],"damage_taken":[{"damage":8.0,"enemies":"Small Slimes","floor":1.0,"turns":3.0},{"damage":4.0,"enemies":"Jaw Worm","floor":2.0,"turns":5.0},{"damage":9,"enemies":"Gremlin Nob","floor":6,"turns":3}],"seed_played":"-4143786217048919481","potions_obtained":[],"is_trial":false,"path_per_floor":["M","M","?","?","$","E"],"character_chosen":"IRONCLAD","items_purchased":["Pommel Strike","Burning Pact","Armaments"],"campfire_rested":0,"item_purchase_floors":[5,5,5],"current_hp_per_floor":[60,56,61,50,50,41,41],"gold":46,"neow_bonus":"BOSS_RELIC","is_daily":false,"chose_seed":false,"campfire_upgraded":0,"win_rate":0.0,"timestamp":1613706409,"path_taken":["M","M","?","?","?","E"],"items_purchased_type":["Card","Card","Card"],"build_version":"2020-12-22","purchased_purges":0,"victory":false,"max_hp_per_floor":[75,75,80,80,80,80,80],"relic_stats":{"counters":[3,11],"Snecko Eye":[17,20,17,21],"obtain_stats":[{"Snecko Eye":0,"Burning Blood":0},{"Snecko Eye":0,"Burning Blood":0},{"Snecko Eye":0,"Burning Blood":0}]},"card_choices":[{"not_picked":["Anger","Sword Boomerang","Rage"],"picked":"SKIP","floor":1.0},{"not_picked":["Dual Wield","Rage"],"picked":"Combust","floor":2.0}],"player_experience":1224947,"relics_obtained":[],"event_choices":[{"damage_healed":0.0,"max_hp_gain":5.0,"max_hp_loss":0.0,"gold_gain":0.0,"event_name":"Big Fish","player_choice":"Donut","floor":3.0,"gold_loss":0.0,"damage_taken":0.0},{"damage_healed":0.0,"max_hp_gain":0.0,"max_hp_loss":0.0,"gold_gain":75.0,"event_name":"World of Goop","player_choice":"Gather Gold","floor":4.0,"gold_loss":0.0,"damage_taken":11.0}],"is_beta":false,"boss_relics":[],"items_purged_floors":[],"is_endless":false,"potions_floor_spawned":[],"killed_by":"Gremlin Nob","ascension_level":20}}