{"host":"6r341r9cz00j2qc1","time":1613760859,"event":{"mods":["BaseMod","Better Third Choice","Downfall","Hermit","Lobotomy","LobotomyExtend","Minty Spire (QoL Compilation)","Replay The Spire","Shop Mod","StSLib"],"gold_per_floor":[116,116,116,116,116,116,141,157,157,82,82,95,95,105,105,208,208,208,233,233,243,266,266,266],"floor_reached":23,"language":"ENG","playtime":1257,"items_purged":["Regret"],"score":185,"play_id":"e64c3fdc-74d5-4e36-9b97-f160bac5a289","local_time":"20210219195419","is_ascension_mode":false,"campfire_choices":[{"data":"Vigilance","floor":6,"key":"SMITH"},{"floor":11,"key":"REST"},{"data":"SandsOfTime","floor":13,"key":"SMITH"},{"floor":15,"key":"REST"}],"circlet_count":0,"master_deck":["Strike_P","Strike_P","Strike_P","Defend_P","Defend_P","Defend_P","Defend_P","Eruption+1","Vigilance+1","FlyingSleeves+1","Weave","SandsOfTime+1","SashWhip","Judgement","TalkToTheHand+1","Writhe","Replay:BluntJabs+1"],"relics":["PureWater","LetterFromLob","Singing Bowl","Replay:Wax Seal","Simple Rune","ReplayTheSpireMod:Ninjato","SacredBark","Red Mask","Art of War","Centennial Puzzle"],"acts_visited":["Exordium","TheCity"],"potions_floor_usage":[14,19,23],"damage_taken":[{"damage":1,"enemies":"2 Louse","floor":1,"turns":4},{"damage":29,"enemies":"3 Sentries","floor":7,"turns":8},{"damage":6,"enemies":"Jaw Worm","floor":8,"turns":4},{"damage":0,"enemies":"Cultist","floor":12,"turns":3},{"damage":7,"enemies":"Exordium Wildlife","floor":14,"turns":3},{"damage":45,"enemies":"Hexaghost","floor":16,"turns":10},{"damage":0,"enemies":"Masked Bandits","floor":19,"turns":2},{"damage":0,"enemies":"Shell Parasite","floor":21,"turns":5},{"damage":85,"enemies":"Book of Stabbing","floor":23,"turns":5}],"seed_played":"3302615378417171930","potions_obtained":[{"floor":7,"key":"Elixir"},{"floor":8,"key":"Energy Potion"},{"floor":12,"key":"Explosive Potion"}],"is_trial":false,"path_per_floor":["M","?","?","?","T","R","E","M","T","$","R","M","R","M","R","B",null,"M","?","?","M","T","E"],"character_chosen":"WATCHER","items_purchased":[],"campfire_rested":2,"item_purchase_floors":[],"current_hp_per_floor":[71,71,71,71,71,71,42,38,38,38,60,60,60,55,76,31,76,76,76,76,76,76,0,0],"gold":266,"neow_bonus":"UPGRADE_CARD","is_daily":false,"chose_seed":false,"campfire_upgraded":2,"win_rate":0.0,"timestamp":1613760859,"path_taken":["M","?","?","?","?","R","E","?","T","$","R","M","R","M","R","BOSS","M","?","?","M","?","E"],"items_purchased_type":[],"build_version":"2020-12-22","purchased_purges":1,"victory":false,"max_hp_per_floor":[72,72,72,72,72,72,72,74,74,74,74,74,74,76,76,76,76,76,76,76,76,76,76,76],"card_choices":[{"not_picked":["ThirdEye","Evaluate"],"picked":"FlyingSleeves","floor":1},{"not_picked":["Wallop","JustLucky"],"picked":"SandsOfTime","floor":7},{"not_picked":["Replay:AtTheReady","Replay:ManipulateFuture","BowlingBash"],"picked":"Singing Bowl","floor":8},{"not_picked":["WheelKick","Halt"],"picked":"SashWhip","floor":12},{"not_picked":["Halt","ForeignInfluence","ClearTheMind"],"picked":"Singing Bowl","floor":14},{"not_picked":["ConjureBlade","Establishment"],"picked":"Judgement","floor":16},{"not_picked":["Replay:DivineShield","FlurryOfBlows"],"picked":"TalkToTheHand+1","floor":19},{"not_picked":["Indignation+1","BowlingBash+1"],"picked":"Replay:BluntJabs+1","floor":21}],"player_experience":524436,"relics_obtained":[{"floor":1,"key":"LetterFromLob"},{"floor":5,"key":"Replay:Wax Seal"},{"floor":7,"key":"Simple Rune"},{"floor":9,"key":"ReplayTheSpireMod:Ninjato"},{"floor":19,"key":"Red Mask"},{"floor":22,"key":"Centennial Puzzle"}],"event_choices":[{"damage_healed":0,"gold_gain":0,"cards_transformed":["Strike_P"],"player_choice":"Change","damage_taken":0,"max_hp_gain":0,"max_hp_loss":0,"event_name":"Living Wall","floor":2,"gold_loss":0,"cards_obtained":["Weave"]},{"damage_healed":0,"gold_gain":0,"player_choice":"Box","damage_taken":0,"relics_obtained":["Singing Bowl"],"max_hp_gain":0,"max_hp_loss":0,"event_name":"Big Fish","floor":4,"gold_loss":0,"cards_obtained":["Regret"]},{"damage_healed":0,"gold_gain":0,"player_choice":"Fought Bandits","damage_taken":0,"max_hp_gain":0,"max_hp_loss":0,"event_name":"Masked Bandits","floor":19,"gold_loss":0},{"damage_healed":0,"gold_gain":0,"player_choice":"Opened","damage_taken":0,"relics_obtained":["Art of War"],"max_hp_gain":0,"max_hp_loss":0,"event_name":"The Mausoleum","floor":20,"gold_loss":0,"cards_obtained":["Writhe"]}],"is_beta":false,"boss_relics":[{"not_picked":["Abe\u0027s Treasure","ChewingGum"],"picked":"SacredBark"}],"items_purged_floors":[10],"is_endless":false,"potions_floor_spawned":[7,8,12],"killed_by":"Book of Stabbing","ascension_level":0}}