{"host":"baiuyraednrljtmn","time":1613714178,"event":{"mods":["BaseMod","Colored Map","Colored Powertips","Current Relic Mod","DeckTracker","Keyboard Shortcuts","Minty Spire (QoL Compilation)","Relic Stats","StSLib","SuperFastMode","everything is the same but u backflip on backflip"],"gold_per_floor":[117,42,57,57,57,95,107,153,190,202,229,122,122,136,136,231,231,252,252,67,90,114,114,134,134,134,169,169,185,185,200,200,293,293,311,342,342,48,72,403,403,403,428,428,761,308,327,347,347,347,347],"floor_reached":52,"language":"KOR","playtime":2608,"items_purged":["Strike_P","Defend_P","Defend_P","EmptyFist+1"],"score":1841,"play_id":"0af5c3ed-6d96-42da-b605-3c1346d0a268","local_time":"20210219145618","is_ascension_mode":true,"campfire_choices":[{"floor":10,"key":"REST"},{"data":"EmptyFist","floor":13,"key":"SMITH"},{"data":"InnerPeace","floor":15,"key":"SMITH"},{"data":"WheelKick","floor":23,"key":"SMITH"},{"data":"CrushJoints","floor":25,"key":"SMITH"},{"floor":28,"key":"REST"},{"floor":32,"key":"REST"},{"data":"DeusExMachina","floor":41,"key":"SMITH"},{"data":"MentalFortress","floor":49,"key":"SMITH"}],"circlet_count":0,"master_deck":["AscendersBane","Eruption+1","Vigilance+1","BattleHymn+1","Halt","InnerPeace+1","WheelKick+1","CrushJoints+1","DeusExMachina+1","MentalFortress+1","Flash of Steel","Flash of Steel"],"relics":["Busted Crown","MawBank","Pantograph","Blood Vial","Empty Cage","White Beast Statue","SacredBark","Prayer Wheel","Bag of Preparation","Old Coin","Bag of Marbles","DollysMirror"],"acts_visited":["Exordium","TheCity","TheBeyond"],"potions_floor_usage":[8,16,16,27,27,33,35,39,40,47,51],"damage_taken":[{"damage":0,"enemies":"2 Louse","floor":1,"turns":2},{"damage":0,"enemies":"Jaw Worm","floor":3,"turns":3},{"damage":14,"enemies":"Lagavulin","floor":6,"turns":6},{"damage":20,"enemies":"3 Sentries","floor":8,"turns":8},{"damage":13,"enemies":"Small Slimes","floor":11,"turns":4},{"damage":0,"enemies":"3 Louse","floor":14,"turns":3},{"damage":21,"enemies":"Hexaghost","floor":16,"turns":8},{"damage":14,"enemies":"Chosen","floor":18,"turns":5},{"damage":0,"enemies":"Spheric Guardian","floor":21,"turns":3},{"damage":0,"enemies":"3 Cultists","floor":22,"turns":4},{"damage":0,"enemies":"Snake Plant","floor":24,"turns":2},{"damage":31,"enemies":"Gremlin Leader","floor":27,"turns":4},{"damage":0,"enemies":"Snecko","floor":29,"turns":3},{"damage":14,"enemies":"Shelled Parasite and Fungi","floor":31,"turns":3},{"damage":54,"enemies":"Automaton","floor":33,"turns":7},{"damage":6,"enemies":"Orb Walker","floor":35,"turns":2},{"damage":4,"enemies":"Mind Bloom Boss Battle","floor":36,"turns":3},{"damage":0,"enemies":"3 Darklings","floor":39,"turns":2},{"damage":1,"enemies":"Giant Head","floor":40,"turns":4},{"damage":13,"enemies":"Writhing Mass","floor":47,"turns":3},{"damage":0,"enemies":"Jaw Worm Horde","floor":48,"turns":2},{"damage":42,"enemies":"Awakened One","floor":50,"turns":7},{"damage":24,"enemies":"Donu and Deca","floor":51,"turns":7}],"seed_played":"-8803072101560078575","potions_obtained":[{"floor":1,"key":"SteroidPotion"},{"floor":6,"key":"SpeedPotion"},{"floor":14,"key":"FearPotion"},{"floor":18,"key":"DuplicationPotion"},{"floor":24,"key":"LiquidBronze"},{"floor":29,"key":"GamblersBrew"},{"floor":31,"key":"Ancient Potion"},{"floor":33,"key":"AttackPotion"},{"floor":35,"key":"Explosive Potion"},{"floor":36,"key":"StancePotion"},{"floor":39,"key":"ColorlessPotion"},{"floor":40,"key":"SteroidPotion"},{"floor":47,"key":"DistilledChaos"},{"floor":48,"key":"PowerPotion"}],"is_trial":false,"path_per_floor":["M","?","M","?","?","E","?","E","T","R","M","$","R","M","R","B",null,"M","?","$","M","M","R","M","R","T","E","R","M","?","M","R","B",null,"M","?","?","$","M","E","R","?","T","?","?","$","M","M","R","B","B",null],"character_chosen":"WATCHER","items_purchased":["InnerPeace","WheelKick","Bag of Preparation","MentalFortress","Flash of Steel","DollysMirror"],"campfire_rested":3,"item_purchase_floors":[12,20,38,46,46,46],"current_hp_per_floor":[61,61,61,61,61,47,28,8,8,26,15,15,15,17,17,23,52,40,40,40,42,44,44,46,46,46,17,35,37,37,25,43,8,49,45,58,48,48,50,51,51,51,51,51,51,51,40,42,42,17,20],"gold":347,"neow_bonus":"BOSS_RELIC","is_daily":false,"chose_seed":false,"campfire_upgraded":6,"win_rate":0.0,"timestamp":1613714178,"path_taken":["M","?","M","?","?","E","?","E","T","R","M","?","R","M","R","BOSS","M","?","$","M","M","R","M","R","T","E","R","M","?","M","R","BOSS","M","?","?","$","M","E","R","?","T","?","?","$","M","M","R","BOSS","BOSS"],"items_purchased_type":["Card","Card","Relic","Card","Card","Relic"],"build_version":"2020-12-22","purchased_purges":4,"victory":true,"max_hp_per_floor":[68,68,68,68,62,62,62,62,62,62,62,62,62,62,62,62,62,62,62,62,62,62,62,62,62,62,62,62,62,62,62,62,62,62,62,62,62,62,62,62,62,59,59,59,59,59,59,59,59,59,59],"relic_stats":{"Blood Vial":38,"Busted Crown":54,"counters":[23,95],"Pantograph":97,"Prayer Wheel":3,"Bag of Preparation":[12],"MawBank":72,"obtain_stats":[{"Golden Idol":5,"SacredBark":34,"Bag of Preparation":38,"MawBank":6,"Empty Cage":17,"White Beast Statue":27,"Old Coin":40,"Blood Vial":9,"Busted Crown":0,"DollysMirror":46,"Pantograph":8,"Prayer Wheel":36,"Bag of Marbles":43,"PureWater":0},{"Golden Idol":2,"SacredBark":15,"Bag of Preparation":17,"MawBank":3,"Empty Cage":7,"White Beast Statue":12,"Old Coin":19,"Blood Vial":4,"Busted Crown":0,"DollysMirror":19,"Pantograph":4,"Prayer Wheel":17,"Bag of Marbles":19,"PureWater":0},{"Golden Idol":5,"SacredBark":65,"Bag of Preparation":70,"MawBank":11,"Empty Cage":34,"White Beast Statue":52,"Old Coin":76,"Blood Vial":19,"Busted Crown":0,"DollysMirror":76,"Pantograph":19,"Prayer Wheel":70,"Bag of Marbles":76,"PureWater":0}]},"card_choices":[{"not_picked":[],"picked":"BattleHymn","floor":1},{"not_picked":["ClearTheMind"],"picked":"SKIP","floor":3},{"not_picked":["ThirdEye"],"picked":"SKIP","floor":6},{"not_picked":[],"picked":"Halt","floor":8},{"not_picked":[],"picked":"EmptyFist","floor":11},{"not_picked":["SignatureMove"],"picked":"SKIP","floor":14},{"not_picked":["PathToVictory"],"picked":"SKIP","floor":18},{"not_picked":["FollowUp"],"picked":"SKIP","floor":21},{"not_picked":["Worship"],"picked":"SKIP","floor":22},{"not_picked":[],"picked":"CrushJoints","floor":24},{"not_picked":["SandsOfTime"],"picked":"SKIP","floor":27},{"not_picked":["Pray"],"picked":"SKIP","floor":29},{"not_picked":["BowlingBash"],"picked":"SKIP","floor":31},{"not_picked":[],"picked":"DeusExMachina","floor":33},{"not_picked":["FollowUp"],"picked":"SKIP","floor":35},{"not_picked":[],"picked":"Finesse","floor":37},{"not_picked":["SashWhip"],"picked":"SKIP","floor":39},{"not_picked":["EmptyFist"],"picked":"SKIP","floor":39},{"not_picked":["CutThroughFate+1"],"picked":"SKIP","floor":40},{"not_picked":["Weave"],"picked":"SKIP","floor":47},{"not_picked":["CrushJoints+1"],"picked":"SKIP","floor":47},{"not_picked":["Prostrate+1"],"picked":"SKIP","floor":48},{"not_picked":["EmptyBody"],"picked":"SKIP","floor":48}],"player_experience":1456442,"relics_obtained":[{"floor":6,"key":"MawBank"},{"floor":8,"key":"Pantograph"},{"floor":9,"key":"Blood Vial"},{"floor":27,"key":"White Beast Statue"},{"floor":36,"key":"Prayer Wheel"},{"floor":40,"key":"Old Coin"},{"floor":43,"key":"Bag of Marbles"}],"event_choices":[{"cards_removed":["Strike_P"],"damage_healed":0,"gold_gain":0,"player_choice":"Card Removal","damage_taken":0,"max_hp_gain":0,"max_hp_loss":0,"event_name":"The Cleric","floor":2,"gold_loss":75},{"damage_healed":0,"gold_gain":0,"player_choice":"Grow","damage_taken":0,"max_hp_gain":0,"max_hp_loss":0,"event_name":"Living Wall","floor":4,"gold_loss":0,"cards_upgraded":["Eruption"]},{"damage_healed":0,"gold_gain":0,"player_choice":"Lose Max HP","damage_taken":0,"relics_obtained":["Golden Idol"],"max_hp_gain":0,"max_hp_loss":6,"event_name":"Golden Idol","floor":5,"gold_loss":0},{"damage_healed":0,"gold_gain":0,"player_choice":"Entered Light","damage_taken":19,"max_hp_gain":0,"max_hp_loss":0,"event_name":"Shining Light","floor":7,"gold_loss":0,"cards_upgraded":["Vigilance","BattleHymn"]},{"cards_removed":["Strike_P"],"damage_healed":0,"gold_gain":0,"player_choice":"Elegance","damage_taken":0,"max_hp_gain":0,"max_hp_loss":0,"event_name":"Back to Basics","floor":19,"gold_loss":0},{"cards_removed":["Defend_P"],"damage_healed":0,"gold_gain":0,"player_choice":"Purged","damage_taken":0,"max_hp_gain":0,"max_hp_loss":0,"event_name":"Purifier","floor":30,"gold_loss":0},{"damage_healed":0,"gold_gain":0,"player_choice":"Fight","damage_taken":0,"max_hp_gain":0,"max_hp_loss":0,"event_name":"MindBloom","floor":36,"gold_loss":0},{"damage_healed":0,"gold_gain":0,"player_choice":"Memory 3","damage_taken":10,"max_hp_gain":0,"max_hp_loss":0,"event_name":"SensoryStone","floor":37,"gold_loss":0},{"damage_healed":0,"gold_gain":0,"player_choice":"Max HP","damage_taken":0,"max_hp_gain":0,"max_hp_loss":3,"event_name":"Winding Halls","floor":42,"gold_loss":0},{"cards_removed":["Finesse"],"damage_healed":0,"gold_gain":0,"player_choice":"Removed Skill","damage_taken":0,"max_hp_gain":0,"max_hp_loss":0,"event_name":"Falling","floor":44,"gold_loss":0},{"damage_healed":0,"gold_gain":333,"player_choice":"Gave Idol","damage_taken":0,"max_hp_gain":0,"max_hp_loss":0,"event_name":"The Moai Head","floor":45,"relics_lost":["Golden Idol"],"gold_loss":0}],"is_beta":false,"boss_relics":[{"not_picked":["VioletLotus","Sozu"],"picked":"Empty Cage"},{"not_picked":["Pandora\u0027s Box","Black Star"],"picked":"SacredBark"}],"items_purged_floors":[12,20,38,46],"is_endless":false,"potions_floor_spawned":[1,6,14,18,24,29,31,33,35,36,39,40,47,48],"ascension_level":20}}