{"host":"f5n4tidiz2n5sooh","time":1613719104,"event":{"mods":["BaseMod","Colored Map","Minty Spire (QoL Compilation)","Relic Stats","StSLib"],"gold_per_floor":[118,134,144,15,33,59,59,72,72,72,72,72,104,115,115,186,186,204,52,52,52,72,99,99,99,99,131,131,6,6,16,16,93,93,108,118,169,193,206,231,245,270,346,346,377,389,414,436,448,460,472,484,496,44,76,76,76],"floor_reached":56,"language":"ENG","playtime":3256,"items_purged":["Strike_G","Strike_G","Strike_G+1","Strike_G+1"],"score":2245,"play_id":"aa1fdeaa-40ca-4bff-9920-4d0aba163096","local_time":"20210219011824","is_ascension_mode":true,"campfire_choices":[{"data":"Neutralize","floor":7.0,"key":"SMITH"},{"data":"Blade Dance","floor":10.0,"key":"SMITH"},{"data":"Dash","floor":15.0,"key":"SMITH"},{"floor":24.0,"key":"REST"},{"floor":28,"key":"REST"},{"floor":32,"key":"REST"},{"floor":44,"key":"REST"},{"floor":46,"key":"RECALL"},{"floor":49,"key":"REST"},{"floor":53,"key":"REST"}],"circlet_count":0,"master_deck":["AscendersBane","Strike_G+1","Defend_G+1","Defend_G+1","Defend_G+1","Defend_G+1","Defend_G+1","Survivor","Neutralize+1","Die Die Die+1","Skewer+1","Dagger Spray+1","Dash+1","Blade Dance+1","Leg Sweep","Burst","Quick Slash","Blade Dance","Ghostly","Ghostly","Ghostly","Blade Dance","Leg Sweep","Night Terror","Adrenaline","Night Terror","Dagger Throw+1","Finisher","Blade Dance"],"relics":["Ring of the Snake","Shuriken","Kunai","Incense Burner","Fusion Hammer","Matryoshka","Mummified Hand","Omamori","PreservedInsect","WristBlade","Torii","MealTicket","Whetstone","InkBottle","Juzu Bracelet","MawBank","Ginger","Letter Opener"],"acts_visited":["Exordium","TheCity","TheBeyond","TheEnding"],"potions_floor_usage":[27,31,33,36,56,56],"damage_taken":[{"damage":0.0,"enemies":"2 Louse","floor":1.0,"turns":2.0},{"damage":2.0,"enemies":"Small Slimes","floor":2.0,"turns":3.0},{"damage":0.0,"enemies":"Jaw Worm","floor":3.0,"turns":4.0},{"damage":5.0,"enemies":"Exordium Wildlife","floor":5.0,"turns":4.0},{"damage":22.0,"enemies":"Gremlin Nob","floor":6.0,"turns":4.0},{"damage":0.0,"enemies":"Gremlin Gang","floor":8.0,"turns":1.0},{"damage":3.0,"enemies":"Lagavulin","floor":13.0,"turns":5.0},{"damage":4.0,"enemies":"2 Fungi Beasts","floor":14.0,"turns":3.0},{"damage":0.0,"enemies":"Slime Boss","floor":16.0,"turns":7.0},{"damage":0.0,"enemies":"Chosen","floor":18.0,"turns":4.0},{"damage":21.0,"enemies":"Shell Parasite","floor":22.0,"turns":2.0},{"damage":0.0,"enemies":"Gremlin Leader","floor":23.0,"turns":5.0},{"damage":20,"enemies":"Slavers","floor":27,"turns":3},{"damage":0,"enemies":"Centurion and Healer","floor":31,"turns":4},{"damage":8,"enemies":"Champ","floor":33,"turns":9},{"damage":2,"enemies":"Orb Walker","floor":35,"turns":4},{"damage":1,"enemies":"3 Shapes","floor":36,"turns":6},{"damage":0,"enemies":"2 Orb Walkers","floor":37,"turns":4},{"damage":0,"enemies":"Spire Growth","floor":39,"turns":5},{"damage":0,"enemies":"Giant Head","floor":40,"turns":7},{"damage":1,"enemies":"Maw","floor":41,"turns":8},{"damage":0,"enemies":"Reptomancer","floor":42,"turns":4},{"damage":0,"enemies":"Giant Head","floor":45,"turns":5},{"damage":0,"enemies":"Jaw Worm Horde","floor":47,"turns":3},{"damage":0,"enemies":"4 Shapes","floor":48,"turns":3},{"damage":18,"enemies":"Donu and Deca","floor":50,"turns":9},{"damage":8,"enemies":"Awakened One","floor":51,"turns":15},{"damage":2,"enemies":"Shield and Spear","floor":55,"turns":12},{"damage":44,"enemies":"The Heart","floor":56,"turns":8}],"seed_played":"3633894768930504807","potions_obtained":[{"floor":2.0,"key":"ColorlessPotion"},{"floor":5.0,"key":"SteroidPotion"},{"floor":8.0,"key":"AttackPotion"},{"floor":18.0,"key":"Fruit Juice"},{"floor":23.0,"key":"AttackPotion"},{"floor":27,"key":"ColorlessPotion"},{"floor":31,"key":"Fire Potion"},{"floor":35,"key":"Fruit Juice"},{"floor":36,"key":"Ancient Potion"},{"floor":37,"key":"EssenceOfSteel"},{"floor":42,"key":"DuplicationPotion"}],"is_trial":false,"path_per_floor":["M","M","M","$","M","E","R","M","T","R","?","?","E","M","R","B",null,"M","$","?","?","M","E","R","?","T","E","R","$","$","M","R","B",null,"M","M","?","T","M","E","M","E","T","R","E","R","M","M","R","B","B",null,"R","$","E","B"],"character_chosen":"THE_SILENT","items_purchased":["Strength Potion","Blade Dance","Ginger"],"campfire_rested":6,"item_purchase_floors":[4,19,54],"current_hp_per_floor":[44,42,42,42,37,15,15,15,15,15,37,17,14,10,10,10,52,52,52,52,33,12,12,21,21,21,1,10,10,10,15,26,18,33,31,35,35,35,35,35,34,34,34,43,43,43,43,43,43,25,17,37,43,43,41,0,0],"gold":76,"neow_bonus":"THREE_RARE_CARDS","is_daily":false,"chose_seed":false,"campfire_upgraded":3,"win_rate":0.0,"timestamp":1613719104,"path_taken":["M","M","M","$","M","E","R","M","T","R","?","?","E","M","R","BOSS","M","$","?","?","M","E","R","?","T","E","R","?","$","?","R","BOSS","M","?","?","?","M","E","M","E","T","R","E","R","M","M","R","BOSS","BOSS","R","$","E","BOSS"],"items_purchased_type":["Potion","Card","Relic"],"build_version":"2020-12-22","purchased_purges":4,"victory":false,"max_hp_per_floor":[66,66,66,66,66,66,66,66,66,66,66,66,66,66,66,66,66,66,66,66,33,33,33,33,33,33,33,33,33,33,38,38,38,38,38,43,43,43,43,43,43,43,43,43,43,43,43,43,43,43,43,43,43,43,43,43,43],"relic_stats":{"Torii":8,"counters":[29,153],"PreservedInsect":397,"Juzu Bracelet":0,"Whetstone":["Dagger Spray","Skewer"],"Ginger":[2],"Letter Opener":[20],"MawBank":108,"Shuriken":[128],"Mummified Hand":[0],"MealTicket":0,"Kunai":[127],"obtain_stats":[{"Torii":37,"PreservedInsect":27,"Incense Burner":13,"Omamori":26,"Juzu Bracelet":42,"Whetstone":38,"Ginger":54,"Letter Opener":55,"MawBank":45,"Matryoshka":23,"WristBlade":34,"Shuriken":6,"Mummified Hand":26,"MealTicket":38,"Fusion Hammer":17,"Kunai":9,"InkBottle":40,"Ring of the Snake":0},{"Torii":18,"PreservedInsect":13,"Incense Burner":7,"Omamori":12,"Juzu Bracelet":22,"Whetstone":18,"Ginger":27,"Letter Opener":28,"MawBank":23,"Matryoshka":12,"WristBlade":15,"Shuriken":5,"Mummified Hand":12,"MealTicket":18,"Fusion Hammer":9,"Kunai":6,"InkBottle":20,"Ring of the Snake":0},{"Torii":74,"PreservedInsect":47,"Incense Burner":23,"Omamori":44,"Juzu Bracelet":98,"Whetstone":74,"Ginger":133,"Letter Opener":145,"MawBank":103,"Matryoshka":44,"WristBlade":60,"Shuriken":17,"Mummified Hand":44,"MealTicket":74,"Fusion Hammer":33,"Kunai":18,"InkBottle":86,"Ring of the Snake":0}],"InkBottle":[41],"Ring of the Snake":[58]},"card_choices":[{"not_picked":["Venomology","Storm of Steel"],"picked":"Die Die Die","floor":0.0},{"not_picked":["Cloak And Dagger","Distraction","Concentrate"],"picked":"SKIP","floor":1.0},{"not_picked":["Setup","Acrobatics"],"picked":"Skewer","floor":2.0},{"not_picked":["Acrobatics","Calculated Gamble"],"picked":"Dagger Spray","floor":3.0},{"not_picked":["Dagger Spray","Accuracy"],"picked":"Dash","floor":5.0},{"not_picked":["Caltrops","Prepared","Dodge and Roll"],"picked":"SKIP","floor":6.0},{"not_picked":["Blur","Noxious Fumes"],"picked":"Blade Dance","floor":8.0},{"not_picked":["Storm of Steel","Catalyst","Deadly Poison"],"picked":"SKIP","floor":13.0},{"not_picked":["Acrobatics","Flying Knee"],"picked":"Leg Sweep","floor":14.0},{"not_picked":["Glass Knife","Tools of the Trade"],"picked":"Burst","floor":16.0},{"not_picked":["Acrobatics","Predator"],"picked":"Quick Slash","floor":18.0},{"not_picked":["Heel Hook","Flying Knee","Noxious Fumes"],"picked":"SKIP","floor":22.0},{"not_picked":["Outmaneuver+1","Deflect+1","Noxious Fumes"],"picked":"SKIP","floor":23.0},{"not_picked":["Reflex","Crippling Poison","Eviscerate"],"picked":"SKIP","floor":27},{"not_picked":["Sucker Punch","Skewer"],"picked":"Leg Sweep","floor":31},{"not_picked":["Doppelganger","Storm of Steel"],"picked":"Night Terror","floor":33},{"not_picked":["Leg Sweep","Quick Slash+1","Underhanded Strike"],"picked":"SKIP","floor":35},{"not_picked":["Dagger Spray","Sucker Punch","Prepared"],"picked":"SKIP","floor":36},{"not_picked":["Deflect","Dagger Spray+1"],"picked":"Adrenaline","floor":37},{"not_picked":["Underhanded Strike","Endless Agony+1","Dagger Spray"],"picked":"SKIP","floor":39},{"not_picked":["Deadly Poison","Riddle With Holes"],"picked":"Night Terror","floor":40},{"not_picked":["PiercingWail","Crippling Poison","Underhanded Strike"],"picked":"SKIP","floor":41},{"not_picked":["Infinite Blades","Bouncing Flask+1"],"picked":"Dagger Throw+1","floor":42},{"not_picked":["Setup","Underhanded Strike","Concentrate"],"picked":"SKIP","floor":45},{"not_picked":["Cloak And Dagger","Endless Agony","Crippling Poison"],"picked":"SKIP","floor":47},{"not_picked":["Flying Knee","Underhanded Strike"],"picked":"Finisher","floor":48},{"not_picked":["Unload","Sucker Punch"],"picked":"Blade Dance","floor":55}],"player_experience":2061356,"relics_obtained":[{"floor":6.0,"key":"Shuriken"},{"floor":9.0,"key":"Kunai"},{"floor":13.0,"key":"Incense Burner"},{"floor":23.0,"key":"Matryoshka"},{"floor":26.0,"key":"Mummified Hand"},{"floor":26.0,"key":"Omamori"},{"floor":27,"key":"PreservedInsect"},{"floor":37,"key":"Torii"},{"floor":38,"key":"MealTicket"},{"floor":38,"key":"Whetstone"},{"floor":40,"key":"InkBottle"},{"floor":42,"key":"Juzu Bracelet"},{"floor":45,"key":"MawBank"},{"floor":55,"key":"Letter Opener"}],"event_choices":[{"damage_healed":22.0,"max_hp_gain":0.0,"max_hp_loss":0.0,"gold_gain":0.0,"event_name":"Big Fish","player_choice":"Banana","floor":11.0,"gold_loss":0.0,"damage_taken":0.0},{"damage_healed":0.0,"max_hp_gain":0.0,"max_hp_loss":0.0,"gold_gain":0.0,"event_name":"Shining Light","player_choice":"Entered Light","floor":12.0,"gold_loss":0.0,"damage_taken":20.0,"cards_upgraded":["Defend_G","Die Die Die"]},{"damage_healed":0.0,"max_hp_gain":0.0,"max_hp_loss":0.0,"gold_gain":0.0,"event_name":"Back to Basics","player_choice":"Simplicity","floor":20.0,"gold_loss":0.0,"damage_taken":0.0,"cards_upgraded":["Strike_G","Strike_G","Strike_G","Defend_G","Defend_G","Defend_G","Defend_G"]},{"damage_healed":0.0,"max_hp_gain":0.0,"max_hp_loss":33.0,"gold_gain":0.0,"event_name":"Ghosts","player_choice":"Became a Ghost","floor":21.0,"gold_loss":0.0,"damage_taken":0.0,"cards_obtained":["Ghostly","Ghostly","Ghostly"]},{"damage_healed":0.0,"max_hp_gain":0.0,"max_hp_loss":0.0,"gold_gain":0.0,"event_name":"The Library","player_choice":"Read","floor":25.0,"gold_loss":0.0,"damage_taken":0.0,"cards_obtained":["Blade Dance"]},{"damage_healed":0,"gold_gain":0,"player_choice":"Fight","damage_taken":0,"max_hp_gain":0,"max_hp_loss":0,"event_name":"Mysterious Sphere","floor":37,"gold_loss":0}],"is_beta":false,"boss_relics":[{"not_picked":["Calling Bell","Ring of the Serpent"],"picked":"Fusion Hammer"},{"not_picked":["Snecko Eye","SlaversCollar"],"picked":"WristBlade"}],"items_purged_floors":[4,19,29,54],"is_endless":false,"potions_floor_spawned":[2,5,8,18,23,27,31,35,36,37,42],"killed_by":"The Heart","ascension_level":20}}