{"host":"n2sr453jcjz6vvl4","time":1613756187,"event":{"mods":["BaseMod","Colored Map","Minty Spire (QoL Compilation)","Permanent Neow","Relic Stats","StSLib"],"gold_per_floor":[114,133,9,84,102,128,128,158,158,113,130,130,161,177,177,177,177],"floor_reached":16,"language":"ENG","playtime":822,"items_purged":[],"score":138,"play_id":"c97f1d19-82e1-43c5-bf18-2eb417f38ea6","local_time":"20210219133627","is_ascension_mode":true,"campfire_choices":[{"data":"Double Tap","floor":7,"key":"SMITH"},{"floor":12,"key":"REST"},{"floor":15,"key":"REST"}],"circlet_count":0,"master_deck":["Strike_R","Strike_R","Strike_R","Strike_R","Strike_R","Defend_R","Defend_R","Defend_R","Defend_R","Bash","Iron Wave","Evolve","Double Tap+1","Clothesline","Iron Wave","Shrug It Off","Rage","Wild Strike","Flex","Combust+1"],"relics":["Burning Blood","NeowsBlessing","Calipers","Darkstone Periapt","Frozen Egg 2","Thread and Needle"],"acts_visited":["Exordium"],"potions_floor_usage":[8,13],"damage_taken":[{"damage":0,"enemies":"Small Slimes","floor":1,"turns":1},{"damage":0,"enemies":"Cultist","floor":2,"turns":1},{"damage":0,"enemies":"2 Louse","floor":5,"turns":1},{"damage":46,"enemies":"Lagavulin","floor":6,"turns":9},{"damage":22,"enemies":"3 Sentries","floor":8,"turns":12},{"damage":7,"enemies":"Exordium Wildlife","floor":11,"turns":4},{"damage":23,"enemies":"Lagavulin","floor":13,"turns":7},{"damage":16,"enemies":"Gremlin Gang","floor":14,"turns":5},{"damage":48,"enemies":"The Guardian","floor":16,"turns":11}],"seed_played":"8902831241653380414","potions_obtained":[{"floor":2,"key":"Energy Potion"},{"floor":8,"key":"SteroidPotion"},{"floor":14,"key":"SmokeBomb"}],"is_trial":false,"path_per_floor":["M","M","$","?","M","E","R","E","T","?","M","R","E","M","R","B"],"character_chosen":"IRONCLAD","items_purchased":["Double Tap","Clothesline"],"campfire_rested":2,"item_purchase_floors":[3,3],"current_hp_per_floor":[80,80,80,72,78,38,38,22,22,22,21,45,28,18,42,0,0],"gold":177,"neow_bonus":"THREE_ENEMY_KILL","is_daily":false,"chose_seed":false,"campfire_upgraded":1,"win_rate":0.0,"timestamp":1613756187,"path_taken":["M","M","$","?","?","E","R","E","T","?","M","R","E","M","R","BOSS"],"items_purchased_type":["Card","Card"],"build_version":"2020-12-22","purchased_purges":0,"victory":false,"max_hp_per_floor":[80,80,80,80,80,80,80,80,80,80,80,80,80,80,80,80,80],"relic_stats":{"Darkstone Periapt":0,"counters":[9,51],"obtain_stats":[{"Darkstone Periapt":8,"Calipers":6,"NeowsBlessing":0,"Thread and Needle":13,"Frozen Egg 2":9,"Burning Blood":0},{"Darkstone Periapt":5,"Calipers":4,"NeowsBlessing":0,"Thread and Needle":7,"Frozen Egg 2":5,"Burning Blood":0},{"Darkstone Periapt":24,"Calipers":12,"NeowsBlessing":0,"Thread and Needle":35,"Frozen Egg 2":24,"Burning Blood":0}],"Burning Blood":36},"card_choices":[{"not_picked":["Flex","Searing Blow"],"picked":"Iron Wave","floor":1},{"not_picked":["Reckless Charge","Dark Embrace"],"picked":"Evolve","floor":2},{"not_picked":["Clothesline","Sever Soul"],"picked":"Iron Wave","floor":5},{"not_picked":["Hemokinesis","Iron Wave"],"picked":"Shrug It Off","floor":6},{"not_picked":["Headbutt","Blood for Blood"],"picked":"Rage","floor":8},{"not_picked":["Flex","Perfected Strike"],"picked":"Wild Strike","floor":11},{"not_picked":["Warcry","Sword Boomerang"],"picked":"Flex","floor":13},{"not_picked":["Pommel Strike","Sever Soul"],"picked":"Combust+1","floor":14}],"player_experience":186057,"relics_obtained":[{"floor":6,"key":"Calipers"},{"floor":8,"key":"Darkstone Periapt"},{"floor":9,"key":"Frozen Egg 2"},{"floor":13,"key":"Thread and Needle"}],"event_choices":[{"damage_healed":0,"gold_gain":75,"player_choice":"Touch","damage_taken":8,"max_hp_gain":0,"max_hp_loss":0,"event_name":"FaceTrader","floor":4,"gold_loss":0},{"damage_healed":0,"gold_gain":0,"player_choice":"Left Gold","damage_taken":0,"max_hp_gain":0,"max_hp_loss":0,"event_name":"World of Goop","floor":10,"gold_loss":45}],"is_beta":false,"boss_relics":[],"items_purged_floors":[],"is_endless":false,"potions_floor_spawned":[2,8,14],"killed_by":"The Guardian","ascension_level":3}}