{"host":"phniwng9zo19jwdb","time":1613693127,"event":{"mods":["AchievementEnabler","BaseMod","Colored Powertips","Dark Map","Displayed Cursed Tome","Faster Ascension Climbing","Filter the Spire","GifTheSpireLib","Minty Spire (QoL Compilation)","Permanent Neow","Rare Cards Sparkle","Relic Filter Mod","StSLib","Weighted Paths"],"gold_per_floor":[110,110,130,52,76,76,1,1,56,87,104,131,151,180,180,252,252,263,72,92,112,131,131,131],"floor_reached":23,"language":"ENG","playtime":818,"items_purged":[],"score":472,"play_id":"bbda4e28-9a92-44ed-8379-7ecbb38b3d9d","local_time":"20210219010527","is_ascension_mode":true,"campfire_choices":[{"data":"Flechettes","floor":6.0,"key":"SMITH"},{"data":"Footwork","floor":8.0,"key":"SMITH"},{"data":"Tools of the Trade","floor":15,"key":"SMITH"}],"circlet_count":0,"master_deck":["AscendersBane","Strike_G","Strike_G","Strike_G","Strike_G","Defend_G","Defend_G","Defend_G","Defend_G","Defend_G","Survivor","Neutralize","Leg Sweep","Flechettes+1","Footwork+1","Crippling Poison","Caltrops","Tools of the Trade+1","Deflect","Choke","Corpse Explosion","Noxious Fumes","Mayhem","Distraction+1","Crippling Poison","Tools of the Trade"],"relics":["Runic Pyramid","Ancient Tea Set","MealTicket","Snake Skull","Potion Belt","Meat on the Bone","HoveringKite"],"acts_visited":["Exordium","TheCity"],"potions_floor_usage":[18,18,20,23],"damage_taken":[{"damage":3.0,"enemies":"Cultist","floor":1.0,"turns":5.0},{"damage":0.0,"enemies":"2 Louse","floor":3.0,"turns":4.0},{"damage":1.0,"enemies":"Lagavulin","floor":10.0,"turns":6.0},{"damage":2.0,"enemies":"Jaw Worm","floor":11.0,"turns":4.0},{"damage":18.0,"enemies":"Gremlin Nob","floor":12.0,"turns":5.0},{"damage":1,"enemies":"Blue Slaver","floor":13,"turns":6},{"damage":1,"enemies":"Lagavulin","floor":14,"turns":7},{"damage":3,"enemies":"Hexaghost","floor":16,"turns":11},{"damage":10,"enemies":"2 Thieves","floor":18,"turns":4},{"damage":0,"enemies":"Chosen","floor":20,"turns":5},{"damage":6,"enemies":"Centurion and Healer","floor":21,"turns":5},{"damage":17,"enemies":"3 Cultists","floor":22,"turns":4},{"damage":5,"enemies":"Book of Stabbing","floor":23,"turns":2}],"seed_played":"-7625313931112603271","potions_obtained":[{"floor":3.0,"key":"Block Potion"},{"floor":10.0,"key":"BlessingOfTheForge"},{"floor":12.0,"key":"DistilledChaos"},{"floor":14,"key":"Block Potion"},{"floor":18,"key":"LiquidMemories"},{"floor":21,"key":"AttackPotion"}],"is_trial":false,"path_per_floor":["M","T","M","$","T","R","?","R","T","E","M","E","M","E","R","B",null,"M","$","M","M","M","E"],"character_chosen":"THE_SILENT","items_purchased":["Footwork","Mayhem"],"campfire_rested":0,"item_purchase_floors":[4,19],"current_hp_per_floor":[56,56,56,56,56,56,56,56,56,55,53,35,34,33,33,42,60,50,65,65,59,42,37,37],"gold":131,"neow_bonus":"BOSS_RELIC","is_daily":false,"chose_seed":false,"campfire_upgraded":3,"win_rate":0.0,"timestamp":1613693127,"path_taken":["M","?","?","$","?","R","?","R","T","E","M","E","M","E","R","BOSS","M","$","M","M","M","E"],"items_purchased_type":["Card","Card"],"build_version":"2020-12-22","purchased_purges":0,"victory":false,"max_hp_per_floor":[66,66,66,66,66,66,66,66,66,66,66,66,66,66,66,66,66,66,66,66,66,66,66,66],"card_choices":[{"not_picked":["Acrobatics","Outmaneuver"],"picked":"Leg Sweep","floor":1.0},{"not_picked":["Caltrops","Dagger Spray"],"picked":"Flechettes","floor":3.0},{"not_picked":["Outmaneuver","Well Laid Plans"],"picked":"Crippling Poison","floor":10.0},{"not_picked":["Sucker Punch","Quick Slash"],"picked":"Caltrops","floor":11.0},{"not_picked":["Predator","Tactician"],"picked":"Tools of the Trade","floor":12.0},{"not_picked":["Expertise","Slice"],"picked":"Deflect","floor":13},{"not_picked":["Dodge and Roll","Finisher"],"picked":"Choke","floor":14},{"not_picked":["Malaise","Burst"],"picked":"Corpse Explosion","floor":16},{"not_picked":["Accuracy","PiercingWail"],"picked":"Noxious Fumes","floor":18},{"not_picked":["Acrobatics","Dodge and Roll"],"picked":"Distraction+1","floor":20},{"not_picked":["Prepared","Acrobatics"],"picked":"Crippling Poison","floor":21},{"not_picked":["Sucker Punch","Flying Knee"],"picked":"Tools of the Trade","floor":22}],"player_experience":171741,"relics_obtained":[{"floor":2.0,"key":"Ancient Tea Set"},{"floor":9.0,"key":"MealTicket"},{"floor":10.0,"key":"Snake Skull"},{"floor":12.0,"key":"Potion Belt"},{"floor":14,"key":"Meat on the Bone"}],"event_choices":[{"cards_removed":["Strike_G"],"damage_healed":0.0,"max_hp_gain":0.0,"max_hp_loss":0.0,"gold_gain":0.0,"event_name":"The Cleric","player_choice":"Card Removal","floor":7.0,"gold_loss":75.0,"damage_taken":0.0}],"is_beta":false,"boss_relics":[{"not_picked":["Cursed Key","SacredBark"],"picked":"HoveringKite"}],"items_purged_floors":[],"is_endless":false,"potions_floor_spawned":[3,10,12,14,18,21],"killed_by":"Book of Stabbing","ascension_level":20}}