{"host":"afy7f4cwlzlk9d39","time":1613725632,"event":{"mods":["Act Like it!","Arknights","BaseMod","Colored Powertips","Energized Spire","Koishi","Minty Spire (QoL Compilation)","Pale of the Ancients","Quick Restart","Reliquary","Remove Card Discount Mod","Replay The Spire","StSLib","【功能Mod】混沌之环修复补丁"],"gold_per_floor":[115,131,131,74,89,89,107,120,144,144,170,196,196,196,196,196,196],"floor_reached":16,"language":"ZHS","playtime":858,"items_purged":["Pain","ats:Defend","ats:Strike G"],"score":100,"play_id":"044a774c-5f8b-465a-a71c-05e1358979d5","local_time":"20210219170712","is_ascension_mode":false,"campfire_choices":[{"data":"ats:Song Of Battle","floor":6,"key":"SMITH"},{"data":"ats:Consecutive Shot Auto","floor":13,"key":"SMITH"},{"data":"ats:Armor Crushing Shot","floor":15,"key":"SMITH"}],"circlet_count":0,"master_deck":["ats:Strike C","ats:Strike S","ats:Strike V","ats:Armor Crushing Shot+1","ats:Defend","ats:Defend","ats:Defend","ats:Emotion Absorption","ats:Song Of Battle+1","ats:Consecutive Shot Auto+1","ats:Directed Diagnosis+1","ats:Assault Order+1","ats:Literary Storm","Regret"],"relics":["ats:Sanity","NeowsBlessing","WarpedTongs","Art of War","ats:Originium","ats:Ability Aura","Bag of Preparation"],"acts_visited":["Exordium"],"potions_floor_usage":[11],"damage_taken":[{"damage":0,"enemies":"Jaw Worm","floor":1,"turns":1},{"damage":0,"enemies":"Cultist","floor":2,"turns":1},{"damage":0,"enemies":"ats:Genji","floor":5,"turns":1},{"damage":13,"enemies":"Exordium Wildlife","floor":7,"turns":5},{"damage":0,"enemies":"Large Slime","floor":8,"turns":8},{"damage":24,"enemies":"Lagavulin","floor":11,"turns":7},{"damage":56,"enemies":"Hexaghost","floor":16,"turns":9}],"seed_played":"8644770755696719414","potions_obtained":[{"floor":5,"key":"Energy Potion"}],"is_trial":false,"path_per_floor":["M","M","?","$","M","R","M","M","T","?","E","T","R","?","R","B"],"character_chosen":"DOCTOR_CLASS","items_purchased":["ats:Directed Diagnosis+1"],"campfire_rested":0,"item_purchase_floors":[4],"current_hp_per_floor":[72,72,72,72,72,72,64,69,69,69,50,50,50,50,50,0,0],"gold":196,"neow_bonus":"THREE_ENEMY_KILL","is_daily":false,"chose_seed":false,"campfire_upgraded":3,"win_rate":0.0,"timestamp":1613725632,"path_taken":["M","M","?","?","M","R","?","M","T","?","E","?","R","?","R","BOSS"],"items_purchased_type":["Card"],"build_version":"2020-12-22","purchased_purges":3,"victory":false,"max_hp_per_floor":[72,72,72,72,72,72,72,72,72,72,72,72,72,72,72,72,72],"card_choices":[{"not_picked":["ats:Guard Mode","ats:Hammer On"],"picked":"ats:Song Of Battle","floor":1},{"not_picked":["ats:Composite Medical Shells","ats:Part Time Job"],"picked":"ats:Consecutive Shot Auto","floor":2},{"not_picked":["ats:Blood Oath","ats:Closed Bolt Burst Fire","ats:Support Order"],"picked":"SKIP","floor":5},{"not_picked":["ats:Guard Mode","ats:Red Shift","ats:Leaping Hammer"],"picked":"SKIP","floor":7},{"not_picked":["ats:Very Hot Blade","ats:Closed Bolt Burst Fire"],"picked":"ats:Assault Order","floor":8},{"not_picked":["ats:Cat Scratch","ats:Flame Of Heaven"],"picked":"ats:Literary Storm","floor":11}],"player_experience":201212,"relics_obtained":[{"floor":9,"key":"Art of War"},{"floor":11,"key":"ats:Originium"},{"floor":11,"key":"ats:Ability Aura"}],"event_choices":[{"damage_healed":0,"gold_gain":0,"player_choice":"Rummage","damage_taken":0,"relics_obtained":["WarpedTongs"],"max_hp_gain":0,"max_hp_loss":0,"event_name":"Accursed Blacksmith","floor":3,"gold_loss":0,"cards_obtained":["Pain"]},{"damage_healed":0,"gold_gain":0,"player_choice":"Grow","damage_taken":0,"max_hp_gain":0,"max_hp_loss":0,"event_name":"Living Wall","floor":10,"gold_loss":0,"cards_upgraded":["ats:Assault Order"]},{"damage_healed":0,"gold_gain":0,"player_choice":"Box","damage_taken":0,"relics_obtained":["Bag of Preparation"],"max_hp_gain":0,"max_hp_loss":0,"event_name":"Big Fish","floor":14,"gold_loss":0,"cards_obtained":["Regret"]}],"is_beta":false,"boss_relics":[],"items_purged_floors":[4,4,4],"is_endless":false,"potions_floor_spawned":[5],"killed_by":"Hexaghost","ascension_level":0}}