{"host":"8f5cu9y0fpol72qs","time":1613720857,"event":{"mods":["AlwaysNeverKeys","BaseMod","Colored Map","Colored Powertips","Curses Come First","Highlight Path","Key Reminder","Minty Spire (QoL Compilation)","StSLib"],"gold_per_floor":[15,31,47,47,66,96,96,96,96],"floor_reached":8,"language":"ENG","playtime":549,"items_purged":[],"score":113,"play_id":"b9f69aee-3848-487a-928b-8581f8ac6828","local_time":"20210218234737","is_ascension_mode":true,"campfire_choices":[{"floor":7,"key":"REST"}],"circlet_count":0,"master_deck":["AscendersBane","Strike_G","Strike_G","Strike_G","Strike_G","Strike_G","Defend_G","Defend_G","Defend_G","Defend_G","Defend_G","Survivor","Neutralize","Adrenaline+1","Deadly Poison","Quick Slash","Poisoned Stab","Blade Dance","Footwork"],"relics":["Ring of the Snake","Tough Bandages","keyreminder:keyreminder"],"acts_visited":["Exordium"],"potions_floor_usage":[6,8],"damage_taken":[{"damage":7,"enemies":"Small Slimes","floor":1,"turns":5},{"damage":0,"enemies":"Cultist","floor":2,"turns":4},{"damage":1,"enemies":"Jaw Worm","floor":3,"turns":3},{"damage":1,"enemies":"Exordium Wildlife","floor":5,"turns":4},{"damage":32,"enemies":"Lagavulin","floor":6,"turns":7},{"damage":52,"enemies":"Gremlin Nob","floor":8,"turns":4}],"seed_played":"4231484651361160231","potions_obtained":[{"floor":3,"key":"LiquidMemories"},{"floor":5,"key":"SpeedPotion"}],"is_trial":false,"path_per_floor":["M","M","M","?","M","E","R","E"],"character_chosen":"THE_SILENT","items_purchased":[],"campfire_rested":1,"item_purchase_floors":[],"current_hp_per_floor":[52,52,51,51,50,18,37,0,0],"gold":96,"neow_bonus":"THREE_RARE_CARDS","is_daily":false,"chose_seed":false,"campfire_upgraded":0,"win_rate":0.0,"timestamp":1613720857,"path_taken":["M","M","M","?","M","E","R","E"],"items_purchased_type":[],"build_version":"2020-12-22","purchased_purges":0,"victory":false,"max_hp_per_floor":[66,66,66,66,66,66,66,66,66],"card_choices":[{"not_picked":["Storm of Steel","Burst"],"picked":"Adrenaline","floor":0},{"not_picked":["Endless Agony","Flechettes"],"picked":"Deadly Poison","floor":1},{"not_picked":["PiercingWail","Flechettes"],"picked":"Quick Slash","floor":2},{"not_picked":["Distraction","Sucker Punch"],"picked":"Poisoned Stab","floor":3},{"not_picked":["Reflex","Flying Knee"],"picked":"Blade Dance","floor":5},{"not_picked":["Backstab","Outmaneuver"],"picked":"Footwork","floor":6}],"player_experience":1108352,"relics_obtained":[{"floor":6,"key":"Tough Bandages"}],"event_choices":[{"damage_healed":0,"gold_gain":0,"player_choice":"Forge","damage_taken":0,"max_hp_gain":0,"max_hp_loss":0,"event_name":"Accursed Blacksmith","floor":4,"gold_loss":0,"cards_upgraded":["Adrenaline"]}],"is_beta":false,"boss_relics":[],"items_purged_floors":[],"is_endless":false,"potions_floor_spawned":[3,5],"killed_by":"Gremlin Nob","ascension_level":19}}