{"host":"u6zqw639dx96ufur","time":1613694030,"event":{"mods":["AchievementEnabler","Act Like it!","BaseMod","Conspire","Hubris","Hyrulean Relics","Minty Spire (QoL Compilation)","Reimu??????","Robot Space Explorer","StSLib","The Dragon Tamer","The Marked","The Runesmith"],"gold_per_floor":[115,37,54,54,74,74,74,88,113,139,139,149,159,159,159,256,256,269,283,302,302,224,252,252,265,320,337,337,348,148,165,165,165,165,165],"floor_reached":33,"language":"ENG","playtime":2016,"items_purged":[],"score":321,"play_id":"56924629-41eb-4db9-895c-ebb4d7afe528","local_time":"20210218182030","is_ascension_mode":false,"metric_token":851,"campfire_choices":[{"floor":6,"key":"REST"},{"floor":11,"key":"REST"},{"floor":15,"key":"REST"},{"floor":28,"key":"REST"},{"floor":32,"key":"REST"}],"dtmod_dragon_data":[0,50,1,-1,12,0],"circlet_count":0,"master_deck":["DTMod:Strike","DTMod:Strike","DTMod:Strike","DTMod:Strike","DTMod:DoubleHit","DTMod:TargetDefense","DTMod:TargetDefense","DTMod:TargetDefense","DTMod:TargetDefense","DTMod:SwitchingTactic","DTMod:HeatWave","DTMod:InvisibleFlame+1","DTMod:QuickFly","DTMod:Training","DTMod:CrossStep","DTMod:Coolant","DTMod:InvisibleFlame","DTMod:FlameSlash","DTMod:InvisibleFlame","DTMod:SwitchingTactic","DTMod:ShadowImage","DTMod:BizarreTactic","DTMod:DeepFocus","DTMod:WarmUp+1","DTMod:Adaptation","DTMod:QuickFly+1","Decay","DTMod:BalancedStrike","DTMod:CleansingStrike+1","DTMod:ComboAttack","conspire:SpireCoStock","conspire:SpireCoStock","conspire:SpireCoStock","conspire:SpireCoStock","DTMod:SealedStrike"],"relics":["DTMod:MagicStone","NeowsBlessing","PreservedInsect","hubris:BottledRain","Pear","Kunai","Vajra"],"acts_visited":["Exordium","TheCity"],"potions_floor_usage":[16,16,20,27,31],"damage_taken":[{"damage":0,"enemies":"conspire:RoseBush","floor":1,"turns":1},{"damage":0,"enemies":"Small Slimes","floor":3,"turns":1},{"damage":0,"enemies":"Cultist","floor":5,"turns":1},{"damage":4,"enemies":"Large Slime","floor":8,"turns":7},{"damage":17,"enemies":"3 Sentries","floor":10,"turns":9},{"damage":6,"enemies":"Gremlin Gang","floor":12,"turns":4},{"damage":7,"enemies":"conspire:2 RoseBushes","floor":13,"turns":3},{"damage":19,"enemies":"The Guardian","floor":16,"turns":12},{"damage":19,"enemies":"Spheric Guardian","floor":18,"turns":6},{"damage":0,"enemies":"3 Byrds","floor":19,"turns":3},{"damage":0,"enemies":"conspire:HollyBat","floor":20,"turns":8},{"damage":6,"enemies":"conspire:Head Lice","floor":23,"turns":6},{"damage":22,"enemies":"Snake Plant","floor":25,"turns":6},{"damage":30,"enemies":"Snecko","floor":27,"turns":9},{"damage":2,"enemies":"conspire:HollyBat","floor":29,"turns":8},{"damage":28,"enemies":"Sentry and Sphere","floor":31,"turns":8},{"damage":51,"enemies":"Collector","floor":33,"turns":12}],"seed_played":"-4924914634712568047","potions_obtained":[{"floor":5,"key":"EssenceOfSteel"},{"floor":10,"key":"ZuzhouPotion:ReiMu"},{"floor":13,"key":"conspire:TimeTravelPotion"},{"floor":16,"key":"EssenceOfSteel"},{"floor":19,"key":"PowerPotion"},{"floor":23,"key":"SpeedPotion"},{"floor":25,"key":"GrandPatriotsElixir:ReiMu"},{"floor":31,"key":"SpeedPotion"}],"is_trial":false,"path_per_floor":["M","$","M","?","M","R","?","M","T","E","R","M","M","?","R","B",null,"M","M","M","T","$","E","?","M","T","M","R","M","?","M","R","B"],"character_chosen":"THE_DT","items_purchased":["DTMod:InvisibleFlame","DTMod:Adaptation"],"campfire_rested":5,"item_purchase_floors":[2,22],"current_hp_per_floor":[45,45,45,45,45,45,45,41,41,24,37,31,24,24,37,18,45,26,33,40,50,50,49,49,33,33,10,26,31,31,10,26,0,0,0],"gold":165,"neow_bonus":"THREE_ENEMY_KILL","is_daily":false,"chose_seed":false,"campfire_upgraded":0,"win_rate":0.0,"timestamp":1613694030,"path_taken":["M","$","M","?","M","R","?","M","T","E","R","M","M","?","R","BOSS","M","M","M","?","$","E","?","M","T","?","R","M","?","M","R","BOSS"],"items_purchased_type":["Card","Card"],"build_version":"2020-12-22","purchased_purges":0,"victory":false,"max_hp_per_floor":[45,45,45,45,45,45,45,45,45,45,45,45,45,45,45,45,45,45,45,45,55,55,55,55,55,55,55,55,55,55,55,55,55,55,55],"card_choices":[{"not_picked":["DTMod:Threaten","DTMod:BuildUp"],"picked":"DTMod:HeatWave","floor":1},{"not_picked":["DTMod:ExcessFootwork","DTMod:LowKick"],"picked":"DTMod:QuickFly","floor":3},{"not_picked":["DTMod:HeatWave","DTMod:MagicField"],"picked":"DTMod:Training","floor":5},{"not_picked":["DTMod:BreakAttack","DTMod:DarkBreath"],"picked":"DTMod:CrossStep","floor":8},{"not_picked":["DTMod:CrossStep","DTMod:GearUp"],"picked":"DTMod:Coolant","floor":10},{"not_picked":["DTMod:HeatWave","DTMod:BuildUp"],"picked":"DTMod:InvisibleFlame","floor":12},{"not_picked":["DTMod:BreakAttack","DTMod:HeatWave"],"picked":"DTMod:FlameSlash","floor":13},{"not_picked":["DTMod:EchoTactic","DTMod:TriAttack"],"picked":"DTMod:ShadowImage","floor":16},{"not_picked":["DTMod:BuildUp+1","DTMod:DarkBreath+1"],"picked":"DTMod:BizarreTactic","floor":18},{"not_picked":["DTMod:BizarreTactic+1","DTMod:PurifyingFlame"],"picked":"DTMod:DeepFocus","floor":19},{"not_picked":["DTMod:Coolant","DTMod:PurifyingFlame+1"],"picked":"DTMod:WarmUp+1","floor":20},{"not_picked":["DTMod:Astonish","DTMod:HeatWave"],"picked":"DTMod:QuickFly+1","floor":23},{"not_picked":["DTMod:Cover","DTMod:FlameSlash"],"picked":"DTMod:BalancedStrike","floor":25},{"not_picked":["DTMod:LowKick+1","DTMod:TagTeam"],"picked":"DTMod:CleansingStrike+1","floor":27},{"not_picked":["DTMod:Cover","DTMod:MagicField"],"picked":"DTMod:ComboAttack","floor":29},{"not_picked":["DTMod:ForkedFire","DTMod:Punisher"],"picked":"DTMod:SealedStrike","floor":31}],"player_experience":203594,"relics_obtained":[{"floor":9,"key":"PreservedInsect"},{"floor":10,"key":"hubris:BottledRain"},{"floor":21,"key":"Pear"},{"floor":23,"key":"Kunai"},{"floor":26,"key":"Vajra"}],"event_choices":[{"damage_healed":0,"gold_gain":0,"player_choice":"Grow","damage_taken":0,"max_hp_gain":0,"max_hp_loss":0,"event_name":"Living Wall","floor":4,"gold_loss":0,"cards_upgraded":["DTMod:InvisibleFlame"]},{"damage_healed":0,"gold_gain":0,"player_choice":"Ignored","damage_taken":0,"max_hp_gain":0,"max_hp_loss":0,"event_name":"Liars Game","floor":7,"gold_loss":0},{"damage_healed":0,"gold_gain":0,"player_choice":"2 cards matched","damage_taken":0,"max_hp_gain":0,"max_hp_loss":0,"event_name":"Match and Keep!","floor":14,"gold_loss":0,"cards_obtained":["DTMod:InvisibleFlame","DTMod:SwitchingTactic"]},{"damage_healed":0,"gold_gain":0,"player_choice":"Cursed","damage_taken":0,"max_hp_gain":0,"max_hp_loss":0,"event_name":"Wheel of Change","floor":24,"gold_loss":0,"cards_obtained":["Decay"]},{"damage_healed":0,"gold_gain":0,"player_choice":"Invest 4","damage_taken":0,"max_hp_gain":0,"max_hp_loss":0,"event_name":"conspire:Investor","floor":30,"gold_loss":0}],"is_beta":false,"boss_relics":[{"not_picked":["Busted Crown","Cursed Key"],"picked":"DTMod:MagicStone"}],"items_purged_floors":[],"is_endless":false,"potions_floor_spawned":[5,10,13,16,19,23,25,31],"killed_by":"Collector","ascension_level":0}}