{"host":"tf5skwcwe0vlu2md","time":1613739299,"event":{"mods":["BaseMod","Downfall","Highlight Path","Minty Spire (QoL Compilation)","Quick Restart","StSLib","The Hierophant"],"gold_per_floor":[113,113,12,29,45,77,77,106,133,133,167,186,196,107,107,208,208,226,240,254,2,31,31,62,80,80,114,130,143,143,157,157,157,157],"floor_reached":33,"playtime":2043,"items_purged":[],"score":434,"play_id":"677c0ce5-fcdd-4cac-ae72-a2d6cbd94161","local_time":"20210219235459","is_ascension_mode":true,"campfire_choices":[{"data":"Defragment","floor":7,"key":"SMITH"},{"data":"Zap","floor":10,"key":"SMITH"},{"data":"Creative AI","floor":15,"key":"SMITH"},{"floor":23,"key":"REST"},{"floor":30,"key":"REST"},{"floor":32,"key":"REST"}],"circlet_count":0,"master_deck":["Strike_B","Strike_B","Strike_B","Strike_B","Defend_B","Defend_B","Defend_B","Defend_B","Zap+1","Dualcast","CurseOfTheBell","Beam Cell","Echo Form","Hologram","Loop","Defragment+1","Lockon","Ball Lightning","Stack","Creative AI+1","Beam Cell","Force Field","Turbo","Lockon","Core Surge","Streamline+1","Streamline+1","Beam Cell","Hello World","Turbo","Storm+1","Static Discharge","Multi-Cast","Streamline","Storm"],"relics":["Calling Bell","Blood Vial","Cables","FossilizedHelix","Boot","Smiling Mask","Art of War","Shuriken","Nuclear Battery","Lee\u0027s Waffle","Red Mask","Pear","Lantern","Anchor"],"acts_visited":["Exordium","TheCity"],"potions_floor_usage":[6,11,13,16,22,27,27,33],"damage_taken":[{"damage":0,"enemies":"Small Slimes","floor":1,"turns":4},{"damage":10,"enemies":"Cultist","floor":4,"turns":4},{"damage":0,"enemies":"2 Louse","floor":5,"turns":3},{"damage":10,"enemies":"Lagavulin","floor":6,"turns":6},{"damage":0,"enemies":"Gremlin Nob","floor":8,"turns":3},{"damage":8,"enemies":"3 Sentries","floor":11,"turns":7},{"damage":3,"enemies":"Looter","floor":12,"turns":3},{"damage":2,"enemies":"Exordium Wildlife","floor":13,"turns":4},{"damage":25,"enemies":"Hexaghost","floor":16,"turns":7},{"damage":6,"enemies":"Chosen","floor":18,"turns":4},{"damage":46,"enemies":"2 Thieves","floor":19,"turns":4},{"damage":16,"enemies":"Snake Plant","floor":20,"turns":3},{"damage":50,"enemies":"Masked Bandits","floor":22,"turns":4},{"damage":35,"enemies":"Gremlin Leader","floor":24,"turns":6},{"damage":0,"enemies":"Cultist and Chosen","floor":25,"turns":5},{"damage":28,"enemies":"Slavers","floor":27,"turns":5},{"damage":0,"enemies":"Sentry and Sphere","floor":28,"turns":4},{"damage":6,"enemies":"Snake Plant","floor":29,"turns":3},{"damage":14,"enemies":"Centurion and Healer","floor":31,"turns":3},{"damage":65,"enemies":"Collector","floor":33,"turns":6}],"seed_played":"1779418960989565221","potions_obtained":[{"floor":4,"key":"hexamod:EctoCoolerPotion"},{"floor":5,"key":"Weak Potion"},{"floor":6,"key":"Weak Potion"},{"floor":8,"key":"Block Potion"},{"floor":18,"key":"EssenceOfSteel"},{"floor":20,"key":"Dexterity Potion"},{"floor":24,"key":"champ:CounterPotion"},{"floor":28,"key":"Ancient Potion"},{"floor":29,"key":"Ancient Potion"}],"is_trial":false,"path_per_floor":["M","?","$","M","M","E","R","E","T","R","E","M","M","$","R","B",null,"M","M","M","$","?","R","E","M","T","E","M","M","R","M","R","B"],"character_chosen":"DEFECT","items_purchased":["Hologram","Loop","Turbo","Lockon","Lee\u0027s Waffle","Hello World","Turbo"],"campfire_rested":3,"item_purchase_floors":[3,3,14,14,21,21,21],"current_hp_per_floor":[75,75,75,65,67,59,59,61,61,61,55,54,54,54,54,31,75,69,25,11,82,32,56,33,35,35,9,11,7,34,22,49,0,0],"gold":157,"neow_bonus":"BOSS_RELIC","is_daily":false,"chose_seed":false,"campfire_upgraded":3,"win_rate":0.0,"timestamp":1613739299,"path_taken":["M","?","?","M","M","E","R","E","T","R","E","M","?","$","R","BOSS","M","M","M","$","?","R","E","M","T","E","M","M","R","M","R","BOSS"],"items_purchased_type":["Card","Card","Card","Card","Relic","Card","Card"],"build_version":"2020-12-13","purchased_purges":0,"victory":false,"max_hp_per_floor":[75,75,75,75,75,75,75,75,75,75,75,75,75,75,75,75,75,75,75,75,82,82,82,92,92,92,92,92,92,92,92,92,92,92],"card_choices":[{"not_picked":["Sweeping Beam","Blizzard"],"picked":"Beam Cell","floor":1},{"not_picked":["Sweeping Beam","Conserve Battery"],"picked":"Defragment","floor":4},{"not_picked":["Reprogram","Glacier"],"picked":"Lockon","floor":5},{"not_picked":["Cold Snap","Conserve Battery"],"picked":"Ball Lightning","floor":6},{"not_picked":["Capacitor","Chaos"],"picked":"Stack","floor":8},{"not_picked":["Coolheaded","Leap"],"picked":"Creative AI","floor":11},{"not_picked":["Rip and Tear","Heatsinks"],"picked":"Beam Cell","floor":12},{"not_picked":["Compile Driver","Undo"],"picked":"Force Field","floor":13},{"not_picked":["Hyperbeam","All For One"],"picked":"Core Surge","floor":16},{"not_picked":["Rip and Tear","Sweeping Beam"],"picked":"Streamline+1","floor":18},{"not_picked":["Recycle","Hologram"],"picked":"Streamline+1","floor":19},{"not_picked":["Rebound","Undo"],"picked":"Beam Cell","floor":20},{"not_picked":["Creative AI","Genetic Algorithm","Rebound"],"picked":"SKIP","floor":24},{"not_picked":["Sweeping Beam","Rip and Tear"],"picked":"Storm+1","floor":25},{"not_picked":["FTL","Rip and Tear"],"picked":"Static Discharge","floor":27},{"not_picked":["Leap","Beam Cell"],"picked":"Multi-Cast","floor":28},{"not_picked":["Stack","Hologram"],"picked":"Streamline","floor":29},{"not_picked":["Streamline","Heatsinks"],"picked":"Storm","floor":31}],"player_experience":287604,"relics_obtained":[{"floor":0,"key":"Blood Vial"},{"floor":0,"key":"Cables"},{"floor":0,"key":"FossilizedHelix"},{"floor":6,"key":"Boot"},{"floor":8,"key":"Smiling Mask"},{"floor":9,"key":"Art of War"},{"floor":11,"key":"Shuriken"},{"floor":22,"key":"Red Mask"},{"floor":24,"key":"Pear"},{"floor":26,"key":"Lantern"},{"floor":27,"key":"Anchor"}],"event_choices":[{"damage_healed":0,"gold_gain":0,"player_choice":"1 cards matched","damage_taken":0,"max_hp_gain":0,"max_hp_loss":0,"event_name":"Match and Keep!","floor":2,"gold_loss":0,"cards_obtained":["Echo Form"]},{"damage_healed":0,"gold_gain":0,"player_choice":"Fought Bandits","damage_taken":0,"max_hp_gain":0,"max_hp_loss":0,"event_name":"Masked Bandits","floor":22,"gold_loss":0}],"is_beta":false,"boss_relics":[{"not_picked":["Pandora\u0027s Box","Busted Crown"],"picked":"Nuclear Battery"}],"items_purged_floors":[],"is_endless":false,"potions_floor_spawned":[4,5,6,8,18,20,24,28,29],"killed_by":"Collector","ascension_level":3}}