{"host":"ow66nzv2xecjoor3","time":1613756997,"event":{"mods":["BaseMod","Bestiary","Block Reminder","Colored Powertips","Curses Come First","Highlight Path","Keyboard Shortcuts","Minty Spire (QoL Compilation)","Permanent Neow","Relic Stats","StSLib","UnlockEverythingMod"],"gold_per_floor":[10,28,48,48,59,59,70,84,84,104,132,149,181,231,231,302,302,314,93,108,118,137,137,163,179,179,193,52,65,77,87,87,87,87],"floor_reached":33,"language":"ENG","playtime":1572,"items_purged":["Strike_G","Strike_G"],"score":628,"play_id":"30c9669f-26cf-4687-a9b0-23005578def7","local_time":"20210219114957","is_ascension_mode":true,"campfire_choices":[{"data":"Deadly Poison","floor":6.0,"key":"SMITH"},{"floor":15.0,"key":"REST"},{"data":"Corpse Explosion","floor":23.0,"key":"SMITH"},{"floor":32,"key":"REST"}],"circlet_count":0,"master_deck":["AscendersBane","Strike_G","Defend_G","Defend_G","Defend_G","Defend_G","Defend_G","Survivor","Neutralize","Leg Sweep","Night Terror","Leg Sweep","Deadly Poison+1","Flechettes","Slice","Footwork","Corpse Explosion+1","Terror","Malaise","Backflip","Blade Dance","Masterful Stab+1","Skewer+1","Choke+1","Infinite Blades","Backflip","Prepared+1","Endless Agony+1"],"relics":["Ring of the Serpent","Smiling Mask","Pear","CaptainsWheel","Matryoshka","Anchor","Akabeko","Kunai","Ornamental Fan"],"acts_visited":["Exordium","TheCity"],"potions_floor_usage":[30,33],"damage_taken":[{"damage":4.0,"enemies":"Small Slimes","floor":1.0,"turns":6.0},{"damage":16.0,"enemies":"Cultist","floor":2.0,"turns":5.0},{"damage":0.0,"enemies":"Jaw Worm","floor":3.0,"turns":6.0},{"damage":6.0,"enemies":"Large Slime","floor":5.0,"turns":15.0},{"damage":4.0,"enemies":"Blue Slaver","floor":7.0,"turns":4.0},{"damage":1.0,"enemies":"2 Fungi Beasts","floor":8.0,"turns":3.0},{"damage":5.0,"enemies":"3 Louse","floor":10.0,"turns":4.0},{"damage":20.0,"enemies":"Lagavulin","floor":11.0,"turns":10.0},{"damage":0.0,"enemies":"Looter","floor":12.0,"turns":4.0},{"damage":6.0,"enemies":"Gremlin Nob","floor":13.0,"turns":4.0},{"damage":11.0,"enemies":"The Guardian","floor":16.0,"turns":12.0},{"damage":0.0,"enemies":"Chosen","floor":18.0,"turns":7.0},{"damage":9.0,"enemies":"3 Byrds","floor":20.0,"turns":3.0},{"damage":3.0,"enemies":"Snecko","floor":21.0,"turns":7.0},{"damage":0.0,"enemies":"Centurion and Healer","floor":22.0,"turns":5.0},{"damage":43.0,"enemies":"Gremlin Leader","floor":24.0,"turns":9.0},{"damage":5.0,"enemies":"Shelled Parasite and Fungi","floor":25.0,"turns":2.0},{"damage":1.0,"enemies":"Snecko","floor":27.0,"turns":6.0},{"damage":0.0,"enemies":"Snake Plant","floor":29.0,"turns":2.0},{"damage":0,"enemies":"Cultist and Chosen","floor":30,"turns":4},{"damage":0,"enemies":"3 Cultists","floor":31,"turns":2},{"damage":25,"enemies":"Collector","floor":33,"turns":5}],"seed_played":"7171417080901690041","potions_obtained":[{"floor":2.0,"key":"Dexterity Potion"},{"floor":7.0,"key":"BlessingOfTheForge"},{"floor":12.0,"key":"DuplicationPotion"},{"floor":13.0,"key":"Dexterity Potion"},{"floor":24.0,"key":"Fire Potion"},{"floor":25.0,"key":"Swift Potion"},{"floor":27.0,"key":"Strength Potion"}],"is_trial":false,"path_per_floor":["M","M","M","?","M","R","M","M","T","M","E","M","E","?","R","B",null,"M","$","M","M","M","R","E","M","T","M","$","M","M","M","R","B"],"character_chosen":"THE_SILENT","items_purchased":["Anchor","Infinite Blades","Backflip"],"campfire_rested":2,"item_purchase_floors":[19,28,28],"current_hp_per_floor":[55,39,39,39,33,33,29,28,38,33,13,13,7,7,29,18,62,62,62,53,50,50,50,7,2,2,1,1,1,1,1,23,0,0],"gold":87,"neow_bonus":"TRANSFORM_TWO_CARDS","is_daily":false,"chose_seed":false,"campfire_upgraded":2,"win_rate":0.0,"timestamp":1613756997,"path_taken":["M","M","M","?","M","R","M","?","T","M","E","M","E","?","R","BOSS","M","$","M","M","M","R","E","M","T","M","$","M","M","M","R","BOSS"],"items_purchased_type":["Relic","Card","Card"],"build_version":"2020-12-22","purchased_purges":2,"victory":false,"max_hp_per_floor":[66,66,66,66,66,66,66,66,76,76,76,76,76,76,76,76,76,76,76,76,76,76,76,76,76,76,76,76,76,76,76,76,76,76],"relic_stats":{"counters":[22,125],"Ornamental Fan":[24],"Kunai":[6],"Smiling Mask":75,"obtain_stats":[{"CaptainsWheel":11,"Anchor":19,"Pear":9,"Matryoshka":13,"Ornamental Fan":26,"Kunai":26,"Smiling Mask":4,"Ring of the Serpent":17,"Akabeko":24,"Ring of the Snake":0},{"CaptainsWheel":8,"Anchor":12,"Pear":6,"Matryoshka":10,"Ornamental Fan":17,"Kunai":17,"Smiling Mask":3,"Ring of the Serpent":11,"Akabeko":16,"Ring of the Snake":0},{"CaptainsWheel":53,"Anchor":80,"Pear":39,"Matryoshka":61,"Ornamental Fan":106,"Kunai":106,"Smiling Mask":17,"Ring of the Serpent":73,"Akabeko":104,"Ring of the Snake":0}]},"card_choices":[{"not_picked":["Outmaneuver","Deflect"],"picked":"Leg Sweep","floor":1.0},{"not_picked":["Footwork","Bane"],"picked":"Deadly Poison","floor":2.0},{"not_picked":["Underhanded Strike","Crippling Poison"],"picked":"Flying Knee","floor":3.0},{"not_picked":["Prepared","Acrobatics"],"picked":"Flechettes","floor":5.0},{"not_picked":["Backflip","Dagger Throw"],"picked":"Slice","floor":7.0},{"not_picked":["Blur","Endless Agony"],"picked":"Footwork","floor":8.0},{"not_picked":["Night Terror","Deflect","Accuracy"],"picked":"SKIP","floor":10.0},{"not_picked":["Outmaneuver","Sucker Punch"],"picked":"Corpse Explosion","floor":11.0},{"not_picked":["Sucker Punch","Cloak And Dagger"],"picked":"Terror","floor":12.0},{"not_picked":["Outmaneuver","Dodge and Roll","Flying Knee"],"picked":"SKIP","floor":13.0},{"not_picked":["A Thousand Cuts","Grand Finale"],"picked":"Malaise","floor":16.0},{"not_picked":["Flying Knee","Deflect"],"picked":"Backflip","floor":18.0},{"not_picked":["Sucker Punch","Dodge and Roll"],"picked":"Blade Dance","floor":20.0},{"not_picked":["Setup","Escape Plan"],"picked":"Masterful Stab+1","floor":21.0},{"not_picked":["Deflect","Poisoned Stab","Slice"],"picked":"SKIP","floor":22.0},{"not_picked":["Prepared","Quick Slash"],"picked":"Skewer+1","floor":24.0},{"not_picked":["Slice","Dagger Spray","Quick Slash"],"picked":"SKIP","floor":25.0},{"not_picked":["Caltrops","Envenom"],"picked":"Choke+1","floor":27.0},{"not_picked":["Well Laid Plans","Deadly Poison"],"picked":"Prepared+1","floor":29.0},{"not_picked":["Backflip+1","Quick Slash+1"],"picked":"Endless Agony+1","floor":30},{"not_picked":["Quick Slash","Distraction","Sucker Punch+1"],"picked":"SKIP","floor":31}],"player_experience":2896397,"relics_obtained":[{"floor":9.0,"key":"Pear"},{"floor":11.0,"key":"CaptainsWheel"},{"floor":13.0,"key":"Matryoshka"},{"floor":24.0,"key":"Akabeko"},{"floor":26.0,"key":"Kunai"},{"floor":26.0,"key":"Ornamental Fan"}],"event_choices":[{"cards_removed":["Flying Knee"],"damage_healed":0.0,"max_hp_gain":0.0,"max_hp_loss":0.0,"gold_gain":0.0,"event_name":"WeMeetAgain","player_choice":"Gave Card","floor":4.0,"gold_loss":0.0,"damage_taken":0.0,"relics_obtained":["Smiling Mask"]},{"damage_healed":0.0,"max_hp_gain":0.0,"max_hp_loss":0.0,"gold_gain":50.0,"event_name":"Golden Shrine","player_choice":"Pray","floor":14.0,"gold_loss":0.0,"damage_taken":0.0}],"is_beta":false,"boss_relics":[{"not_picked":["Tiny House","Fusion Hammer"],"picked":"Ring of the Serpent"}],"items_purged_floors":[19,28],"is_endless":false,"potions_floor_spawned":[2,7,10,12,13,21,24,25,27],"killed_by":"Collector","ascension_level":20}}