{"host":"zdcz0a6aak4rnx0s","time":1613768897,"event":{"mods":["AchievementEnabler","BaseMod","Colored Map","Colored Powertips","Minty Spire (QoL Compilation)","StSLib"],"gold_per_floor":[20,30,30,30,53,53,96,132,132,132,57,27,52,52,52,145,145,170,170,8,8,28,28,28,28,28,49,49,74,74,92,92,185,185,200,200,214,245,259,259,275,306,306,306,330,330,149,129,129,129,129],"floor_reached":50,"language":"ENG","playtime":2005,"items_purged":["Strike_R","Writhe"],"score":1028,"play_id":"1f47dbcf-942f-4871-8f09-54d4f6c9b718","local_time":"20210219150817","is_ascension_mode":true,"campfire_choices":[{"data":"Barricade","floor":6.0,"key":"SMITH"},{"data":"Body Slam","floor":10.0,"key":"SMITH"},{"data":"Armaments","floor":15.0,"key":"SMITH"},{"data":"Entrench","floor":23,"key":"SMITH"},{"data":"Shrug It Off","floor":25,"key":"SMITH"},{"data":"Immolate","floor":28,"key":"SMITH"},{"data":"Immolate","floor":30,"key":"SMITH"},{"data":"Fire Breathing","floor":32,"key":"SMITH"},{"floor":40,"key":"REST"},{"data":"Burning Pact","floor":44,"key":"SMITH"},{"data":"Shockwave","floor":49,"key":"SMITH"}],"circlet_count":0,"master_deck":["AscendersBane","Strike_R","Defend_R","Defend_R","Defend_R","Defend_R","Bash","Immolate+1","Fire Breathing+1","Barricade+1","Body Slam+1","Headbutt","Shrug It Off+1","Armaments+1","Perfected Strike","Exhume","Necronomicurse","Entrench+1","Immolate+1","Shrug It Off+1","Burning Pact+1","Shockwave+1"],"relics":["Burning Blood","Golden Idol","Anchor","Odd Mushroom","Meat on the Bone","Busted Crown","Necronomicon","Magic Flower","Black Star","WingedGreaves","Paper Frog","Red Skull","Pen Nib","MealTicket"],"acts_visited":["Exordium","TheCity","TheBeyond"],"potions_floor_usage":[27,33,35,38,39,42,50],"damage_taken":[{"damage":0.0,"enemies":"Cultist","floor":1.0,"turns":2.0},{"damage":0.0,"enemies":"2 Louse","floor":2.0,"turns":1.0},{"damage":9.0,"enemies":"Small Slimes","floor":5.0,"turns":5.0},{"damage":25.0,"enemies":"3 Sentries","floor":7.0,"turns":3.0},{"damage":3.0,"enemies":"The Mushroom Lair","floor":8.0,"turns":2.0},{"damage":0.0,"enemies":"2 Fungi Beasts","floor":13.0,"turns":2.0},{"damage":14.0,"enemies":"Slime Boss","floor":16.0,"turns":8.0},{"damage":7.0,"enemies":"Shell Parasite","floor":18.0,"turns":5.0},{"damage":0,"enemies":"2 Thieves","floor":22,"turns":2},{"damage":0,"enemies":"Snecko","floor":27,"turns":5},{"damage":9,"enemies":"Snake Plant","floor":29,"turns":2},{"damage":0,"enemies":"3 Cultists","floor":31,"turns":4},{"damage":0,"enemies":"Automaton","floor":33,"turns":6},{"damage":3,"enemies":"3 Darklings","floor":35,"turns":2},{"damage":0,"enemies":"Orb Walker","floor":37,"turns":4},{"damage":0,"enemies":"Mind Bloom Boss Battle","floor":38,"turns":6},{"damage":57,"enemies":"Maw","floor":39,"turns":7},{"damage":3,"enemies":"Sphere and 2 Shapes","floor":41,"turns":3},{"damage":47,"enemies":"Reptomancer","floor":42,"turns":7},{"damage":70,"enemies":"Awakened One","floor":50,"turns":10}],"seed_played":"8070635880955108088","potions_obtained":[{"floor":7.0,"key":"Dexterity Potion"},{"floor":8.0,"key":"Weak Potion"},{"floor":22,"key":"Regen Potion"},{"floor":31,"key":"Swift Potion"},{"floor":33,"key":"SkillPotion"},{"floor":35,"key":"Ancient Potion"},{"floor":38,"key":"Strength Potion"},{"floor":41,"key":"LiquidBronze"},{"floor":42,"key":"Block Potion"}],"is_trial":false,"path_per_floor":["M","M","?","?","M","R","E","?","T","R","?","$","M","?","R","B",null,"M","?","$","?","M","R","?","R","T","M","R","M","R","M","R","B",null,"M","?","M","?","M","R","M","E","T","R","T","?","$","?","R","B"],"character_chosen":"IRONCLAD","items_purchased":["Shrug It Off","Entrench","Shockwave"],"campfire_rested":1,"item_purchase_floors":[12,20,47],"current_hp_per_floor":[74,75,75,68,65,65,46,49,49,49,49,49,55,55,55,47,63,62,41,41,41,47,47,47,47,47,68,68,68,68,68,68,68,68,68,68,68,68,38,58,64,44,44,44,44,58,68,68,68,0,0],"gold":129,"neow_bonus":"THREE_RARE_CARDS","is_daily":false,"chose_seed":false,"campfire_upgraded":10,"win_rate":0.0,"timestamp":1613768897,"path_taken":["M","M","?","?","M","R","E","?","T","R","?","$","M","?","R","BOSS","M","?","$","?","M","R","?","R","T","M","R","M","R","?","R","BOSS","M","?","M","?","M","R","M","E","T","R","?","?","$","?","R","BOSS"],"items_purchased_type":["Card","Card","Card"],"build_version":"2020-12-22","purchased_purges":2,"victory":false,"max_hp_per_floor":[75,75,75,68,68,68,68,68,68,68,68,68,68,68,68,68,68,68,68,68,68,68,68,68,68,68,68,68,68,68,68,68,68,68,68,68,68,68,68,68,68,68,68,68,68,68,68,68,68,68,68],"card_choices":[{"not_picked":["Demon Form","Corruption"],"picked":"Immolate","floor":0.0},{"not_picked":["Clothesline","Armaments","Cleave"],"picked":"SKIP","floor":1.0},{"not_picked":["Pommel Strike","Battle Trance"],"picked":"Fire Breathing","floor":2.0},{"not_picked":["Clothesline","Thunderclap"],"picked":"Barricade","floor":5.0},{"not_picked":["Whirlwind","Clash"],"picked":"Body Slam","floor":7.0},{"not_picked":["Body Slam","Sentinel"],"picked":"Headbutt","floor":8.0},{"not_picked":["Sever Soul","Clash"],"picked":"Armaments","floor":13.0},{"not_picked":["Bludgeon","Brutality"],"picked":"Exhume","floor":16.0},{"not_picked":["Clothesline"],"picked":"SKIP","floor":18.0},{"not_picked":["Armaments"],"picked":"SKIP","floor":22},{"not_picked":["Heavy Blade"],"picked":"SKIP","floor":27},{"not_picked":["Heavy Blade"],"picked":"SKIP","floor":29},{"not_picked":[],"picked":"Shrug It Off+1","floor":31},{"not_picked":["Cleave"],"picked":"SKIP","floor":35},{"not_picked":["Inflame"],"picked":"SKIP","floor":37},{"not_picked":["Anger"],"picked":"SKIP","floor":39},{"not_picked":["Reckless Charge"],"picked":"SKIP","floor":41},{"not_picked":[],"picked":"Burning Pact","floor":42}],"player_experience":1040100,"relics_obtained":[{"floor":7.0,"key":"Anchor"},{"floor":8.0,"key":"Odd Mushroom"},{"floor":9.0,"key":"Meat on the Bone"},{"floor":19,"key":"Necronomicon"},{"floor":26,"key":"Magic Flower"},{"floor":38,"key":"WingedGreaves"},{"floor":42,"key":"Paper Frog"},{"floor":42,"key":"Red Skull"},{"floor":43,"key":"Pen Nib"},{"floor":45,"key":"MealTicket"}],"event_choices":[{"cards_removed":["Strike_R"],"damage_healed":0.0,"max_hp_gain":0.0,"max_hp_loss":0.0,"gold_gain":0.0,"event_name":"Living Wall","player_choice":"Forget","floor":3.0,"gold_loss":0.0,"damage_taken":0.0},{"damage_healed":0.0,"max_hp_gain":0.0,"max_hp_loss":7.0,"gold_gain":0.0,"event_name":"Golden Idol","player_choice":"Lose Max HP","floor":4.0,"gold_loss":0.0,"damage_taken":0.0,"relics_obtained":["Golden Idol"]},{"damage_healed":0.0,"max_hp_gain":0.0,"max_hp_loss":0.0,"gold_gain":0.0,"event_name":"Mushrooms","player_choice":"Fought Mushrooms","floor":8.0,"gold_loss":0.0,"damage_taken":0.0},{"cards_removed":["Strike_R"],"damage_healed":0.0,"max_hp_gain":0.0,"max_hp_loss":0.0,"gold_gain":0.0,"event_name":"The Cleric","player_choice":"Card Removal","floor":11.0,"gold_loss":75.0,"damage_taken":0.0},{"damage_healed":0.0,"max_hp_gain":0.0,"max_hp_loss":0.0,"gold_gain":0.0,"cards_transformed":["Strike_R"],"event_name":"Transmorgrifier","player_choice":"Transformed","floor":14.0,"gold_loss":0.0,"damage_taken":0.0,"cards_obtained":["Perfected Strike"]},{"damage_healed":0,"gold_gain":0,"player_choice":"Obtained Book","damage_taken":21,"max_hp_gain":0,"max_hp_loss":0,"event_name":"Cursed Tome","floor":19,"gold_loss":0},{"damage_healed":0,"gold_gain":0,"player_choice":"Ignored","damage_taken":0,"max_hp_gain":0,"max_hp_loss":0,"event_name":"Ghosts","floor":21,"gold_loss":0},{"damage_healed":0,"gold_gain":0,"player_choice":"Copied","damage_taken":0,"max_hp_gain":0,"max_hp_loss":0,"event_name":"Duplicator","floor":24,"gold_loss":0,"cards_obtained":["Immolate"]},{"damage_healed":0,"gold_gain":0,"player_choice":"Ignored","damage_taken":0,"max_hp_gain":0,"max_hp_loss":0,"event_name":"Tomb of Lord Red Mask","floor":36,"gold_loss":0},{"damage_healed":0,"gold_gain":0,"player_choice":"Fight","damage_taken":0,"max_hp_gain":0,"max_hp_loss":0,"event_name":"MindBloom","floor":38,"gold_loss":0},{"damage_healed":14,"gold_gain":0,"player_choice":"Writhe","damage_taken":0,"max_hp_gain":0,"max_hp_loss":0,"event_name":"Winding Halls","floor":46,"gold_loss":0,"cards_obtained":["Writhe"]},{"damage_healed":0,"gold_gain":0,"player_choice":"Bought 1 Potion","damage_taken":0,"max_hp_gain":0,"max_hp_loss":0,"event_name":"The Woman in Blue","floor":48,"gold_loss":0}],"is_beta":false,"boss_relics":[{"not_picked":["Ectoplasm","Sozu"],"picked":"Busted Crown"},{"not_picked":["Pandora\u0027s Box","Velvet Choker"],"picked":"Black Star"}],"items_purged_floors":[20,47],"is_endless":false,"potions_floor_spawned":[7,8,16,22,31,33,35,38,41,42],"killed_by":"Awakened One","ascension_level":18}}