{"host":"mithrandi","time":1613732172,"event":{"mods":["BaseMod","Colored Map","Highlight Path","Minty Spire (QoL Compilation)","SuperFastMode"],"gold_per_floor":[109,109,129,12,26,26,57,57,57,91,109,135,153,153,153,226,226,242,132,1,11,11,38,53,86,86,86,100,126,140,167,167,244,244,264,264,264,264,283,283,308,308,361,392,19,30,78,94,94,94,94,94,94,40,40,40],"floor_reached":55,"language":"ENG","playtime":2924,"items_purged":["Strike_R"],"score":2071,"play_id":"c7729c16-347b-4c30-854a-9ac2e5e34565","local_time":"20210219125612","is_ascension_mode":true,"campfire_choices":[{"data":"Fiend Fire","floor":6.0,"key":"SMITH"},{"data":"Inflame","floor":8.0,"key":"SMITH"},{"data":"Evolve","floor":15.0,"key":"SMITH"},{"data":"Uppercut","floor":27.0,"key":"SMITH"},{"data":"Immolate","floor":32.0,"key":"SMITH"},{"data":"Disarm","floor":40.0,"key":"SMITH"},{"data":"Disarm","floor":42.0,"key":"SMITH"},{"floor":49.0,"key":"RECALL"},{"data":"1","floor":53,"key":"LIFT"}],"circlet_count":0,"master_deck":["AscendersBane","Strike_R","Defend_R","Defend_R","Defend_R","Defend_R","Bash","Fiend Fire+1","Inflame+1","Sword Boomerang","Pummel","Inflame","Pommel Strike","Immolate+1","Feel No Pain","Evolve+1","Power Through+1","Uppercut+1","Reaper","Sword Boomerang+1","Shrug It Off","Shrug It Off","Disarm+1","Shockwave+1","Pummel","Seeing Red","Impervious","Disarm+1","Finesse","Thinking Ahead","Secret Technique","Madness","Madness","Fire Breathing","Offering","Reckless Charge","Evolve+1"],"relics":["Burning Blood","Calipers","StrikeDummy","Sundial","Anchor","Bottled Flame","Coffee Dripper","Vajra","Regal Pillow","Gremlin Horn","Bronze Scales","StoneCalendar","Mark of Pain","HornCleat","Ornamental Fan","Oddly Smooth Stone","Bird Faced Urn","Girya"],"acts_visited":["Exordium","TheCity","TheBeyond","TheEnding"],"potions_floor_usage":[50,51],"damage_taken":[{"damage":16.0,"enemies":"Jaw Worm","floor":1.0,"turns":8.0},{"damage":6.0,"enemies":"Cultist","floor":3.0,"turns":3.0},{"damage":5.0,"enemies":"Small Slimes","floor":5.0,"turns":3.0},{"damage":20.0,"enemies":"Lagavulin","floor":7.0,"turns":5.0},{"damage":0.0,"enemies":"Gremlin Nob","floor":10.0,"turns":2.0},{"damage":4.0,"enemies":"Red Slaver","floor":11.0,"turns":2.0},{"damage":0.0,"enemies":"Lagavulin","floor":12.0,"turns":4.0},{"damage":1.0,"enemies":"Exordium Thugs","floor":13.0,"turns":3.0},{"damage":17.0,"enemies":"The Guardian","floor":16.0,"turns":8.0},{"damage":8.0,"enemies":"Spheric Guardian","floor":18.0,"turns":3.0},{"damage":0.0,"enemies":"Chosen","floor":21.0,"turns":5.0},{"damage":27.0,"enemies":"Slavers","floor":23.0,"turns":4.0},{"damage":5.0,"enemies":"Shelled Parasite and Fungi","floor":24.0,"turns":3.0},{"damage":34.0,"enemies":"Gremlin Leader","floor":25.0,"turns":6.0},{"damage":0.0,"enemies":"Snake Plant","floor":28.0,"turns":3.0},{"damage":9.0,"enemies":"Book of Stabbing","floor":29.0,"turns":5.0},{"damage":10.0,"enemies":"Sentry and Sphere","floor":30.0,"turns":4.0},{"damage":7.0,"enemies":"Gremlin Leader","floor":31.0,"turns":5.0},{"damage":56.0,"enemies":"Collector","floor":33.0,"turns":7.0},{"damage":0.0,"enemies":"3 Darklings","floor":35.0,"turns":3.0},{"damage":0.0,"enemies":"3 Shapes","floor":39.0,"turns":1.0},{"damage":8.0,"enemies":"Nemesis","floor":41.0,"turns":7.0},{"damage":55.0,"enemies":"Giant Head","floor":44.0,"turns":9.0},{"damage":19.0,"enemies":"Jaw Worm Horde","floor":46.0,"turns":5.0},{"damage":22.0,"enemies":"2 Orb Walkers","floor":47.0,"turns":3.0},{"damage":6.0,"enemies":"4 Shapes","floor":48.0,"turns":1.0},{"damage":51,"enemies":"Awakened One","floor":50,"turns":13},{"damage":20,"enemies":"Donu and Deca","floor":51,"turns":6},{"damage":86,"enemies":"Shield and Spear","floor":55,"turns":3}],"seed_played":"-6828463616636729104","potions_obtained":[{"floor":1.0,"key":"Dexterity Potion"},{"floor":3.0,"key":"Strength Potion"},{"floor":5.0,"key":"Swift Potion"},{"floor":11.0,"key":"FearPotion"},{"floor":13.0,"key":"ColorlessPotion"},{"floor":18.0,"key":"AttackPotion"},{"floor":24.0,"key":"Dexterity Potion"},{"floor":30.0,"key":"Fire Potion"},{"floor":41.0,"key":"LiquidMemories"},{"floor":44.0,"key":"Block Potion"}],"is_trial":false,"path_per_floor":["M","?","M","$","M","R","E","R","T","E","M","E","M","?","R","B",null,"M","?","$","M","?","E","M","E","T","R","M","E","M","E","R","B",null,"M","?","T","?","M","R","E","R","T","E","$","M","?","M","R","B","B",null,"R","$","E"],"character_chosen":"IRONCLAD","items_purchased":["Pummel","Inflame","Shrug It Off","Bird Faced Urn","Reckless Charge","Energy Potion"],"campfire_rested":0,"item_purchase_floors":[4,4,20,45,45,54],"current_hp_per_floor":[58,58,58,58,59,59,45,45,45,51,53,59,64,64,64,53,70,68,68,68,74,74,59,60,47,47,47,53,55,51,50,50,33,65,71,61,61,47,53,53,51,51,51,26,26,28,36,36,36,20,22,62,62,62,0,0],"gold":40,"neow_bonus":"ONE_RANDOM_RARE_CARD","is_daily":false,"chose_seed":false,"campfire_upgraded":7,"win_rate":0.0,"timestamp":1613732172,"path_taken":["M","?","M","$","M","R","E","R","T","E","?","E","M","?","R","BOSS","M","?","?","?","?","E","M","E","T","R","M","E","?","E","R","BOSS","M","?","?","?","M","R","E","R","T","E","$","M","?","M","R","BOSS","BOSS","R","$","E"],"items_purchased_type":["Card","Card","Card","Relic","Card","Potion"],"build_version":"2020-12-18","purchased_purges":1,"victory":false,"max_hp_per_floor":[75,75,75,75,75,75,75,75,75,75,75,75,75,75,75,75,75,75,75,75,75,75,75,75,75,75,75,75,75,75,75,75,75,75,75,75,75,75,75,75,75,75,75,75,75,75,75,75,75,75,75,75,75,75,75,75],"card_choices":[{"not_picked":["Bloodletting","Iron Wave"],"picked":"Inflame","floor":1.0},{"not_picked":["Dual Wield","Body Slam"],"picked":"Sword Boomerang","floor":3.0},{"not_picked":["Perfected Strike","Headbutt"],"picked":"Pommel Strike","floor":5.0},{"not_picked":["Shockwave","Spot Weakness"],"picked":"Immolate","floor":7.0},{"not_picked":["Fire Breathing","Anger"],"picked":"Feel No Pain","floor":10.0},{"not_picked":["Shrug It Off","Warcry"],"picked":"Evolve","floor":11.0},{"not_picked":["Wild Strike","True Grit"],"picked":"Power Through","floor":12.0},{"not_picked":["Flex","Headbutt"],"picked":"Uppercut","floor":13.0},{"not_picked":["Bludgeon","Corruption"],"picked":"Reaper","floor":16.0},{"not_picked":["Havoc+1","Twin Strike"],"picked":"Sword Boomerang+1","floor":18.0},{"not_picked":["Perfected Strike","Infernal Blade"],"picked":"Shrug It Off","floor":21.0},{"not_picked":["Sword Boomerang","Rage"],"picked":"Disarm","floor":23.0},{"not_picked":["Whirlwind+1","Shrug It Off"],"picked":"Shockwave+1","floor":24.0},{"not_picked":["Wild Strike","Feed","Iron Wave"],"picked":"SKIP","floor":25.0},{"not_picked":["Metallicize","Body Slam"],"picked":"Pummel","floor":28.0},{"not_picked":["Barricade","Pommel Strike+1"],"picked":"Seeing Red","floor":29.0},{"not_picked":["Ghostly Armor","Twin Strike","Anger"],"picked":"SKIP","floor":30.0},{"not_picked":["Carnage+1","Headbutt","Iron Wave"],"picked":"SKIP","floor":31.0},{"not_picked":["Bludgeon","Barricade"],"picked":"Impervious","floor":33.0},{"not_picked":["Wild Strike","Heavy Blade+1"],"picked":"Disarm","floor":35.0},{"not_picked":["Blind","PanicButton"],"picked":"Finesse","floor":36.0},{"not_picked":["Mind Blast","Dramatic Entrance"],"picked":"Thinking Ahead","floor":36.0},{"not_picked":["Jack Of All Trades","Thinking Ahead"],"picked":"Secret Technique","floor":36.0},{"not_picked":["Uppercut+1","Flex+1","Pommel Strike"],"picked":"SKIP","floor":39.0},{"not_picked":["Second Wind","Exhume"],"picked":"Fire Breathing","floor":41.0},{"not_picked":["Iron Wave","Clothesline+1"],"picked":"Offering","floor":44.0},{"not_picked":["Whirlwind","Uppercut+1","Spot Weakness+1"],"picked":"SKIP","floor":46.0},{"not_picked":["Thunderclap","Heavy Blade"],"picked":"Evolve+1","floor":47.0},{"not_picked":["Power Through","Thunderclap","Metallicize"],"picked":"SKIP","floor":48.0}],"player_experience":3003469,"relics_obtained":[{"floor":7.0,"key":"StrikeDummy"},{"floor":9.0,"key":"Sundial"},{"floor":10.0,"key":"Anchor"},{"floor":12.0,"key":"Bottled Flame"},{"floor":23.0,"key":"Vajra"},{"floor":25.0,"key":"Regal Pillow"},{"floor":26.0,"key":"Gremlin Horn"},{"floor":29.0,"key":"Bronze Scales"},{"floor":31.0,"key":"StoneCalendar"},{"floor":37.0,"key":"HornCleat"},{"floor":41.0,"key":"Ornamental Fan"},{"floor":44.0,"key":"Oddly Smooth Stone"},{"floor":47.0,"key":"Girya"}],"event_choices":[{"damage_healed":0.0,"max_hp_gain":0.0,"max_hp_loss":0.0,"gold_gain":0.0,"event_name":"WeMeetAgain","player_choice":"Gave Potion","floor":2.0,"gold_loss":0.0,"damage_taken":0.0,"relics_obtained":["Calipers"]},{"cards_removed":["Strike_R"],"damage_healed":0.0,"max_hp_gain":0.0,"max_hp_loss":0.0,"gold_gain":0.0,"event_name":"Purifier","player_choice":"Purged","floor":14.0,"gold_loss":0.0,"damage_taken":0.0},{"cards_removed":["Strike_R"],"damage_healed":0.0,"max_hp_gain":0.0,"max_hp_loss":0.0,"gold_gain":0.0,"event_name":"Designer","player_choice":"Upgrade and Remove","floor":19.0,"gold_loss":110.0,"damage_taken":0.0,"cards_upgraded":["Power Through"]},{"cards_removed":["Strike_R"],"damage_healed":0.0,"max_hp_gain":0.0,"max_hp_loss":0.0,"gold_gain":0.0,"event_name":"Purifier","player_choice":"Purged","floor":22.0,"gold_loss":0.0,"damage_taken":0.0},{"damage_healed":0.0,"max_hp_gain":0.0,"max_hp_loss":0.0,"gold_gain":0.0,"event_name":"SensoryStone","player_choice":"Memory 3","floor":36.0,"gold_loss":0.0,"damage_taken":10.0},{"damage_healed":0.0,"max_hp_gain":0.0,"max_hp_loss":0.0,"gold_gain":0.0,"event_name":"Winding Halls","player_choice":"Embrace Madness","floor":38.0,"gold_loss":0.0,"damage_taken":14.0,"cards_obtained":["Madness","Madness"]},{"damage_healed":0.0,"max_hp_gain":0.0,"max_hp_loss":0.0,"gold_gain":0.0,"event_name":"Mysterious Sphere","player_choice":"Fight","floor":47.0,"gold_loss":0.0,"damage_taken":0.0}],"is_beta":true,"boss_relics":[{"not_picked":["Runic Dome","Fusion Hammer"],"picked":"Coffee Dripper"},{"not_picked":["Runic Pyramid","Pandora\u0027s Box"],"picked":"Mark of Pain"}],"items_purged_floors":[20],"is_endless":false,"potions_floor_spawned":[1,3,5,11,13,18,24,30,31,33,41,44,47],"killed_by":"Shield and Spear","ascension_level":20}}