{"host":"vrsxkkch9ccrec7k","time":1613721611,"event":{"mods":["Act Like it!","BaseMod","Bestiary","Better Altar","Better Match","Better Note","Better Sensory Stone","Better Skull","Better Third Choice","Better Vampires","Downfall","Minty Spire (QoL Compilation)","Permanent Neow","Relic Stats","Spicy Shops","StSLib"],"gold_per_floor":[99,110,110,126,126,226,251,251,51,78,90,90,90,110,120,194,194,194,194,194,194,294,35,35,35,35,35,48,62,62,62,77,156,156,156,172,184,198,208,220,220,220,247,100,100,100,100],"floor_reached":45,"language":"ENG","playtime":3916,"items_purged":["downfall:Malfunctioning","champ:Strike"],"score":839,"play_id":"1ffd5a73-0649-4121-a63c-4975b4d7aca3","local_time":"20210219030011","is_ascension_mode":true,"campfire_choices":[{"data":"champ:Taunt","floor":1.0,"key":"SMITH"},{"data":"champ:UltimateStance","floor":12.0,"key":"SMITH"},{"data":"champ:ArenaPreparation","floor":18.0,"key":"SMITH"},{"floor":25.0,"key":"REST"},{"data":"downfall:Icky","floor":27.0,"key":"PURGE"},{"floor":30.0,"key":"REST"},{"data":"champ:GladiatorForm","floor":35.0,"key":"SMITH"},{"data":"champ:ShieldSlam","floor":42.0,"key":"SMITH"}],"circlet_count":0,"master_deck":["AscendersBane","champ:Strike+1","champ:Strike+1","champ:Strike+1","champ:Defend","champ:Defend","champ:Defend","champ:Defend","champ:Execute","champ:Taunt+1","champ:Haymaker","champ:EnGarde","champ:IronFortress","champ:DeathBlow","champ:ShieldSlam+1","champ:UltimateStance+1","champ:DefensiveStyle","champ:ArenaPreparation+1","champ:UltimateStance","champ:TornadoPunch+1","champ:DefensiveShout","champ:ShieldSlam","champ:SwordSigil","champ:GladiatorForm+1","champ:DefensiveStyle+1","champ:StrikeOfGenius","champ:CalledShot+1","champ:CheapShot","champ:PreemptiveStrike+1","champ:FalseCounter","champ:ShieldWall"],"relics":["champ:ChampionCrownUpgraded","Anchor","Thread and Needle","Black Star","downfall:RedIOU","MutagenicStrength","champ:BlackKnightHelmet","Slimebound:PreparedRelic","Peace Pipe","Bottled Lightning","champ:FightingForDummies","bronze:DecasWashers","Bronze Scales","champ:SignatureFinisher"],"acts_visited":["Exordium","TheCity","TheBeyond"],"potions_floor_usage":[],"damage_taken":[{"damage":21.0,"enemies":"Cultist","floor":2.0,"turns":3.0},{"damage":3.0,"enemies":"Small Slimes","floor":4.0,"turns":4.0},{"damage":10.0,"enemies":"downfall:FleeingMerchant","floor":9.0,"turns":4.0},{"damage":44.0,"enemies":"Gremlin Nob","floor":10.0,"turns":5.0},{"damage":10.0,"enemies":"Jaw Worm","floor":11.0,"turns":4.0},{"damage":25.0,"enemies":"Large Slime","floor":14.0,"turns":6.0},{"damage":12.0,"enemies":"downfall:LooterAlt","floor":15.0,"turns":3.0},{"damage":66.0,"enemies":"DF_ARCHETYPE_STREAMLINE","floor":16.0,"turns":11.0},{"damage":0.0,"enemies":"Chosen","floor":19.0,"turns":1.0},{"damage":172.0,"enemies":"Chosen","floor":22.0,"turns":18.0},{"damage":22.0,"enemies":"downfall:FleeingMerchant","floor":23.0,"turns":4.0},{"damage":15.0,"enemies":"Spheric Guardian","floor":28.0,"turns":3.0},{"damage":30.0,"enemies":"Snake Plant","floor":29.0,"turns":4.0},{"damage":50.0,"enemies":"Centurion and Healer","floor":32.0,"turns":5.0},{"damage":187.0,"enemies":"IC_MUSHROOM_ARCHETYPE","floor":33.0,"turns":14.0},{"damage":55.0,"enemies":"3 Darklings","floor":36.0,"turns":6.0},{"damage":70.0,"enemies":"3 Shapes","floor":37.0,"turns":3.0},{"damage":94.0,"enemies":"Writhing Mass","floor":38.0,"turns":5.0},{"damage":80.0,"enemies":"Spire Growth","floor":39.0,"turns":5.0},{"damage":35.0,"enemies":"3 Darklings","floor":40.0,"turns":7.0},{"damage":55.0,"enemies":"Reptomancer","floor":43.0,"turns":6.0},{"damage":25.0,"enemies":"downfall:FleeingMerchant","floor":44.0,"turns":5.0},{"damage":102,"enemies":"Nemesis","floor":45,"turns":7}],"seed_played":"-3475232212838558207","potions_obtained":[{"floor":10.0,"key":"Fire Potion"},{"floor":15.0,"key":"PowerPotion"},{"floor":29.0,"key":"champ:TechniquePotion"},{"floor":33.0,"key":"Dexterity Potion"},{"floor":36.0,"key":"Block Potion"},{"floor":39.0,"key":"Guardian:BlockOnCardUsePotion"}],"is_trial":false,"path_per_floor":["R","M","?","M","?","?","T","?","$","E","M","R","?","M","M","B",null,"R","M","?","?","?","$","T","R","T","R","M","M","R","?","M","B",null,"R","M","M","M","M","M","T","R","E","$","E"],"character_chosen":"THE_CHAMP","items_purchased":["champ:DeathBlow","champ:SwordSigil","Dexterity Potion","champ:ShieldWall"],"campfire_rested":2,"item_purchase_floors":[9,23,23,44],"current_hp_per_floor":[73,72,72,69,74,74,74,74,74,40,40,40,40,40,38,32,73,73,73,73,73,12,12,12,37,37,37,37,37,62,62,62,29,72,72,72,72,63,63,58,58,58,58,58,0,0,0],"gold":100,"neow_bonus":"RANDOM_COMMON_RELIC","is_daily":false,"chose_seed":false,"campfire_upgraded":5,"win_rate":0.0,"timestamp":1613721611,"path_taken":["R","M","?","M","?","?","T","?","$","E","?","R","?","M","M","BOSS","R","M","?","?","?","?","T","R","?","R","M","?","R","?","M","BOSS","R","M","M","M","M","M","T","R","E","$","E"],"items_purchased_type":["Card","Card","Potion","Card"],"build_version":"2020-12-22","purchased_purges":2,"victory":false,"max_hp_per_floor":[81,81,81,81,86,86,86,86,86,86,86,86,86,86,86,86,86,86,86,86,86,86,86,86,86,86,86,86,86,86,86,86,86,86,86,86,86,86,86,86,86,86,86,86,86,86,86],"relic_stats":{"Peace Pipe":1,"counters":[23,133],"Bronze Scales":[42],"Black Star":1,"obtain_stats":[{"champ:BlackKnightHelmet":22,"bronze:DecasWashers":41,"champ:ChampionCrown":0,"Thread and Needle":10,"champ:ChampionCrownUpgraded":34,"Peace Pipe":24,"Anchor":0,"downfall:BrokenWingStatue":13,"MutagenicStrength":21,"Bronze Scales":43,"downfall:RedIOU":20,"Slimebound:PreparedRelic":22,"champ:SignatureFinisher":43,"Art of War":7,"Black Star":17,"Bottled Lightning":26,"champ:FightingForDummies":31},{"champ:BlackKnightHelmet":10,"bronze:DecasWashers":20,"champ:ChampionCrown":0,"Thread and Needle":4,"champ:ChampionCrownUpgraded":15,"Peace Pipe":11,"Anchor":0,"downfall:BrokenWingStatue":5,"MutagenicStrength":9,"Bronze Scales":21,"downfall:RedIOU":9,"Slimebound:PreparedRelic":10,"champ:SignatureFinisher":21,"Art of War":2,"Black Star":8,"Bottled Lightning":11,"champ:FightingForDummies":13},{"champ:BlackKnightHelmet":59,"bronze:DecasWashers":115,"champ:ChampionCrown":0,"Thread and Needle":16,"champ:ChampionCrownUpgraded":89,"Peace Pipe":63,"Anchor":0,"downfall:BrokenWingStatue":20,"MutagenicStrength":41,"Bronze Scales":121,"downfall:RedIOU":41,"Slimebound:PreparedRelic":59,"champ:SignatureFinisher":121,"Art of War":7,"Black Star":40,"Bottled Lightning":63,"champ:FightingForDummies":70}]},"card_choices":[{"not_picked":["champ:AdrenalArmor","champ:Lariat"],"picked":"champ:Haymaker","floor":2.0},{"not_picked":["champ:Shatter","champ:Haymaker"],"picked":"champ:EnGarde","floor":4.0},{"not_picked":["champ:PreemptiveStrike","champ:Shatter"],"picked":"champ:IronFortress","floor":9.0},{"not_picked":["champ:FanOfKnives","champ:Shatter"],"picked":"champ:ShieldSlam","floor":10.0},{"not_picked":["champ:TornadoPunch","champ:Shatter"],"picked":"champ:UltimateStance","floor":11.0},{"not_picked":["champ:ShieldSlam","champ:FanOfKnives"],"picked":"champ:DefensiveStyle","floor":14.0},{"not_picked":["champ:PreemptiveStrike","champ:BringItOn"],"picked":"champ:ArenaPreparation","floor":15.0},{"not_picked":["champ:IgnorePain","champ:EnchantShield"],"picked":"champ:UltimateStance","floor":16.0},{"not_picked":["champ:Circumvent","champ:Shatter"],"picked":"champ:TornadoPunch+1","floor":19.0},{"not_picked":["champ:BerserkersShout","champ:Parry"],"picked":"champ:DefensiveShout","floor":22.0},{"not_picked":["champ:DefensiveShout","champ:GutPunch"],"picked":"champ:ShieldSlam","floor":23.0},{"not_picked":["champ:FancyFootwork","champ:BerserkersShout","champ:FlashCut"],"picked":"SKIP","floor":28.0},{"not_picked":["champ:BerserkersShout","champ:DefensiveStyle"],"picked":"champ:GladiatorForm","floor":29.0},{"not_picked":["champ:ShieldSlam","champ:FocusedBerserking"],"picked":"champ:DefensiveStyle+1","floor":32.0},{"not_picked":["champ:ShieldThrow","champ:EnchantCrown"],"picked":"champ:StrikeOfGenius","floor":33.0},{"not_picked":["champ:DeathBlow","champ:TornadoPunch","champ:DefensiveShout"],"picked":"SKIP","floor":36.0},{"not_picked":["champ:ArenaPreparation","champ:ShieldSigil"],"picked":"champ:CalledShot+1","floor":37.0},{"not_picked":["champ:Shatter","champ:GutPunch+1","champ:AdrenalArmor"],"picked":"SKIP","floor":38.0},{"not_picked":["champ:FanOfKnives+1","champ:PreemptiveStrike"],"picked":"champ:CheapShot","floor":39.0},{"not_picked":["champ:DefensiveShout","champ:IronFortress"],"picked":"champ:PreemptiveStrike+1","floor":40.0},{"not_picked":["champ:FalseCounter","champ:DeathBlow","champ:FanOfKnives+1"],"picked":"SKIP","floor":43.0},{"not_picked":["champ:DeathBlow","champ:FanOfKnives+1"],"picked":"champ:FalseCounter","floor":43.0},{"not_picked":["champ:Duel+1","champ:PreciseThrust","champ:Haymaker"],"picked":"SKIP","floor":44.0}],"player_experience":1965002,"relics_obtained":[{"floor":7.0,"key":"Art of War"},{"floor":10.0,"key":"Thread and Needle"},{"floor":22.0,"key":"champ:BlackKnightHelmet"},{"floor":22.0,"key":"Slimebound:PreparedRelic"},{"floor":24.0,"key":"Peace Pipe"},{"floor":26.0,"key":"Bottled Lightning"},{"floor":41.0,"key":"bronze:DecasWashers"},{"floor":43.0,"key":"Bronze Scales"},{"floor":43.0,"key":"champ:SignatureFinisher"}],"event_choices":[{"damage_healed":0.0,"max_hp_gain":5.0,"max_hp_loss":0.0,"gold_gain":0.0,"event_name":"Big Fish","player_choice":"Donut","floor":5.0,"gold_loss":0.0,"damage_taken":0.0},{"damage_healed":0.0,"max_hp_gain":0.0,"max_hp_loss":0.0,"gold_gain":0.0,"event_name":"betterThird:BetterScrap","player_choice":"LEAVE","floor":8.0,"gold_loss":0.0,"damage_taken":0.0,"cards_obtained":["White Noise"]},{"damage_healed":0.0,"max_hp_gain":0.0,"max_hp_loss":0.0,"gold_gain":0.0,"event_name":"Drug Dealer","player_choice":"Inject Mutagens","floor":21.0,"gold_loss":0.0,"damage_taken":0.0,"relics_obtained":["MutagenicStrength"]}],"is_beta":false,"boss_relics":[{"not_picked":["Busted Crown","Pandora\u0027s Box"],"picked":"Black Star"},{"not_picked":["Coffee Dripper","Sozu"],"picked":"champ:ChampionCrownUpgraded"}],"items_purged_floors":[9,23],"is_endless":false,"potions_floor_spawned":[10,15,29,32,33,36,38,39],"killed_by":"Nemesis","ascension_level":16}}