{"host":"fwdkxxz7291ipt0p","time":1613742682,"event":{"mods":["AchievementEnabler","Act Like it!","BaseMod","Minty Spire (QoL Compilation)","MostiFishMod","Practice Mode","Relic Filter Mod","Relic Stats","Spicy Shops","StSLib"],"gold_per_floor":[119,136,136,147,159,159,159,176,199,211,211,211,211,229,229,332,332,344,354,279,297,309,319,144,187,187,196,216,216,236,20,20,131,131,151,151,163,182,182,182,195,214,214,214,214,223,235,335,335,335],"floor_reached":51,"language":"ZHS","playtime":5689,"items_purged":["Bash","MostiFishMod:Chiaki","Strike_R","Defend_R","Defend_R","Defend_R","Feel No Pain","MostiFishMod:TheEndOfMoonlight"],"score":988,"play_id":"82e33997-56c4-448a-b501-f86c9c93527a","local_time":"20210219215122","is_ascension_mode":false,"campfire_choices":[{"data":"Dark Embrace","floor":6.0,"key":"SMITH"},{"data":"Armaments","floor":11.0,"key":"SMITH"},{"data":"MostiFishMod:RainCloud","floor":13.0,"key":"SMITH"},{"data":"Cloak And Dagger","floor":15.0,"key":"SMITH"},{"data":"MostiFishMod:IntelligentEquipment","floor":29,"key":"SMITH"},{"data":"MostiFishMod:FantasySummer","floor":32,"key":"SMITH"},{"data":"MostiFishMod:Neptune","floor":40,"key":"SMITH"},{"data":"MostiFishMod:OrdinaryWorld","floor":45,"key":"SMITH"},{"data":"Bloodletting","floor":49,"key":"SMITH"}],"circlet_count":0,"master_deck":["Strike_R","Strike_R+1","Strike_R","Dark Embrace+1","Discovery","Seeing Red+1","MostiFishMod:RainCloud+1","Armaments+1","Exhume+1","Immolate+1","MostiFishMod:BrandingRite","Cloak And Dagger+1","MostiFishMod:IntelligentEquipment+1","MostiFishMod:Neptune+1","MostiFishMod:SparklingWater+1","MostiFishMod:FantasySummer+1","MostiFishMod:NightSea+1","Sentinel","Thunderclap+1","MostiFishMod:#F4004+1","CutThroughFate","Bloodletting+1","Exhume+1","MostiFishMod:OrdinaryWorld+1","MostiFishMod:Chiaki+1"],"relics":["Burning Blood","DaveBox","NeowsBlessing","DiscerningMonocle","SynthV:TestCard","Potion Belt","DianDianMeat","Calipers","Art of War","ClockworkSouvenir","StrikeDummy","MawBank","MetatronsCube","Boot","Darkstone Periapt","Mercury Hourglass","ChiLing","Chi","Ling","Technique","Tiny Chest","Toy Ornithopter","ImprovedEquipment","PrismaticShard","MoonlightInvasionPlan","TimeFreeze","Strawberry","Question Card","Oddly Smooth Stone","Orrery","CeramicFish","War Paint","Letter Opener","DollysMirror","Bag of Marbles","OrangePellets","Gremlin Horn","Anchor","Centennial Puzzle","HereWithMe","BrkXgEgg","Sundial","Blue Candle","Singing Bowl","Whetstone","HandDrill","Vajra","Mummified Hand"],"acts_visited":["Exordium","TheCity","TheBeyond"],"potions_floor_usage":[],"damage_taken":[{"damage":0.0,"enemies":"Cultist","floor":1.0,"turns":1.0},{"damage":0.0,"enemies":"Jaw Worm","floor":2.0,"turns":1.0},{"damage":0.0,"enemies":"2 Louse","floor":4.0,"turns":1.0},{"damage":38.0,"enemies":"Exordium Wildlife","floor":5.0,"turns":6.0},{"damage":7.0,"enemies":"Large Slime","floor":8.0,"turns":5.0},{"damage":1.0,"enemies":"Gremlin Gang","floor":14.0,"turns":1.0},{"damage":4.0,"enemies":"The Guardian","floor":16.0,"turns":2.0},{"damage":1.0,"enemies":"3 Byrds","floor":18.0,"turns":2.0},{"damage":1.0,"enemies":"Spheric Guardian","floor":19.0,"turns":2.0},{"damage":3.0,"enemies":"Snake Plant","floor":21.0,"turns":2.0},{"damage":2,"enemies":"Shelled Parasite and Fungi","floor":22,"turns":1},{"damage":2,"enemies":"Chosen and Byrds","floor":23,"turns":2},{"damage":2,"enemies":"Gremlin Leader","floor":25,"turns":1},{"damage":3,"enemies":"Snake Plant","floor":28,"turns":2},{"damage":1,"enemies":"3 Cultists","floor":30,"turns":2},{"damage":6,"enemies":"Collector","floor":33,"turns":3},{"damage":2,"enemies":"3 Shapes","floor":35,"turns":2},{"damage":2,"enemies":"Orb Walker","floor":37,"turns":1},{"damage":2,"enemies":"Writhing Mass","floor":38,"turns":2},{"damage":20,"enemies":"Transient","floor":41,"turns":2},{"damage":3,"enemies":"Spire Growth","floor":42,"turns":3},{"damage":2,"enemies":"Sphere and 2 Shapes","floor":47,"turns":1},{"damage":16,"enemies":"Awakened One","floor":50,"turns":4}],"seed_played":"7463213829597819811","potions_obtained":[{"floor":4.0,"key":"Dexterity Potion"},{"floor":5.0,"key":"SkillPotion"},{"floor":18.0,"key":"Energy Potion"},{"floor":21.0,"key":"FairyPotion"}],"is_trial":false,"path_per_floor":["M","M","?","M","M","R","$","M","T","$","R","$","R","M","R","B",null,"M","M","?","M","M","M","$","E","T","?","M","R","M","$","R","B",null,"M","?","M","M","$","R","M","M","T","T","R","?","M","?","R","B",null],"character_chosen":"IRONCLAD","items_purchased":["DianDianMeat","Calipers","Art of War","ClockworkSouvenir","StrikeDummy","Discovery","Seeing Red","MostiFishMod:RainCloud","SkillPotion","Swift Potion","Explosive Potion","MostiFishMod:Chiaki","MetatronsCube","Boot","Darkstone Periapt","Mercury Hourglass","ChiLing","Exhume","Energy Potion","DistilledChaos","Immolate","MostiFishMod:BrandingRite","Technique","Tiny Chest","Toy Ornithopter","ImprovedEquipment","PrismaticShard","TimeFreeze","Strawberry","Question Card","Oddly Smooth Stone","Orrery","CeramicFish","DollysMirror","Bag of Marbles","OrangePellets","Gremlin Horn","Anchor","Centennial Puzzle","BrkXgEgg","Sundial","Blue Candle","Singing Bowl","Whetstone","HandDrill"],"campfire_rested":0,"item_purchase_floors":[7,7,7,7,7,7,7,7,7,7,7,7,10,10,10,10,10,10,10,10,10,12,12,12,12,12,12,24,24,24,24,24,24,31,31,31,31,31,31,39,39,39,39,39,39],"current_hp_per_floor":[80,80,77,80,48,48,58,62,62,75,75,83,83,97,97,109,200,200,216,216,216,233,233,258,277,277,297,297,297,297,318,318,340,340,340,340,340,340,340,340,328,333,333,333,333,356,362,362,362,352],"gold":335,"neow_bonus":"THREE_ENEMY_KILL","is_daily":false,"chose_seed":false,"campfire_upgraded":9,"win_rate":0.0,"timestamp":1613742682,"path_taken":["M","M","?","M","M","R","$","M","T","?","R","$","R","M","R","BOSS","M","M","?","M","M","M","$","E","T","?","M","R","M","$","R","BOSS","M","?","M","M","$","R","M","M","T","?","R","?","?","?","R","BOSS"],"items_purchased_type":["Relic","Relic","Relic","Relic","Relic","Card","Card","Card","Potion","Potion","Potion","Card","Relic","Relic","Relic","Relic","Relic","Card","Potion","Potion","Card","Card","Relic","Relic","Relic","Relic","Relic","Relic","Relic","Relic","Relic","Relic","Relic","Relic","Relic","Relic","Relic","Relic","Relic","Relic","Relic","Relic","Relic","Relic","Relic"],"build_version":"2020-12-22","purchased_purges":8,"victory":true,"max_hp_per_floor":[80,80,80,80,80,80,90,95,95,108,108,116,116,125,125,135,200,200,216,216,216,233,233,258,277,277,297,297,297,297,318,318,340,340,340,340,340,340,340,340,342,344,344,344,344,367,369,369,369,369],"relic_stats":{"Darkstone Periapt":0,"Gremlin Horn":[8,9],"Singing Bowl":6,"counters":[23,49],"CeramicFish":45,"Blue Candle":[0],"Letter Opener":[119],"Whetstone":["Immolate","Strike_R"],"War Paint":["MostiFishMod:SparklingWater","MostiFishMod:NightSea"],"MawBank":12,"Boot":[6],"Question Card":15,"Burning Blood":78,"Mercury Hourglass":[162],"OrangePellets":[0],"Centennial Puzzle":[24],"Sundial":[4],"Mummified Hand":[3],"Tiny Chest":1,"Art of War":[3],"HandDrill":[2],"obtain_stats":[{"Darkstone Periapt":10,"Calipers":7,"DaveBox":0,"Gremlin Horn":31,"Singing Bowl":39,"DiscerningMonocle":0,"Chi":10,"CeramicFish":24,"Vajra":43,"Whetstone":39,"Boot":10,"PrismaticShard":12,"Burning Blood":0,"ClockworkSouvenir":7,"Centennial Puzzle":31,"DollysMirror":31,"Sundial":39,"Mummified Hand":44,"Strawberry":24,"Tiny Chest":12,"HereWithMe":34,"HandDrill":39,"Potion Belt":3,"DianDianMeat":7,"NeowsBlessing":0,"ImprovedEquipment":12,"Blue Candle":39,"MoonlightInvasionPlan":17,"Oddly Smooth Stone":24,"BrkXgEgg":39,"Letter Opener":26,"War Paint":25,"MawBank":9,"TimeFreeze":24,"Question Card":24,"Mercury Hourglass":10,"OrangePellets":31,"Ling":10,"Anchor":31,"SynthV:TestCard":1,"Orrery":24,"Art of War":7,"Bag of Marbles":31,"Technique":12,"StrikeDummy":7,"Toy Ornithopter":12,"MetatronsCube":10,"ChiLing":10},{"Darkstone Periapt":5,"Calipers":4,"DaveBox":0,"Gremlin Horn":15,"Singing Bowl":19,"DiscerningMonocle":0,"Chi":5,"CeramicFish":12,"Vajra":21,"Whetstone":19,"Boot":5,"PrismaticShard":5,"Burning Blood":0,"ClockworkSouvenir":4,"Centennial Puzzle":15,"DollysMirror":15,"Sundial":19,"Mummified Hand":21,"Strawberry":12,"Tiny Chest":5,"HereWithMe":16,"HandDrill":19,"Potion Belt":2,"DianDianMeat":4,"NeowsBlessing":0,"ImprovedEquipment":5,"Blue Candle":19,"MoonlightInvasionPlan":7,"Oddly Smooth Stone":12,"BrkXgEgg":19,"Letter Opener":13,"War Paint":13,"MawBank":5,"TimeFreeze":12,"Question Card":12,"Mercury Hourglass":5,"OrangePellets":15,"Ling":5,"Anchor":15,"SynthV:TestCard":1,"Orrery":12,"Art of War":4,"Bag of Marbles":15,"Technique":5,"StrikeDummy":4,"Toy Ornithopter":5,"MetatronsCube":5,"ChiLing":5},{"Darkstone Periapt":14,"Calipers":9,"DaveBox":0,"Gremlin Horn":31,"Singing Bowl":39,"DiscerningMonocle":0,"Chi":14,"CeramicFish":26,"Vajra":44,"Whetstone":39,"Boot":14,"PrismaticShard":14,"Burning Blood":0,"ClockworkSouvenir":9,"Centennial Puzzle":31,"DollysMirror":31,"Sundial":39,"Mummified Hand":44,"Strawberry":26,"Tiny Chest":14,"HereWithMe":34,"HandDrill":39,"Potion Belt":2,"DianDianMeat":9,"NeowsBlessing":0,"ImprovedEquipment":14,"Blue Candle":39,"MoonlightInvasionPlan":17,"Oddly Smooth Stone":26,"BrkXgEgg":39,"Letter Opener":27,"War Paint":27,"MawBank":14,"TimeFreeze":26,"Question Card":26,"Mercury Hourglass":14,"OrangePellets":31,"Ling":14,"Anchor":31,"SynthV:TestCard":1,"Orrery":26,"Art of War":9,"Bag of Marbles":31,"Technique":14,"StrikeDummy":9,"Toy Ornithopter":14,"MetatronsCube":14,"ChiLing":14}],"Toy Ornithopter":0},"card_choices":[{"not_picked":["Heavy Blade","Anger","Wild Strike"],"picked":"SKIP","floor":1.0},{"not_picked":["Dual Wield","Flex","Anger","Perfected Strike"],"picked":"Dark Embrace","floor":2.0},{"not_picked":["Thunderclap","Evolve","Armaments","Sword Boomerang"],"picked":"Sever Soul","floor":4.0},{"not_picked":["MostiFishMod:WingOfPhoenix","Perfected Strike","Cleave","Warcry"],"picked":"Feel No Pain","floor":5.0},{"not_picked":["Pommel Strike","Cleave","True Grit","Sword Boomerang"],"picked":"Armaments","floor":8.0},{"not_picked":["MostiFishMod:#F4004","Clash","Turbo","Recycle"],"picked":"Cloak And Dagger","floor":14.0},{"not_picked":["Corruption","MostiFishMod:FireWorks","MostiFishMod:SeaWaves","MostiFishMod:StoryBook"],"picked":"MostiFishMod:IntelligentEquipment","floor":16.0},{"not_picked":["Protect","Sword Boomerang","Anger","Wild Strike","Beam Cell"],"picked":"SKIP","floor":18.0},{"not_picked":["Quick Slash","Protect","Riddle With Holes+1","Doom and Gloom"],"picked":"Sentinel","floor":19.0},{"not_picked":["Barrage+1","JustLucky+1","SignatureMove","Crescendo","Clash+1"],"picked":"SKIP","floor":21.0},{"not_picked":["Hologram+1","Setup","MostiFishMod:FrostNova","Go for the Eyes"],"picked":"Thunderclap+1","floor":22},{"not_picked":["Hologram","MostiFishMod:Adaptation","Sever Soul+1","Rip and Tear+1","Accuracy"],"picked":"SKIP","floor":23},{"not_picked":["Entrench+1","Rainbow","Headbutt","Tempest","Streamline"],"picked":"MostiFishMod:#F4004+1","floor":24},{"not_picked":["Barrage","Prepared","Magnetism","Force Field+1","Clash"],"picked":"CutThroughFate","floor":25},{"not_picked":["Finesse","Flame Barrier","Second Wind","Halt","Auto Shields","MostiFishMod:ReprogramOld"],"picked":"SKIP","floor":28},{"not_picked":["Chill","Finesse","Turbo+1","Poisoned Stab","Backstab","JustLucky"],"picked":"SKIP","floor":30},{"not_picked":["MostiFishMod:StarWish","MasterReality","MostiFishMod:StarHerder","MostiFishMod:ShivMaster","MostiFishMod:Opportunism"],"picked":"MostiFishMod:OrdinaryWorld","floor":33},{"not_picked":["Seeing Red+1","Choke","Thunderclap+1","Consume","Steam+1","Leap+1"],"picked":"SKIP","floor":35},{"not_picked":["Outmaneuver+1","Havoc","Cleave+1","BowlingBash+1","SandsOfTime","Shrug It Off+1"],"picked":"SKIP","floor":37},{"not_picked":["Hologram+1","Heavy Blade","Double Energy+1","Consume+1","Bandage Up+1","CutThroughFate"],"picked":"SKIP","floor":38},{"not_picked":["Hologram+1","Heavy Blade","Double Energy+1","Consume+1","Bandage Up+1","CutThroughFate"],"picked":"SKIP","floor":38},{"not_picked":["Carnage+1","Streamline+1","Leg Sweep","MostiFishMod:WinterMarkForm+1","Swivel+1","MostiFishMod:VineMother+1"],"picked":"Singing Bowl","floor":41},{"not_picked":["Turbo","ReachHeaven+1","Slice+1","Evaluate","Coolheaded","SignatureMove"],"picked":"Singing Bowl","floor":42},{"not_picked":["MostiFishMod:ThornCasing+1","Compile Driver","PathToVictory","Burning Pact","Twin Strike","MostiFishMod:ButterFly+1"],"picked":"Singing Bowl","floor":47}],"player_experience":488737,"relics_obtained":[{"floor":1.0,"key":"SynthV:TestCard"},{"floor":9.0,"key":"MawBank"},{"floor":25,"key":"War Paint"},{"floor":26,"key":"Letter Opener"},{"floor":43,"key":"Vajra"},{"floor":44,"key":"Mummified Hand"}],"event_choices":[{"damage_healed":0.0,"max_hp_gain":0.0,"max_hp_loss":0.0,"gold_gain":0.0,"event_name":"Scrap Ooze","player_choice":"Success","floor":3.0,"gold_loss":0.0,"damage_taken":3.0,"relics_obtained":["Potion Belt"]},{"cards_removed":["Defend_R"],"damage_healed":0.0,"max_hp_gain":0.0,"max_hp_loss":0.0,"gold_gain":0.0,"event_name":"Beggar","player_choice":"Gave Gold","floor":20.0,"gold_loss":75.0,"damage_taken":0.0},{"damage_healed":0,"gold_gain":0,"player_choice":"Read","damage_taken":0,"max_hp_gain":0,"max_hp_loss":0,"event_name":"The Library","floor":27,"gold_loss":0,"cards_obtained":["Bloodletting"]},{"cards_removed":["Sever Soul"],"damage_healed":0,"gold_gain":0,"player_choice":"Offered Uncommon","damage_taken":0,"max_hp_gain":0,"max_hp_loss":0,"event_name":"Bonfire Elementals","floor":36,"gold_loss":0},{"damage_healed":0,"gold_gain":0,"cards_transformed":["Strike_R"],"player_choice":"Transformed","damage_taken":0,"max_hp_gain":0,"max_hp_loss":0,"event_name":"Transmorgrifier","floor":46,"gold_loss":0,"cards_obtained":["MostiFishMod:Chiaki"]},{"damage_healed":0,"gold_gain":100,"player_choice":"Pray","damage_taken":0,"max_hp_gain":0,"max_hp_loss":0,"event_name":"Golden Shrine","floor":48,"gold_loss":0}],"is_beta":false,"boss_relics":[{"not_picked":["PatriotShield","FeatherPendant"],"picked":"MoonlightInvasionPlan"},{"not_picked":["Calling Bell","GreenFoldingFan"],"picked":"HereWithMe"}],"items_purged_floors":[7,10,12,24,24,31,31,39],"is_endless":false,"potions_floor_spawned":[4,5,16,18,21,23,25,41,47],"ascension_level":0}}