{"host":"xe7vird6mhwsic73","time":1613768044,"event":{"mods":["BaseMod","Highlight Path","Minty Spire (QoL Compilation)","Relic Stats","StSLib"],"gold_per_floor":[115,133,153,163,113,130,159,159,159,185,213,172,202,218,218,313,313,324,181,199,214,233,258,278,278,278,278,278],"floor_reached":27,"language":"ENG","playtime":2148,"items_purged":[],"score":264,"play_id":"cc9be6e5-efe1-4b13-8db2-1289dc819eec","local_time":"20210219155404","is_ascension_mode":true,"campfire_choices":[{"data":"Eruption","floor":8,"key":"SMITH"},{"data":"TalkToTheHand","floor":15,"key":"SMITH"},{"floor":25,"key":"REST"}],"circlet_count":0,"master_deck":["Strike_P","Strike_P","Strike_P","Defend_P","Defend_P","Defend_P","Eruption+1","Vigilance","Conclude","EmptyBody","TalkToTheHand+1","Adaptation","TalkToTheHand","Consecrate","Crescendo","CutThroughFate","TalkToTheHand","Vault","WaveOfTheHand","PathToVictory","Indignation"],"relics":["PureWater","Nunchaku","MawBank","Bag of Preparation","Black Star","Damaru","Meat on the Bone","Pantograph","Toxic Egg 2"],"acts_visited":["Exordium","TheCity"],"potions_floor_usage":[7,16,21,22,23,23],"damage_taken":[{"damage":0,"enemies":"Cultist","floor":1,"turns":2},{"damage":0,"enemies":"Small Slimes","floor":2,"turns":2},{"damage":2,"enemies":"Jaw Worm","floor":3,"turns":4},{"damage":0,"enemies":"Looter","floor":4,"turns":4},{"damage":0,"enemies":"2 Fungi Beasts","floor":6,"turns":2},{"damage":6,"enemies":"Lagavulin","floor":7,"turns":7},{"damage":0,"enemies":"Exordium Thugs","floor":10,"turns":2},{"damage":0,"enemies":"Large Slime","floor":11,"turns":4},{"damage":17,"enemies":"3 Sentries","floor":13,"turns":3},{"damage":0,"enemies":"3 Louse","floor":14,"turns":2},{"damage":5,"enemies":"Hexaghost","floor":16,"turns":8},{"damage":0,"enemies":"Chosen","floor":18,"turns":3},{"damage":0,"enemies":"Spheric Guardian","floor":20,"turns":2},{"damage":10,"enemies":"Cultist and Chosen","floor":21,"turns":4},{"damage":6,"enemies":"Snecko","floor":22,"turns":5},{"damage":36,"enemies":"Slavers","floor":23,"turns":5},{"damage":13,"enemies":"Snake Plant","floor":24,"turns":8},{"damage":45,"enemies":"Gremlin Leader","floor":27,"turns":5}],"seed_played":"-2561358263113515385","potions_obtained":[{"floor":2,"key":"GamblersBrew"},{"floor":4,"key":"SteroidPotion"},{"floor":7,"key":"SpeedPotion"},{"floor":14,"key":"Dexterity Potion"},{"floor":16,"key":"Strength Potion"},{"floor":20,"key":"Energy Potion"},{"floor":21,"key":"Weak Potion"}],"is_trial":false,"path_per_floor":["M","M","M","M","?","M","E","R","T","M","M","$","E","M","R","B",null,"M","$","M","M","M","E","M","R","T","E"],"character_chosen":"WATCHER","items_purchased":["CutThroughFate","Damaru"],"campfire_rested":1,"item_purchase_floors":[12,19],"current_hp_per_floor":[72,72,70,70,70,70,64,64,64,64,64,64,47,47,47,42,72,72,72,72,62,56,20,19,40,40,0,0],"gold":278,"neow_bonus":"TRANSFORM_CARD","is_daily":false,"chose_seed":false,"campfire_upgraded":2,"win_rate":0.0,"timestamp":1613768044,"path_taken":["M","M","?","M","?","M","E","R","T","M","M","?","E","M","R","BOSS","M","$","M","M","M","E","M","R","T","E"],"items_purchased_type":["Card","Relic"],"build_version":"2020-12-22","purchased_purges":0,"victory":false,"max_hp_per_floor":[72,72,72,72,72,72,72,72,72,72,72,72,72,72,72,72,72,72,72,72,72,72,72,72,72,72,72,72],"relic_stats":{"Nunchaku":[12],"counters":[18,72],"Pantograph":0,"Bag of Preparation":[18],"Black Star":1,"MawBank":36,"obtain_stats":[{"Nunchaku":7,"Pantograph":23,"Damaru":19,"Bag of Preparation":13,"Black Star":17,"PureWater":0,"Toxic Egg 2":26,"MawBank":9,"Meat on the Bone":23},{"Nunchaku":6,"Pantograph":16,"Damaru":12,"Bag of Preparation":9,"Black Star":11,"PureWater":0,"Toxic Egg 2":17,"MawBank":6,"Meat on the Bone":16},{"Nunchaku":21,"Pantograph":59,"Damaru":43,"Bag of Preparation":30,"Black Star":40,"PureWater":0,"Toxic Egg 2":67,"MawBank":21,"Meat on the Bone":59}],"Meat on the Bone":12},"card_choices":[{"not_picked":["Crescendo","ThirdEye"],"picked":"EmptyBody","floor":1},{"not_picked":["EmptyMind","FlyingSleeves"],"picked":"TalkToTheHand","floor":2},{"not_picked":["Halt","ClearTheMind","LikeWater"],"picked":"SKIP","floor":3},{"not_picked":["FlyingSleeves","ClearTheMind","Protect"],"picked":"SKIP","floor":4},{"not_picked":["Fasting2","Prostrate"],"picked":"Adaptation","floor":6},{"not_picked":["Adaptation","Scrawl"],"picked":"TalkToTheHand","floor":7},{"not_picked":["FlurryOfBlows","SandsOfTime"],"picked":"Consecrate","floor":10},{"not_picked":["ThirdEye","JustLucky"],"picked":"Crescendo","floor":11},{"not_picked":["Halt","BowlingBash"],"picked":"TalkToTheHand","floor":13},{"not_picked":["FlyingSleeves","SashWhip","ThirdEye"],"picked":"SKIP","floor":14},{"not_picked":["Scrawl","Alpha"],"picked":"Vault","floor":16},{"not_picked":["Nirvana","SignatureMove+1","WaveOfTheHand"],"picked":"SKIP","floor":18},{"not_picked":["Nirvana","SignatureMove+1"],"picked":"WaveOfTheHand","floor":18},{"not_picked":["Evaluate+1","EmptyBody"],"picked":"PathToVictory","floor":20},{"not_picked":["SignatureMove+1","EmptyMind","Consecrate"],"picked":"SKIP","floor":21},{"not_picked":["FollowUp","Study","WheelKick"],"picked":"SKIP","floor":22},{"not_picked":["Weave","Vengeance"],"picked":"Indignation","floor":23},{"not_picked":["EmptyFist","Study","Vengeance"],"picked":"SKIP","floor":24}],"player_experience":196926,"relics_obtained":[{"floor":7,"key":"Nunchaku"},{"floor":9,"key":"MawBank"},{"floor":13,"key":"Bag of Preparation"},{"floor":23,"key":"Meat on the Bone"},{"floor":23,"key":"Pantograph"},{"floor":26,"key":"Toxic Egg 2"}],"event_choices":[{"cards_removed":["Defend_P"],"damage_healed":0,"gold_gain":0,"player_choice":"Card Removal","damage_taken":0,"max_hp_gain":0,"max_hp_loss":0,"event_name":"The Cleric","floor":5,"gold_loss":50}],"is_beta":false,"boss_relics":[{"not_picked":["SacredBark","Sozu"],"picked":"Black Star"}],"items_purged_floors":[],"is_endless":false,"potions_floor_spawned":[2,4,7,14,16,20,21],"killed_by":"Gremlin Leader","ascension_level":1}}