{"host":"prxrhpgaxnj4om9r","time":1613732652,"event":{"mods":["AchievementEnabler","BaseMod","Colored Map","DeckTracker","Minty Spire (QoL Compilation)"],"gold_per_floor":[113,132,132,144,160,189,204,204,204,304,304,339,353,366,366,468,468,479,479,498,349,366,385,397,397,397,397,414,428,447,181,181,282,282,294,594,613,332,342,342,21,68,113,131,146,0,0,10,10,10,10,10,10,42,42,42],"floor_reached":55,"language":"KOR","playtime":4672,"items_purged":[],"score":712,"play_id":"0b8e2b38-ceab-46b4-910b-d13805d47bd4","local_time":"20210219200412","is_ascension_mode":false,"campfire_choices":[{"data":"Hologram","floor":8,"key":"SMITH"},{"floor":11,"key":"REST"},{"floor":15,"key":"RECALL"},{"floor":25,"key":"REST"},{"data":"Self Repair","floor":27,"key":"SMITH"},{"data":"Buffer","floor":32,"key":"SMITH"},{"data":"Defragment","floor":40,"key":"SMITH"},{"data":"Conserve Battery","floor":47,"key":"SMITH"},{"data":"Hyperbeam","floor":49,"key":"SMITH"},{"data":"Steam Power","floor":52,"key":"SMITH"}],"circlet_count":0,"master_deck":["Strike_B","Defend_B+1","Defend_B+1","Zap+1","Dualcast+1","Recycle+1","Steam Power+1","Conserve Battery+1","Compile Driver","Hologram+1","Sweeping Beam","Self Repair+1","Stack+1","Core Surge","Streamline+1","White Noise+1","Electrodynamics","Chaos+1","Buffer+1","Turbo+1","Hello World","Capacitor+1","Defragment+1","Loop","Coolheaded+1","Hologram+1","Hologram+1","Beam Cell","Hyperbeam+1","Fission+1","Lockon+1","BootSequence+1","Aggregate+1","Reprogram+1","Seek+1","Go for the Eyes+1","Melter","Defragment+1","Skim+1","Double Energy+1","Reboot+1"],"relics":["Cracked Core","War Paint","Mango","Toxic Egg 2","Empty Cage","Ginger","Orrery","TungstenRod","Mummified Hand","Astrolabe","Nunchaku","Mercury Hourglass","FossilizedHelix","Red Mask","Lantern"],"acts_visited":["Exordium","TheCity","TheBeyond","TheEnding"],"potions_floor_usage":[5,12,16,18,20,23,33,33,37,50,50],"damage_taken":[{"damage":0,"enemies":"Cultist","floor":1,"turns":3},{"damage":0,"enemies":"Small Slimes","floor":2,"turns":3},{"damage":3,"enemies":"Jaw Worm","floor":4,"turns":3},{"damage":0,"enemies":"Gremlin Gang","floor":5,"turns":2},{"damage":17,"enemies":"Gremlin Nob","floor":6,"turns":4},{"damage":2,"enemies":"2 Fungi Beasts","floor":7,"turns":4},{"damage":1,"enemies":"3 Sentries","floor":12,"turns":6},{"damage":0,"enemies":"Lots of Slimes","floor":13,"turns":2},{"damage":1,"enemies":"Red Slaver","floor":14,"turns":3},{"damage":38,"enemies":"The Guardian","floor":16,"turns":12},{"damage":19,"enemies":"2 Thieves","floor":18,"turns":4},{"damage":17,"enemies":"3 Byrds","floor":20,"turns":4},{"damage":9,"enemies":"Cultist and Chosen","floor":22,"turns":6},{"damage":6,"enemies":"Centurion and Healer","floor":23,"turns":6},{"damage":31,"enemies":"Chosen and Byrds","floor":24,"turns":6},{"damage":26,"enemies":"Sentry and Sphere","floor":28,"turns":5},{"damage":0,"enemies":"Snecko","floor":29,"turns":6},{"damage":4,"enemies":"Shelled Parasite and Fungi","floor":30,"turns":5},{"damage":20,"enemies":"Automaton","floor":33,"turns":10},{"damage":0,"enemies":"Orb Walker","floor":35,"turns":3},{"damage":0,"enemies":"3 Darklings","floor":37,"turns":3},{"damage":9,"enemies":"Jaw Worm Horde","floor":39,"turns":4},{"damage":29,"enemies":"2 Orb Walkers","floor":42,"turns":4},{"damage":0,"enemies":"Sphere and 2 Shapes","floor":44,"turns":3},{"damage":0,"enemies":"Maw","floor":45,"turns":5},{"damage":0,"enemies":"Transient","floor":48,"turns":5},{"damage":19,"enemies":"Donu and Deca","floor":50,"turns":8},{"damage":67,"enemies":"Shield and Spear","floor":54,"turns":6},{"damage":23,"enemies":"The Heart","floor":55,"turns":5}],"seed_played":"-4985042336803201022","potions_obtained":[{"floor":1,"key":"Explosive Potion"},{"floor":4,"key":"DistilledChaos"},{"floor":12,"key":"Explosive Potion"},{"floor":13,"key":"SkillPotion"},{"floor":16,"key":"DistilledChaos"},{"floor":20,"key":"BlessingOfTheForge"},{"floor":28,"key":"Ancient Potion"},{"floor":29,"key":"Dexterity Potion"},{"floor":33,"key":"SkillPotion"},{"floor":44,"key":"Strength Potion"},{"floor":45,"key":"SteroidPotion"}],"is_trial":false,"path_per_floor":["M","M","?","M","M","E","M","R","T","?","R","E","M","M","R","B",null,"M","?","M","$","M","M","M","R","T","R","M","M","M","$","R","B",null,"M","?","M","$","M","R","$","?","T","M","M","?","R","M","R","B",null,"R","$","E","B"],"character_chosen":"DEFECT","items_purchased":["Orrery","Mummified Hand","Beam Cell","Nunchaku","Seek+1","Melter","Mercury Hourglass"],"campfire_rested":2,"item_purchase_floors":[21,31,31,38,38,41,41],"current_hp_per_floor":[75,75,60,57,57,40,38,38,52,52,78,77,77,83,83,45,89,77,77,67,67,65,69,45,71,71,71,55,65,71,71,71,61,89,89,89,89,89,89,89,89,70,70,80,89,89,89,89,89,80,89,89,89,22,0,0],"gold":42,"neow_bonus":"UPGRADE_CARD","is_daily":false,"chose_seed":false,"campfire_upgraded":7,"win_rate":0.0,"timestamp":1613732652,"path_taken":["M","M","?","M","M","E","M","R","T","?","R","E","?","?","R","BOSS","M","?","M","$","?","M","M","R","T","R","M","M","M","$","R","BOSS","M","?","M","$","?","R","?","?","T","M","M","?","R","M","R","BOSS","R","$","E","BOSS"],"items_purchased_type":["Relic","Relic","Card","Relic","Card","Card","Relic"],"build_version":"2020-12-22","purchased_purges":0,"victory":false,"max_hp_per_floor":[75,75,75,75,75,75,75,75,89,89,89,89,89,89,89,89,89,89,89,89,89,89,89,89,89,89,89,89,89,89,89,89,89,89,89,89,89,89,89,89,89,89,89,89,89,89,89,89,89,89,89,89,89,89,89,89],"card_choices":[{"not_picked":["Reprogram","Ball Lightning"],"picked":"Recycle","floor":1},{"not_picked":["Rebound","Cold Snap"],"picked":"Streamline","floor":2},{"not_picked":["Undo","FTL"],"picked":"Steam Power","floor":4},{"not_picked":["Consume","BootSequence"],"picked":"Conserve Battery","floor":5},{"not_picked":["Barrage","Leap"],"picked":"Compile Driver","floor":6},{"not_picked":["Sunder","Cold Snap"],"picked":"Hologram","floor":7},{"not_picked":["Melter","Stack+1"],"picked":"Sweeping Beam","floor":12},{"not_picked":["Redo+1","Leap+1"],"picked":"Self Repair","floor":13},{"not_picked":["All For One","Beam Cell"],"picked":"Stack+1","floor":14},{"not_picked":["Echo Form","Multi-Cast+1"],"picked":"Core Surge","floor":16},{"not_picked":["Gash","Self Repair"],"picked":"Streamline+1","floor":18},{"not_picked":["Heatsinks","Skim+1"],"picked":"White Noise+1","floor":20},{"not_picked":["Beam Cell+1","Defragment"],"picked":"Electrodynamics","floor":21},{"not_picked":["Gash","Cold Snap"],"picked":"Chaos+1","floor":21},{"not_picked":["Coolheaded+1","Loop"],"picked":"Buffer","floor":21},{"not_picked":["Double Energy+1","Conserve Battery+1"],"picked":"Turbo+1","floor":21},{"not_picked":["Stack+1","Rebound"],"picked":"Hello World","floor":21},{"not_picked":["Streamline","FTL"],"picked":"Capacitor+1","floor":22},{"not_picked":["Redo+1","Streamline"],"picked":"Defragment","floor":23},{"not_picked":["Buffer","Steam Power+1"],"picked":"Loop","floor":24},{"not_picked":["Reprogram+1","Sweeping Beam"],"picked":"Coolheaded+1","floor":28},{"not_picked":["Compile Driver","Skim+1"],"picked":"Hologram+1","floor":29},{"not_picked":["Stack+1","Rebound"],"picked":"Hologram+1","floor":30},{"not_picked":["Biased Cognition","Multi-Cast+1"],"picked":"Hyperbeam","floor":33},{"not_picked":["Stack+1","Streamline+1"],"picked":"Aggregate+1","floor":35},{"not_picked":["Streamline+1","Stack+1"],"picked":"Reprogram+1","floor":37},{"not_picked":["Leap+1","Meteor Strike"],"picked":"Go for the Eyes+1","floor":39},{"not_picked":["Conserve Battery+1","Steam+1"],"picked":"Defragment+1","floor":42},{"not_picked":["Self Repair","Go for the Eyes"],"picked":"Skim+1","floor":44},{"not_picked":["Beam Cell","Sweeping Beam","Compile Driver"],"picked":"SKIP","floor":45},{"not_picked":["Stack+1","Gash"],"picked":"Double Energy+1","floor":48},{"not_picked":["Capacitor+1","Skim+1"],"picked":"Reboot+1","floor":54}],"player_experience":534365,"relics_obtained":[{"floor":6,"key":"War Paint"},{"floor":9,"key":"Mango"},{"floor":12,"key":"Toxic Egg 2"},{"floor":26,"key":"TungstenRod"},{"floor":42,"key":"FossilizedHelix"},{"floor":54,"key":"Lantern"}],"event_choices":[{"damage_healed":0,"gold_gain":0,"player_choice":"Entered Light","damage_taken":15,"max_hp_gain":0,"max_hp_loss":0,"event_name":"Shining Light","floor":3,"gold_loss":0,"cards_upgraded":["Defend_B","Defend_B"]},{"damage_healed":0,"gold_gain":100,"player_choice":"Pray","damage_taken":0,"max_hp_gain":0,"max_hp_loss":0,"event_name":"Golden Shrine","floor":10,"gold_loss":0},{"cards_removed":["Streamline"],"damage_healed":0,"gold_gain":0,"player_choice":"Gave Card","damage_taken":0,"relics_obtained":["Ginger"],"max_hp_gain":0,"max_hp_loss":0,"event_name":"WeMeetAgain","floor":19,"gold_loss":0},{"damage_healed":0,"gold_gain":300,"player_choice":"Gold","damage_taken":0,"max_hp_gain":0,"max_hp_loss":0,"event_name":"Wheel of Change","floor":36,"gold_loss":0},{"damage_healed":0,"gold_gain":0,"player_choice":"Fight","damage_taken":0,"max_hp_gain":0,"max_hp_loss":0,"event_name":"Mysterious Sphere","floor":42,"gold_loss":0},{"damage_healed":0,"gold_gain":0,"player_choice":"Paid","damage_taken":0,"relics_obtained":["Red Mask"],"max_hp_gain":0,"max_hp_loss":0,"event_name":"Tomb of Lord Red Mask","floor":46,"gold_loss":146}],"is_beta":false,"boss_relics":[{"not_picked":["Cursed Key","FrozenCore"],"picked":"Empty Cage"},{"not_picked":["Nuclear Battery","Coffee Dripper"],"picked":"Astrolabe"}],"items_purged_floors":[],"is_endless":false,"potions_floor_spawned":[1,4,12,13,16,20,28,29,33,44,45],"killed_by":"The Heart","ascension_level":0}}