{"host":"f14d6hm2349s9jse","time":1613749666,"event":{"mods":["2.2 Compatiblity","BaseMod","GungeonMod","Minty Spire (QoL Compilation)","StSLib"],"gold_per_floor":[112,112,112,127,127,160,174,21,21,48,48,76,76,148,148,245,245,269,269,306,346,37,67,86,86,86,86,143,194,194,234,234,343,343,356,356,356,370,380,405,405,439,439,439,489,523,569,191,191,191,191,191,24,80,80],"floor_reached":56,"language":"ENG","playtime":4776,"items_purged":[],"score":1910,"play_id":"97cb65e1-2f15-47eb-a821-b8d551ac24da","local_time":"20210219104746","is_ascension_mode":true,"campfire_choices":[{"data":"DemoMod:Desperate","floor":11.0,"key":"SMITH"},{"floor":13.0,"key":"RECALL"},{"data":"DemoMod:TripleGun","floor":15.0,"key":"SMITH"},{"floor":25.0,"key":"REST"},{"floor":27.0,"key":"REST"},{"data":"DemoMod:ShadowBullets","floor":30.0,"key":"SMITH"},{"data":"DemoMod:GunShield","floor":32.0,"key":"SMITH"},{"floor":41.0,"key":"REST"},{"floor":44,"key":"REST"},{"data":"DemoMod:ShadowBullets","floor":49,"key":"SMITH"},{"data":"DemoMod:HungryBullets","floor":52,"key":"SMITH"}],"circlet_count":0,"master_deck":["DemoMod:Strike_Huntress","DemoMod:Strike_Huntress","DemoMod:Strike_Huntress","DemoMod:Defend_Huntress","DemoMod:Defend_Huntress","DemoMod:Defend_Huntress","DemoMod:Defend_Huntress","DemoMod:Roll","DemoMod:ManualReload+1","DemoMod:RustySidearm+1","DemoMod:CrossBow","DemoMod:Evolver+","DemoMod:BattleInHaste","DemoMod:TripleGun+1","DemoMod:BalloonGun","DemoMod:Desperate+1","DemoMod:DarkMarker+1","DemoMod:FinishedGun","DemoMod:GunShield+1","DemoMod:Slinger","DemoMod:StrategicReserve+1","DemoMod:CursedBullets+1","DemoMod:ShadowBullets+1","DemoMod:DoubleVision+1","DemoMod:MachoBrace+1","DemoMod:MachoBrace+1","DemoMod:DoubleSwitch+1","DemoMod:SniperShot+1","DemoMod:ShadowBullets+1","DemoMod:AbyssalTentacle+1","DemoMod:FinishedGun","DemoMod:HungryBullets+1","DemoMod:ShadowBullets+1","DemoMod:HungryBullets","DemoMod:ShadowBullets"],"relics":["DemoMod:Dog","NeowsBlessing","Pantograph","DemoMod:SilverBullets","Toy Ornithopter","Gremlin Horn","DemoMod:DecoyRelic","DemoMod:SerJunkan","Black Star","Bronze Scales","Red Mask","Toxic Egg 2","Membership Card","Whetstone","Omamori","DemoMod:Junk","DemoMod:BigBoy","DemoMod:HoleyGrail","Matryoshka","DemoMod:MemoryAlloy","DemoMod:Test1","HornCleat","MealTicket","DemoMod:BlueGuonStone","Dead Branch","DemoMod:RatBoots","Orichalcum","DemoMod:MonsterBlood","DollysMirror","DemoMod:Orange","Question Card","ClockworkSouvenir","Nunchaku","Vajra","DemoMod:PinkGuonStone"],"acts_visited":["Exordium","TheCity","TheBeyond","TheEnding"],"potions_floor_usage":[46,55,55],"damage_taken":[{"damage":0.0,"enemies":"Jaw Worm","floor":1.0,"turns":1.0},{"damage":0.0,"enemies":"2 Louse","floor":4.0,"turns":1.0},{"damage":0.0,"enemies":"Lagavulin","floor":6.0,"turns":1.0},{"damage":1.0,"enemies":"Cultist","floor":7.0,"turns":5.0},{"damage":9.0,"enemies":"Gremlin Nob","floor":10.0,"turns":3.0},{"damage":10.0,"enemies":"Lagavulin","floor":12.0,"turns":4.0},{"damage":0.0,"enemies":"Slime Boss","floor":16.0,"turns":8.0},{"damage":15.0,"enemies":"3 Byrds","floor":18.0,"turns":6.0},{"damage":13.0,"enemies":"Masked Bandits","floor":20.0,"turns":4.0},{"damage":11.0,"enemies":"Shell Parasite","floor":21.0,"turns":3.0},{"damage":21.0,"enemies":"Slavers","floor":23.0,"turns":5.0},{"damage":0.0,"enemies":"Shell Parasite","floor":24.0,"turns":4.0},{"damage":0.0,"enemies":"Sentry and Sphere","floor":28.0,"turns":2.0},{"damage":0.0,"enemies":"Gremlin Leader","floor":29.0,"turns":3.0},{"damage":0.0,"enemies":"Slavers","floor":31.0,"turns":5.0},{"damage":0.0,"enemies":"Collector","floor":33.0,"turns":4.0},{"damage":17.0,"enemies":"3 Darklings","floor":35.0,"turns":4.0},{"damage":0.0,"enemies":"3 Shapes","floor":38.0,"turns":2.0},{"damage":0.0,"enemies":"Spire Growth","floor":39.0,"turns":3.0},{"damage":38.0,"enemies":"Giant Head","floor":40.0,"turns":9.0},{"damage":7,"enemies":"Nemesis","floor":42,"turns":7},{"damage":11,"enemies":"Mind Bloom Boss Battle","floor":45,"turns":6},{"damage":0,"enemies":"Jaw Worm Horde","floor":46,"turns":5},{"damage":0,"enemies":"Reptomancer","floor":47,"turns":3},{"damage":37,"enemies":"Awakened One","floor":50,"turns":8},{"damage":0,"enemies":"Shield and Spear","floor":54,"turns":3},{"damage":80,"enemies":"The Heart","floor":55,"turns":5}],"seed_played":"-753017536978021940","potions_obtained":[{"floor":1.0,"key":"Regen Potion"},{"floor":4.0,"key":"Energy Potion"},{"floor":7.0,"key":"SkillPotion"},{"floor":23.0,"key":"Dexterity Potion"},{"floor":24.0,"key":"Ancient Potion"},{"floor":28.0,"key":"PowerPotion"},{"floor":39.0,"key":"Swift Potion"},{"floor":40.0,"key":"CultistPotion"},{"floor":54,"key":"SteroidPotion"}],"is_trial":false,"path_per_floor":["M","?","?","M","?","E","M","$","T","E","R","E","R","T","R","B",null,"M","?","?","?","$","E","M","R","T","R","M","E","R","E","R","B",null,"M","?","?","M","M","E","R","E","T","R","?","?","E","$","R","B",null,"R","$","E","B",null],"character_chosen":"HUNTRESS","items_purchased":["DemoMod:BalloonGun","Membership Card","DemoMod:Slinger","Whetstone","DemoMod:HungryBullets","DollysMirror","DemoMod:Orange","Question Card","DemoMod:HungryBullets","ClockworkSouvenir","Nunchaku"],"campfire_rested":4,"item_purchase_floors":[8,22,22,22,48,48,48,48,53,53,53],"current_hp_per_floor":[70,63,63,63,63,63,62,62,62,66,66,60,60,60,60,70,70,55,55,42,31,31,10,10,31,31,52,52,52,52,57,57,70,70,53,32,61,61,61,28,46,39,39,57,50,55,62,80,80,80,80,80,80,87,62],"gold":80,"neow_bonus":"THREE_ENEMY_KILL","is_daily":false,"chose_seed":false,"campfire_upgraded":6,"win_rate":0.0,"timestamp":1613749666,"path_taken":["M","?","?","?","?","E","M","$","T","E","R","E","R","?","R","BOSS","M","?","?","?","$","E","M","R","T","R","M","E","R","E","R","BOSS","M","?","?","M","M","E","R","E","T","R","?","?","E","$","R","BOSS","R","$","E","BOSS"],"items_purchased_type":["Card","Relic","Card","Relic","Card","Relic","Relic","Relic","Card","Relic","Relic"],"build_version":"2020-12-22","purchased_purges":0,"victory":true,"max_hp_per_floor":[70,70,70,70,70,70,70,70,70,70,70,70,70,70,70,70,70,70,70,70,70,70,70,70,70,70,70,70,70,70,70,70,70,70,70,70,61,61,61,61,61,61,61,61,61,61,68,80,80,80,80,80,80,87,87],"card_choices":[{"not_picked":["DemoMod:GunShield","DemoMod:BoxingGlove"],"picked":"DemoMod:Evolver","floor":1.0},{"not_picked":["DemoMod:AbyssalTentacle","DemoMod:TeaPot"],"picked":"DemoMod:BattleInHaste","floor":4.0},{"not_picked":["DemoMod:StickyCrossBow","DemoMod:FastSwitch"],"picked":"DemoMod:TripleGun","floor":6.0},{"not_picked":["DemoMod:SpreadAmmo","DemoMod:TeaPot","DemoMod:HuntsMan"],"picked":"SKIP","floor":7.0},{"not_picked":["DemoMod:ChanceBullets","DemoMod:SniperShot"],"picked":"DemoMod:Desperate","floor":10.0},{"not_picked":["DemoMod:ProbeStrike","DemoMod:FeignSurrender"],"picked":"DemoMod:DarkMarker","floor":12.0},{"not_picked":["DemoMod:Eureka","DemoMod:FullFirepower"],"picked":"DemoMod:FinishedGun","floor":16.0},{"not_picked":["DemoMod:AWP","DemoMod:BattleInHaste+1"],"picked":"DemoMod:GunShield","floor":18.0},{"not_picked":["DemoMod:TeaPot","DemoMod:ChanceBullets+1","DemoMod:JK47+1"],"picked":"SKIP","floor":21.0},{"not_picked":["DemoMod:TripleGun","DemoMod:SAA"],"picked":"DemoMod:StrategicReserve+1","floor":23.0},{"not_picked":["DemoMod:Eureka+1","DemoMod:FastSwitch+1"],"picked":"DemoMod:CursedBullets+1","floor":24.0},{"not_picked":["DemoMod:LifeOrb","DemoMod:Replace+1","DemoMod:HuntsMan+1"],"picked":"SKIP","floor":28.0},{"not_picked":["DemoMod:AbyssalTentacle+1","DemoMod:StrategicReserve+1"],"picked":"DemoMod:ShadowBullets","floor":29.0},{"not_picked":["DemoMod:TeaPot","DemoMod:GunstockTap","DemoMod:SAA+1"],"picked":"SKIP","floor":31.0},{"not_picked":["DemoMod:BlackHoleGun","DemoMod:BulletBore"],"picked":"DemoMod:DoubleVision+1","floor":33.0},{"not_picked":["DemoMod:ZorGun","DemoMod:Unmoved+1"],"picked":"DemoMod:MachoBrace+1","floor":35.0},{"not_picked":["DemoMod:Slinger","DemoMod:FortunesFavor+1"],"picked":"DemoMod:MachoBrace+1","floor":38.0},{"not_picked":["DemoMod:Casey","DemoMod:MachoBrace+1"],"picked":"DemoMod:DoubleSwitch+1","floor":39.0},{"not_picked":["DemoMod:RadGun+1","DemoMod:Unmoved+1"],"picked":"DemoMod:SniperShot+1","floor":40.0},{"not_picked":["DemoMod:RadGun+1","DemoMod:EasyReloadBullets+1"],"picked":"DemoMod:ShadowBullets","floor":42},{"not_picked":["DemoMod:AC15+1","DemoMod:CombinedRifle+1"],"picked":"DemoMod:AbyssalTentacle+1","floor":46},{"not_picked":["DemoMod:Rummage+1","DemoMod:SAA"],"picked":"DemoMod:FinishedGun","floor":47},{"not_picked":["DemoMod:ConditionalReflex+1","DemoMod:SAA+1","DemoMod:DirectionalPad"],"picked":"DemoMod:ShadowBullets","floor":54}],"player_experience":2500352,"relics_obtained":[{"floor":6.0,"key":"DemoMod:SilverBullets"},{"floor":9.0,"key":"Toy Ornithopter"},{"floor":10.0,"key":"Gremlin Horn"},{"floor":12.0,"key":"DemoMod:DecoyRelic"},{"floor":14.0,"key":"DemoMod:SerJunkan"},{"floor":20.0,"key":"Red Mask"},{"floor":21.0,"key":"Toxic Egg 2"},{"floor":23.0,"key":"Omamori"},{"floor":23.0,"key":"DemoMod:Junk"},{"floor":26.0,"key":"DemoMod:BigBoy"},{"floor":29.0,"key":"DemoMod:HoleyGrail"},{"floor":29.0,"key":"Matryoshka"},{"floor":31.0,"key":"DemoMod:Junk"},{"floor":31.0,"key":"DemoMod:MemoryAlloy"},{"floor":40.0,"key":"HornCleat"},{"floor":40.0,"key":"DemoMod:Junk"},{"floor":42,"key":"MealTicket"},{"floor":42,"key":"DemoMod:Junk"},{"floor":43,"key":"DemoMod:BlueGuonStone"},{"floor":45,"key":"Dead Branch"},{"floor":46,"key":"DemoMod:RatBoots"},{"floor":46,"key":"Orichalcum"},{"floor":47,"key":"DemoMod:MonsterBlood"},{"floor":47,"key":"DemoMod:Junk"},{"floor":54,"key":"Vajra"},{"floor":54,"key":"DemoMod:PinkGuonStone"}],"event_choices":[{"damage_healed":0.0,"max_hp_gain":0.0,"max_hp_loss":0.0,"gold_gain":0.0,"event_name":"Scrap Ooze","player_choice":"Success","floor":2.0,"gold_loss":0.0,"damage_taken":7.0,"relics_obtained":["Pantograph"]},{"damage_healed":0.0,"max_hp_gain":0.0,"max_hp_loss":0.0,"gold_gain":0.0,"event_name":"The Woman in Blue","player_choice":"Bought 0 Potions","floor":3.0,"gold_loss":0.0,"damage_taken":0.0},{"damage_healed":0.0,"max_hp_gain":0.0,"max_hp_loss":0.0,"gold_gain":0.0,"event_name":"Living Wall","player_choice":"Grow","floor":5.0,"gold_loss":0.0,"damage_taken":0.0,"cards_upgraded":["DemoMod:ManualReload"]},{"damage_healed":0.0,"max_hp_gain":0.0,"max_hp_loss":0.0,"gold_gain":0.0,"event_name":"The Mausoleum","player_choice":"Opened","floor":19.0,"gold_loss":0.0,"damage_taken":0.0,"relics_obtained":["Bronze Scales"]},{"damage_healed":0.0,"max_hp_gain":0.0,"max_hp_loss":0.0,"gold_gain":0.0,"event_name":"Masked Bandits","player_choice":"Fought Bandits","floor":20.0,"gold_loss":0.0,"damage_taken":0.0},{"damage_healed":61.0,"max_hp_gain":0.0,"max_hp_loss":9.0,"gold_gain":0.0,"event_name":"The Moai Head","player_choice":"Heal","floor":37.0,"gold_loss":0.0,"damage_taken":0.0},{"damage_healed":0,"gold_gain":0,"player_choice":"Fight","damage_taken":0,"max_hp_gain":0,"max_hp_loss":0,"event_name":"MindBloom","floor":45,"gold_loss":0}],"is_beta":false,"boss_relics":[{"not_picked":["SlaversCollar","DemoMod:Wolf"],"picked":"Black Star"},{"not_picked":["SacredBark","Runic Pyramid"],"picked":"DemoMod:Test1"}],"items_purged_floors":[],"is_endless":false,"potions_floor_spawned":[1,4,7,23,24,28,39,40,42,45,50,54],"ascension_level":5}}