{"host":"bg8va46pgqgvtzim","time":1613734866,"event":{"mods":["BaseMod","Minty Spire (QoL Compilation)","Quick Restart","StSLib","SuperFastMode"],"gold_per_floor":[110,121,131,131,150,150,161,173,173,199,199,214,248,272,272,272,272,288,345,365,365,383,408,408,511,511,529,547,547,562,574,574,609,620,634,667,722,735,783,783,329,340,340,440,458,458,458,558,558,568,581,635,635,535,551,578,613,613,663,694,498,498,522,522,547,547,562,562,590,590,622,622,622,622,622,59,93,93],"floor_reached":79,"language":"ZHS","playtime":3473,"items_purged":["Defend_P","Defend_P","Strike_P+1","Strike_P+1"],"score":1960,"play_id":"aee90cfb-e090-43ed-8758-19a9f7a9b7e9","local_time":"20210219194106","is_ascension_mode":true,"campfire_choices":[{"data":"Eruption","floor":9.0,"key":"SMITH"},{"data":"Consecrate","floor":11.0,"key":"SMITH"},{"data":"Crescendo","floor":17.0,"key":"SMITH"},{"data":"Wallop","floor":21.0,"key":"SMITH"},{"data":"Scrawl","floor":24.0,"key":"SMITH"},{"data":"Scrawl","floor":40,"key":"SMITH"},{"data":"Adaptation","floor":43,"key":"SMITH"},{"data":"Devotion","floor":46,"key":"SMITH"},{"data":"DevaForm","floor":47,"key":"SMITH"},{"floor":58,"key":"RECALL"},{"data":"Fasting2","floor":64,"key":"SMITH"},{"data":"Fasting2","floor":66,"key":"SMITH"},{"data":"Study","floor":72,"key":"SMITH"}],"circlet_count":0,"master_deck":["Defend_P+1","Defend_P+1","Eruption+1","Vigilance+1","Wallop+1","Consecrate+1","WheelKick+1","Crescendo+1","Scrawl+1","Scrawl+1","Adaptation+1","InnerPeace+1","MentalFortress+1","Devotion+1","Prostrate+1","DeusExMachina+1","TalkToTheHand+1","Indignation+1","LessonLearned+1","DevaForm+1","MentalFortress+1","FearNoEvil+1","Panacea+1","Fasting2+1","Omniscience+1","ClearTheMind+1","Prostrate+1","Fasting2+1","Fasting2+1","Omniscience+1","Impatience+1","Deep Breath+1","Forethought+1","Study+1","Sanctity+1"],"relics":["PureWater","Sundial","Bird Faced Urn","Regal Pillow","Damaru","Lantern","MealTicket","Yang","Toxic Egg 2","Coffee Dripper","Nunchaku","Juzu Bracelet","Happy Flower","Pen Nib","Orrery","GoldenEye","StrikeDummy","Runic Pyramid","Pocketwatch","Bronze Scales","Boot","Ice Cream","Mercury Hourglass","Bottled Tornado","Bag of Preparation","Mummified Hand","Letter Opener","Akabeko","Pantograph","Blood Vial","Gremlin Horn"],"acts_visited":["Exordium","TheCity","TheBeyond","TheEnding"],"potions_floor_usage":[44,78],"damage_taken":[{"damage":0.0,"enemies":"Jaw Worm","floor":1.0,"turns":4.0},{"damage":0.0,"enemies":"Cultist","floor":2.0,"turns":3.0},{"damage":2.0,"enemies":"Small Slimes","floor":3.0,"turns":4.0},{"damage":5.0,"enemies":"Exordium Thugs","floor":5.0,"turns":6.0},{"damage":6.0,"enemies":"Exordium Wildlife","floor":7.0,"turns":3.0},{"damage":0.0,"enemies":"Large Slime","floor":8.0,"turns":3.0},{"damage":0.0,"enemies":"Lagavulin","floor":10.0,"turns":4.0},{"damage":0.0,"enemies":"Looter","floor":12.0,"turns":2.0},{"damage":8.0,"enemies":"3 Sentries","floor":13.0,"turns":4.0},{"damage":0.0,"enemies":"Blue Slaver","floor":18.0,"turns":1.0},{"damage":0.0,"enemies":"Gremlin Nob","floor":19.0,"turns":2.0},{"damage":0.0,"enemies":"Exordium Thugs","floor":20.0,"turns":1.0},{"damage":0.0,"enemies":"2 Fungi Beasts","floor":22.0,"turns":2.0},{"damage":0.0,"enemies":"Gremlin Nob","floor":23.0,"turns":2.0},{"damage":6.0,"enemies":"The Guardian","floor":25.0,"turns":10.0},{"damage":0.0,"enemies":"Chosen","floor":27.0,"turns":2.0},{"damage":0.0,"enemies":"2 Thieves","floor":28.0,"turns":3.0},{"damage":0.0,"enemies":"Centurion and Healer","floor":30.0,"turns":3.0},{"damage":0.0,"enemies":"Snecko","floor":31.0,"turns":2.0},{"damage":0.0,"enemies":"Gremlin Leader","floor":33.0,"turns":2.0},{"damage":0.0,"enemies":"Snake Plant","floor":34.0,"turns":3.0},{"damage":0.0,"enemies":"Centurion and Healer","floor":35.0,"turns":2.0},{"damage":7,"enemies":"Book of Stabbing","floor":36,"turns":3},{"damage":0,"enemies":"Chosen and Byrds","floor":38,"turns":2},{"damage":0,"enemies":"3 Cultists","floor":42,"turns":2},{"damage":21,"enemies":"Colosseum Slavers","floor":44,"turns":2},{"damage":8,"enemies":"Colosseum Nobs","floor":44,"turns":4},{"damage":12,"enemies":"Centurion and Healer","floor":45,"turns":5},{"damage":0,"enemies":"Champ","floor":48,"turns":6},{"damage":0,"enemies":"Orb Walker","floor":50,"turns":2},{"damage":0,"enemies":"3 Shapes","floor":51,"turns":2},{"damage":16,"enemies":"2 Orb Walkers","floor":52,"turns":2},{"damage":0,"enemies":"Jaw Worm Horde","floor":55,"turns":3},{"damage":4,"enemies":"Reptomancer","floor":57,"turns":3},{"damage":3,"enemies":"Mind Bloom Boss Battle","floor":59,"turns":3},{"damage":22,"enemies":"Nemesis","floor":60,"turns":3},{"damage":0,"enemies":"Reptomancer","floor":65,"turns":4},{"damage":14,"enemies":"Maw","floor":67,"turns":3},{"damage":0,"enemies":"Giant Head","floor":69,"turns":1},{"damage":0,"enemies":"Reptomancer","floor":71,"turns":3},{"damage":20,"enemies":"Time Eater","floor":73,"turns":5},{"damage":0,"enemies":"Shield and Spear","floor":77,"turns":1},{"damage":0,"enemies":"The Heart","floor":78,"turns":4}],"seed_played":"1080747184759398825","potions_obtained":[{"floor":2.0,"key":"SmokeBomb"},{"floor":7.0,"key":"Energy Potion"},{"floor":8.0,"key":"FearPotion"},{"floor":18.0,"key":"Explosive Potion"},{"floor":20.0,"key":"SkillPotion"},{"floor":33.0,"key":"LiquidBronze"},{"floor":36,"key":"Weak Potion"},{"floor":48,"key":"FairyPotion"},{"floor":50,"key":"ColorlessPotion"},{"floor":59,"key":"DuplicationPotion"}],"is_trial":false,"path_per_floor":["M","M","M","?","M","T","M","M","R","E","R","M","E","T","T","T","R","M","?","M","R","M","E","R","B",null,"M","M","?","M","M","?","E","M","M","E","T","M","T","R","$","M","R","?","M","R","R","B",null,"M","M","?","?","$","M","T","E","R","?","E","$","T","T","R","E","R","M","?","E","?","E","R","B",null,"R","$","E","B",null],"character_chosen":"WATCHER","items_purchased":["LessonLearned","Orrery","Panacea+1","Fasting2","Pantograph","Blood Vial"],"campfire_rested":0,"item_purchase_floors":[41,41,41,61,76,76],"current_hp_per_floor":[72,72,70,63,58,58,52,52,52,52,52,52,44,44,44,44,44,44,44,44,44,44,48,48,46,72,72,72,72,72,72,72,72,72,72,67,67,69,69,69,72,72,72,51,49,49,49,63,72,72,72,56,56,71,72,72,72,72,72,58,72,72,72,72,72,72,62,62,72,62,72,72,64,72,72,72,72,72],"gold":93,"neow_bonus":"THREE_CARDS","is_daily":false,"chose_seed":false,"campfire_upgraded":12,"win_rate":0.0,"timestamp":1613734866,"path_taken":["M","M","M","?","M","?","?","M","R","E","R","M","E","?","T","T","R","M","?","M","R","M","E","R","BOSS","M","M","?","M","M","?","E","?","M","E","T","M","?","R","$","M","R","?","M","R","R","BOSS","M","M","?","?","$","M","?","E","R","?","E","$","T","T","R","E","R","M","?","E","?","E","R","BOSS","R","$","E","BOSS"],"items_purchased_type":["Card","Relic","Card","Card","Relic","Relic"],"build_version":"2020-12-22","purchased_purges":4,"victory":true,"max_hp_per_floor":[72,72,72,72,72,72,72,72,72,72,72,72,72,72,72,72,72,72,72,72,72,72,72,72,72,72,72,72,72,72,72,72,72,72,72,72,72,72,72,72,72,72,72,72,72,72,72,72,72,72,72,72,72,72,72,72,72,72,72,72,72,72,72,72,72,72,72,72,72,72,72,72,72,72,72,72,72,72],"card_choices":[{"not_picked":["Halt","EmptyFist"],"picked":"Wallop","floor":0.0},{"not_picked":["FlyingSleeves","Halt"],"picked":"Consecrate","floor":1.0},{"not_picked":["Protect","Evaluate"],"picked":"WheelKick","floor":2.0},{"not_picked":["SignatureMove","SashWhip","Conclude"],"picked":"SKIP","floor":3.0},{"not_picked":["PathToVictory","JustLucky","Protect"],"picked":"SKIP","floor":5.0},{"not_picked":["Pray","ThirdEye"],"picked":"Crescendo","floor":7.0},{"not_picked":["SashWhip","FollowUp"],"picked":"Scrawl","floor":8.0},{"not_picked":["WaveOfTheHand","Nirvana","CutThroughFate"],"picked":"SKIP","floor":10.0},{"not_picked":["FlyingSleeves","Halt","JustLucky"],"picked":"SKIP","floor":12.0},{"not_picked":["CutThroughFate","Collect"],"picked":"Scrawl","floor":13.0},{"not_picked":["EmptyFist","Conclude","PathToVictory"],"picked":"SKIP","floor":18.0},{"not_picked":["Consecrate","FollowUp"],"picked":"Adaptation","floor":19.0},{"not_picked":["Prostrate","EmptyFist"],"picked":"InnerPeace","floor":20.0},{"not_picked":["Nirvana","PathToVictory"],"picked":"MentalFortress","floor":22.0},{"not_picked":["BowlingBash","Consecrate","Wireheading"],"picked":"SKIP","floor":23.0},{"not_picked":["Brilliance","Ragnarok"],"picked":"Devotion","floor":25.0},{"not_picked":["FollowUp","Halt+1"],"picked":"Prostrate+1","floor":27.0},{"not_picked":["CutThroughFate","FlyingSleeves","ForeignInfluence+1"],"picked":"SKIP","floor":28.0},{"not_picked":["ThirdEye+1","Wireheading","Consecrate"],"picked":"SKIP","floor":30.0},{"not_picked":["Collect+1","WheelKick"],"picked":"DeusExMachina+1","floor":31.0},{"not_picked":["Vengeance+1","BowlingBash","EmptyBody+1"],"picked":"SKIP","floor":33.0},{"not_picked":["Nirvana+1","Weave"],"picked":"TalkToTheHand+1","floor":34.0},{"not_picked":["Wireheading","Evaluate+1","CrushJoints"],"picked":"SKIP","floor":35.0},{"not_picked":["Halt+1","CutThroughFate","EmptyBody+1"],"picked":"SKIP","floor":36},{"not_picked":["CutThroughFate","FlyingSleeves"],"picked":"Indignation+1","floor":38},{"not_picked":["Protect+1","Collect+1"],"picked":"DevaForm","floor":41},{"not_picked":["ReachHeaven","Evaluate+1"],"picked":"MentalFortress","floor":41},{"not_picked":["Sanctity+1","FlyingSleeves+1"],"picked":"FearNoEvil+1","floor":41},{"not_picked":["Halt+1","ClearTheMind+1"],"picked":"Fasting2","floor":42},{"not_picked":["PathToVictory+1","BowlingBash"],"picked":"Omniscience+1","floor":44},{"not_picked":["EmptyFist","Consecrate"],"picked":"ClearTheMind+1","floor":45},{"not_picked":["BowlingBash","Consecrate+1"],"picked":"Prostrate+1","floor":50},{"not_picked":["CarveReality","PathToVictory+1","CrushJoints+1"],"picked":"SKIP","floor":51},{"not_picked":["Wallop","FollowUp"],"picked":"EmptyMind+1","floor":52},{"not_picked":["EmptyFist","CrushJoints","Nirvana+1"],"picked":"SKIP","floor":55},{"not_picked":["Worship+1","BowlingBash+1","Crescendo+1"],"picked":"SKIP","floor":57},{"not_picked":["CrushJoints","Worship+1","FearNoEvil+1"],"picked":"SKIP","floor":60},{"not_picked":["EmptyFist+1","WreathOfFlame+1"],"picked":"Fasting2","floor":65},{"not_picked":["Perseverance+1","Vengeance+1","Wireheading"],"picked":"SKIP","floor":67},{"not_picked":["ConjureBlade+1","CarveReality"],"picked":"Omniscience+1","floor":69},{"not_picked":["Blind+1","Bandage Up+1"],"picked":"Impatience+1","floor":70},{"not_picked":["The Bomb+1","Metamorphosis+1"],"picked":"Deep Breath+1","floor":70},{"not_picked":["Mayhem","Flash of Steel"],"picked":"Forethought+1","floor":70},{"not_picked":["Indignation+1","Protect+1"],"picked":"Study","floor":71},{"not_picked":["Evaluate+1","BowlingBash+1"],"picked":"Sanctity+1","floor":77}],"player_experience":2504300,"relics_obtained":[{"floor":6.0,"key":"Bird Faced Urn"},{"floor":10.0,"key":"Regal Pillow"},{"floor":13.0,"key":"Damaru"},{"floor":14.0,"key":"Lantern"},{"floor":16.0,"key":"MealTicket"},{"floor":19.0,"key":"Yang"},{"floor":23.0,"key":"Toxic Egg 2"},{"floor":33.0,"key":"Nunchaku"},{"floor":36,"key":"Juzu Bracelet"},{"floor":37,"key":"Happy Flower"},{"floor":39,"key":"Pen Nib"},{"floor":44,"key":"GoldenEye"},{"floor":44,"key":"StrikeDummy"},{"floor":52,"key":"Pocketwatch"},{"floor":56,"key":"Bronze Scales"},{"floor":57,"key":"Boot"},{"floor":59,"key":"Ice Cream"},{"floor":60,"key":"Mercury Hourglass"},{"floor":62,"key":"Bottled Tornado"},{"floor":63,"key":"Bag of Preparation"},{"floor":65,"key":"Mummified Hand"},{"floor":69,"key":"Letter Opener"},{"floor":71,"key":"Akabeko"},{"floor":77,"key":"Gremlin Horn"}],"event_choices":[{"damage_healed":0.0,"max_hp_gain":0.0,"max_hp_loss":0.0,"gold_gain":0.0,"event_name":"Scrap Ooze","player_choice":"Success","floor":4.0,"gold_loss":0.0,"damage_taken":7.0,"relics_obtained":["Sundial"]},{"damage_healed":0.0,"max_hp_gain":0.0,"max_hp_loss":0.0,"gold_gain":0.0,"event_name":"Dead Adventurer","player_choice":"Searched \u00271\u0027 times","floor":19.0,"gold_loss":0.0,"damage_taken":0.0},{"cards_removed":["Strike_P"],"damage_healed":0.0,"max_hp_gain":0.0,"max_hp_loss":0.0,"gold_gain":0.0,"event_name":"Back to Basics","player_choice":"Elegance","floor":29.0,"gold_loss":0.0,"damage_taken":0.0},{"cards_removed":["Strike_P"],"damage_healed":0.0,"max_hp_gain":0.0,"max_hp_loss":0.0,"gold_gain":0.0,"event_name":"Bonfire Elementals","player_choice":"Offered Basic","floor":32.0,"gold_loss":0.0,"damage_taken":0.0},{"damage_healed":0,"gold_gain":0,"player_choice":"Fight","damage_taken":0,"max_hp_gain":0,"max_hp_loss":0,"event_name":"Colosseum","floor":44,"gold_loss":0},{"damage_healed":0,"gold_gain":0,"player_choice":"Fought Nobs","damage_taken":0,"max_hp_gain":0,"max_hp_loss":0,"event_name":"Colosseum","floor":44,"gold_loss":0},{"damage_healed":0,"gold_gain":0,"player_choice":"Fight","damage_taken":0,"max_hp_gain":0,"max_hp_loss":0,"event_name":"Mysterious Sphere","floor":52,"gold_loss":0},{"cards_removed":["EmptyMind"],"damage_healed":0,"gold_gain":0,"player_choice":"Removed Skill","damage_taken":0,"max_hp_gain":0,"max_hp_loss":0,"event_name":"Falling","floor":53,"gold_loss":0},{"damage_healed":0,"gold_gain":0,"player_choice":"Fight","damage_taken":0,"max_hp_gain":0,"max_hp_loss":0,"event_name":"MindBloom","floor":59,"gold_loss":0},{"damage_healed":0,"gold_gain":0,"player_choice":"Ignored","damage_taken":0,"max_hp_gain":0,"max_hp_loss":0,"event_name":"Tomb of Lord Red Mask","floor":68,"gold_loss":0},{"damage_healed":0,"gold_gain":0,"player_choice":"Memory 3","damage_taken":10,"max_hp_gain":0,"max_hp_loss":0,"event_name":"SensoryStone","floor":70,"gold_loss":0}],"is_beta":false,"boss_relics":[{"not_picked":["SlaversCollar","Runic Dome"],"picked":"Coffee Dripper"},{"not_picked":["Empty Cage","Tiny House"],"picked":"Runic Pyramid"}],"items_purged_floors":[41,54,61,76],"is_endless":false,"potions_floor_spawned":[2,7,8,18,19,20,25,27,33,36,44,48,50,55,59,67],"ascension_level":1}}