{"host":"i0m6ffz3lpe3z1ky","time":1613764416,"event":{"mods":["Aspiration","BaseMod","Bestiary","BetterRewards","Colored Map","Conspire","Energized Spire","Highlight Path","Hubris","Ironclad Rager","Minty Spire (QoL Compilation)","Quick Restart","Reliquary","Shop Mod","Spicy Shops","StSLib","Thieving Mod"],"gold_per_floor":[112,124,12,32,107,136,136,166,166,166,196,47,47,47,47,150,150,167,181,199,199,3,34,34,66,66,96,111,111,111,122,122,221,221,234,234,252,264,264,292,292,45,68,46,160,179,206,206,206,206,206,206,2,35,35],"floor_reached":56,"language":"KOR","playtime":2369,"items_purged":["Strike_R","conspire:GhostlyStrike","conspire:Purge+1"],"score":2770,"play_id":"70fe5ee9-54d7-4a4b-ad9e-cf965657889c","local_time":"20210220045336","is_ascension_mode":true,"campfire_choices":[{"floor":7.0,"key":"RECALL"},{"data":"conspire:GhostlyDefend","floor":15.0,"key":"SMITH"},{"data":"Inflame","floor":24.0,"key":"SMITH"},{"data":"Fire Breathing","floor":30.0,"key":"SMITH"},{"floor":32.0,"key":"REST"},{"data":"Barricade","floor":41.0,"key":"SMITH"}],"circlet_count":0,"master_deck":["Master of Strategy+1","Pommel Strike+1","Body Slam+1","Flash of Steel+1","Body Slam+1","Feed+1","Flame Barrier+1","Glacier+1","Entrench+1","Flame Barrier+1","Barricade+1","Ghostly Armor+1","Enlightenment+1","Body Slam+1","Shrug It Off+1"],"relics":["Burning Blood","aspiration:Nostalgia","Cracked Core","OrangePellets","reliquary:Spinner","Bag of Marbles","Orichalcum","TheAbacus","reliquary:Bookmark","Membership Card","reliquary:CitrusReamer","aspiration:ChemicalBlood","reliquary:Crutches","Toxic Egg 2","Kunai","Vajra","Bag of Preparation","Molten Egg 2","Lantern","Centennial Puzzle","HandDrill","hubris:SlimyHat","Omamori","reliquary:SilkGlove","conspire:TreasureMap","Happy Flower","reliquary:BrokenClock","Red Skull","Juzu Bracelet","Lee\u0027s Waffle","hubris:TenFootPole","reliquary:ExpiredCoupon","hubris:EmptyBottle","Ancient Tea Set","conspire:TopHat","reliquary:TuningFork","Pen Nib","Boot","ClockworkSouvenir","reliquary:WeakTea","hubris:OldNail","Medical Kit","Sling","reliquary:PorcupineQuills","PreservedInsect","TungstenRod","Whetstone","reliquary:Firecrackers","Oddly Smooth Stone","Magic Flower","reliquary:Knoch","Pantograph","Mark of Pain","reliquary:TridentHead","Ginger","War Paint","Strawberry","Nunchaku","hubris:Icosahedron","Coffee Dripper","hubris:Towel","hubris:ChampionShield","aspiration:SeaSaltIceCream","Coffee Dripper","Bottled Tornado","Potion Belt","reliquary:RosewoodLute","reliquary:Stiletto","InkBottle","reliquary:Boomerang","hubris:Reverence"],"acts_visited":["Exordium","TheCity","TheBeyond","TheEnding"],"potions_floor_usage":[],"damage_taken":[{"damage":0.0,"enemies":"Small Slimes","floor":1.0,"turns":1.0},{"damage":0.0,"enemies":"Jaw Worm","floor":2.0,"turns":2.0},{"damage":0.0,"enemies":"Cultist","floor":4.0,"turns":2.0},{"damage":0.0,"enemies":"Lagavulin","floor":6.0,"turns":2.0},{"damage":0.0,"enemies":"3 Sentries","floor":8.0,"turns":2.0},{"damage":0.0,"enemies":"Gremlin Nob","floor":11.0,"turns":2.0},{"damage":25.0,"enemies":"Hexaghost","floor":16.0,"turns":5.0},{"damage":4.0,"enemies":"Shell Parasite","floor":18.0,"turns":1.0},{"damage":0.0,"enemies":"Spheric Guardian","floor":19.0,"turns":1.0},{"damage":4.0,"enemies":"Snecko","floor":20.0,"turns":2.0},{"damage":0.0,"enemies":"Slavers","floor":23.0,"turns":1.0},{"damage":4.0,"enemies":"Gremlin Leader","floor":25.0,"turns":1.0},{"damage":4.0,"enemies":"Book of Stabbing","floor":27.0,"turns":1.0},{"damage":4.0,"enemies":"Centurion and Healer","floor":28.0,"turns":1.0},{"damage":0.0,"enemies":"3 Cultists","floor":31.0,"turns":1.0},{"damage":13.0,"enemies":"hubris:MusketHawk","floor":33.0,"turns":4.0},{"damage":0.0,"enemies":"Orb Walker","floor":35.0,"turns":1.0},{"damage":0.0,"enemies":"3 Shapes","floor":37.0,"turns":1.0},{"damage":4.0,"enemies":"Writhing Mass","floor":38.0,"turns":2.0},{"damage":4.0,"enemies":"Nemesis","floor":40.0,"turns":2.0},{"damage":4,"enemies":"Giant Head","floor":44,"turns":1},{"damage":4,"enemies":"3 Darklings","floor":45,"turns":1},{"damage":0,"enemies":"Spire Growth","floor":46,"turns":2},{"damage":0,"enemies":"Nemesis","floor":47,"turns":1},{"damage":4,"enemies":"Donu and Deca","floor":50,"turns":1},{"damage":0,"enemies":"Shield and Spear","floor":54,"turns":1},{"damage":0,"enemies":"The Heart","floor":55,"turns":4}],"seed_played":"-938680407952289593","potions_obtained":[{"floor":16.0,"key":"BloodPotion"},{"floor":18.0,"key":"LiquidMemories"},{"floor":27.0,"key":"Energy Potion"},{"floor":37.0,"key":"SteroidPotion"},{"floor":44,"key":"Swift Potion"}],"is_trial":false,"path_per_floor":["M","M","$","M","?","E","R","E","T","?","E","$","?","?","R","B",null,"M","M","M","?","$","E","R","E","T","E","M","?","R","M","R","B",null,"M","?","M","M","?","E","R","$","T","E","M","M","E","?","R","B",null,"R","$","E","B",null],"character_chosen":"IRONCLAD","items_purchased":["ThievingMod:ThievingPotion","aspiration:Nostalgia","OrangePellets","reliquary:Spinner","Bag of Marbles","Toxic Egg 2","Kunai","Master of Strategy+1","Molten Egg 2","PreservedInsect","reliquary:Knoch","Feed+1","Ginger","aspiration:SeaSaltIceCream","Bottled Tornado","InkBottle","reliquary:Boomerang"],"campfire_rested":1,"item_purchase_floors":[0,0,0,0,0,0,0,0,0,3,12,12,22,42,42,53,53],"current_hp_per_floor":[87,87,87,87,82,87,87,87,87,87,87,87,87,86,86,77,88,91,91,95,95,95,99,99,106,106,106,106,106,106,106,106,102,105,106,106,106,106,106,106,106,106,106,106,106,106,106,106,106,106,106,106,106,106,106],"gold":35,"neow_bonus":"","is_daily":false,"chose_seed":false,"campfire_upgraded":4,"win_rate":0.0,"timestamp":1613764416,"path_taken":["M","M","$","M","?","E","R","E","T","?","E","$","?","?","R","BOSS","M","M","M","?","$","E","R","E","T","E","M","?","R","M","R","BOSS","M","?","M","M","?","E","R","$","T","E","M","M","E","?","R","BOSS","R","$","E","BOSS"],"items_purchased_type":["Potion","Relic","Relic","Relic","Relic","Relic","Relic","Card","Relic","Relic","Relic","Card","Relic","Relic","Relic","Relic","Relic"],"build_version":"2020-12-22","purchased_purges":3,"victory":true,"max_hp_per_floor":[87,87,87,87,87,87,87,87,87,87,87,87,87,87,87,91,91,91,91,95,95,95,99,99,106,106,106,106,106,106,106,106,106,106,106,106,106,106,106,106,106,106,106,106,106,106,106,106,106,106,106,106,106,106,106],"card_choices":[{"not_picked":["Flex+1","Blood for Blood+1","Second Wind+1"],"picked":"SKIP","floor":1.0},{"not_picked":["Cleave+1","Inflame"],"picked":"Spot Weakness+1","floor":2.0},{"not_picked":["Thunderclap+1","Reckless Charge+1"],"picked":"Pommel Strike+1","floor":4.0},{"not_picked":["Disarm+1","Fiend Fire+1"],"picked":"Body Slam+1","floor":6.0},{"not_picked":["Sever Soul+1","Flex+1"],"picked":"Reaper+1","floor":8.0},{"not_picked":["Headbutt+1","Clothesline+1"],"picked":"Body Slam+1","floor":11.0},{"not_picked":["conspire:HitWhereItHurts+1","Barricade"],"picked":"conspire:Purge+1","floor":16.0},{"not_picked":["Second Wind+1","Twin Strike+1"],"picked":"Flame Barrier+1","floor":18.0},{"not_picked":["Flex+1","Hemokinesis+1"],"picked":"Fire Breathing","floor":19.0},{"not_picked":["Disarm+1","Anger+1"],"picked":"Inflame","floor":20.0},{"not_picked":["conspire:Charge+1","Hemokinesis+1","Bloodletting+1"],"picked":"SKIP","floor":23.0},{"not_picked":["Cleave+1","Rupture+1","Entrench+1"],"picked":"SKIP","floor":25.0},{"not_picked":["Cleave+1","Rupture+1"],"picked":"Entrench+1","floor":25.0},{"not_picked":["Thunderclap+1","Shockwave+1","Sword Boomerang+1"],"picked":"SKIP","floor":27.0},{"not_picked":["Sword Boomerang+1","Hemokinesis+1","Disarm+1"],"picked":"SKIP","floor":28.0},{"not_picked":["Sentinel+1","Iron Wave+1"],"picked":"Flame Barrier+1","floor":31.0},{"not_picked":["Exhume+1","Immolate+1"],"picked":"Barricade","floor":33.0},{"not_picked":["Clash+1","hubris:ReadiedAction+1"],"picked":"Ghostly Armor+1","floor":35.0},{"not_picked":["Mind Blast+1","Dramatic Entrance+1"],"picked":"Enlightenment+1","floor":36.0},{"not_picked":["Havoc+1","Clothesline+1","Wild Strike+1"],"picked":"SKIP","floor":37.0},{"not_picked":["Disarm+1","hubris:SharpeningStone+1","Thunderclap+1"],"picked":"SKIP","floor":38.0},{"not_picked":["Heavy Blade+1","Flex+1","Perfected Strike+1"],"picked":"SKIP","floor":40.0},{"not_picked":["Anger+1","Pummel+1"],"picked":"Body Slam+1","floor":44},{"not_picked":["Evolve","Limit Break+1"],"picked":"Shrug It Off+1","floor":45},{"not_picked":["hubris:CleavingFinish+1","Perfected Strike+1","Havoc+1"],"picked":"SKIP","floor":46},{"not_picked":["Bloodletting+1","Carnage+1","Perfected Strike+1"],"picked":"SKIP","floor":47},{"not_picked":["True Grit+1","Wild Strike+1","hubris:ReadiedAction+1"],"picked":"SKIP","floor":54}],"player_experience":434851,"relics_obtained":[{"floor":6.0,"key":"TungstenRod"},{"floor":8.0,"key":"Whetstone"},{"floor":9.0,"key":"reliquary:Firecrackers"},{"floor":11.0,"key":"Oddly Smooth Stone"},{"floor":23.0,"key":"War Paint"},{"floor":25.0,"key":"Strawberry"},{"floor":27.0,"key":"Nunchaku"},{"floor":40.0,"key":"hubris:ChampionShield"},{"floor":43,"key":"Potion Belt"},{"floor":44,"key":"reliquary:RosewoodLute"},{"floor":47,"key":"reliquary:Stiletto"},{"floor":54,"key":"hubris:Reverence"}],"event_choices":[{"damage_healed":0.0,"max_hp_gain":0.0,"max_hp_loss":0.0,"gold_gain":75.0,"event_name":"World of Goop","player_choice":"Gather Gold","floor":5.0,"gold_loss":0.0,"damage_taken":11.0},{"damage_healed":0.0,"max_hp_gain":0.0,"max_hp_loss":0.0,"gold_gain":0.0,"event_name":"Match and Keep!","player_choice":"1 cards matched","floor":10.0,"gold_loss":0.0,"damage_taken":0.0,"cards_obtained":["Flash of Steel"]},{"damage_healed":0.0,"max_hp_gain":0.0,"max_hp_loss":0.0,"gold_gain":0.0,"event_name":"conspire:LoneGhost","player_choice":"Agree","floor":13.0,"gold_loss":0.0,"damage_taken":0.0},{"damage_healed":0.0,"max_hp_gain":0.0,"max_hp_loss":0.0,"gold_gain":0.0,"event_name":"Scrap Ooze","player_choice":"Success","floor":14.0,"gold_loss":0.0,"damage_taken":3.0,"relics_obtained":["Pantograph"]},{"damage_healed":0.0,"max_hp_gain":0.0,"max_hp_loss":0.0,"gold_gain":0.0,"event_name":"The Library","player_choice":"Read","floor":21.0,"gold_loss":0.0,"damage_taken":0.0,"cards_obtained":["Glacier"]},{"damage_healed":0.0,"max_hp_gain":0.0,"max_hp_loss":0.0,"gold_gain":0.0,"event_name":"SensoryStone","player_choice":"Memory 1","floor":36.0,"gold_loss":0.0,"damage_taken":0.0},{"cards_removed":["Reaper"],"damage_healed":0,"gold_gain":0,"player_choice":"Removed Attack","damage_taken":0,"max_hp_gain":0,"max_hp_loss":0,"event_name":"Falling","floor":48,"gold_loss":0}],"is_beta":false,"boss_relics":[{"not_picked":["Empty Cage","aspiration:WatcherSkillbook"],"picked":"Mark of Pain"},{"not_picked":["aspiration:RitualDagger","Sozu"],"picked":"Coffee Dripper"}],"items_purged_floors":[3,22,53],"is_endless":false,"potions_floor_spawned":[1,6,11,16,18,19,27,35,37,44],"ascension_level":8}}