{"host":"ibckqdmmf9y74ymf","time":1613744327,"event":{"mods":["2.2 Compatiblity","BaseMod","Colored Map","Curses Come First","Highlight Path","Minty Spire (QoL Compilation)","Quick Restart","Rare Cards Sparkle","Relic Stats","StSLib"],"gold_per_floor":[114,164,175,188,198,223,223,252,252,270,270,299,299,328,328,406,406,424,443,358,358,25,60,77,103,130,130,148,175,175,191,191,264,264,280,280,305,305,321,348,348,361,387,421,421,452,452,494,494,494,494,494],"floor_reached":51,"language":"ENG","playtime":2797,"items_purged":[],"score":1127,"play_id":"7b4da9e6-c109-4588-bf0a-3e5cef9bec4a","local_time":"20210219151847","is_ascension_mode":true,"campfire_choices":[{"floor":7.0,"key":"REST"},{"floor":11.0,"key":"REST"},{"data":"Neutralize","floor":15.0,"key":"SMITH"},{"floor":27.0,"key":"REST"},{"floor":32.0,"key":"REST"},{"floor":41,"key":"REST"},{"floor":47,"key":"REST"},{"floor":49,"key":"RECALL"}],"circlet_count":0,"master_deck":["AscendersBane","Strike_G+1","Strike_G","Strike_G","Strike_G+1","Defend_G","Defend_G","Defend_G","Defend_G","Defend_G","Survivor","Neutralize+1","All Out Attack","Backstab","Underhanded Strike","Accuracy","Caltrops","Venomology","Storm of Steel+1","Finisher","Reflex+1","Burst+1","Backflip+1","Infinite Blades+1","Calculated Gamble+1","Prepared+1","J.A.X.+1","Phantasmal Killer+1","Blade Dance+1","Cloak And Dagger+1","Escape Plan+1","Envenom+1"],"relics":["Ring of the Snake","Mercury Hourglass","Toxic Egg 2","StrikeDummy","Pen Nib","Frozen Egg 2","Fusion Hammer","Sundial","Shuriken","Lee\u0027s Waffle","Anchor","Whetstone","TungstenRod","Oddly Smooth Stone","CaptainsWheel","Black Star","Mango","Pantograph","Akabeko","Calipers","Smiling Mask","Gremlin Horn","The Courier","Snake Skull","CeramicFish","Pear"],"acts_visited":["Exordium","TheCity","TheBeyond"],"potions_floor_usage":[39,39,40,42,42,44,44,44,46,46,48,50,51,51],"damage_taken":[{"damage":4.0,"enemies":"Small Slimes","floor":1.0,"turns":4.0},{"damage":0.0,"enemies":"Cultist","floor":3.0,"turns":3.0},{"damage":0.0,"enemies":"Jaw Worm","floor":4.0,"turns":5.0},{"damage":8.0,"enemies":"Large Slime","floor":5.0,"turns":5.0},{"damage":22.0,"enemies":"3 Sentries","floor":6.0,"turns":10.0},{"damage":22.0,"enemies":"Lagavulin","floor":8.0,"turns":5.0},{"damage":0.0,"enemies":"Blue Slaver","floor":10.0,"turns":3.0},{"damage":12.0,"enemies":"3 Sentries","floor":12.0,"turns":5.0},{"damage":8.0,"enemies":"Gremlin Nob","floor":14.0,"turns":3.0},{"damage":19.0,"enemies":"Hexaghost","floor":16.0,"turns":9.0},{"damage":11.0,"enemies":"Spheric Guardian","floor":18.0,"turns":3.0},{"damage":0.0,"enemies":"3 Byrds","floor":19.0,"turns":3.0},{"damage":14.0,"enemies":"Gremlin Leader","floor":23.0,"turns":5.0},{"damage":8.0,"enemies":"Snake Plant","floor":24.0,"turns":4.0},{"damage":15.0,"enemies":"Slavers","floor":25.0,"turns":4.0},{"damage":0.0,"enemies":"Snecko","floor":28.0,"turns":3.0},{"damage":0.0,"enemies":"Book of Stabbing","floor":29.0,"turns":4.0},{"damage":12.0,"enemies":"3 Cultists","floor":31.0,"turns":4.0},{"damage":37.0,"enemies":"Automaton","floor":33.0,"turns":7.0},{"damage":6.0,"enemies":"Orb Walker","floor":35.0,"turns":3.0},{"damage":8,"enemies":"3 Shapes","floor":39,"turns":7},{"damage":23,"enemies":"Nemesis","floor":40,"turns":7},{"damage":24,"enemies":"Transient","floor":42,"turns":6},{"damage":17,"enemies":"Giant Head","floor":44,"turns":6},{"damage":11,"enemies":"Reptomancer","floor":46,"turns":3},{"damage":16,"enemies":"Nemesis","floor":48,"turns":5},{"damage":59,"enemies":"Donu and Deca","floor":50,"turns":8},{"damage":77,"enemies":"Awakened One","floor":51,"turns":8}],"seed_played":"-98627361352773415","potions_obtained":[{"floor":1.0,"key":"FearPotion"},{"floor":3.0,"key":"GamblersBrew"},{"floor":8.0,"key":"Weak Potion"},{"floor":12.0,"key":"GhostInAJar"},{"floor":14.0,"key":"BlessingOfTheForge"},{"floor":18.0,"key":"SpeedPotion"},{"floor":23.0,"key":"Block Potion"},{"floor":40,"key":"Regen Potion"},{"floor":42,"key":"SkillPotion"},{"floor":46,"key":"Poison Potion"}],"is_trial":false,"path_per_floor":["M","?","M","M","M","E","R","E","T","M","R","E","?","E","R","B",null,"M","M","?","T","$","E","M","E","T","R","M","E","?","M","R","B",null,"M","?","T","?","M","E","R","M","T","E","T","E","R","E","R","B","B"],"character_chosen":"THE_SILENT","items_purchased":["Lee\u0027s Waffle","Anchor"],"campfire_rested":6,"item_purchase_floors":[22,22],"current_hp_per_floor":[55,55,55,55,47,25,44,22,22,22,41,29,29,21,21,2,50,39,39,39,39,73,59,51,36,36,57,57,57,57,45,66,29,62,56,56,56,56,48,39,63,39,39,37,37,26,50,44,44,10,0,0],"gold":494,"neow_bonus":"TRANSFORM_CARD","is_daily":false,"chose_seed":false,"campfire_upgraded":1,"win_rate":0.0,"timestamp":1613744327,"path_taken":["M","?","M","M","?","E","R","E","T","M","R","E","?","E","R","BOSS","M","M","?","?","$","E","M","E","T","R","M","E","?","M","R","BOSS","M","?","?","?","M","E","R","M","T","E","?","E","R","E","R","BOSS","BOSS"],"items_purchased_type":["Relic","Relic"],"build_version":"2020-12-22","purchased_purges":0,"victory":false,"max_hp_per_floor":[66,66,66,66,66,66,66,66,66,66,66,66,66,66,66,66,66,66,66,66,66,73,73,73,73,73,73,73,73,73,73,73,73,73,73,73,73,69,69,83,83,83,83,83,83,83,83,93,93,93,93,93],"relic_stats":{"Lee\u0027s Waffle":34,"Gremlin Horn":[8,8],"counters":[28,141],"CeramicFish":9,"Pen Nib":[30],"Snake Skull":[19],"Whetstone":["Strike_G","Strike_G"],"Smiling Mask":0,"Mercury Hourglass":[432],"Sundial":[10],"Shuriken":[59],"Pantograph":50,"Black Star":4,"obtain_stats":[{"Calipers":44,"Gremlin Horn":45,"CeramicFish":48,"Mango":40,"Snake Skull":46,"Whetstone":23,"Smiling Mask":44,"Sundial":20,"Pantograph":40,"Fusion Hammer":17,"Toxic Egg 2":8,"Ring of the Snake":0,"Lee\u0027s Waffle":22,"Pear":48,"Oddly Smooth Stone":26,"Pen Nib":12,"The Courier":46,"Frozen Egg 2":14,"Akabeko":43,"Mercury Hourglass":6,"Anchor":22,"CaptainsWheel":29,"Shuriken":21,"Black Star":34,"StrikeDummy":9,"TungstenRod":25},{"Calipers":24,"Gremlin Horn":24,"CeramicFish":26,"Mango":22,"Snake Skull":25,"Whetstone":13,"Smiling Mask":24,"Sundial":12,"Pantograph":22,"Fusion Hammer":10,"Toxic Egg 2":6,"Ring of the Snake":0,"Lee\u0027s Waffle":12,"Pear":26,"Oddly Smooth Stone":15,"Pen Nib":8,"The Courier":25,"Frozen Egg 2":9,"Akabeko":23,"Mercury Hourglass":5,"Anchor":12,"CaptainsWheel":17,"Shuriken":12,"Black Star":19,"StrikeDummy":6,"TungstenRod":15},{"Calipers":117,"Gremlin Horn":117,"CeramicFish":125,"Mango":105,"Snake Skull":120,"Whetstone":62,"Smiling Mask":117,"Sundial":57,"Pantograph":105,"Fusion Hammer":52,"Toxic Egg 2":32,"Ring of the Snake":0,"Lee\u0027s Waffle":57,"Pear":125,"Oddly Smooth Stone":70,"Pen Nib":40,"The Courier":120,"Frozen Egg 2":43,"Akabeko":111,"Mercury Hourglass":27,"Anchor":57,"CaptainsWheel":77,"Shuriken":57,"Black Star":88,"StrikeDummy":32,"TungstenRod":70}],"TungstenRod":41,"Ring of the Snake":[56]},"card_choices":[{"not_picked":["Bane","Well Laid Plans"],"picked":"Backstab","floor":1.0},{"not_picked":["Dodge and Roll","Sucker Punch"],"picked":"Underhanded Strike","floor":3.0},{"not_picked":["Setup","PiercingWail"],"picked":"Accuracy","floor":4.0},{"not_picked":["Underhanded Strike","Deflect"],"picked":"Caltrops","floor":5.0},{"not_picked":["Dodge and Roll","Poisoned Stab"],"picked":"Venomology","floor":6.0},{"not_picked":["Deadly Poison+1","Footwork"],"picked":"Storm of Steel+1","floor":8.0},{"not_picked":["Slice","Outmaneuver+1","Backstab"],"picked":"SKIP","floor":10.0},{"not_picked":["Unload","Bouncing Flask+1","Outmaneuver+1"],"picked":"SKIP","floor":12.0},{"not_picked":["Deadly Poison+1","Acrobatics+1"],"picked":"Reflex+1","floor":14.0},{"not_picked":["Die Die Die","Unload"],"picked":"Burst+1","floor":16.0},{"not_picked":["Slice","Reflex+1"],"picked":"Backflip+1","floor":18.0},{"not_picked":["Prepared+1","PiercingWail+1"],"picked":"Infinite Blades+1","floor":19.0},{"not_picked":["Predator","A Thousand Cuts+1"],"picked":"Calculated Gamble+1","floor":23.0},{"not_picked":["All Out Attack","Sucker Punch","Deflect+1"],"picked":"SKIP","floor":24.0},{"not_picked":["Crippling Poison+1","Eviscerate"],"picked":"Blade Dance+1","floor":25.0},{"not_picked":["Bouncing Flask+1","Quick Slash","Finisher"],"picked":"SKIP","floor":28.0},{"not_picked":["Grand Finale","Finisher"],"picked":"Prepared+1","floor":29.0},{"not_picked":["Underhanded Strike","All Out Attack+1","Eviscerate"],"picked":"SKIP","floor":31.0},{"not_picked":["Unload","Die Die Die"],"picked":"Phantasmal Killer+1","floor":33.0},{"not_picked":["Dagger Throw+1","Acrobatics+1"],"picked":"Blade Dance+1","floor":35.0},{"not_picked":["Bane","Deadly Poison+1","Expertise+1"],"picked":"SKIP","floor":39},{"not_picked":["Underhanded Strike+1","Heel Hook","Outmaneuver+1"],"picked":"SKIP","floor":40},{"not_picked":["Quick Slash","Well Laid Plans+1"],"picked":"Cloak And Dagger+1","floor":42},{"not_picked":["Blade Dance+1","Quick Slash"],"picked":"Escape Plan+1","floor":44},{"not_picked":["Phantasmal Killer+1","Endless Agony","Dagger Throw+1"],"picked":"SKIP","floor":46},{"not_picked":["Calculated Gamble+1","Underhanded Strike"],"picked":"Envenom+1","floor":48}],"player_experience":744450,"relics_obtained":[{"floor":6.0,"key":"Mercury Hourglass"},{"floor":8.0,"key":"Toxic Egg 2"},{"floor":9.0,"key":"StrikeDummy"},{"floor":12.0,"key":"Pen Nib"},{"floor":14.0,"key":"Frozen Egg 2"},{"floor":21.0,"key":"Shuriken"},{"floor":23.0,"key":"Whetstone"},{"floor":25.0,"key":"TungstenRod"},{"floor":26.0,"key":"Oddly Smooth Stone"},{"floor":29.0,"key":"CaptainsWheel"},{"floor":40,"key":"Mango"},{"floor":40,"key":"Pantograph"},{"floor":43,"key":"Akabeko"},{"floor":44,"key":"Calipers"},{"floor":44,"key":"Smiling Mask"},{"floor":45,"key":"Gremlin Horn"},{"floor":46,"key":"The Courier"},{"floor":46,"key":"Snake Skull"},{"floor":48,"key":"CeramicFish"},{"floor":48,"key":"Pear"}],"event_choices":[{"damage_healed":0.0,"max_hp_gain":0.0,"max_hp_loss":0.0,"gold_gain":50.0,"event_name":"Golden Shrine","player_choice":"Pray","floor":2.0,"gold_loss":0.0,"damage_taken":0.0},{"damage_healed":0.0,"max_hp_gain":0.0,"max_hp_loss":0.0,"gold_gain":0.0,"event_name":"Match and Keep!","player_choice":"1 cards matched","floor":13.0,"gold_loss":0.0,"damage_taken":0.0,"cards_obtained":["Finisher"]},{"damage_healed":0.0,"max_hp_gain":0.0,"max_hp_loss":0.0,"gold_gain":0.0,"event_name":"Addict","player_choice":"Obtained Relic","floor":20.0,"gold_loss":85.0,"damage_taken":0.0,"relics_obtained":["Sundial"]},{"damage_healed":0.0,"max_hp_gain":0.0,"max_hp_loss":0.0,"gold_gain":0.0,"event_name":"Drug Dealer","player_choice":"Obtain J.A.X.","floor":30.0,"gold_loss":0.0,"damage_taken":0.0,"cards_obtained":["J.A.X."]},{"cards_removed":["Blade Dance"],"damage_healed":0.0,"max_hp_gain":0.0,"max_hp_loss":0.0,"gold_gain":0.0,"event_name":"Falling","player_choice":"Removed Skill","floor":36.0,"gold_loss":0.0,"damage_taken":0.0},{"damage_healed":0.0,"max_hp_gain":0.0,"max_hp_loss":4.0,"gold_gain":0.0,"event_name":"Winding Halls","player_choice":"Max HP","floor":38.0,"gold_loss":0.0,"damage_taken":0.0}],"is_beta":false,"boss_relics":[{"not_picked":["Calling Bell","SacredBark"],"picked":"Fusion Hammer"},{"not_picked":["Snecko Eye","Astrolabe"],"picked":"Black Star"}],"items_purged_floors":[],"is_endless":false,"potions_floor_spawned":[1,3,6,8,12,14,18,23,28,33,40,42,46,48],"killed_by":"Awakened One","ascension_level":20}}