{"host":"idzed3ab1f2kctt5","time":1613726673,"event":{"mods":["AchievementEnabler","BaseMod","Colored Map","DeckTracker","Minty Spire (QoL Compilation)","Permanent Neow","Quick Restart","StSLib"],"gold_per_floor":[111,111,127,146,156,156,182,82,82,93,93,106,106,139,139,238,238,254,6,22,34,45,45,71,85,85,85,95,95,95,107,107,203,203,223,273,297,297,297,329,204,230,230,230,261,261,190,203,203,203,203,203,1,35,35],"floor_reached":56,"language":"KOR","playtime":5177,"items_purged":["Regret","Defend_G","Strike_G","Dagger Spray"],"score":1265,"play_id":"ed09f3eb-a582-4941-8fd8-73d8791907fe","local_time":"20210219182433","is_ascension_mode":false,"campfire_choices":[{"data":"Bouncing Flask","floor":6.0,"key":"SMITH"},{"data":"Die Die Die","floor":13.0,"key":"SMITH"},{"floor":15.0,"key":"REST"},{"data":"Footwork","floor":23.0,"key":"SMITH"},{"floor":27.0,"key":"REST"},{"data":"Footwork","floor":30.0,"key":"SMITH"},{"floor":32.0,"key":"REST"},{"floor":44.0,"key":"RECALL"},{"data":"A Thousand Cuts","floor":46.0,"key":"SMITH"},{"data":"Tactician","floor":49.0,"key":"SMITH"},{"data":"Acrobatics","floor":52.0,"key":"SMITH"}],"circlet_count":0,"master_deck":["Defend_G","Defend_G","Defend_G","Survivor","Neutralize","Poisoned Stab","Backflip","Bouncing Flask+1","Die Die Die+1","Acrobatics+1","Backflip","Footwork+1","After Image","Prepared+1","Footwork+1","Tools of the Trade+1","Deadly Poison+1","Footwork+1","Tactician+1","Terror+1","Footwork+1","Adrenaline","A Thousand Cuts+1","Corpse Explosion","Tactician+1"],"relics":["Ring of the Snake","Centennial Puzzle","Snake Skull","Bottled Flame","Tiny Chest","FossilizedHelix","Astrolabe","TheAbacus","Darkstone Periapt","Pear","Empty Cage","TungstenRod","Omamori","PreservedInsect","Strawberry","Bronze Scales","Blue Candle"],"acts_visited":["Exordium","TheCity","TheBeyond","TheEnding"],"potions_floor_usage":[55,55,55],"damage_taken":[{"damage":1.0,"enemies":"Jaw Worm","floor":1.0,"turns":6.0},{"damage":9.0,"enemies":"Small Slimes","floor":3.0,"turns":5.0},{"damage":7.0,"enemies":"2 Louse","floor":4.0,"turns":3.0},{"damage":4.0,"enemies":"Blue Slaver","floor":5.0,"turns":4.0},{"damage":13.0,"enemies":"3 Sentries","floor":7.0,"turns":8.0},{"damage":0.0,"enemies":"3 Louse","floor":10.0,"turns":1.0},{"damage":4.0,"enemies":"Exordium Thugs","floor":12.0,"turns":3.0},{"damage":10.0,"enemies":"Gremlin Nob","floor":14.0,"turns":4.0},{"damage":17.0,"enemies":"Slime Boss","floor":16.0,"turns":11.0},{"damage":15.0,"enemies":"2 Thieves","floor":18.0,"turns":4.0},{"damage":0.0,"enemies":"Spheric Guardian","floor":20.0,"turns":4.0},{"damage":16.0,"enemies":"Chosen and Byrds","floor":21.0,"turns":7.0},{"damage":0.0,"enemies":"Centurion and Healer","floor":22.0,"turns":9.0},{"damage":24.0,"enemies":"Slavers","floor":24.0,"turns":11.0},{"damage":0.0,"enemies":"Shelled Parasite and Fungi","floor":25.0,"turns":10.0},{"damage":0.0,"enemies":"3 Cultists","floor":28.0,"turns":6.0},{"damage":5.0,"enemies":"Snake Plant","floor":31.0,"turns":4.0},{"damage":3.0,"enemies":"Champ","floor":33.0,"turns":14.0},{"damage":0.0,"enemies":"Orb Walker","floor":35.0,"turns":5.0},{"damage":15.0,"enemies":"Mind Bloom Boss Battle","floor":36.0,"turns":7.0},{"damage":1.0,"enemies":"Giant Head","floor":40.0,"turns":10.0},{"damage":3.0,"enemies":"Nemesis","floor":42.0,"turns":9.0},{"damage":1.0,"enemies":"Giant Head","floor":45.0,"turns":8.0},{"damage":0.0,"enemies":"3 Darklings","floor":48.0,"turns":5.0},{"damage":51.0,"enemies":"Time Eater","floor":50.0,"turns":13.0},{"damage":14.0,"enemies":"Shield and Spear","floor":54.0,"turns":5.0},{"damage":60,"enemies":"The Heart","floor":55,"turns":12}],"seed_played":"-3352005995705302282","potions_obtained":[{"floor":4.0,"key":"AttackPotion"},{"floor":5.0,"key":"Block Potion"},{"floor":12.0,"key":"SpeedPotion"},{"floor":14.0,"key":"SkillPotion"},{"floor":16.0,"key":"Block Potion"},{"floor":20.0,"key":"BlessingOfTheForge"},{"floor":22.0,"key":"Ancient Potion"},{"floor":28.0,"key":"AttackPotion"}],"is_trial":false,"path_per_floor":["M","?","M","M","M","R","E","$","T","M","?","M","R","E","R","B",null,"M","$","M","M","M","R","E","M","T","R","M","?","R","M","R","B",null,"M","?","T","?","?","E","$","E","T","R","E","R","$","M","R","B",null,"R","$","E","B",null],"character_chosen":"THE_SILENT","items_purchased":["Acrobatics","TheAbacus","Tactician","Fire Potion"],"campfire_rested":3,"item_purchase_floors":[8,19,47,53],"current_hp_per_floor":[69,69,60,53,49,49,36,36,36,36,36,32,32,22,43,26,70,55,55,55,39,39,39,15,15,25,49,49,49,49,44,68,65,80,80,65,65,65,65,64,64,68,68,68,67,67,67,67,67,16,87,87,87,73,13],"gold":35,"neow_bonus":"RANDOM_COMMON_RELIC","is_daily":false,"chose_seed":false,"campfire_upgraded":7,"win_rate":0.0,"timestamp":1613726673,"path_taken":["M","?","M","M","M","R","E","$","T","M","?","M","R","E","R","BOSS","M","$","M","M","M","R","E","M","T","R","M","?","R","M","R","BOSS","M","?","?","?","?","E","$","E","T","R","E","R","$","?","R","BOSS","R","$","E","BOSS"],"items_purchased_type":["Card","Relic","Card","Potion"],"build_version":"2020-12-22","purchased_purges":4,"victory":true,"max_hp_per_floor":[70,70,70,70,70,70,70,70,70,70,70,70,70,70,70,70,70,70,70,70,70,70,70,70,70,80,80,80,80,80,80,80,80,80,80,80,80,80,80,80,80,87,87,87,87,87,87,87,87,87,87,87,87,87,87],"card_choices":[{"not_picked":["Dash","Cloak And Dagger"],"picked":"Poisoned Stab","floor":1.0},{"not_picked":["Outmaneuver","Backstab"],"picked":"Backflip","floor":3.0},{"not_picked":["Tactician","Predator"],"picked":"Bouncing Flask","floor":4.0},{"not_picked":["Poisoned Stab","All Out Attack"],"picked":"Dagger Spray","floor":5.0},{"not_picked":["Tactician","Bane"],"picked":"Die Die Die","floor":7.0},{"not_picked":["Flying Knee","Cloak And Dagger"],"picked":"Backflip","floor":10.0},{"not_picked":["Dagger Spray","Predator","Quick Slash"],"picked":"SKIP","floor":12.0},{"not_picked":["Terror","Sucker Punch"],"picked":"Footwork","floor":14.0},{"not_picked":["Bullet Time","Malaise"],"picked":"After Image","floor":16.0},{"not_picked":["Catalyst","Backflip"],"picked":"Deadly Poison+1","floor":18.0},{"not_picked":["Underhanded Strike","Reflex"],"picked":"Footwork+1","floor":20.0},{"not_picked":["Cloak And Dagger","Flechettes","Caltrops+1"],"picked":"SKIP","floor":21.0},{"not_picked":["Cloak And Dagger","Bane","Slice+1"],"picked":"SKIP","floor":22.0},{"not_picked":["Flying Knee","Masterful Stab","Crippling Poison"],"picked":"SKIP","floor":24.0},{"not_picked":["Blur+1","Sucker Punch"],"picked":"Tactician+1","floor":25.0},{"not_picked":["Underhanded Strike","Heel Hook"],"picked":"Terror+1","floor":28.0},{"not_picked":["Dodge and Roll","Masterful Stab"],"picked":"Adrenaline","floor":31.0},{"not_picked":["Night Terror","Storm of Steel"],"picked":"A Thousand Cuts","floor":33.0},{"not_picked":["PiercingWail","Poisoned Stab","Bane+1"],"picked":"SKIP","floor":35.0},{"not_picked":["Crippling Poison","Dodge and Roll"],"picked":"Corpse Explosion","floor":40.0},{"not_picked":["Caltrops","Quick Slash+1","Choke+1"],"picked":"SKIP","floor":42.0},{"not_picked":["Masterful Stab","Prepared","Outmaneuver"],"picked":"SKIP","floor":45.0},{"not_picked":["Blade Dance+1","Leg Sweep","Crippling Poison"],"picked":"SKIP","floor":48.0},{"not_picked":["Setup+1","Sucker Punch+1","Masterful Stab+1"],"picked":"SKIP","floor":54.0}],"player_experience":59371,"relics_obtained":[{"floor":7.0,"key":"Bottled Flame"},{"floor":9.0,"key":"Tiny Chest"},{"floor":14.0,"key":"FossilizedHelix"},{"floor":24.0,"key":"Darkstone Periapt"},{"floor":26.0,"key":"Pear"},{"floor":36.0,"key":"TungstenRod"},{"floor":37.0,"key":"Omamori"},{"floor":40.0,"key":"PreservedInsect"},{"floor":42.0,"key":"Strawberry"},{"floor":45.0,"key":"Bronze Scales"},{"floor":54.0,"key":"Blue Candle"}],"event_choices":[{"damage_healed":0.0,"max_hp_gain":0.0,"max_hp_loss":0.0,"gold_gain":0.0,"event_name":"Big Fish","player_choice":"Box","floor":2.0,"gold_loss":0.0,"damage_taken":0.0,"relics_obtained":["Snake Skull"],"cards_obtained":["Regret"]},{"damage_healed":0.0,"max_hp_gain":0.0,"max_hp_loss":0.0,"gold_gain":0.0,"event_name":"Liars Game","player_choice":"Ignored","floor":11.0,"gold_loss":0.0,"damage_taken":0.0},{"damage_healed":0.0,"max_hp_gain":0.0,"max_hp_loss":0.0,"gold_gain":0.0,"event_name":"The Library","player_choice":"Read","floor":29.0,"gold_loss":0.0,"damage_taken":0.0,"cards_obtained":["Footwork"]},{"damage_healed":0.0,"max_hp_gain":0.0,"max_hp_loss":0.0,"gold_gain":0.0,"event_name":"MindBloom","player_choice":"Fight","floor":36.0,"gold_loss":0.0,"damage_taken":0.0},{"damage_healed":0.0,"max_hp_gain":0.0,"max_hp_loss":0.0,"gold_gain":0.0,"event_name":"Tomb of Lord Red Mask","player_choice":"Ignored","floor":38.0,"gold_loss":0.0,"damage_taken":0.0},{"damage_healed":0.0,"max_hp_gain":0.0,"max_hp_loss":0.0,"gold_gain":0.0,"event_name":"SecretPortal","player_choice":"Ignored","floor":39.0,"gold_loss":0.0,"damage_taken":0.0}],"is_beta":false,"boss_relics":[{"not_picked":["Snecko Eye","WristBlade"],"picked":"Astrolabe"},{"not_picked":["SacredBark","Pandora\u0027s Box"],"picked":"Empty Cage"}],"items_purged_floors":[8,19,41,53],"is_endless":false,"potions_floor_spawned":[4,5,12,14,16,20,22,28,31,36,42],"ascension_level":0}}