{"host":"bxn2em57qlx5u4i0","time":1613778162,"event":{"mods":["BaseMod","Colored Map","Colored Powertips","Highlight Path","Minty Spire (QoL Compilation)","Random Character Button","Relic Sorter","Relic Stats","StSLib","SuperFastMode"],"gold_per_floor":[118,118,118,43,60,92,92,92,92,136,136,159,82,106,106,204,204,219,219,519,189,114,114,137,175,175,189,189,189],"floor_reached":28,"language":"ENG","playtime":621,"items_purged":["Strike_G","Writhe"],"score":534,"play_id":"952e7ec7-f982-41e7-af2f-1b5c4d05bd1a","local_time":"20210219184242","is_ascension_mode":true,"campfire_choices":[{"data":"Deadly Poison","floor":8.0,"key":"SMITH"},{"data":"Survivor","floor":11.0,"key":"SMITH"},{"data":"Well Laid Plans","floor":15.0,"key":"SMITH"},{"data":"Corpse Explosion","floor":23.0,"key":"SMITH"}],"circlet_count":0,"master_deck":["AscendersBane","Strike_G+1","Strike_G+1","Strike_G+1","Strike_G+1","Defend_G+1","Defend_G+1","Defend_G+1","Defend_G+1","Survivor+1","Neutralize","Backflip","Deadly Poison+1","Escape Plan","Well Laid Plans+1","Bouncing Flask","Caltrops","Corpse Explosion+1","CurseOfTheBell","Crippling Poison","PiercingWail"],"relics":["Ring of the Snake","NeowsBlessing","Art of War","Golden Idol","Centennial Puzzle","Tiny Chest","Calling Bell","Smiling Mask","White Beast Statue","Bird Faced Urn","Old Coin","Anchor","Ancient Tea Set","Bag of Marbles"],"acts_visited":["Exordium","TheCity"],"potions_floor_usage":[28,28],"damage_taken":[{"damage":0.0,"enemies":"Cultist","floor":1.0,"turns":1.0},{"damage":0.0,"enemies":"2 Louse","floor":5.0,"turns":1.0},{"damage":0.0,"enemies":"Lagavulin","floor":6.0,"turns":1.0},{"damage":22.0,"enemies":"3 Sentries","floor":10.0,"turns":11.0},{"damage":0.0,"enemies":"Jaw Worm","floor":12.0,"turns":3.0},{"damage":6.0,"enemies":"2 Fungi Beasts","floor":14.0,"turns":3.0},{"damage":5.0,"enemies":"The Guardian","floor":16.0,"turns":9.0},{"damage":15.0,"enemies":"2 Thieves","floor":18.0,"turns":3.0},{"damage":42.0,"enemies":"Gremlin Leader","floor":25.0,"turns":6.0},{"damage":0.0,"enemies":"Shell Parasite","floor":27.0,"turns":6.0},{"damage":26,"enemies":"Slavers","floor":28,"turns":3}],"seed_played":"4149619131372439824","potions_obtained":[{"floor":5.0,"key":"Ancient Potion"},{"floor":12.0,"key":"Strength Potion"},{"floor":14.0,"key":"Swift Potion"},{"floor":16.0,"key":"Fire Potion"},{"floor":18.0,"key":"Dexterity Potion"},{"floor":25.0,"key":"EssenceOfSteel"}],"is_trial":false,"path_per_floor":["M","?","?","$","M","E","?","R","T","E","R","M","$","M","R","B",null,"M","?","?","$","?","R","T","E","T","M","E"],"character_chosen":"THE_SILENT","items_purchased":["Bouncing Flask","Anchor","Crippling Poison","Regen Potion"],"campfire_rested":0,"item_purchase_floors":[13,21,21,21],"current_hp_per_floor":[59,52,52,52,52,52,52,52,52,30,30,30,30,24,24,19,50,35,35,35,35,35,35,35,12,12,16,0,0],"gold":189,"neow_bonus":"THREE_ENEMY_KILL","is_daily":false,"chose_seed":false,"campfire_upgraded":4,"win_rate":0.0,"timestamp":1613778162,"path_taken":["M","?","?","$","?","E","?","R","T","E","R","M","$","M","R","BOSS","M","?","?","$","?","R","?","E","T","M","E"],"items_purchased_type":["Card","Relic","Card","Potion"],"build_version":"2020-12-22","purchased_purges":2,"victory":false,"max_hp_per_floor":[66,66,66,66,66,66,60,60,60,60,60,60,60,60,60,60,60,60,60,60,60,60,60,60,60,60,60,60,60],"relic_stats":{"Centennial Puzzle":[18],"counters":[11,47],"Golden Idol":53,"Bird Faced Urn":[10],"Tiny Chest":1,"Art of War":[18],"Smiling Mask":50,"obtain_stats":[{"NeowsBlessing":0,"Golden Idol":7,"Smiling Mask":17,"Ancient Tea Set":24,"White Beast Statue":17,"Old Coin":20,"Calling Bell":17,"Centennial Puzzle":9,"Anchor":21,"Bird Faced Urn":17,"Tiny Chest":10,"Art of War":6,"Bag of Marbles":25,"Ring of the Snake":0},{"NeowsBlessing":0,"Golden Idol":3,"Smiling Mask":7,"Ancient Tea Set":8,"White Beast Statue":7,"Old Coin":8,"Calling Bell":7,"Centennial Puzzle":3,"Anchor":8,"Bird Faced Urn":7,"Tiny Chest":4,"Art of War":3,"Bag of Marbles":9,"Ring of the Snake":0},{"NeowsBlessing":0,"Golden Idol":3,"Smiling Mask":29,"Ancient Tea Set":32,"White Beast Statue":29,"Old Coin":32,"Calling Bell":29,"Centennial Puzzle":3,"Anchor":32,"Bird Faced Urn":29,"Tiny Chest":14,"Art of War":3,"Bag of Marbles":38,"Ring of the Snake":0}],"Ring of the Snake":[22]},"card_choices":[{"not_picked":["Prepared","Underhanded Strike"],"picked":"Backflip","floor":1.0},{"not_picked":["Cloak And Dagger","Deflect"],"picked":"Storm of Steel","floor":5.0},{"not_picked":["Blur","Outmaneuver"],"picked":"Deadly Poison","floor":6.0},{"not_picked":["Dash","Choke"],"picked":"Escape Plan","floor":10.0},{"not_picked":["Deflect","Setup"],"picked":"Well Laid Plans","floor":12.0},{"not_picked":["Poisoned Stab","Dagger Throw"],"picked":"Caltrops","floor":14.0},{"not_picked":["Grand Finale","Storm of Steel"],"picked":"Corpse Explosion","floor":16.0},{"not_picked":["Deflect","Flying Knee","Deadly Poison"],"picked":"SKIP","floor":18.0},{"not_picked":["Leg Sweep","Dagger Spray","Sucker Punch"],"picked":"SKIP","floor":25.0},{"not_picked":["Dagger Spray","Eviscerate"],"picked":"PiercingWail","floor":27.0}],"player_experience":3046023,"relics_obtained":[{"floor":6.0,"key":"Art of War"},{"floor":9.0,"key":"Centennial Puzzle"},{"floor":10.0,"key":"Tiny Chest"},{"floor":17.0,"key":"Smiling Mask"},{"floor":17.0,"key":"White Beast Statue"},{"floor":17.0,"key":"Bird Faced Urn"},{"floor":24.0,"key":"Ancient Tea Set"},{"floor":25.0,"key":"Bag of Marbles"}],"event_choices":[{"cards_removed":["Defend_G"],"damage_healed":0.0,"max_hp_gain":0.0,"max_hp_loss":0.0,"gold_gain":0.0,"event_name":"Golden Wing","player_choice":"Card Removal","floor":2.0,"gold_loss":0.0,"damage_taken":7.0},{"damage_healed":0.0,"max_hp_gain":0.0,"max_hp_loss":0.0,"gold_gain":0.0,"event_name":"Match and Keep!","player_choice":"0 cards matched","floor":3.0,"gold_loss":0.0,"damage_taken":0.0,"cards_obtained":[]},{"damage_healed":0.0,"max_hp_gain":0.0,"max_hp_loss":6.0,"gold_gain":0.0,"event_name":"Golden Idol","player_choice":"Lose Max HP","floor":7.0,"gold_loss":0.0,"damage_taken":0.0,"relics_obtained":["Golden Idol"]},{"damage_healed":0.0,"max_hp_gain":0.0,"max_hp_loss":0.0,"gold_gain":0.0,"event_name":"Back to Basics","player_choice":"Simplicity","floor":19.0,"gold_loss":0.0,"damage_taken":0.0,"cards_upgraded":["Strike_G","Strike_G","Strike_G","Strike_G","Defend_G","Defend_G","Defend_G","Defend_G"]},{"damage_healed":0.0,"max_hp_gain":0.0,"max_hp_loss":0.0,"gold_gain":0.0,"event_name":"The Mausoleum","player_choice":"Opened","floor":20.0,"gold_loss":0.0,"damage_taken":0.0,"relics_obtained":["Old Coin"],"cards_obtained":["Writhe"]},{"cards_removed":["Storm of Steel"],"damage_healed":0.0,"max_hp_gain":0.0,"max_hp_loss":0.0,"gold_gain":0.0,"event_name":"Beggar","player_choice":"Gave Gold","floor":22.0,"gold_loss":75.0,"damage_taken":0.0}],"is_beta":false,"boss_relics":[{"not_picked":["Philosopher\u0027s Stone","Tiny House"],"picked":"Calling Bell"}],"items_purged_floors":[4,21],"is_endless":false,"potions_floor_spawned":[5,12,14,16,18,25,27],"killed_by":"Slavers","ascension_level":20}}