{"host":"rk22m7e0pl8gmih8","time":1613739637,"event":{"mods":["100% Spire Juice","ATMod(°¢èªMod)","Act Like it!","Arknights","BaseMod","CapriCore","Gensokyo","Hallownest","Minty Spire (QoL Compilation)","Quick Restart","Remove Card Discount Mod","Replay The Spire","Shop Mod","StSLib","Td1madao Mod","UnlockEverythingMod"],"gold_per_floor":[116,116,135,149,23,55,74,86,86,113,113,129,129,27,27,132,132,146,146,146,163,173,53,65,91,116,116,106,120,120,147,147,251,111,123,455,302,317,328,362,378,378,378,302,318,347,359,388,388,388,388,388,143,171,171,171],"floor_reached":55,"language":"ZHS","playtime":2539,"items_purged":["CommonCold","Moonworks:Strike","Moonworks:Defend","Pain","Writhe","Moonworks:Defend","Moonworks:Strike","Moonworks:Strike","Clumsy","Hallownest:curseDreamersLament"],"score":1361,"play_id":"d341a8c9-54c9-465a-8373-397aba9cda0f","local_time":"20210219210037","is_ascension_mode":false,"campfire_choices":[{"data":"Moonworks:IndiscriminateFireSupport","floor":11.0,"key":"SMITH"},{"floor":15.0,"key":"RECALL"},{"data":"Moonworks:BackdoorTrade","floor":23.0,"key":"SMITH"},{"data":"Moonworks:AnotherUltimateWeapon","floor":27.0,"key":"SMITH"},{"data":"Moonworks:LulusLuckyEgg","floor":30.0,"key":"SMITH"},{"floor":32.0,"key":"DIG"},{"data":"Moonworks:NicePresent","floor":42.0,"key":"SMITH"},{"data":"Moonworks:WindyEnchantment","floor":49.0,"key":"SMITH"},{"data":"Moonworks:WindyEnchantment","floor":52.0,"key":"SMITH"}],"circlet_count":0,"master_deck":["Moonworks:Defend+1","Moonworks:Defend+1","Moonworks:Ambush+1","Moonworks:LongDistanceShot","AT_KingSlayer+1","Moonworks:NicePresent+1","Moonworks:LulusLuckyEgg+1","Moonworks:IndiscriminateFireSupport+1","Moonworks:NicePresent+1","Moonworks:AwakeningOfTalent+1","Moonworks:LulusLuckyEgg+1","Moonworks:Poppoformation+1","Moonworks:WindyEnchantment+1","Moonworks:AnotherUltimateWeapon+1","Moonworks:WindyEnchantment+1","Moonworks:ExtendedPhotonRifle+1","Moonworks:BackdoorTrade+1","Moonworks:LuckyCharm+1","Moonworks:SinkOrSwim+1","Moonworks:RagingMadness+1","Moonworks:Dinner+1"],"relics":["Moonworks:SBBomb","Moonworks:Homemark","AT_ATBox","NeowsBlessing","Ring of Searing","Ring of Hypnosis","Onion Ring","AT_SilvercatRing","Calipers","Replay:Grab Bag","Cursed Key","Sozu","AT_ImmortalShieldbow","Frozen Egg 2","Replay:Mystery Machine","Replay:Wanted Poster","Old Coin","Medical Kit","Bag of Preparation","Replay:Bottled Snecko","Simple Rune","Letter Opener","Mummified Hand","Shuriken"],"acts_visited":["Exordium","TheCity","TheBeyond","TheEnding"],"potions_floor_usage":[],"damage_taken":[{"damage":0.0,"enemies":"Jaw Worm","floor":1.0,"turns":1.0},{"damage":0.0,"enemies":"Small Slimes","floor":3.0,"turns":1.0},{"damage":0.0,"enemies":"Cultist","floor":4.0,"turns":1.0},{"damage":20.0,"enemies":"Lagavulin","floor":6.0,"turns":5.0},{"damage":0.0,"enemies":"Large Slime","floor":7.0,"turns":3.0},{"damage":4.0,"enemies":"Looter","floor":8.0,"turns":2.0},{"damage":0.0,"enemies":"Gremlin Nob","floor":10.0,"turns":2.0},{"damage":3.0,"enemies":"Exordium Thugs","floor":12.0,"turns":2.0},{"damage":0.0,"enemies":"Red Slaver","floor":14.0,"turns":1.0},{"damage":0.0,"enemies":"Slime Boss","floor":16.0,"turns":3.0},{"damage":5.0,"enemies":"Shell Parasite","floor":18.0,"turns":2.0},{"damage":0.0,"enemies":"3 Byrds","floor":21.0,"turns":1.0},{"damage":13.0,"enemies":"Snake Plant","floor":22.0,"turns":2.0},{"damage":3.0,"enemies":"Centurion and Healer","floor":24.0,"turns":2.0},{"damage":0.0,"enemies":"Book of Stabbing","floor":25.0,"turns":2.0},{"damage":0.0,"enemies":"Shelled Parasite and Fungi","floor":29.0,"turns":1.0},{"damage":0.0,"enemies":"Replay:Snechameleon","floor":31.0,"turns":1.0},{"damage":0.0,"enemies":"Pondfish","floor":33.0,"turns":5.0},{"damage":0.0,"enemies":"3 Shapes","floor":35.0,"turns":1.0},{"damage":0.0,"enemies":"Orb Walker","floor":38.0,"turns":1.0},{"damage":12.0,"enemies":"4 Shapes","floor":39.0,"turns":1.0},{"damage":5.0,"enemies":"Reptomancer","floor":40.0,"turns":2.0},{"damage":0.0,"enemies":"Spire Growth","floor":41.0,"turns":2.0},{"damage":4.0,"enemies":"3 Darklings","floor":45.0,"turns":1.0},{"damage":0.0,"enemies":"Giant Head","floor":46.0,"turns":1.0},{"damage":9.0,"enemies":"4 Shapes","floor":47.0,"turns":2.0},{"damage":0.0,"enemies":"Reptomancer","floor":48.0,"turns":2.0},{"damage":0.0,"enemies":"Time Eater","floor":50.0,"turns":2.0},{"damage":48.0,"enemies":"Shield and Spear","floor":54.0,"turns":4.0},{"damage":49,"enemies":"The Heart","floor":55,"turns":2}],"seed_played":"8679251321552143074","potions_obtained":[{"floor":3.0,"key":"SteroidPotion"},{"floor":6.0,"key":"Fire Potion"},{"floor":10.0,"key":"FearPotion"},{"floor":12.0,"key":"SteroidPotion"}],"is_trial":false,"path_per_floor":["M","?","M","M","$","E","M","M","T","E","R","M","?","M","R","B",null,"M","?","?","M","M","R","M","E","T","R","$","M","R","E","R","B",null,"M","?","$","M","M","E","M","R","T","$","M","E","M","E","R","B",null,"R","$","E","B"],"character_chosen":"THE_STARBREAKER","items_purchased":["Medical Kit","Moonworks:RagingMadness+1","Mummified Hand"],"campfire_rested":0,"item_purchase_floors":[37,44,53],"current_hp_per_floor":[60,60,60,60,60,40,40,36,36,36,36,33,33,33,33,33,60,55,55,55,55,42,42,39,39,39,39,39,39,39,39,39,39,60,60,60,60,60,48,43,43,43,43,43,39,39,30,30,30,34,60,60,60,17,0,0],"gold":171,"neow_bonus":"THREE_ENEMY_KILL","is_daily":false,"chose_seed":false,"campfire_upgraded":7,"win_rate":0.0,"timestamp":1613739637,"path_taken":["M","?","M","M","$","E","M","M","T","E","R","M","?","M","R","BOSS","M","?","?","M","?","R","M","E","T","R","$","M","R","E","R","BOSS","M","?","?","M","M","E","M","R","T","$","M","E","?","E","R","BOSS","R","$","E","BOSS"],"items_purchased_type":["Relic","Card","Relic"],"build_version":"2020-12-22","purchased_purges":10,"victory":false,"max_hp_per_floor":[60,60,60,60,60,60,60,60,60,60,60,60,60,60,60,60,60,60,60,60,60,60,60,60,60,60,60,60,60,60,60,60,60,60,60,60,60,60,60,60,60,60,60,60,60,60,60,60,60,60,60,60,60,60,60,60],"card_choices":[{"not_picked":["Moonworks:SelfDestruct","Moonworks:BeyondHell"],"picked":"Moonworks:NicePresent","floor":1.0},{"not_picked":["Moonworks:CookingTime","Moonworks:EvilSpyWorkPreparation"],"picked":"Moonworks:LulusLuckyEgg","floor":3.0},{"not_picked":["Moonworks:ImOnFire","Moonworks:Flamethrower"],"picked":"Moonworks:IndiscriminateFireSupport","floor":4.0},{"not_picked":["Moonworks:ImOnFire","Moonworks:LulusLuckyEgg"],"picked":"Moonworks:NicePresent","floor":6.0},{"not_picked":["Moonworks:x16BigRocket","Moonworks:ScrambledEve"],"picked":"Moonworks:AwakeningOfTalent","floor":7.0},{"not_picked":["Moonworks:SakisCookie","Moonworks:Assault"],"picked":"Moonworks:LulusLuckyEgg","floor":8.0},{"not_picked":["Moonworks:ImOnFire","Moonworks:StarBlastingFuse"],"picked":"Moonworks:Poppoformation","floor":10.0},{"not_picked":["Moonworks:Assault","Moonworks:BigMagnum","Moonworks:EvilSpyWorkPreparation"],"picked":"SKIP","floor":12.0},{"not_picked":["Moonworks:LulusLuckyEgg","Moonworks:Assault"],"picked":"Moonworks:WindyEnchantment","floor":14.0},{"not_picked":["Moonworks:RocketCannon","Moonworks:OutOfAmmo"],"picked":"Moonworks:AnotherUltimateWeapon","floor":16.0},{"not_picked":["Moonworks:Poppoformation","Moonworks:JonathanRush"],"picked":"Moonworks:WindyEnchantment","floor":18.0},{"not_picked":["Moonworks:NicePresent","Moonworks:SweetBattle"],"picked":"Moonworks:ExtendedPhotonRifle+1","floor":21.0},{"not_picked":["Moonworks:NicePresent","Moonworks:RagingMadness+1"],"picked":"Moonworks:BackdoorTrade","floor":22.0},{"not_picked":["Moonworks:NicePresent","Moonworks:DeployBits","Moonworks:BigMagnum"],"picked":"SKIP","floor":24.0},{"not_picked":["Moonworks:IndiscriminateFireSupport+1","Moonworks:ExtendedPhotonRifle"],"picked":"Moonworks:LuckyCharm","floor":25.0},{"not_picked":["Moonworks:FullSpeedAlicianrone","Moonworks:ScrambledEve+1","Moonworks:EvilSpyWorkPreparation"],"picked":"SKIP","floor":29.0},{"not_picked":["Moonworks:Blazing+1","Moonworks:Assault","Moonworks:CookingTime"],"picked":"SKIP","floor":31.0},{"not_picked":["Moonworks:Blazing+1","Moonworks:Gamble"],"picked":"Moonworks:SinkOrSwim+1","floor":33.0},{"not_picked":["Moonworks:AwakeningOfTalent","Moonworks:Assault","Moonworks:MixPhenomenon"],"picked":"SKIP","floor":35.0},{"not_picked":["Moonworks:SakisCookie","Moonworks:UnpaidWork+1","Moonworks:EvilSpyWorkPreparation+1"],"picked":"SKIP","floor":38.0},{"not_picked":["Moonworks:Blazing+1","Moonworks:BigMagnum","Moonworks:EvilSpyWorkPreparation"],"picked":"SKIP","floor":39.0},{"not_picked":["Moonworks:ReflectiveShell+1","Moonworks:ForcedRevival","Moonworks:NicePresent"],"picked":"SKIP","floor":40.0},{"not_picked":["Moonworks:LulusLuckyEgg+1","Moonworks:Assault+1","Moonworks:Dinner"],"picked":"SKIP","floor":41.0},{"not_picked":["Moonworks:NicePresent","Moonworks:BigBangBell","Moonworks:Assault+1"],"picked":"SKIP","floor":45.0},{"not_picked":["Moonworks:ForcedRevival","Moonworks:x16BigRocket","Moonworks:AwakeningOfTalent+1"],"picked":"SKIP","floor":46.0},{"not_picked":["Moonworks:LulusLuckyEgg","Moonworks:ImOnFire","Moonworks:EvilSpyWorkPreparation"],"picked":"SKIP","floor":47.0},{"not_picked":["Moonworks:ShieldCounter","Moonworks:CookingTime+1"],"picked":"Moonworks:Dinner+1","floor":48.0},{"not_picked":["Moonworks:CookingTime+1","Moonworks:Dinner+1","Moonworks:EvilSpyWorkPreparation+1"],"picked":"SKIP","floor":54.0}],"player_experience":71606,"relics_obtained":[{"floor":2.0,"key":"Ring of Searing"},{"floor":2.0,"key":"Ring of Hypnosis"},{"floor":6.0,"key":"Onion Ring"},{"floor":9.0,"key":"AT_SilvercatRing"},{"floor":10.0,"key":"Calipers"},{"floor":25.0,"key":"AT_ImmortalShieldbow"},{"floor":31.0,"key":"Frozen Egg 2"},{"floor":32.0,"key":"Replay:Mystery Machine"},{"floor":36.0,"key":"Old Coin"},{"floor":40.0,"key":"Bag of Preparation"},{"floor":43.0,"key":"Replay:Bottled Snecko"},{"floor":46.0,"key":"Simple Rune"},{"floor":48.0,"key":"Letter Opener"},{"floor":54.0,"key":"Shuriken"}],"event_choices":[{"damage_healed":0.0,"max_hp_gain":0.0,"max_hp_loss":0.0,"gold_gain":0.0,"event_name":"The Cleric","player_choice":"Leave","floor":13.0,"gold_loss":0.0,"damage_taken":0.0},{"damage_healed":0.0,"max_hp_gain":0.0,"max_hp_loss":0.0,"gold_gain":0.0,"event_name":"Beggar","player_choice":"Ignored","floor":19.0,"gold_loss":0.0,"damage_taken":0.0},{"cards_removed":["Moonworks:Strike"],"damage_healed":0.0,"max_hp_gain":0.0,"max_hp_loss":0.0,"gold_gain":0.0,"event_name":"NoteForYourself","player_choice":"Took Card","floor":20.0,"gold_loss":0.0,"damage_taken":0.0,"cards_obtained":["Pain"]}],"is_beta":false,"boss_relics":[{"not_picked":["Honey Jar","ReplayTheSpireMod:DimensionalGlitch"],"picked":"Replay:Grab Bag"},{"not_picked":["Fusion Hammer","Busted Crown"],"picked":"Cursed Key"},{"not_picked":["Velvet Choker","Runic Dome"],"picked":"Sozu"},{"not_picked":["AT_MortalBlade","Kintsugi"],"picked":"Moonworks:SBBomb"},{"not_picked":["Calling Bell","Ring of Chaos"],"picked":"Replay:Wanted Poster"}],"items_purged_floors":[5,5,5,28,28,28,28,28,37,44],"is_endless":false,"potions_floor_spawned":[3,6,10,12,24,33,35,45,47,54],"killed_by":"The Heart","ascension_level":0}}