{"host":"3qkmyeoym75lj4wn","time":1613694294,"event":{"mods":["2.2 Compatiblity","Act Like it!","BaseMod","Bestiary","Block Reminder","Colored Powertips","Highlight Path","Minty Spire (QoL Compilation)","Permanent Neow","Rare Cards Sparkle","Relic Stats","StSLib"],"gold_per_floor":[110,122,135,135,135,174,174,207,257,273,298,14,14,29,29,120,120,136,136,136,149,149,149,149,149],"floor_reached":24,"language":"ENG","playtime":643,"items_purged":[],"score":412,"play_id":"dada7ae3-cc8c-4000-842c-91c35317ab4b","local_time":"20210219002454","is_ascension_mode":true,"campfire_choices":[{"floor":7,"key":"REST"},{"data":"Dagger Spray","floor":13,"key":"SMITH"},{"data":"Neutralize","floor":15,"key":"SMITH"},{"data":"Storm of Steel","floor":23,"key":"SMITH"}],"circlet_count":0,"master_deck":["AscendersBane","Strike_G","Strike_G","Strike_G","Strike_G","Defend_G","Defend_G+1","Defend_G","Defend_G","Defend_G+1","Survivor","Neutralize+1","Predator+1","Flying Knee","Dagger Spray","Dagger Spray+1","Cloak And Dagger","Bullet Time","Backflip","Storm of Steel+1","Dash","PiercingWail"],"relics":["Ring of the Snake","Golden Idol","Mercury Hourglass","War Paint","Anchor","Gremlin Horn","Black Star"],"acts_visited":["Exordium","TheCity"],"potions_floor_usage":[8,10,16,24],"damage_taken":[{"damage":11,"enemies":"Cultist","floor":1,"turns":4},{"damage":1,"enemies":"Small Slimes","floor":2,"turns":3},{"damage":4,"enemies":"Jaw Worm","floor":3,"turns":4},{"damage":27,"enemies":"3 Sentries","floor":6,"turns":7},{"damage":7,"enemies":"Gremlin Nob","floor":8,"turns":3},{"damage":0,"enemies":"Blue Slaver","floor":10,"turns":2},{"damage":3,"enemies":"Large Slime","floor":11,"turns":5},{"damage":0,"enemies":"Exordium Wildlife","floor":14,"turns":2},{"damage":16,"enemies":"Hexaghost","floor":16,"turns":9},{"damage":11,"enemies":"Shell Parasite","floor":18,"turns":5},{"damage":8,"enemies":"Chosen","floor":21,"turns":5},{"damage":44,"enemies":"Book of Stabbing","floor":24,"turns":5}],"seed_played":"-9165091927351159044","potions_obtained":[{"floor":2,"key":"EssenceOfSteel"},{"floor":6,"key":"PowerPotion"},{"floor":8,"key":"CunningPotion"},{"floor":10,"key":"Strength Potion"}],"is_trial":false,"path_per_floor":["M","M","M","?","?","E","R","E","T","M","M","$","R","M","R","B",null,"M","?","?","M","?","R","E"],"character_chosen":"THE_SILENT","items_purchased":["Gremlin Horn"],"campfire_rested":1,"item_purchase_floors":[12],"current_hp_per_floor":[48,47,43,43,43,16,34,27,27,27,24,24,24,24,24,8,47,36,48,48,40,40,40,0,0],"gold":149,"neow_bonus":"TRANSFORM_CARD","is_daily":false,"chose_seed":false,"campfire_upgraded":3,"win_rate":0.0,"timestamp":1613694294,"path_taken":["M","?","M","?","?","E","R","E","T","M","M","$","R","M","R","BOSS","M","?","?","M","?","R","E"],"items_purchased_type":["Relic"],"build_version":"2020-12-22","purchased_purges":0,"victory":false,"max_hp_per_floor":[66,66,66,66,60,60,60,60,60,60,60,60,60,60,60,60,60,60,60,60,60,60,60,60,60],"relic_stats":{"Gremlin Horn":[0,1],"counters":[12,53],"Golden Idol":50,"Black Star":0,"War Paint":["Defend_G","Defend_G"],"obtain_stats":[{"Anchor":9,"Gremlin Horn":12,"Golden Idol":5,"Black Star":17,"War Paint":8,"Ring of the Snake":0,"Mercury Hourglass":6},{"Anchor":5,"Gremlin Horn":7,"Golden Idol":3,"Black Star":9,"War Paint":5,"Ring of the Snake":0,"Mercury Hourglass":4},{"Anchor":21,"Gremlin Horn":28,"Golden Idol":11,"Black Star":38,"War Paint":21,"Ring of the Snake":0,"Mercury Hourglass":18}],"Ring of the Snake":[24],"Mercury Hourglass":[98]},"card_choices":[{"not_picked":["Acrobatics","Bane","Underhanded Strike"],"picked":"SKIP","floor":1},{"not_picked":["Skewer","Caltrops"],"picked":"Flying Knee","floor":2},{"not_picked":["Flying Knee","Bane"],"picked":"Dagger Spray","floor":3},{"not_picked":["Prepared","Underhanded Strike"],"picked":"Dagger Spray","floor":6},{"not_picked":["Tactician","Quick Slash"],"picked":"Cloak And Dagger","floor":8},{"not_picked":["Skewer","Backflip"],"picked":"Bullet Time","floor":10},{"not_picked":["Sucker Punch","Acrobatics"],"picked":"Backflip","floor":11},{"not_picked":["Sucker Punch","Expertise","Poisoned Stab"],"picked":"SKIP","floor":14},{"not_picked":["Corpse Explosion","Malaise"],"picked":"Storm of Steel","floor":16},{"not_picked":["Backflip","Sucker Punch"],"picked":"Dash","floor":18},{"not_picked":["Reflex","Expertise"],"picked":"PiercingWail","floor":21}],"player_experience":1764757,"relics_obtained":[{"floor":6,"key":"Mercury Hourglass"},{"floor":8,"key":"War Paint"},{"floor":9,"key":"Anchor"}],"event_choices":[{"damage_healed":0,"gold_gain":0,"player_choice":"Grow","damage_taken":0,"max_hp_gain":0,"max_hp_loss":0,"event_name":"Living Wall","floor":4,"gold_loss":0,"cards_upgraded":["Predator"]},{"damage_healed":0,"gold_gain":0,"player_choice":"Lose Max HP","damage_taken":0,"relics_obtained":["Golden Idol"],"max_hp_gain":0,"max_hp_loss":6,"event_name":"Golden Idol","floor":5,"gold_loss":0},{"damage_healed":12,"gold_gain":0,"player_choice":"Heal","damage_taken":0,"max_hp_gain":0,"max_hp_loss":0,"event_name":"The Library","floor":19,"gold_loss":0},{"damage_healed":0,"gold_gain":0,"player_choice":"Ignored","damage_taken":0,"max_hp_gain":0,"max_hp_loss":0,"event_name":"Beggar","floor":20,"gold_loss":0},{"damage_healed":0,"gold_gain":0,"player_choice":"Ignored","damage_taken":0,"max_hp_gain":0,"max_hp_loss":0,"event_name":"The Mausoleum","floor":22,"gold_loss":0}],"is_beta":false,"boss_relics":[{"not_picked":["Runic Dome","Ectoplasm"],"picked":"Black Star"}],"items_purged_floors":[],"is_endless":false,"potions_floor_spawned":[2,6,8,10],"killed_by":"Book of Stabbing","ascension_level":20}}