{"host":"yml0ux6c8lqydjlc","time":1613698219,"event":{"mods":["Aspiration","BaseMod","Conspire","Downfall","Hermit","Jedi Mod","Minty Spire (QoL Compilation)","Robot Space Explorer","StSLib"],"gold_per_floor":[119,96,96,114,5,30,43,60,60,72,86,86,106,119,119,216,216,233,233,250,150,150,150],"floor_reached":22,"language":"ENG","playtime":1714,"items_purged":["Strike_G","Defend_G"],"score":190,"play_id":"bd8b36f2-3d02-4d06-9cea-1fe4f48fd172","local_time":"20210218203019","is_ascension_mode":false,"campfire_choices":[{"floor":12,"key":"REST"},{"floor":15,"key":"REST"}],"circlet_count":0,"master_deck":["Strike_G","Strike_G","Defend_G","Defend_G","Defend_G","Defend_G","Survivor","Neutralize","Phantasmal Killer+1","Flying Knee","jedi:pocketpoison","Backstab","Blade Dance","Deadly Poison","Quick Slash","Infinite Blades","jedi:pocketpoison","Dash","Backflip","Unload","Acrobatics+1","Bane"],"relics":["Ring of the Snake","jedi:rubbersling","Toy Ornithopter"],"acts_visited":["Exordium","TheCity"],"potions_floor_usage":[6,16,16],"damage_taken":[{"damage":2,"enemies":"Jaw Worm","floor":1,"turns":6},{"damage":0,"enemies":"Cultist","floor":4,"turns":3},{"damage":16,"enemies":"Lagavulin","floor":6,"turns":8},{"damage":2,"enemies":"2 Louse","floor":7,"turns":3},{"damage":2,"enemies":"Blue Slaver","floor":8,"turns":2},{"damage":24,"enemies":"Exordium Thugs","floor":10,"turns":4},{"damage":5,"enemies":"Red Slaver","floor":11,"turns":2},{"damage":0,"enemies":"2 Fungi Beasts","floor":13,"turns":2},{"damage":7,"enemies":"Blue Slaver","floor":14,"turns":2},{"damage":53,"enemies":"The Guardian","floor":16,"turns":10},{"damage":8,"enemies":"Spheric Guardian","floor":18,"turns":4},{"damage":29,"enemies":"Shell Parasite","floor":20,"turns":5},{"damage":33,"enemies":"Cultist and Chosen","floor":22,"turns":4}],"seed_played":"538769887410220353","potions_obtained":[{"floor":1,"key":"LiquidBronze"},{"floor":4,"key":"LiquidBronze"},{"floor":11,"key":"Block Potion"},{"floor":14,"key":"bronze:BurnAndBuffPotion"},{"floor":16,"key":"SpeedPotion"},{"floor":20,"key":"SteroidPotion"}],"is_trial":false,"path_per_floor":["M","$","?","M","$","E","M","M","T","M","M","R","M","M","R","B",null,"M","?","M","$","M"],"character_chosen":"THE_SILENT","items_purchased":["Flying Knee","Backstab"],"campfire_rested":2,"item_purchase_floors":[2,5],"current_hp_per_floor":[68,68,68,68,68,52,50,48,48,24,19,40,40,33,54,11,70,62,62,33,33,0,0],"gold":150,"neow_bonus":"TRANSFORM_CARD","is_daily":false,"chose_seed":false,"campfire_upgraded":0,"win_rate":0.0,"timestamp":1613698219,"path_taken":["M","$","?","?","$","E","M","M","T","?","M","R","M","M","R","BOSS","M","?","M","$","M"],"items_purchased_type":["Card","Card"],"build_version":"2020-12-22","purchased_purges":2,"victory":false,"max_hp_per_floor":[70,70,70,70,70,70,70,70,70,70,70,70,70,70,70,70,70,70,70,70,70,70,70],"card_choices":[{"not_picked":["Predator","Flechettes","conspire:PoisonWeapons"],"picked":"SKIP","floor":1},{"not_picked":["Flying Knee","Deadly Poison"],"picked":"jedi:pocketpoison","floor":4},{"not_picked":["Accuracy","Sucker Punch"],"picked":"Blade Dance","floor":6},{"not_picked":["Tactician","Dagger Throw"],"picked":"Deadly Poison","floor":7},{"not_picked":["Flechettes","Cloak And Dagger"],"picked":"Quick Slash","floor":8},{"not_picked":["Deflect","Blade Dance"],"picked":"Infinite Blades","floor":10},{"not_picked":["Blade Dance","Slice"],"picked":"jedi:pocketpoison","floor":11},{"not_picked":["jedi:collectorvenom","jedi:brewingpoison"],"picked":"Dash","floor":13},{"not_picked":["Dagger Throw","Bane"],"picked":"Backflip","floor":14},{"not_picked":["Phantasmal Killer","Corpse Explosion"],"picked":"Unload","floor":16},{"not_picked":["Sucker Punch+1","Underhanded Strike"],"picked":"Acrobatics+1","floor":18},{"not_picked":["Dodge and Roll","Accuracy"],"picked":"Bane","floor":20}],"player_experience":127373,"relics_obtained":[{"floor":6,"key":"jedi:rubbersling"},{"floor":9,"key":"Toy Ornithopter"}],"event_choices":[{"damage_healed":0,"gold_gain":0,"player_choice":"Upgraded","damage_taken":0,"max_hp_gain":0,"max_hp_loss":0,"event_name":"Upgrade Shrine","floor":3,"gold_loss":0,"cards_upgraded":["Phantasmal Killer"]},{"cards_removed":["Strike_G"],"damage_healed":0,"gold_gain":0,"player_choice":"Elegance","damage_taken":0,"max_hp_gain":0,"max_hp_loss":0,"event_name":"Back to Basics","floor":19,"gold_loss":0}],"is_beta":false,"boss_relics":[{"not_picked":["conspire:RunicOctahedron","Snecko Eye","aspiration:SecretTechniqueScroll"]}],"items_purged_floors":[5,21],"is_endless":false,"potions_floor_spawned":[1,4,11,14,16,20],"killed_by":"Cultist and Chosen","ascension_level":0}}