{"host":"hmb95rboouqzgqy7","time":1613764701,"event":{"mods":["BaseMod","Colored Map","Colored Powertips","Highlight Path","Minty Spire (QoL Compilation)","Permanent Neow","Quick Restart","Relic Stats","StSLib"],"gold_per_floor":[115,133,152,170,19,53,53,85,112,142,142,9,9,25,25,125,125,135,585,313,327,337,337,369,369,394,421,198,231,231,143,143,243,243,261,261,161,161,161,161,189,221,221,221,247,134,134,161,161,161,161,161,36,69,69],"floor_reached":56,"language":"ENG","playtime":3537,"items_purged":["Strike_G","Strike_G","Strike_G","Strike_G","Strike_G","Defend_G","Defend_G","Defend_G"],"score":1775,"play_id":"6ff13d90-705d-45c0-bb4c-6d804b050693","local_time":"20210219135821","is_ascension_mode":true,"campfire_choices":[{"data":"Cloak And Dagger","floor":7.0,"key":"SMITH"},{"data":"Accuracy","floor":11.0,"key":"SMITH"},{"data":"Infinite Blades","floor":13.0,"key":"SMITH"},{"data":"Well Laid Plans","floor":15.0,"key":"SMITH"},{"data":"Night Terror","floor":23.0,"key":"SMITH"},{"data":"Neutralize","floor":25.0,"key":"SMITH"},{"data":"PiercingWail","floor":30.0,"key":"SMITH"},{"data":"Storm of Steel","floor":32.0,"key":"SMITH"},{"data":"Wraith Form v2","floor":40.0,"key":"SMITH"},{"data":"Calculated Gamble","floor":44.0,"key":"SMITH"},{"floor":49.0,"key":"RECALL"},{"data":"Backflip","floor":52.0,"key":"SMITH"}],"circlet_count":0,"master_deck":["Defend_G+1","Defend_G+1","Survivor","Cloak And Dagger+1","Backflip","Storm of Steel+1","Accuracy+1","Well Laid Plans+1","Blade Dance+1","Infinite Blades+1","Infinite Blades+1","PiercingWail+1","Night Terror+1","Backflip+1","Accuracy+1","Calculated Gamble+1","Wraith Form v2+1","Blade Dance+1","Neutralize+1"],"relics":["Ring of the Snake","TungstenRod","Anchor","Bottled Tornado","Ninja Scroll","War Paint","Coffee Dripper","Bag of Marbles","Happy Flower","Bottled Lightning","Blue Candle","Membership Card","Lantern","WristBlade","WingedGreaves","Shuriken","Meat on the Bone","Akabeko","Snake Skull","Paper Crane","Vajra"],"acts_visited":["Exordium","TheCity","TheBeyond","TheEnding"],"potions_floor_usage":[55,55,55],"damage_taken":[{"damage":1.0,"enemies":"Small Slimes","floor":1.0,"turns":4.0},{"damage":0.0,"enemies":"Cultist","floor":2.0,"turns":4.0},{"damage":2.0,"enemies":"2 Louse","floor":3.0,"turns":3.0},{"damage":0.0,"enemies":"Looter","floor":4.0,"turns":4.0},{"damage":2.0,"enemies":"Gremlin Nob","floor":6.0,"turns":3.0},{"damage":20.0,"enemies":"Lagavulin","floor":8.0,"turns":7.0},{"damage":15.0,"enemies":"Gremlin Nob","floor":10.0,"turns":3.0},{"damage":0.0,"enemies":"2 Fungi Beasts","floor":14.0,"turns":2.0},{"damage":1.0,"enemies":"Hexaghost","floor":16.0,"turns":6.0},{"damage":0.0,"enemies":"2 Thieves","floor":18.0,"turns":3.0},{"damage":0.0,"enemies":"Shell Parasite","floor":21.0,"turns":1.0},{"damage":0.0,"enemies":"Shelled Parasite and Fungi","floor":22.0,"turns":3.0},{"damage":0.0,"enemies":"Gremlin Leader","floor":24.0,"turns":2.0},{"damage":0.0,"enemies":"Slavers","floor":27.0,"turns":2.0},{"damage":0.0,"enemies":"Book of Stabbing","floor":29.0,"turns":2.0},{"damage":8.0,"enemies":"Collector","floor":33.0,"turns":4.0},{"damage":7.0,"enemies":"3 Shapes","floor":35.0,"turns":1.0},{"damage":0.0,"enemies":"Reptomancer","floor":41.0,"turns":1.0},{"damage":0.0,"enemies":"Nemesis","floor":42.0,"turns":3.0},{"damage":0.0,"enemies":"Giant Head","floor":45.0,"turns":2.0},{"damage":0.0,"enemies":"Nemesis","floor":48.0,"turns":1.0},{"damage":28.0,"enemies":"Donu and Deca","floor":50.0,"turns":3.0},{"damage":0.0,"enemies":"Shield and Spear","floor":54.0,"turns":3.0},{"damage":0,"enemies":"The Heart","floor":55,"turns":4}],"seed_played":"4951034140767357901","potions_obtained":[{"floor":3.0,"key":"Fire Potion"},{"floor":4.0,"key":"Poison Potion"},{"floor":8.0,"key":"GhostInAJar"},{"floor":10.0,"key":"Weak Potion"},{"floor":16.0,"key":"SteroidPotion"},{"floor":27.0,"key":"Energy Potion"},{"floor":41.0,"key":"Strength Potion"}],"is_trial":false,"path_per_floor":["M","M","M","M","$","E","R","E","T","E","R","$","R","M","R","B",null,"M","?","$","M","M","R","E","R","T","E","$","E","R","$","R","B",null,"M","?","$","?","?","R","E","E","T","R","E","$","?","E","R","B",null,"R","$","E","B",null],"character_chosen":"THE_SILENT","items_purchased":["Accuracy","Infinite Blades","Bag of Marbles","Membership Card"],"campfire_rested":0,"item_purchase_floors":[5,12,20,28],"current_hp_per_floor":[69,69,67,67,67,65,65,45,45,30,30,30,30,30,30,29,70,70,30,30,30,30,30,30,30,30,30,30,30,30,30,30,22,70,63,70,70,70,70,70,70,70,70,70,70,70,70,70,70,42,70,70,70,70,70],"gold":69,"neow_bonus":"ONE_RANDOM_RARE_CARD","is_daily":false,"chose_seed":false,"campfire_upgraded":11,"win_rate":0.0,"timestamp":1613764701,"path_taken":["M","M","M","M","$","E","R","E","T","E","R","$","R","M","R","BOSS","M","?","$","M","M","R","E","R","T","E","$","E","R","$","R","BOSS","M","?","$","?","?","R","E","E","T","R","E","$","?","E","R","BOSS","R","$","E","BOSS"],"items_purchased_type":["Card","Card","Relic","Relic"],"build_version":"2020-12-22","purchased_purges":8,"victory":true,"max_hp_per_floor":[70,70,70,70,70,70,70,70,70,70,70,70,70,70,70,70,70,70,70,70,70,70,70,70,70,70,70,70,70,70,70,70,70,70,70,70,70,70,70,70,70,70,70,70,70,70,70,70,70,70,70,70,70,70,70],"relic_stats":{"Happy Flower":[8],"counters":[24,71],"Shuriken":[28],"Blue Candle":[0],"Snake Skull":[0],"War Paint":["Defend_G","Defend_G"],"obtain_stats":[{"Lantern":29,"Happy Flower":24,"Blue Candle":27,"Vajra":0,"Snake Skull":45,"Bottled Tornado":9,"War Paint":10,"Paper Crane":48,"Akabeko":43,"Anchor":8,"WristBlade":34,"Ninja Scroll":9,"Shuriken":41,"WingedGreaves":0,"Coffee Dripper":17,"Bag of Marbles":20,"Bottled Lightning":26,"Membership Card":28,"TungstenRod":6,"Ring of the Snake":0,"Meat on the Bone":42},{"Lantern":15,"Happy Flower":13,"Blue Candle":14,"Vajra":0,"Snake Skull":20,"Bottled Tornado":6,"War Paint":7,"Paper Crane":21,"Akabeko":19,"Anchor":6,"WristBlade":16,"Ninja Scroll":6,"Shuriken":18,"WingedGreaves":0,"Coffee Dripper":9,"Bag of Marbles":10,"Bottled Lightning":13,"Membership Card":14,"TungstenRod":5,"Ring of the Snake":0,"Meat on the Bone":19},{"Lantern":49,"Happy Flower":45,"Blue Candle":47,"Vajra":0,"Snake Skull":60,"Bottled Tornado":25,"War Paint":28,"Paper Crane":61,"Akabeko":58,"Anchor":25,"WristBlade":53,"Ninja Scroll":25,"Shuriken":55,"WingedGreaves":0,"Coffee Dripper":36,"Bag of Marbles":39,"Bottled Lightning":45,"Membership Card":47,"TungstenRod":18,"Ring of the Snake":0,"Meat on the Bone":58}],"TungstenRod":44,"Ring of the Snake":[48],"Meat on the Bone":0},"card_choices":[{"not_picked":["Outmaneuver","Blur"],"picked":"Cloak And Dagger","floor":1.0},{"not_picked":["Dagger Throw","Deflect"],"picked":"Backflip","floor":2.0},{"not_picked":["Flying Knee","Tactician","Prepared"],"picked":"SKIP","floor":3.0},{"not_picked":["Setup","Poisoned Stab"],"picked":"Storm of Steel","floor":4.0},{"not_picked":["Choke","Slice"],"picked":"Well Laid Plans","floor":6.0},{"not_picked":["Finisher","Slice"],"picked":"Infinite Blades","floor":8.0},{"not_picked":["Backstab","Infinite Blades"],"picked":"Blade Dance","floor":10.0},{"not_picked":["Flying Knee","Underhanded Strike"],"picked":"PiercingWail","floor":14.0},{"not_picked":["Storm of Steel","Corpse Explosion"],"picked":"Night Terror","floor":16.0},{"not_picked":["Well Laid Plans","Terror+1"],"picked":"Backflip","floor":18.0},{"not_picked":["Dagger Throw","PiercingWail"],"picked":"Accuracy+1","floor":21.0},{"not_picked":["Dodge and Roll","Dagger Spray","Deadly Poison"],"picked":"SKIP","floor":22.0},{"not_picked":["Heel Hook","Terror"],"picked":"Calculated Gamble","floor":24.0},{"not_picked":["Finisher","PiercingWail+1","Calculated Gamble"],"picked":"SKIP","floor":27.0},{"not_picked":["Dodge and Roll+1","Distraction","Acrobatics"],"picked":"SKIP","floor":29.0},{"not_picked":["Unload","Glass Knife"],"picked":"Wraith Form v2","floor":33.0},{"not_picked":["Blur","Calculated Gamble","Skewer"],"picked":"SKIP","floor":35.0},{"not_picked":["PiercingWail+1","Dash"],"picked":"Blade Dance+1","floor":41.0},{"not_picked":["PiercingWail+1","Poisoned Stab+1","Acrobatics"],"picked":"SKIP","floor":42.0},{"not_picked":["PiercingWail+1","Poisoned Stab+1","Acrobatics"],"picked":"SKIP","floor":42.0},{"not_picked":["Poisoned Stab+1","Predator","Flying Knee"],"picked":"SKIP","floor":45.0},{"not_picked":["Phantasmal Killer","Prepared","Slice+1"],"picked":"SKIP","floor":48.0},{"not_picked":["Slice","Quick Slash+1","Acrobatics+1"],"picked":"SKIP","floor":54.0}],"player_experience":105914,"relics_obtained":[{"floor":6.0,"key":"TungstenRod"},{"floor":8.0,"key":"Anchor"},{"floor":10.0,"key":"War Paint"},{"floor":24.0,"key":"Happy Flower"},{"floor":27.0,"key":"Blue Candle"},{"floor":42.0,"key":"Meat on the Bone"},{"floor":43.0,"key":"Akabeko"},{"floor":45.0,"key":"Snake Skull"},{"floor":48.0,"key":"Paper Crane"},{"floor":54.0,"key":"Vajra"}],"event_choices":[{"damage_healed":0.0,"max_hp_gain":0.0,"max_hp_loss":0.0,"gold_gain":450.0,"event_name":"Knowing Skull","player_choice":"GOLD GOLD GOLD GOLD GOLD ","floor":19.0,"potions_obtained":[],"gold_loss":0.0,"damage_taken":46.0,"cards_obtained":[]},{"damage_healed":18.0,"max_hp_gain":0.0,"max_hp_loss":0.0,"gold_gain":0.0,"event_name":"Winding Halls","player_choice":"Writhe","floor":36.0,"gold_loss":0.0,"damage_taken":0.0,"cards_obtained":["Writhe"]},{"damage_healed":0.0,"max_hp_gain":0.0,"max_hp_loss":0.0,"gold_gain":0.0,"event_name":"SensoryStone","player_choice":"Memory 1","floor":38.0,"gold_loss":0.0,"damage_taken":0.0},{"damage_healed":0.0,"max_hp_gain":0.0,"max_hp_loss":0.0,"gold_gain":0.0,"event_name":"Tomb of Lord Red Mask","player_choice":"Ignored","floor":39.0,"gold_loss":0.0,"damage_taken":0.0},{"cards_removed":["Neutralize"],"damage_healed":0.0,"max_hp_gain":0.0,"max_hp_loss":0.0,"gold_gain":0.0,"event_name":"Falling","player_choice":"Removed Attack","floor":47.0,"gold_loss":0.0,"damage_taken":0.0}],"is_beta":false,"boss_relics":[{"not_picked":["SlaversCollar","Calling Bell"],"picked":"Coffee Dripper"},{"not_picked":["Busted Crown","SacredBark"],"picked":"WristBlade"}],"items_purged_floors":[5,12,20,28,31,37,46,53],"is_endless":false,"potions_floor_spawned":[3,4,8,10,16,18,21,27,41,48],"ascension_level":3}}