{"host":"krw8kyiy0um8ye49","time":1613757140,"event":{"mods":["BaseMod","Minty Spire (QoL Compilation)","StSLib"],"gold_per_floor":[116,116,135,135,155,155,187,187,187,198,198,241,241,241,241,362,362,346,346,346,379,379,379,402,402,402,402,440,203,219,243,243,243,243],"floor_reached":33,"language":"ENG","playtime":1058,"items_purged":["Normality"],"score":323,"play_id":"257a789f-ce34-47e7-b4dd-25cc286dfa2d","local_time":"20210219185220","is_ascension_mode":true,"campfire_choices":[{"data":"Bash","floor":6,"key":"SMITH"},{"data":"Sword Boomerang","floor":8,"key":"SMITH"},{"floor":13,"key":"REST"},{"data":"Dropkick","floor":15,"key":"SMITH"},{"floor":23,"key":"REST"},{"data":"Demon Form","floor":25,"key":"SMITH"},{"data":"Bite","floor":27,"key":"SMITH"},{"data":"Shrug It Off","floor":32,"key":"SMITH"}],"circlet_count":0,"master_deck":["Defend_R","Defend_R","Defend_R","Defend_R","Bash+1","Dual Wield","Dropkick+1","Sword Boomerang+1","Flame Barrier","Rampage","Demon Form+1","Clash+1","Bite","Bite","Bite","Bite","Bite+1","Shrug It Off+1","Limit Break","Thunderclap+1","Iron Wave+1"],"relics":["Burning Blood","Singing Bowl","Ancient Tea Set","Sundial","Golden Idol","Blue Candle","Cursed Key","Red Mask","Molten Egg 2","Letter Opener"],"acts_visited":["Exordium","TheCity"],"potions_floor_usage":[7,16,28,31,33],"damage_taken":[{"damage":7,"enemies":"Small Slimes","floor":1,"turns":4},{"damage":13,"enemies":"Jaw Worm","floor":3,"turns":4},{"damage":0,"enemies":"Cultist","floor":5,"turns":2},{"damage":30,"enemies":"Lagavulin","floor":7,"turns":6},{"damage":3,"enemies":"Blue Slaver","floor":10,"turns":2},{"damage":31,"enemies":"Gremlin Nob","floor":12,"turns":5},{"damage":54,"enemies":"Hexaghost","floor":16,"turns":12},{"damage":23,"enemies":"2 Thieves","floor":18,"turns":4},{"damage":55,"enemies":"Masked Bandits","floor":21,"turns":5},{"damage":30,"enemies":"Shell Parasite","floor":24,"turns":6},{"damage":27,"enemies":"Slavers","floor":28,"turns":4},{"damage":18,"enemies":"Snake Plant","floor":30,"turns":3},{"damage":17,"enemies":"Shelled Parasite and Fungi","floor":31,"turns":5},{"damage":23,"enemies":"Collector","floor":33,"turns":3}],"seed_played":"-5948839638193015258","potions_obtained":[{"floor":1,"key":"Weak Potion"},{"floor":3,"key":"FairyPotion"},{"floor":5,"key":"Dexterity Potion"},{"floor":21,"key":"SneckoOil"},{"floor":30,"key":"DuplicationPotion"},{"floor":31,"key":"Block Potion"}],"is_trial":false,"path_per_floor":["M","?","M","?","M","R","E","R","T","M","?","E","R","?","R","B",null,"M","?","?","?","$","R","M","R","T","R","E","$","M","M","R","B"],"character_chosen":"IRONCLAD","items_purchased":["Limit Break","Thunderclap+1"],"campfire_rested":2,"item_purchase_floors":[29,29],"current_hp_per_floor":[79,76,69,69,77,77,55,55,55,58,37,14,39,39,39,17,86,69,60,60,19,19,37,33,33,33,33,20,20,17,17,17,0,0],"gold":243,"neow_bonus":"THREE_CARDS","is_daily":false,"chose_seed":false,"campfire_upgraded":6,"win_rate":0.0,"timestamp":1613757140,"path_taken":["M","?","M","?","?","R","E","R","T","M","?","E","R","?","R","BOSS","M","?","?","?","?","R","M","R","T","R","E","$","M","?","R","BOSS"],"items_purchased_type":["Card","Card"],"build_version":"2020-12-22","purchased_purges":1,"victory":false,"max_hp_per_floor":[80,80,80,80,82,82,84,84,84,84,84,86,86,86,86,86,86,86,60,60,60,60,60,62,62,62,62,64,64,66,66,66,66,66],"card_choices":[{"not_picked":["Twin Strike","Sword Boomerang"],"picked":"Dual Wield","floor":0},{"not_picked":["Clash","Armaments"],"picked":"Dropkick","floor":1},{"not_picked":["Armaments","Heavy Blade"],"picked":"Sword Boomerang","floor":3},{"not_picked":["Headbutt","Armaments","Warcry"],"picked":"Singing Bowl","floor":5},{"not_picked":["Dual Wield","Perfected Strike","Offering"],"picked":"Singing Bowl","floor":7},{"not_picked":["Clothesline","Body Slam"],"picked":"Flame Barrier","floor":10},{"not_picked":["Anger","Body Slam","Cleave"],"picked":"Singing Bowl","floor":12},{"not_picked":["Exhume","Limit Break"],"picked":"Demon Form","floor":16},{"not_picked":["Twin Strike+1","True Grit"],"picked":"Clash+1","floor":18},{"not_picked":["Clash","Second Wind+1"],"picked":"Shrug It Off","floor":21},{"not_picked":["Havoc","Twin Strike","Infernal Blade"],"picked":"Singing Bowl","floor":24},{"not_picked":["Armaments","Uppercut+1","Flex"],"picked":"Singing Bowl","floor":28},{"not_picked":["Reckless Charge+1","Body Slam+1","Sword Boomerang+1"],"picked":"Singing Bowl","floor":30},{"not_picked":["Ghostly Armor","Second Wind"],"picked":"Iron Wave+1","floor":31}],"player_experience":173177,"relics_obtained":[{"floor":7,"key":"Ancient Tea Set"},{"floor":9,"key":"Sundial"},{"floor":12,"key":"Blue Candle"},{"floor":21,"key":"Red Mask"},{"floor":26,"key":"Molten Egg 2"},{"floor":28,"key":"Letter Opener"}],"event_choices":[{"damage_healed":0,"gold_gain":0,"player_choice":"Success","damage_taken":3,"relics_obtained":["Singing Bowl"],"max_hp_gain":0,"max_hp_loss":0,"event_name":"Scrap Ooze","floor":2,"gold_loss":0},{"damage_healed":0,"gold_gain":0,"player_choice":"1 cards matched","damage_taken":0,"max_hp_gain":0,"max_hp_loss":0,"event_name":"Match and Keep!","floor":4,"gold_loss":0,"cards_obtained":["Twin Strike"]},{"damage_healed":0,"gold_gain":0,"player_choice":"Take Damage","damage_taken":21,"relics_obtained":["Golden Idol"],"max_hp_gain":0,"max_hp_loss":0,"event_name":"Golden Idol","floor":11,"gold_loss":0},{"damage_healed":0,"gold_gain":0,"cards_transformed":["Strike_R"],"player_choice":"Transformed","damage_taken":0,"max_hp_gain":0,"max_hp_loss":0,"event_name":"Transmorgrifier","floor":14,"gold_loss":0,"cards_obtained":["Rampage"]},{"damage_healed":0,"gold_gain":0,"player_choice":"Became a vampire","damage_taken":0,"max_hp_gain":0,"max_hp_loss":26,"event_name":"Vampires","floor":19,"gold_loss":0,"cards_obtained":["Bite","Bite","Bite","Bite","Bite"]},{"cards_removed":["Twin Strike"],"damage_healed":0,"gold_gain":0,"player_choice":"Elegance","damage_taken":0,"max_hp_gain":0,"max_hp_loss":0,"event_name":"Back to Basics","floor":20,"gold_loss":0},{"damage_healed":0,"gold_gain":0,"player_choice":"Fought Bandits","damage_taken":0,"max_hp_gain":0,"max_hp_loss":0,"event_name":"Masked Bandits","floor":21,"gold_loss":0}],"is_beta":false,"boss_relics":[{"not_picked":["Coffee Dripper","Ectoplasm"],"picked":"Cursed Key"}],"items_purged_floors":[29],"is_endless":false,"potions_floor_spawned":[1,3,5,21,30,31],"killed_by":"Collector","ascension_level":2}}