{"host":"2fgwwnzqc97k7iys","time":1613778207,"event":{"mods":["BaseMod","Colored Map","Minty Spire (QoL Compilation)","Quick Restart","Relic Stats"],"gold_per_floor":[115,126,138,138,153,153,172,172,172],"floor_reached":8,"language":"ENG","playtime":5746,"items_purged":[],"score":75,"play_id":"5f6c9bb4-9e1d-4d80-9d6d-d6dc1731bd46","local_time":"20210219174327","is_ascension_mode":true,"campfire_choices":[{"data":"Conclude","floor":6,"key":"SMITH"}],"circlet_count":0,"master_deck":["AscendersBane","Strike_P","Strike_P","Strike_P","Strike_P+1","Defend_P","Defend_P","Defend_P","Defend_P","Eruption+1","Vigilance","SignatureMove+1","Conclude+1","CutThroughFate","Vengeance","CrushJoints"],"relics":["PureWater"],"acts_visited":["Exordium"],"potions_floor_usage":[],"damage_taken":[{"damage":5,"enemies":"Small Slimes","floor":1,"turns":4},{"damage":7,"enemies":"Jaw Worm","floor":2,"turns":4},{"damage":0,"enemies":"2 Louse","floor":3,"turns":1},{"damage":0,"enemies":"Exordium Thugs","floor":5,"turns":2},{"damage":3,"enemies":"Blue Slaver","floor":7,"turns":2},{"damage":0,"enemies":"Lagavulin","floor":8,"turns":2}],"seed_played":"-3524467811431858202","potions_obtained":[{"floor":1,"key":"SteroidPotion"},{"floor":5,"key":"BlessingOfTheForge"}],"is_trial":false,"path_per_floor":["M","M","M","?","M","R","M","E"],"character_chosen":"WATCHER","items_purchased":[],"campfire_rested":0,"item_purchase_floors":[],"current_hp_per_floor":[60,53,53,39,39,39,36,36,36],"gold":172,"neow_bonus":"UPGRADE_CARD","is_daily":false,"chose_seed":false,"campfire_upgraded":1,"win_rate":0.0,"timestamp":1613778207,"path_taken":["M","M","M","?","M","R","M","E"],"items_purchased_type":[],"build_version":"2020-12-22","purchased_purges":0,"victory":false,"max_hp_per_floor":[72,72,72,72,72,72,72,72,72],"relic_stats":{"counters":[6,15],"obtain_stats":[{"PureWater":0},{"PureWater":0},{"PureWater":0}]},"card_choices":[{"not_picked":["WaveOfTheHand","FlyingSleeves"],"picked":"SignatureMove","floor":1},{"not_picked":["CrushJoints","Evaluate"],"picked":"Conclude","floor":2},{"not_picked":["JustLucky","FlurryOfBlows"],"picked":"CutThroughFate","floor":3},{"not_picked":["WreathOfFlame","Pray"],"picked":"Vengeance","floor":5},{"not_picked":["CutThroughFate","WheelKick"],"picked":"CrushJoints","floor":7}],"player_experience":631740,"relics_obtained":[],"event_choices":[{"damage_healed":0,"gold_gain":0,"player_choice":"Entered Light","damage_taken":14,"max_hp_gain":0,"max_hp_loss":0,"event_name":"Shining Light","floor":4,"gold_loss":0,"cards_upgraded":["SignatureMove","Strike_P"]}],"is_beta":false,"boss_relics":[],"items_purged_floors":[],"is_endless":false,"potions_floor_spawned":[1,5],"killed_by":"Lagavulin","ascension_level":10}}