{"host":"s0nrlal5fls38heo","time":1613733014,"event":{"mods":["AchievementEnabler","BaseMod","Colored Powertips","Dark Map","Displayed Cursed Tome","Downfall","Faster Ascension Climbing","GifTheSpireLib","Minty Spire (QoL Compilation)","Permanent Neow","Rare Cards Sparkle","Relic Filter Mod","StSLib"],"gold_per_floor":[0,13,30,105,105,105,155,185,27,42,72,89,118,268,280,280,280,280],"floor_reached":16,"language":"ENG","playtime":730,"items_purged":[],"score":225,"play_id":"934d801e-985d-4b94-a658-1107aed6e60c","local_time":"20210219121014","is_ascension_mode":true,"campfire_choices":[{"data":"Slimebound:Split","floor":1,"key":"SMITH"},{"data":"Slimebound:CorrosiveSpit","floor":6,"key":"SMITH"}],"circlet_count":0,"master_deck":["AscendersBane","Slimebound:Strike_Slimebound","Slimebound:Strike_Slimebound","Slimebound:Strike_Slimebound","Slimebound:Tackle","Slimebound:Defend_Slimebound","Slimebound:Defend_Slimebound","Slimebound:Defend_Slimebound","Slimebound:Defend_Slimebound","Slimebound:Split+1","Slimebound:CorrosiveSpit+1","Secret Technique","Slimebound:Prepare","Slimebound:Replication","Slimebound:Prepare","Slimebound:Nibble","Slimebound:LivingWall","Slimebound:SlimeSpikes","Slimebound:Equalize","Slimebound:FormOfPuddle"],"relics":["Slimebound:AbsorbEndCombat","downfall:ShatteredFragment","Blood Vial","Thread and Needle","Chemical X","Torii"],"acts_visited":["Exordium"],"potions_floor_usage":[],"damage_taken":[{"damage":0,"enemies":"2 Louse","floor":2,"turns":4},{"damage":2,"enemies":"Jaw Worm","floor":3,"turns":4},{"damage":9,"enemies":"3 Sentries","floor":8,"turns":9},{"damage":0,"enemies":"downfall:FleeingMerchant","floor":9,"turns":4},{"damage":0,"enemies":"Cultist","floor":10,"turns":3},{"damage":17,"enemies":"Gremlin Nob","floor":11,"turns":4},{"damage":0,"enemies":"Blue Slaver","floor":12,"turns":4},{"damage":0,"enemies":"Lagavulin","floor":13,"turns":6},{"damage":0,"enemies":"Red Slaver","floor":15,"turns":3},{"damage":67,"enemies":"IC_STATUS_ARCHETYPE","floor":16,"turns":10}],"seed_played":"4265866810879025264","potions_obtained":[{"floor":3,"key":"Guardian:BlockOnCardUsePotion"},{"floor":11,"key":"Explosive Potion"}],"is_trial":false,"path_per_floor":["R","M","M","?","?","R","T","E","$","M","E","M","E","?","M","B"],"character_chosen":"SLIMEBOUND","items_purchased":["Chemical X"],"campfire_rested":0,"item_purchase_floors":[9],"current_hp_per_floor":[59,63,65,65,47,47,47,48,58,65,52,60,65,65,65,0,0,0],"gold":280,"neow_bonus":"RANDOM_COLORLESS_2","is_daily":false,"chose_seed":false,"campfire_upgraded":2,"win_rate":0.0,"timestamp":1613733014,"path_taken":["R","M","M","?","?","R","T","E","$","M","E","M","E","?","M","BOSS"],"items_purchased_type":["Relic"],"build_version":"2020-12-22","purchased_purges":0,"victory":false,"max_hp_per_floor":[65,65,65,65,65,65,65,65,65,65,65,65,65,65,65,65,65,65],"card_choices":[{"not_picked":["Master of Strategy","Mayhem"],"picked":"Secret Technique","floor":0},{"not_picked":["Slimebound:FormOfPuddle","Slimebound:LivingWall"],"picked":"Slimebound:Prepare","floor":2},{"not_picked":["Slimebound:TongueLash","Slimebound:SplitAcid"],"picked":"Slimebound:Replication","floor":3},{"not_picked":["Slimebound:TongueLash","Slimebound:AcidTongue"],"picked":"Slimebound:Prepare","floor":8},{"not_picked":["Slimebound:LeechingTouch","Slimebound:FinishingTackle"],"picked":"Slimebound:Nibble","floor":9},{"not_picked":["Slimebound:DisruptingSlam","Slimebound:ItLooksTasty"],"picked":"Slimebound:LivingWall","floor":10},{"not_picked":["Slimebound:RainOfGoop","Slimebound:FormOfPuddle"],"picked":"Slimebound:SlimeSpikes","floor":11},{"not_picked":["Slimebound:Schlurp","Slimebound:ProtectTheBoss"],"picked":"Slimebound:Equalize","floor":12},{"not_picked":["Slimebound:AcidTongue","Slimebound:ViciousTackle"],"picked":"Slimebound:FormOfPuddle","floor":13},{"not_picked":["Slimebound:PressTheAttack","Slimebound:GoopTackle","Slimebound:FinishingTackle"],"picked":"SKIP","floor":15}],"player_experience":34755,"relics_obtained":[{"floor":7,"key":"Blood Vial"},{"floor":8,"key":"Thread and Needle"},{"floor":11,"key":"Toy Ornithopter"},{"floor":13,"key":"Torii"}],"event_choices":[],"is_beta":false,"boss_relics":[],"items_purged_floors":[],"is_endless":false,"potions_floor_spawned":[3,11,12],"killed_by":"IC_STATUS_ARCHETYPE","ascension_level":11}}