{"host":"21o28mgl9u9ntir2","time":1613738755,"event":{"mods":["BaseMod","BetterRewards","Colored Powertips","Minty Spire (QoL Compilation)","Quick Restart","Remove Card Discount Mod","SOS（斯巴达之子）","Spicy Shops","StSLib","SuperFastMode","[IsaacMod]以撒尖塔","【遗物卡牌】REMEMod","残留之物"],"gold_per_floor":[164,164,12,47,47,47,78,126,151,209,209,264,338,382,382,512,512,560,602,602,645,93,226,226,226,302,361,361,119,119,208,208,346,346,407,452,17,75,206,206,309,65,134,134,178,202,202,228,228,255,255,255,43,71,71],"floor_reached":56,"language":"ZHS","playtime":1327,"items_purged":["Attack_a","Attack_a","Attack_b","Defend_Dante","Redorb+1","Defend_Dante","Shoot+1","Gunslinger+1"],"score":2038,"play_id":"e34e9af2-2ae6-4cc1-bc38-9f8fa4f41972","local_time":"20210219204555","is_ascension_mode":true,"campfire_choices":[{"data":"Gunslinger","floor":6.0,"key":"SMITH"},{"data":"Redorb","floor":11,"key":"SMITH"},{"data":"CoyoteA","floor":15,"key":"SMITH"},{"data":"Provocation","floor":25,"key":"SMITH"},{"data":"Gunstinger","floor":28,"key":"SMITH"},{"data":"Chargeshoot","floor":30,"key":"SMITH"},{"data":"Shoot","floor":32,"key":"SMITH"},{"floor":47,"key":"REST"},{"floor":49,"key":"RECALL"},{"data":"Shoot","floor":52,"key":"SMITH"}],"circlet_count":0,"master_deck":["Shoot+1","Provocation+1","Defend_Dante","Defend_Dante","CoyoteA+1","Gunstinger+1","Chargeshoot+1","Gunslinger+1","Enemystep"],"relics":["SSS","Combocheck","HushsDoor","REME_ComplimentaryCards","TheBible","NeowsBlessing","PreservedInsect","MealTicket","Regal Pillow","PlaceholderMod:LiveLive","GuppysHead","GuppysTail","Lee\u0027s Waffle","Omamori","Matryoshka","Calipers","Juzu Bracelet","Potion Belt","DeathBook","Boot","Question Card","Ornamental Fan","Cursed Key","GuppysPaw","SteamSale","Unceasing Top","Mummified Hand","EdensBlessing","PlaceholderMod:DeVermisMysteriis","Sling","Strawberry","Blue Candle","PlaceholderMod:DaolothFragment","Bottled Tornado","Pear","Habit","HowToJump"],"acts_visited":["Exordium","TheCity","TheBeyond","TheEnding"],"potions_floor_usage":[19,19,50,55,55,55,55],"damage_taken":[{"damage":0.0,"enemies":"2 Louse","floor":1.0,"turns":1.0},{"damage":0.0,"enemies":"Cultist","floor":4.0,"turns":1.0},{"damage":0.0,"enemies":"Lagavulin","floor":7.0,"turns":2.0},{"damage":4.0,"enemies":"Small Slimes","floor":8.0,"turns":3.0},{"damage":5,"enemies":"Red Slaver","floor":10,"turns":3},{"damage":0,"enemies":"Gremlin Nob","floor":12,"turns":2},{"damage":0,"enemies":"Exordium Thugs","floor":13,"turns":4},{"damage":5,"enemies":"Blue Slaver","floor":14,"turns":3},{"damage":0,"enemies":"Hexaghost","floor":16,"turns":2},{"damage":5,"enemies":"Shell Parasite","floor":18,"turns":3},{"damage":10,"enemies":"2 Thieves","floor":19,"turns":3},{"damage":28,"enemies":"Chosen and Byrds","floor":21,"turns":5},{"damage":0,"enemies":"Gremlin Leader","floor":23,"turns":2},{"damage":2,"enemies":"Book of Stabbing","floor":27,"turns":2},{"damage":0,"enemies":"Gremlin Leader","floor":31,"turns":2},{"damage":0,"enemies":"Collector","floor":33,"turns":3},{"damage":3,"enemies":"3 Darklings","floor":35,"turns":2},{"damage":1,"enemies":"Orb Walker","floor":36,"turns":3},{"damage":0,"enemies":"Maw","floor":38,"turns":2},{"damage":0,"enemies":"2 Orb Walkers","floor":39,"turns":2},{"damage":0,"enemies":"Reptomancer","floor":41,"turns":2},{"damage":0,"enemies":"Spire Growth","floor":45,"turns":1},{"damage":6,"enemies":"Writhing Mass","floor":46,"turns":3},{"damage":0,"enemies":"Maw","floor":48,"turns":2},{"damage":0,"enemies":"Time Eater","floor":50,"turns":3},{"damage":0,"enemies":"Shield and Spear","floor":54,"turns":1},{"damage":1,"enemies":"The Heart","floor":55,"turns":4}],"seed_played":"2765355768709993910","potions_obtained":[{"floor":7.0,"key":"Block Potion"},{"floor":10,"key":"Fire Potion"},{"floor":13,"key":"Dexterity Potion"},{"floor":19,"key":"Strength Potion"},{"floor":31,"key":"CultistPotion"},{"floor":35,"key":"Dexterity Potion"},{"floor":41,"key":"Block Potion"},{"floor":45,"key":"Weak Potion"},{"floor":48,"key":"Weak Potion"}],"is_trial":false,"path_per_floor":["M","?","$","M","?","R","E","M","T","M","R","E","M","M","R","B",null,"M","M","?","M","$","E","?","R","T","E","R","$","R","E","R","B",null,"M","M","$","M","?","?","E","$","T","?","M","M","R","M","R","B",null,"R","$","E","B",null],"character_chosen":"DANTE","items_purchased":["PreservedInsect","GuppysHead","GuppysTail","Lee\u0027s Waffle","Omamori","Matryoshka","Question Card","GuppysPaw","SteamSale","Unceasing Top","Mummified Hand","Sling","Strawberry","Blue Candle","Pear","Habit"],"campfire_rested":1,"item_purchase_floors":[3,17,17,22,22,22,29,34,37,37,37,42,42,42,53,53],"current_hp_per_floor":[80,80,80,80,85,85,85,81,81,76,76,76,76,71,71,71,65,60,50,50,22,72,72,72,72,72,70,70,72,72,72,72,72,62,59,58,62,62,62,47,47,69,69,69,69,63,69,69,69,69,69,69,79,79,78],"gold":71,"neow_bonus":"THREE_ENEMY_KILL","is_daily":false,"chose_seed":false,"campfire_upgraded":8,"win_rate":0.0,"timestamp":1613738755,"path_taken":["M","?","$","M","?","R","E","M","T","M","R","E","?","M","R","BOSS","M","M","?","?","$","E","?","R","T","E","R","$","R","E","R","BOSS","M","M","$","M","?","?","E","$","T","?","M","M","R","M","R","BOSS","R","$","E","BOSS"],"items_purchased_type":["Relic","Relic","Relic","Relic","Relic","Relic","Relic","Relic","Relic","Relic","Relic","Relic","Relic","Relic","Relic","Relic"],"build_version":"2020-12-22","purchased_purges":8,"victory":true,"max_hp_per_floor":[80,80,80,80,85,85,85,85,85,85,85,85,85,85,85,85,65,65,65,65,65,72,72,72,72,72,72,72,72,72,72,72,72,62,62,62,62,62,62,62,62,69,69,69,69,69,69,69,69,69,69,69,79,79,79],"card_choices":[{"not_picked":["Weaponupgrade","Kick13","Holywater"],"picked":"SKIP","floor":1.0},{"not_picked":["Hightime","Lucifer"],"picked":"Gunslinger","floor":4.0},{"not_picked":["Straight","Kick13"],"picked":"Gunstinger","floor":7.0},{"not_picked":["VitalstarM","Straight","LucifercomboD"],"picked":"SKIP","floor":8.0},{"not_picked":["LucifercomboA","Lucifer","Hightime"],"picked":"SKIP","floor":10},{"not_picked":["Dash2","DevilstarS","Gunslinger"],"picked":"SKIP","floor":12},{"not_picked":["LucifercomboA","DT","Hightime"],"picked":"SKIP","floor":13},{"not_picked":["Gunslinger","Swordmaster","Airhike"],"picked":"SKIP","floor":14},{"not_picked":["DT","LucifercomboC"],"picked":"Chargeshoot","floor":18},{"not_picked":["Chargeshoot","GilgameshcomboA","Royaldefend"],"picked":"SKIP","floor":19},{"not_picked":["LucifercomboB","Gunslinger+1","Straight"],"picked":"SKIP","floor":21},{"not_picked":["Trickster","Millionkick","Dash2"],"picked":"SKIP","floor":23},{"not_picked":["SSScard","Blueorb","Royalguard"],"picked":"SKIP","floor":27},{"not_picked":["SSScard","Blueorb","Royalguard"],"picked":"SKIP","floor":27},{"not_picked":["Chargeshoot2","Millionstab","DevilstarL","BeastUppercut"],"picked":"SKIP","floor":31},{"not_picked":["Pandora+1","Kick13+1","Doubleshoot","Chargeshoot2"],"picked":"SKIP","floor":35},{"not_picked":["Unrisingdragon+1","SSScard+1","Gilgamesh","Chargeshoot+1"],"picked":"SKIP","floor":36},{"not_picked":["VitalstarS","Ecstasy","Rebellion+1","Pandora+1"],"picked":"SKIP","floor":38},{"not_picked":["Hightime+1","Blueorb","Ecstasy+1","GilgameshcomboA+1"],"picked":"SKIP","floor":41},{"not_picked":["Kick13+1","Chargeshoot","Chargeshoot2","Gunslinger"],"picked":"SKIP","floor":45},{"not_picked":["Chargeshoot2+1","VitalstarS","Dash2+1","Fullhouse+1"],"picked":"SKIP","floor":46},{"not_picked":["Splesh","Doubleshoot+1","Ecstasy","Weaponchange"],"picked":"SKIP","floor":48},{"not_picked":["Pandora+1","Chargeshoot","Ecstasy+1"],"picked":"Enemystep","floor":54}],"player_experience":744876,"relics_obtained":[{"floor":7.0,"key":"MealTicket"},{"floor":12,"key":"Regal Pillow"},{"floor":23,"key":"Calipers"},{"floor":26,"key":"Potion Belt"},{"floor":26,"key":"DeathBook"},{"floor":27,"key":"Boot"},{"floor":31,"key":"Ornamental Fan"},{"floor":39,"key":"EdensBlessing"},{"floor":41,"key":"PlaceholderMod:DeVermisMysteriis"},{"floor":43,"key":"PlaceholderMod:DaolothFragment"},{"floor":43,"key":"Bottled Tornado"},{"floor":54,"key":"HowToJump"}],"event_choices":[{"damage_healed":0.0,"max_hp_gain":5.0,"max_hp_loss":0.0,"gold_gain":0.0,"event_name":"Big Fish","player_choice":"Donut","floor":5.0,"gold_loss":0.0,"damage_taken":0.0},{"damage_healed":0,"gold_gain":0,"player_choice":"Simplicity","damage_taken":0,"max_hp_gain":0,"max_hp_loss":0,"event_name":"Back to Basics","floor":20,"gold_loss":0,"cards_upgraded":[]},{"damage_healed":0,"gold_gain":0,"player_choice":"Opened","damage_taken":0,"relics_obtained":["Juzu Bracelet"],"max_hp_gain":0,"max_hp_loss":0,"event_name":"The Mausoleum","floor":24,"gold_loss":0,"cards_obtained":["Writhe"]},{"damage_healed":0,"gold_gain":0,"player_choice":"Fight","damage_taken":0,"max_hp_gain":0,"max_hp_loss":0,"event_name":"Mysterious Sphere","floor":39,"gold_loss":0},{"damage_healed":0,"gold_gain":0,"player_choice":"Copied","damage_taken":0,"max_hp_gain":0,"max_hp_loss":0,"event_name":"Duplicator","floor":44,"gold_loss":0,"cards_obtained":["Gunslinger"]}],"is_beta":false,"boss_relics":[{"not_picked":["REME_LowDesire","Fusion Hammer"],"picked":"PlaceholderMod:LiveLive"},{"not_picked":[]},{"not_picked":["Pandora\u0027s Box","ChampionBelt"],"picked":"Cursed Key"},{"not_picked":[]}],"items_purged_floors":[22,22,22,22,53,53,53,53],"is_endless":false,"potions_floor_spawned":[7,10,13,14,18,19,31,35,41,45,48],"ascension_level":5}}