{"host":"13o02hya6v6rzuva","time":1613741406,"event":{"mods":["BaseMod","Minty Spire (QoL Compilation)","Relic Stats"],"gold_per_floor":[112,127,127,137,22,47,47,79,79,79,79,89,19,37,37,116,116,128,142,142,102,102,102],"floor_reached":22,"language":"ENG","playtime":636,"items_purged":[],"score":320,"play_id":"a86aaa5c-d762-484f-a60b-f8f7d0870820","local_time":"20210219143006","is_ascension_mode":true,"campfire_choices":[{"floor":7,"key":"REST"},{"data":"Searing Blow","floor":11,"key":"SMITH"},{"data":"Searing Blow+1","floor":15,"key":"SMITH"}],"circlet_count":0,"master_deck":["AscendersBane","Strike_R","Strike_R","Strike_R","Strike_R","Defend_R","Defend_R","Defend_R","Defend_R","Bash","Shrug It Off","Twin Strike","Clothesline","Searing Blow+3","Fire Breathing","Uppercut","Feel No Pain","Second Wind","Metallicize","Pummel","True Grit","Berserk","Wild Strike","Dark Embrace"],"relics":["Burning Blood","NeowsBlessing","Du-Vu Doll","Bottled Lightning","Bronze Scales","Charon\u0027s Ashes","Black Star"],"acts_visited":["Exordium","TheCity"],"potions_floor_usage":[6,16,16,22],"damage_taken":[{"damage":0,"enemies":"Cultist","floor":1,"turns":1},{"damage":0,"enemies":"Small Slimes","floor":2,"turns":1},{"damage":0,"enemies":"Jaw Worm","floor":4,"turns":1},{"damage":48,"enemies":"Lagavulin","floor":6,"turns":6},{"damage":24,"enemies":"Gremlin Nob","floor":8,"turns":4},{"damage":5,"enemies":"Exordium Wildlife","floor":12,"turns":4},{"damage":5,"enemies":"3 Louse","floor":14,"turns":2},{"damage":31,"enemies":"The Guardian","floor":16,"turns":10},{"damage":32,"enemies":"Spheric Guardian","floor":18,"turns":5},{"damage":25,"enemies":"Shell Parasite","floor":19,"turns":7},{"damage":20,"enemies":"3 Cultists","floor":22,"turns":3}],"seed_played":"-3320922405329431783","potions_obtained":[{"floor":4,"key":"ColorlessPotion"},{"floor":12,"key":"Fire Potion"},{"floor":14,"key":"PowerPotion"},{"floor":19,"key":"EssenceOfSteel"}],"is_trial":false,"path_per_floor":["M","M","?","M","$","E","R","E","T","?","R","M","$","M","R","B",null,"M","M","?","?","M"],"character_chosen":"IRONCLAD","items_purchased":["Searing Blow","Fire Breathing","Pummel"],"campfire_rested":1,"item_purchase_floors":[5,5,13],"current_hp_per_floor":[78,80,68,74,74,32,56,38,38,38,38,39,39,40,40,15,64,38,19,19,19,0,0],"gold":102,"neow_bonus":"THREE_ENEMY_KILL","is_daily":false,"chose_seed":false,"campfire_upgraded":2,"win_rate":0.0,"timestamp":1613741406,"path_taken":["M","M","?","M","$","E","R","E","T","?","R","M","?","M","R","BOSS","M","M","?","?","M"],"items_purchased_type":["Card","Card","Card"],"build_version":"2020-12-22","purchased_purges":0,"victory":false,"max_hp_per_floor":[80,80,80,80,80,80,80,80,80,80,80,80,80,80,80,80,80,80,80,80,80,80,80],"relic_stats":{"counters":[11,44],"Bronze Scales":[107],"Charon\u0027s Ashes":[40],"Black Star":0,"obtain_stats":[{"Du-Vu Doll":3,"NeowsBlessing":0,"Bronze Scales":8,"Charon\u0027s Ashes":9,"Black Star":17,"Bottled Lightning":6,"Burning Blood":0},{"Du-Vu Doll":2,"NeowsBlessing":0,"Bronze Scales":5,"Charon\u0027s Ashes":5,"Black Star":8,"Bottled Lightning":4,"Burning Blood":0},{"Du-Vu Doll":2,"NeowsBlessing":0,"Bronze Scales":13,"Charon\u0027s Ashes":13,"Black Star":29,"Bottled Lightning":9,"Burning Blood":0}],"Burning Blood":56},"card_choices":[{"not_picked":["Headbutt","Second Wind"],"picked":"Shrug It Off","floor":1},{"not_picked":["Anger","Infernal Blade"],"picked":"Twin Strike","floor":2},{"not_picked":["True Grit","Reckless Charge"],"picked":"Clothesline","floor":4},{"not_picked":["Dropkick","Twin Strike"],"picked":"Uppercut","floor":6},{"not_picked":["Clothesline","Demon Form"],"picked":"Feel No Pain","floor":8},{"not_picked":["Headbutt","Perfected Strike"],"picked":"Metallicize","floor":12},{"not_picked":["Perfected Strike","Cleave"],"picked":"True Grit","floor":14},{"not_picked":["Immolate","Demon Form"],"picked":"Berserk","floor":16},{"not_picked":["Second Wind","Clothesline"],"picked":"Wild Strike","floor":18},{"not_picked":["Body Slam","Armaments"],"picked":"Dark Embrace","floor":19}],"player_experience":1233527,"relics_obtained":[{"floor":6,"key":"Bottled Lightning"},{"floor":8,"key":"Bronze Scales"},{"floor":9,"key":"Charon\u0027s Ashes"}],"event_choices":[{"damage_healed":0,"gold_gain":0,"player_choice":"Success","damage_taken":12,"relics_obtained":["Du-Vu Doll"],"max_hp_gain":0,"max_hp_loss":0,"event_name":"Scrap Ooze","floor":3,"gold_loss":0},{"damage_healed":0,"gold_gain":0,"cards_transformed":["Strike_R"],"player_choice":"Change","damage_taken":0,"max_hp_gain":0,"max_hp_loss":0,"event_name":"Living Wall","floor":10,"gold_loss":0,"cards_obtained":["Second Wind"]},{"damage_healed":0,"gold_gain":0,"player_choice":"Ignored","damage_taken":0,"max_hp_gain":0,"max_hp_loss":0,"event_name":"Cursed Tome","floor":20,"gold_loss":0},{"damage_healed":0,"gold_gain":0,"player_choice":"Upgrade","damage_taken":0,"max_hp_gain":0,"max_hp_loss":0,"event_name":"Designer","floor":21,"gold_loss":40,"cards_upgraded":["Searing Blow"]}],"is_beta":false,"boss_relics":[{"not_picked":["Snecko Eye","Runic Cube"],"picked":"Black Star"}],"items_purged_floors":[],"is_endless":false,"potions_floor_spawned":[4,12,14,19],"killed_by":"3 Cultists","ascension_level":13}}