{"host":"jngeqill3bw7azzz","time":1613776694,"event":{"mods":["BaseMod","Highlight Path","Minty Spire (QoL Compilation)","Permanent Neow","Relic Stats"],"gold_per_floor":[116,129,129,129,129,129,164,182,228,228,228],"floor_reached":10,"language":"ENG","playtime":332,"items_purged":[],"score":132,"play_id":"3141847c-2d45-4a51-80f9-375509d0177a","local_time":"20210219181814","is_ascension_mode":true,"campfire_choices":[{"floor":6,"key":"REST"}],"circlet_count":0,"master_deck":["AscendersBane","Strike_R","Strike_R+1","Strike_R","Defend_R","Defend_R","Defend_R+1","Bash","Limit Break","Uppercut+1","Evolve","Pommel Strike","Pommel Strike","Anger"],"relics":["Burning Blood","Tiny Chest","Smiling Mask"],"acts_visited":["Exordium"],"potions_floor_usage":[7,10],"damage_taken":[{"damage":13,"enemies":"Jaw Worm","floor":1,"turns":5},{"damage":22,"enemies":"Small Slimes","floor":2,"turns":4},{"damage":24,"enemies":"Gremlin Nob","floor":7,"turns":4},{"damage":8,"enemies":"2 Louse","floor":8,"turns":2},{"damage":22,"enemies":"3 Sentries","floor":10,"turns":5}],"seed_played":"-9196678909955652005","potions_obtained":[{"floor":1,"key":"SneckoOil"},{"floor":8,"key":"Block Potion"}],"is_trial":false,"path_per_floor":["M","M","?","?","?","R","E","M","T","E"],"character_chosen":"IRONCLAD","items_purchased":[],"campfire_rested":1,"item_purchase_floors":[],"current_hp_per_floor":[61,45,38,18,18,38,20,18,18,0,0],"gold":228,"neow_bonus":"TRANSFORM_TWO_CARDS","is_daily":false,"chose_seed":false,"campfire_upgraded":0,"win_rate":0.0,"timestamp":1613776694,"path_taken":["M","M","?","?","?","R","E","M","T","E"],"items_purchased_type":[],"build_version":"2020-12-22","purchased_purges":0,"victory":false,"max_hp_per_floor":[68,68,68,68,68,68,68,68,68,68,68],"relic_stats":{"counters":[5,20],"Tiny Chest":0,"Smiling Mask":0,"obtain_stats":[{"Tiny Chest":7,"Smiling Mask":9,"Burning Blood":0},{"Tiny Chest":3,"Smiling Mask":4,"Burning Blood":0},{"Tiny Chest":13,"Smiling Mask":15,"Burning Blood":0}],"Burning Blood":24},"card_choices":[{"not_picked":["Carnage","Clash"],"picked":"Evolve","floor":1},{"not_picked":["Body Slam","Feel No Pain"],"picked":"Pommel Strike","floor":2},{"not_picked":["Wild Strike","Uppercut"],"picked":"Pommel Strike","floor":7},{"not_picked":["Twin Strike","Warcry"],"picked":"Anger","floor":8}],"player_experience":2660764,"relics_obtained":[{"floor":7,"key":"Tiny Chest"},{"floor":9,"key":"Smiling Mask"}],"event_choices":[{"cards_removed":["Strike_R"],"damage_healed":0,"gold_gain":0,"player_choice":"Card Removal","damage_taken":7,"max_hp_gain":0,"max_hp_loss":0,"event_name":"Golden Wing","floor":3,"gold_loss":0},{"damage_healed":0,"gold_gain":0,"player_choice":"Entered Light","damage_taken":20,"max_hp_gain":0,"max_hp_loss":0,"event_name":"Shining Light","floor":4,"gold_loss":0,"cards_upgraded":["Defend_R","Strike_R"]},{"damage_healed":0,"gold_gain":0,"player_choice":"Grow","damage_taken":0,"max_hp_gain":0,"max_hp_loss":0,"event_name":"Living Wall","floor":5,"gold_loss":0,"cards_upgraded":["Uppercut"]}],"is_beta":false,"boss_relics":[],"items_purged_floors":[],"is_endless":false,"potions_floor_spawned":[1,8],"killed_by":"3 Sentries","ascension_level":20}}