{"host":"jgl9m63d23sfproq","time":1613704142,"event":{"mods":["Act Like it!","Aspiration","BaseMod","Colored Map","Conspire","Downfall","Hermit","Minty Spire (QoL Compilation)","Replay The Spire","Robot Space Explorer","StSLib","The Bug Knight","The Cursed","The Jungle","The Runesmith","The Servant 0.9.4"],"gold_per_floor":[111,174,249,249,274,304,304,315,315,315,327,360,360,384,384,408,408],"floor_reached":16,"language":"ZHS","playtime":440,"items_purged":[],"score":131,"play_id":"5403d82e-7661-4e39-9267-97d233e10172","local_time":"20210219110902","is_ascension_mode":false,"campfire_choices":[{"floor":7,"key":"RECALL"},{"floor":15,"key":"DIG"}],"circlet_count":0,"master_deck":["Strike_G","Strike_G","Strike_G","Strike_G","Defend_G","Defend_G","Defend_G","Defend_G","Defend_G","Survivor","Neutralize","Blade Dance","Blade Dance","conspire:DoublingDagger","Blur","Prepared"],"relics":["Ring of the Snake","NeowsBlessing","Gremlin Horn","Tiny Chest","ReplayFunnel","Torii","Replay:Accelerometer","Replay:Bandana","conspire:TopHat"],"acts_visited":["Exordium"],"potions_floor_usage":[12,12],"damage_taken":[{"damage":0,"enemies":"2 Louse","floor":1,"turns":1},{"damage":0,"enemies":"Lagavulin","floor":6,"turns":1},{"damage":0,"enemies":"Jaw Worm","floor":8,"turns":2},{"damage":1,"enemies":"Small Slimes","floor":11,"turns":3},{"damage":2,"enemies":"3 Sentries","floor":12,"turns":8},{"damage":78,"enemies":"Slime Boss","floor":16,"turns":13}],"seed_played":"3910764957065881075","potions_obtained":[{"floor":2,"key":"DuplicationPotion"},{"floor":6,"key":"DuplicationPotion"}],"is_trial":false,"path_per_floor":["M","?","?","?","T","E","R","M","T","?","M","E","?","T","R_BF","B"],"character_chosen":"THE_SILENT","items_purchased":[],"campfire_rested":0,"item_purchase_floors":[],"current_hp_per_floor":[70,53,42,35,35,35,35,35,35,70,69,67,70,70,70,0,0],"gold":408,"neow_bonus":"THREE_ENEMY_KILL","is_daily":false,"chose_seed":false,"campfire_upgraded":0,"win_rate":0.0,"timestamp":1613704142,"path_taken":["M","?","?","?","?","E","R","M","T","?","?","E","?","?","R_BF","BOSS"],"items_purchased_type":[],"build_version":"2020-12-22","purchased_purges":0,"victory":false,"max_hp_per_floor":[70,70,70,70,70,70,70,70,70,70,70,70,70,70,70,70,70],"card_choices":[{"not_picked":["Endless Agony","Acrobatics"],"picked":"Blade Dance","floor":1},{"not_picked":["Riddle With Holes","Acrobatics"],"picked":"Blade Dance","floor":2},{"not_picked":["Corpse Explosion","Backflip"],"picked":"Sneak Up","floor":6},{"not_picked":["Quick Slash","Sucker Punch"],"picked":"conspire:DoublingDagger","floor":8},{"not_picked":["Backflip","Outmaneuver"],"picked":"Blur","floor":11},{"not_picked":["Underhanded Strike","All Out Attack"],"picked":"Prepared","floor":12}],"player_experience":28701,"relics_obtained":[{"floor":2,"key":"Gremlin Horn"},{"floor":5,"key":"Tiny Chest"},{"floor":6,"key":"ReplayFunnel"},{"floor":9,"key":"Torii"},{"floor":12,"key":"Replay:Accelerometer"},{"floor":14,"key":"Replay:Bandana"},{"floor":15,"key":"conspire:TopHat"}],"event_choices":[{"damage_healed":0,"gold_gain":75,"player_choice":"Gather Gold","damage_taken":11,"max_hp_gain":0,"max_hp_loss":0,"event_name":"World of Goop","floor":3,"gold_loss":0},{"cards_removed":["Strike_G"],"damage_healed":0,"gold_gain":0,"player_choice":"Card Removal","damage_taken":7,"max_hp_gain":0,"max_hp_loss":0,"event_name":"Golden Wing","floor":4,"gold_loss":0},{"damage_healed":35,"gold_gain":0,"player_choice":"Full Heal","damage_taken":0,"max_hp_gain":0,"max_hp_loss":0,"event_name":"Wheel of Change","floor":10,"gold_loss":0},{"cards_removed":["Sneak Up"],"damage_healed":3,"gold_gain":0,"player_choice":"Offered Uncommon","damage_taken":0,"max_hp_gain":0,"max_hp_loss":0,"event_name":"Bonfire Elementals","floor":13,"gold_loss":0}],"is_beta":false,"boss_relics":[],"items_purged_floors":[],"is_endless":false,"potions_floor_spawned":[6],"killed_by":"Slime Boss","ascension_level":0}}