{"host":"c64dsqyrqv0ei9yn","time":1613723809,"event":{"mods":["BaseMod","Bestiary","Colored Map","Colored Powertips","Curses Come First","Koishi","LagranYue(ùfäiòNÅEåé)","MarisaÅiñ∂âJÅ@ñÇóùçπÅj","Minty Spire (QoL Compilation)","Prisma Mod","Random Character Button","ReimuÅiîé??öÎÅj","RemiliaÅiÂQïƒ‰ª?Åj","StSLib","The Alterego","The Marked","The Saiyan","The Senshi","The Servant 0.9.4","The Wild Card","slay the spire mod where everything is the same but ironclad has a cowboy hat"],"gold_per_floor":[120,133,133,133,149,149,184,197,278,79,89,89,116,128,128,233,233,173,185,202,202,127,127,146,146,146,146,146,146,146,146,146],"floor_reached":31,"language":"ENG","playtime":2235,"items_purged":["alterego_mod:Strike"],"score":295,"play_id":"2d677734-a6c3-483f-a754-fb0cfa128edc","local_time":"20210219083649","is_ascension_mode":false,"campfire_choices":[{"data":"alterego_mod:BreastValley","floor":6,"key":"SMITH"},{"data":"alterego_mod:Mirror","floor":12,"key":"SMITH"},{"data":"alterego_mod:Nekomimi","floor":15,"key":"SMITH"},{"floor":23,"key":"REST"},{"floor":29,"key":"REST"}],"circlet_count":0,"master_deck":["alterego_mod:Strike","alterego_mod:Strike","alterego_mod:Strike","alterego_mod:Defend","alterego_mod:Defend","alterego_mod:Defend","alterego_mod:Defend","alterego_mod:Impale","alterego_mod:BigMeatyClaws","alterego_mod:BrynhildrsRune","alterego_mod:DeftHands","alterego_mod:BreastValley+1","theWildCard:PaleRider","alterego_mod:Mirror+1","alterego_mod:Mirror","alterego_mod:RocketPunch","alterego_mod:Pet","alterego_mod:Nekomimi+1","alterego_mod:SideboobHour","alterego_mod:ChallengeComplete","alterego_mod:Nekomimi+1","Normality"],"relics":["alterego_mod:MasochisticConstitution","PureWhite:ReiMu","Question Card","Lee\u0027s Waffle","Potion Belt","SlaversCollar","Sundial"],"acts_visited":["Exordium","TheCity"],"potions_floor_usage":[5,8,14,27],"damage_taken":[{"damage":13,"enemies":"Cultist","floor":1,"turns":4},{"damage":2,"enemies":"2 Louse","floor":2,"turns":6},{"damage":1,"enemies":"Jaw Worm","floor":5,"turns":4},{"damage":31,"enemies":"Lagavulin","floor":7,"turns":6},{"damage":3,"enemies":"3 Louse","floor":8,"turns":3},{"damage":13,"enemies":"Large Slime","floor":11,"turns":5},{"damage":11,"enemies":"3 Sentries","floor":13,"turns":10},{"damage":8,"enemies":"Exordium Wildlife","floor":14,"turns":5},{"damage":13,"enemies":"Slime Boss","floor":16,"turns":17},{"damage":19,"enemies":"2 Thieves","floor":18,"turns":4},{"damage":33,"enemies":"Spheric Guardian","floor":19,"turns":10},{"damage":31,"enemies":"Snake Plant","floor":20,"turns":11},{"damage":39,"enemies":"Sentry and Sphere","floor":24,"turns":10},{"damage":2,"enemies":"Cultist and Chosen","floor":27,"turns":3},{"damage":40,"enemies":"3 Cultists","floor":31,"turns":4}],"seed_played":"-7107020762463982231","potions_obtained":[{"floor":2,"key":"Block Potion"},{"floor":7,"key":"Explosive Potion"},{"floor":11,"key":"Fire Potion"},{"floor":20,"key":"Strength Potion"},{"floor":24,"key":"SmokeBomb"}],"is_trial":false,"path_per_floor":["M","M","?","?","M","R","E","M","T","$","M","R","E","M","R","B",null,"M","M","M","?","$","R","M","$","T","M","$","R","?","M"],"character_chosen":"The_Alterego","items_purchased":["Lee\u0027s Waffle","alterego_mod:Mirror"],"campfire_rested":2,"item_purchase_floors":[10,10],"current_hp_per_floor":[58,64,69,69,69,69,46,44,44,87,75,75,86,90,90,78,91,73,48,25,6,6,35,11,11,11,10,10,40,40,0,0],"gold":146,"neow_bonus":"THREE_CARDS","is_daily":false,"chose_seed":false,"campfire_upgraded":3,"win_rate":0.0,"timestamp":1613723809,"path_taken":["M","M","?","?","M","R","E","M","T","$","?","R","E","M","R","BOSS","M","M","M","?","$","R","M","$","T","M","$","R","?","M"],"items_purchased_type":["Relic","Card"],"build_version":"2020-12-22","purchased_purges":1,"victory":false,"max_hp_per_floor":[71,72,77,77,78,78,79,80,80,87,88,88,89,90,90,91,91,92,93,94,99,99,99,100,100,100,101,101,101,101,101,101],"card_choices":[{"not_picked":["alterego_mod:Complex","alterego_mod:Rip"],"picked":"alterego_mod:DeftHands","floor":0},{"not_picked":["alterego_mod:GoddessCore","alterego_mod:RidiculouslyBig"],"picked":"alterego_mod:BreastValley","floor":1},{"not_picked":["alterego_mod:DeftHands","alterego_mod:Crossover","alterego_mod:BreastValley"],"picked":"SKIP","floor":2},{"not_picked":["alterego_mod:MagicResistance","alterego_mod:Crossover"],"picked":"alterego_mod:Mirror","floor":5},{"not_picked":["alterego_mod:Valentines","alterego_mod:Bounce","alterego_mod:1TonWallop"],"picked":"SKIP","floor":7},{"not_picked":["alterego_mod:Table","alterego_mod:BiFurious","alterego_mod:1TonWallop"],"picked":"SKIP","floor":8},{"not_picked":["alterego_mod:Collar","alterego_mod:Tantrum","alterego_mod:Undulate"],"picked":"alterego_mod:RocketPunch","floor":11},{"not_picked":["alterego_mod:DeftHands","alterego_mod:Belle","alterego_mod:GoddessCore"],"picked":"alterego_mod:Pet","floor":13},{"not_picked":["alterego_mod:Belts","alterego_mod:Cushion","alterego_mod:Rip"],"picked":"alterego_mod:Nekomimi","floor":14},{"not_picked":["alterego_mod:VirginLaserPalladion","alterego_mod:Tantrum","alterego_mod:Alter"],"picked":"alterego_mod:SideboobHour","floor":16},{"not_picked":["alterego_mod:Undulate","alterego_mod:DeftHands+1","alterego_mod:Rip+1"],"picked":"alterego_mod:ChallengeComplete","floor":18},{"not_picked":["alterego_mod:1TonWallop","alterego_mod:BreastValley+1","alterego_mod:MagicResistance+1"],"picked":"alterego_mod:Nekomimi+1","floor":19},{"not_picked":["alterego_mod:Jiggle","alterego_mod:Skirt","alterego_mod:Stockings","alterego_mod:Clap"],"picked":"SKIP","floor":20},{"not_picked":["alterego_mod:Santa","alterego_mod:PurpleHair","alterego_mod:Complex","alterego_mod:Lift"],"picked":"SKIP","floor":24}],"player_experience":103348,"relics_obtained":[{"floor":7,"key":"PureWhite:ReiMu"},{"floor":9,"key":"Question Card"},{"floor":13,"key":"Potion Belt"},{"floor":26,"key":"Sundial"}],"event_choices":[{"damage_healed":0,"gold_gain":0,"player_choice":"Donut","damage_taken":0,"max_hp_gain":5,"max_hp_loss":0,"event_name":"Big Fish","floor":3,"gold_loss":0},{"damage_healed":0,"gold_gain":0,"player_choice":"Shed Blood","damage_taken":24,"max_hp_gain":5,"max_hp_loss":0,"event_name":"Forgotten Altar","floor":21,"gold_loss":0}],"is_beta":false,"boss_relics":[{"not_picked":["Runic Pyramid","Calling Bell"],"picked":"SlaversCollar"}],"items_purged_floors":[22],"is_endless":false,"potions_floor_spawned":[2,7,11,20,24],"killed_by":"3 Cultists","ascension_level":0}}