{"host":"dmtlrev5pkc1867p","time":1613730243,"event":{"mods":["AchievementEnabler","BaseMod","Colored Map","Colored Powertips","Downfall","Hermit","Highlight Path","Hubris","Infinite Spire","Marisa¡]Ãú«B¡@Å]²z¨F¡^","Minty Spire (QoL Compilation)","Permanent Neow","Quick Restart","Rare Cards Sparkle","Relic Sorter","Relic Stats","Replay The Spire","Shop Mod","StSLib","SuperFastMode","The Construct","The Cursed","The Mystic","The Necromancer","The Poker Player","The Runesmith","The Servant 0.9.4"],"gold_per_floor":[115,132,152,152,152,152,152,152,152],"floor_reached":8,"language":"ZHS","playtime":208,"items_purged":[],"score":69,"play_id":"d6fb5334-c4fa-4c82-af19-899ee2ed6c28","local_time":"20210219182403","is_ascension_mode":true,"campfire_choices":[{"floor":6,"key":"RECALL"}],"circlet_count":0,"master_deck":["AscendersBane","TheCursedMod:Strike_TheCursed","TheCursedMod:Strike_TheCursed","TheCursedMod:Defend_TheCursed","TheCursedMod:Defend_TheCursed","TheCursedMod:Defend_TheCursed","TheCursedMod:Defend_TheCursed","TheCursedMod:CursedWand","TheCursedMod:CleanUpWorkshop","TheCursedMod:Dregs","CommonCold","TheCursedMod:Mangle","TheCursedMod:DemonicPact","TheCursedMod:Hemoplague","TheCursedMod:CircleOfCorruption","TheCursedMod:DemonicPact"],"relics":["TheCursedMod:BlackMagic101","Snack Pack"],"acts_visited":["Exordium"],"potions_floor_usage":[],"damage_taken":[{"damage":2,"enemies":"Small Slimes","floor":1,"turns":6},{"damage":2,"enemies":"2 Louse","floor":2,"turns":5},{"damage":7,"enemies":"Cultist","floor":3,"turns":4},{"damage":45,"enemies":"Gremlin Nob","floor":8,"turns":6}],"seed_played":"-6794587200677213252","potions_obtained":[{"floor":1,"key":"SpeedPotion"},{"floor":5,"key":"Guardian:BlockOnCardUsePotion"},{"floor":5,"key":"LiquidBronze"},{"floor":5,"key":"LiquidMemories"}],"is_trial":false,"path_per_floor":["M","M","M","?","?","R","T","E"],"character_chosen":"THE_CURSED","items_purchased":[],"campfire_rested":0,"item_purchase_floors":[],"current_hp_per_floor":[66,64,57,62,62,62,62,19,19],"gold":152,"neow_bonus":"TRANSFORM_TWO_CARDS","is_daily":false,"chose_seed":false,"campfire_upgraded":0,"win_rate":0.0,"timestamp":1613730243,"path_taken":["M","M","M","?","?","R","T","E"],"items_purchased_type":[],"build_version":"2020-12-22","purchased_purges":0,"victory":false,"max_hp_per_floor":[75,75,75,80,80,80,80,80,80],"relic_stats":{"counters":[4,21],"obtain_stats":[{"TheCursedMod:BlackMagic101":0,"Snack Pack":7},{"TheCursedMod:BlackMagic101":0,"Snack Pack":3},{"TheCursedMod:BlackMagic101":0,"Snack Pack":15}]},"card_choices":[{"not_picked":["TheCursedMod:Stigma","TheCursedMod:AshesToAshes"],"picked":"TheCursedMod:Hemoplague","floor":1},{"not_picked":["TheCursedMod:Wield","TheCursedMod:SpitefulPray"],"picked":"TheCursedMod:CircleOfCorruption","floor":2},{"not_picked":["TheCursedMod:VitalStrike","TheCursedMod:DoubleShield"],"picked":"TheCursedMod:DemonicPact","floor":3}],"player_experience":729553,"relics_obtained":[{"floor":7,"key":"Snack Pack"}],"event_choices":[{"damage_healed":0,"gold_gain":0,"player_choice":"Donut","damage_taken":0,"max_hp_gain":5,"max_hp_loss":0,"event_name":"Big Fish","floor":4,"gold_loss":0},{"damage_healed":0,"gold_gain":0,"player_choice":"Got Potions","damage_taken":0,"max_hp_gain":0,"max_hp_loss":0,"event_name":"Lab","floor":5,"gold_loss":0}],"is_beta":false,"boss_relics":[],"items_purged_floors":[],"is_endless":false,"potions_floor_spawned":[1],"killed_by":"Gremlin Nob","ascension_level":10}}