{"host":"y64g3erquapiaw2n","time":1613759526,"event":{"mods":["BaseMod","Colored Map","Colored Powertips","DeckTracker","Downfall","Googly Eyes","Minty Spire (QoL Compilation)","Quick Restart","Rare Cards Sparkle","StSLib"],"gold_per_floor":[115,115,190,204,112,112,31,60,86,86,17,66,81,100,100,203,203,220,135,234,234,234,261,261,271,271,271,281,306,306,324,324,424,424,442,442,461,511,527,527,527,527],"floor_reached":41,"language":"ENG","playtime":2455,"items_purged":[],"score":452,"play_id":"f363ace7-b02b-439b-b867-e49727f8bee1","local_time":"20210219133206","is_ascension_mode":false,"campfire_choices":[{"data":"White Noise","floor":6,"key":"SMITH"},{"floor":15,"key":"REST"},{"floor":24,"key":"REST"},{"floor":27,"key":"REST"},{"floor":32,"key":"REST"},{"floor":40,"key":"REST"}],"circlet_count":0,"master_deck":["Strike_B","Strike_B+1","Strike_B","Strike_B","Defend_B","Defend_B","Defend_B","Defend_B+1","Zap","Dualcast+1","White Noise+1","Gash","Blind","Good Instincts","Rebound","Self Repair","Skim","Auto Shields","All For One+1","Go for the Eyes+1","Hello World+1","Streamline","Gash","Defragment+1","Double Energy","Rainbow","Streamline+1","Hello World+1","Gash","Leap+1","Heatsinks+1"],"relics":["Cracked Core","NeowsBlessing","Juzu Bracelet","Bag of Marbles","Regal Pillow","Sozu","Shuriken","HornCleat","Whetstone","Ornamental Fan","Meat on the Bone","Nuclear Battery","Du-Vu Doll"],"acts_visited":["Exordium","TheCity","TheBeyond"],"potions_floor_usage":[],"damage_taken":[{"damage":0,"enemies":"Jaw Worm","floor":1,"turns":1},{"damage":0,"enemies":"Small Slimes","floor":4,"turns":1},{"damage":0,"enemies":"Gremlin Nob","floor":8,"turns":1},{"damage":0,"enemies":"2 Louse","floor":13,"turns":2},{"damage":5,"enemies":"Looter","floor":14,"turns":3},{"damage":40,"enemies":"Slime Boss","floor":16,"turns":10},{"damage":0,"enemies":"Spheric Guardian","floor":18,"turns":3},{"damage":76,"enemies":"Slavers","floor":23,"turns":10},{"damage":0,"enemies":"Shell Parasite","floor":25,"turns":5},{"damage":6,"enemies":"Centurion and Healer","floor":28,"turns":4},{"damage":51,"enemies":"Gremlin Leader","floor":29,"turns":7},{"damage":10,"enemies":"Snake Plant","floor":31,"turns":4},{"damage":24,"enemies":"Collector","floor":33,"turns":9},{"damage":24,"enemies":"3 Darklings","floor":35,"turns":6},{"damage":8,"enemies":"Orb Walker","floor":37,"turns":3},{"damage":11,"enemies":"Mind Bloom Boss Battle","floor":38,"turns":5},{"damage":23,"enemies":"4 Shapes","floor":39,"turns":5},{"damage":88,"enemies":"Reptomancer","floor":41,"turns":7}],"seed_played":"-1503417852141898154","potions_obtained":[{"floor":1,"key":"SteroidPotion"},{"floor":4,"key":"FearPotion"},{"floor":8,"key":"Fire Potion"}],"is_trial":false,"path_per_floor":["M","?","?","M","$","R","$","E","T","?","$","T","M","M","R","B",null,"M","?","?","T","?","E","R","M","T","R","M","E","?","M","R","B",null,"M","?","M","?","M","R","E"],"character_chosen":"DEFECT","items_purchased":["Blind","Good Instincts","Self Repair"],"campfire_rested":5,"item_purchase_floors":[5,7,11],"current_hp_per_floor":[75,80,69,69,69,69,69,69,69,53,53,53,53,55,80,47,80,80,80,80,80,80,11,50,57,57,80,80,36,21,30,70,53,85,68,68,60,56,45,85,0,0],"gold":527,"neow_bonus":"THREE_ENEMY_KILL","is_daily":false,"chose_seed":false,"campfire_upgraded":1,"win_rate":0.0,"timestamp":1613759526,"path_taken":["M","?","?","M","?","R","$","E","T","?","?","?","M","M","R","BOSS","M","?","?","?","?","E","R","M","T","R","M","E","?","M","R","BOSS","M","?","M","?","M","R","E"],"items_purchased_type":["Card","Card","Card"],"build_version":"2020-12-22","purchased_purges":0,"victory":false,"max_hp_per_floor":[75,80,80,80,80,80,80,80,80,80,80,80,80,80,80,80,80,80,80,80,80,80,80,80,80,80,80,80,80,85,85,85,85,85,85,85,85,85,85,85,85,85],"card_choices":[{"not_picked":["Steam Power","Rip and Tear"],"picked":"White Noise","floor":1},{"not_picked":["Hologram","Redo"],"picked":"Gash","floor":4},{"not_picked":["Stack","Turbo"],"picked":"Rebound","floor":8},{"not_picked":["Steam","Reboot"],"picked":"Skim","floor":13},{"not_picked":["Rebound","Go for the Eyes"],"picked":"Auto Shields","floor":14},{"not_picked":["Thunder Strike","Reboot"],"picked":"All For One","floor":16},{"not_picked":["Chaos","Sweeping Beam+1"],"picked":"Go for the Eyes+1","floor":18},{"not_picked":["Amplify","Recycle"],"picked":"Hello World+1","floor":23},{"not_picked":["Barrage","Rebound"],"picked":"Streamline","floor":25},{"not_picked":["Auto Shields","Beam Cell"],"picked":"Gash","floor":28},{"not_picked":["Sweeping Beam+1","Reprogram"],"picked":"Defragment+1","floor":29},{"not_picked":["Turbo+1","Cold Snap"],"picked":"Double Energy","floor":31},{"not_picked":["Fission","Amplify"],"picked":"Rainbow","floor":33},{"not_picked":["Ball Lightning+1","Force Field+1"],"picked":"Streamline+1","floor":35},{"not_picked":["Undo+1","Coolheaded+1"],"picked":"Gash","floor":37},{"not_picked":["Compile Driver","Scrape+1"],"picked":"Leap+1","floor":38},{"not_picked":["Hologram","Rebound"],"picked":"Heatsinks+1","floor":39}],"player_experience":74979,"relics_obtained":[{"floor":8,"key":"Juzu Bracelet"},{"floor":9,"key":"Bag of Marbles"},{"floor":12,"key":"Regal Pillow"},{"floor":21,"key":"HornCleat"},{"floor":23,"key":"Whetstone"},{"floor":26,"key":"Ornamental Fan"},{"floor":29,"key":"Meat on the Bone"},{"floor":38,"key":"Du-Vu Doll"}],"event_choices":[{"damage_healed":0,"gold_gain":0,"player_choice":"Donut","damage_taken":0,"max_hp_gain":5,"max_hp_loss":0,"event_name":"Big Fish","floor":2,"gold_loss":0},{"damage_healed":0,"gold_gain":75,"player_choice":"Gather Gold","damage_taken":11,"max_hp_gain":0,"max_hp_loss":0,"event_name":"World of Goop","floor":3,"gold_loss":0},{"damage_healed":0,"gold_gain":0,"player_choice":"Entered Light","damage_taken":16,"max_hp_gain":0,"max_hp_loss":0,"event_name":"Shining Light","floor":10,"gold_loss":0,"cards_upgraded":["Dualcast","Defend_B"]},{"damage_healed":0,"gold_gain":0,"player_choice":"Obtained Relic","damage_taken":0,"relics_obtained":["Shuriken"],"max_hp_gain":0,"max_hp_loss":0,"event_name":"Addict","floor":19,"gold_loss":85},{"damage_healed":0,"gold_gain":99,"player_choice":"Stole From Cult","damage_taken":0,"max_hp_gain":0,"max_hp_loss":0,"event_name":"Nest","floor":20,"gold_loss":0},{"damage_healed":0,"gold_gain":0,"player_choice":"Shed Blood","damage_taken":20,"max_hp_gain":5,"max_hp_loss":0,"event_name":"Forgotten Altar","floor":30,"gold_loss":0},{"damage_healed":0,"gold_gain":0,"player_choice":"Copied","damage_taken":0,"max_hp_gain":0,"max_hp_loss":0,"event_name":"Duplicator","floor":36,"gold_loss":0,"cards_obtained":["Hello World"]},{"damage_healed":0,"gold_gain":0,"player_choice":"Fight","damage_taken":0,"max_hp_gain":0,"max_hp_loss":0,"event_name":"MindBloom","floor":38,"gold_loss":0}],"is_beta":false,"boss_relics":[{"not_picked":["Velvet Choker","Coffee Dripper"],"picked":"Sozu"},{"not_picked":["Runic Pyramid","Fusion Hammer"],"picked":"Nuclear Battery"}],"items_purged_floors":[],"is_endless":false,"potions_floor_spawned":[1,4,8,13,23,25,33,35,38,39],"killed_by":"Reptomancer","ascension_level":0}}