{"host":"dmtlrev5pkc1867p","time":1613735931,"event":{"mods":["AchievementEnabler","BaseMod","Colored Map","Colored Powertips","Downfall","Hermit","Highlight Path","Hubris","Infinite Spire","Marisa¡]Ãú«B¡@Å]²z¨F¡^","Minty Spire (QoL Compilation)","Permanent Neow","Quick Restart","Rare Cards Sparkle","Relic Sorter","Relic Stats","Replay The Spire","Shop Mod","StSLib","SuperFastMode","The Construct","The Cursed","The Mystic","The Necromancer","The Poker Player","The Runesmith","The Servant 0.9.4"],"gold_per_floor":[109,120,37,37,37,52,127,27,27,40,60,85,185,205,5,107,107,122,133,182,182,202,217,217,217,217,233,233,249,249,260,260,359,359,379,396,416,416,426,445,445,455,455,485,500,534,551,336,336,336,336,336,336],"floor_reached":52,"language":"ZHS","playtime":5468,"items_purged":[],"score":1171,"play_id":"5512e2da-2cc8-4e47-bd1b-50182d3a29e2","local_time":"20210219195851","is_ascension_mode":true,"campfire_choices":[{"floor":8.0,"key":"RECALL"},{"data":"TheCursedMod:SoulReap","floor":15.0,"key":"SMITH"},{"floor":28.0,"key":"REST"},{"data":"TheCursedMod:AntiAging","floor":30.0,"key":"SMITH"},{"floor":32.0,"key":"REST"},{"floor":43.0,"key":"REST"},{"floor":49,"key":"REST"}],"circlet_count":0,"master_deck":["AscendersBane","TheCursedMod:Strike_TheCursed","TheCursedMod:Strike_TheCursed","TheCursedMod:Strike_TheCursed","TheCursedMod:Strike_TheCursed","TheCursedMod:Defend_TheCursed","TheCursedMod:Defend_TheCursed","TheCursedMod:Defend_TheCursed","TheCursedMod:Defend_TheCursed","TheCursedMod:CursedWand","TheCursedMod:CleanUpWorkshop","TheCursedMod:Dregs","TheCursedMod:CircleOfFlame","TheCursedMod:LuckyCharm","TheCursedMod:TroublousMinions","TheCursedMod:SpitefulPlan","TheCursedMod:SoulReap+1","TheCursedMod:WearCloak","TheCursedMod:AbyssShockwave","TheCursedMod:HellsGateOpen","TheCursedMod:SpitefulPray","TheCursedMod:Obscuration","TheCursedMod:StingEye","TheCursedMod:AntiAging+1","TheCursedMod:CursedStaff","ReplayTheSpireMod:Splinters","TheCursedMod:TacticalStrike+1","TheCursedMod:SaltUponWound+1","TheCursedMod:SurpriseAttack","TheCursedMod:BloodBarrier","TheCursedMod:RapidMovement","TheCursedMod:CursedShiv","TheCursedMod:StunningStrike","TheCursedMod:Torture+1","TheCursedMod:AbyssShockwave+1","TheCursedMod:CursedAmulet+1","TheCursedMod:StingEye+1","TheCursedMod:TacticalStrike+1","Parasite","TheCursedMod:FleshFromBone+1","TheCursedMod:SurpriseAttack","Pot Of Greed","Pot Of Greed","Pot Of Greed","Pot Of Greed","TheCursedMod:ShockAndAwe","TheCursedMod:RapidMovement","TheCursedMod:ManaBullet+1","TheCursedMod:SpitefulPlan","TheCursedMod:SpitefulPlan"],"relics":["TheCursedMod:BlackMagic101","hubris:Zylophone","downfall:HeartBlessingBlue","construct:FoamFinger","Vajra","Potion Belt","downfall:HeartBlessingRed","downfall:HeartBlessingGreen","Busted Crown","infinitespire:Bottled Soul","StrikeDummy","hubris:Icosahedron","Art of War","hubris:ScarierMask","Question Card","Grinning Jar","hubris:EmptyBottle"],"acts_visited":["Exordium","TheCity","TheBeyond","TheEnding"],"potions_floor_usage":[46,46,46,50],"damage_taken":[{"damage":4.0,"enemies":"Small Slimes","floor":1.0,"turns":4.0},{"damage":3.0,"enemies":"2 Louse","floor":2.0,"turns":2.0},{"damage":0.0,"enemies":"downfall:FleeingMerchant","floor":3.0,"turns":4.0},{"damage":1.0,"enemies":"Cultist","floor":6.0,"turns":5.0},{"damage":1.0,"enemies":"downfall:LooterAlt","floor":10.0,"turns":3.0},{"damage":4.0,"enemies":"Large Slime","floor":11.0,"turns":6.0},{"damage":13.0,"enemies":"Lagavulin","floor":12.0,"turns":8.0},{"damage":25.0,"enemies":"downfall:LadyInBlue","floor":13.0,"turns":10.0},{"damage":8.0,"enemies":"Blue Slaver","floor":14.0,"turns":4.0},{"damage":30.0,"enemies":"IC_STATUS_ARCHETYPE","floor":16.0,"turns":9.0},{"damage":0.0,"enemies":"3 Byrds","floor":18.0,"turns":5.0},{"damage":4.0,"enemies":"Shell Parasite","floor":19.0,"turns":4.0},{"damage":9.0,"enemies":"Snake Plant","floor":22.0,"turns":3.0},{"damage":16.0,"enemies":"Snecko","floor":23.0,"turns":5.0},{"damage":25.0,"enemies":"Centurion and Healer","floor":27.0,"turns":4.0},{"damage":17.0,"enemies":"Snake Plant","floor":29.0,"turns":5.0},{"damage":10.0,"enemies":"Shelled Parasite and Fungi","floor":31.0,"turns":4.0},{"damage":49.0,"enemies":"WA_ARCHETYPE_CALM","floor":33.0,"turns":10.0},{"damage":9.0,"enemies":"3 Shapes","floor":35.0,"turns":3.0},{"damage":6.0,"enemies":"3 Darklings","floor":36.0,"turns":4.0},{"damage":34.0,"enemies":"Transient","floor":37.0,"turns":5.0},{"damage":11.0,"enemies":"Maw","floor":39.0,"turns":8.0},{"damage":11.0,"enemies":"4 Shapes","floor":40.0,"turns":4.0},{"damage":27.0,"enemies":"Writhing Mass","floor":42.0,"turns":9.0},{"damage":25.0,"enemies":"Reptomancer","floor":44.0,"turns":8.0},{"damage":27.0,"enemies":"Jaw Worm Horde","floor":45.0,"turns":2.0},{"damage":52,"enemies":"Nemesis","floor":46,"turns":6},{"damage":0,"enemies":"3 Darklings","floor":47,"turns":4},{"damage":0,"enemies":"downfall:FleeingMerchant","floor":48,"turns":4},{"damage":14,"enemies":"SI_POISON_ARCHETYPE","floor":50,"turns":10},{"damage":0,"enemies":"downfall:CharBossMerchant","floor":52,"turns":1}],"seed_played":"-4675633879792806952","potions_obtained":[{"floor":1.0,"key":"BlessingOfTheForge"},{"floor":10.0,"key":"SteroidPotion"},{"floor":11.0,"key":"PowerPotion"},{"floor":12.0,"key":"SkillPotion"},{"floor":13.0,"key":"Dexterity Potion"},{"floor":13.0,"key":"FearPotion"},{"floor":13.0,"key":"Doom Potion"},{"floor":13.0,"key":"Weak Potion"},{"floor":19.0,"key":"Energy Potion"},{"floor":29.0,"key":"Swift Potion"},{"floor":33.0,"key":"Venom Potion"},{"floor":37.0,"key":"bronze:BurnAndBuffPotion"},{"floor":39.0,"key":"Strength Potion"},{"floor":45.0,"key":"Toxic Potion"}],"is_trial":false,"path_per_floor":["M","M","$","?","?","M","T","R","?","M","M","E","?","M","R","B",null,"M","M","?","?","M","M","T","?","AVR","M","R","M","R","M","R","B",null,"M","M","M","?","M","M","T","M","R","E","M","E","M","$","R","B",null,"E"],"character_chosen":"THE_CURSED","items_purchased":["TheCursedMod:SoulReap","TheCursedMod:SpitefulPlan","hubris:EmptyBottle"],"campfire_rested":4,"item_purchase_floors":[3,48,48],"current_hp_per_floor":[64,61,61,61,58,72,72,82,82,85,81,83,74,73,73,55,78,85,83,83,83,76,75,75,75,75,59,86,76,76,76,98,59,91,101,98,73,73,78,83,83,74,108,94,67,49,52,82,119,118,126,126,126],"gold":336,"neow_bonus":"THREE_CARDS","is_daily":false,"chose_seed":false,"campfire_upgraded":2,"win_rate":0.0,"timestamp":1613735931,"path_taken":["M","M","$","?","?","M","T","R","?","M","M","E","?","M","R","BOSS","M","M","?","?","M","M","T","?","AVR","?","R","M","R","?","R","BOSS","M","M","M","?","M","M","T","M","R","E","M","E","M","$","R","BOSS","E"],"items_purchased_type":["Card","Card","Relic"],"build_version":"2020-12-22","purchased_purges":0,"victory":false,"max_hp_per_floor":[75,75,75,75,75,75,75,85,85,85,85,85,85,85,85,85,85,85,87,87,87,89,91,91,91,91,91,91,95,95,98,98,101,101,101,104,107,107,110,113,113,116,116,119,119,122,125,125,125,128,128,128,128],"relic_stats":{"Busted Crown":52,"counters":[31,163],"Art of War":[6],"Question Card":7,"obtain_stats":[{"Potion Belt":13,"TheCursedMod:BlackMagic101":0,"construct:FoamFinger":9,"downfall:HeartBlessingRed":15,"Vajra":12,"downfall:HeartBlessingGreen":15,"hubris:EmptyBottle":48,"Question Card":44,"hubris:Zylophone":5,"Busted Crown":17,"hubris:Icosahedron":25,"downfall:HeartBlessingBlue":8,"infinitespire:Bottled Soul":20,"hubris:ScarierMask":34,"Art of War":26,"Grinning Jar":46,"StrikeDummy":24},{"Potion Belt":8,"TheCursedMod:BlackMagic101":0,"construct:FoamFinger":4,"downfall:HeartBlessingRed":9,"Vajra":7,"downfall:HeartBlessingGreen":9,"hubris:EmptyBottle":29,"Question Card":25,"hubris:Zylophone":3,"Busted Crown":10,"hubris:Icosahedron":14,"downfall:HeartBlessingBlue":4,"infinitespire:Bottled Soul":12,"hubris:ScarierMask":18,"Art of War":14,"Grinning Jar":27,"StrikeDummy":14},{"Potion Belt":42,"TheCursedMod:BlackMagic101":0,"construct:FoamFinger":15,"downfall:HeartBlessingRed":46,"Vajra":32,"downfall:HeartBlessingGreen":46,"hubris:EmptyBottle":152,"Question Card":136,"hubris:Zylophone":10,"Busted Crown":55,"hubris:Icosahedron":72,"downfall:HeartBlessingBlue":15,"infinitespire:Bottled Soul":64,"hubris:ScarierMask":95,"Art of War":72,"Grinning Jar":144,"StrikeDummy":72}]},"card_choices":[{"not_picked":["TheCursedMod:CursedMace","TheCursedMod:DoubleShield"],"picked":"TheCursedMod:CircleOfFlame","floor":0.0},{"not_picked":["TheCursedMod:Stigma","TheCursedMod:CircleOfFocus"],"picked":"TheCursedMod:LuckyCharm","floor":1.0},{"not_picked":["TheCursedMod:CursedAmulet","TheCursedMod:Hemoplague"],"picked":"TheCursedMod:TroublousMinions","floor":2.0},{"not_picked":["TheCursedMod:SmokeScreen","TheCursedMod:Evocation"],"picked":"TheCursedMod:SpitefulPlan","floor":3.0},{"not_picked":["TheCursedMod:SpitefulStrike","TheCursedMod:Wield"],"picked":"TheCursedMod:WearCloak","floor":6.0},{"not_picked":["TheCursedMod:Wield","TheCursedMod:Mangle"],"picked":"TheCursedMod:AbyssShockwave","floor":10.0},{"not_picked":["TheCursedMod:SpitefulStrike","TheCursedMod:SmokeScreen"],"picked":"TheCursedMod:HellsGateOpen","floor":11.0},{"not_picked":["TheCursedMod:PrepareRite","TheCursedMod:TroublousMinions"],"picked":"TheCursedMod:SpitefulPray","floor":12.0},{"not_picked":["TheCursedMod:SurpriseAttack","TheCursedMod:Stretching"],"picked":"TheCursedMod:Obscuration","floor":13.0},{"not_picked":["TheCursedMod:CircleOfBlood","TheCursedMod:CircleOfFocus"],"picked":"TheCursedMod:StingEye","floor":14.0},{"not_picked":["TheCursedMod:DemonSword","TheCursedMod:CursedRelics"],"picked":"TheCursedMod:AntiAging","floor":16.0},{"not_picked":[],"picked":"TheCursedMod:CursedStaff","floor":18.0},{"not_picked":["TheCursedMod:Stretching"],"picked":"SKIP","floor":19.0},{"not_picked":[],"picked":"TheCursedMod:TacticalStrike+1","floor":20.0},{"not_picked":[],"picked":"TheCursedMod:SaltUponWound+1","floor":22.0},{"not_picked":[],"picked":"TheCursedMod:SurpriseAttack","floor":23.0},{"not_picked":[],"picked":"TheCursedMod:BloodBarrier","floor":27.0},{"not_picked":[],"picked":"TheCursedMod:RapidMovement","floor":29.0},{"not_picked":[],"picked":"TheCursedMod:CursedShiv","floor":31.0},{"not_picked":[],"picked":"TheCursedMod:StunningStrike","floor":33.0},{"not_picked":[],"picked":"TheCursedMod:Torture+1","floor":35.0},{"not_picked":[],"picked":"TheCursedMod:AbyssShockwave+1","floor":36.0},{"not_picked":[],"picked":"TheCursedMod:CursedAmulet+1","floor":37.0},{"not_picked":[],"picked":"TheCursedMod:StingEye+1","floor":39.0},{"not_picked":[],"picked":"TheCursedMod:TacticalStrike+1","floor":40.0},{"not_picked":["TheCursedMod:Stigma"],"picked":"SKIP","floor":42.0},{"not_picked":[],"picked":"TheCursedMod:FleshFromBone+1","floor":44.0},{"not_picked":["TheCursedMod:VitalStrike"],"picked":"TheCursedMod:SurpriseAttack","floor":45.0},{"not_picked":["TheCursedMod:HellsGateOpen"],"picked":"TheCursedMod:ShockAndAwe","floor":46},{"not_picked":["TheCursedMod:ReleasedKnowledge+1"],"picked":"TheCursedMod:RapidMovement","floor":47},{"not_picked":["TheCursedMod:CursedMace"],"picked":"TheCursedMod:ManaBullet+1","floor":48}],"player_experience":729773,"relics_obtained":[{"floor":9.0,"key":"construct:FoamFinger"},{"floor":12.0,"key":"Vajra"},{"floor":13.0,"key":"Potion Belt"},{"floor":20.0,"key":"infinitespire:Bottled Soul"},{"floor":24.0,"key":"StrikeDummy"},{"floor":44.0,"key":"Question Card"},{"floor":46,"key":"Grinning Jar"}],"event_choices":[{"damage_healed":0.0,"max_hp_gain":0.0,"max_hp_loss":0.0,"gold_gain":0.0,"event_name":"Scrap Ooze","player_choice":"Success","floor":5.0,"gold_loss":0.0,"damage_taken":3.0,"relics_obtained":["hubris:Zylophone"]},{"damage_healed":0.0,"max_hp_gain":0.0,"max_hp_loss":0.0,"gold_gain":0.0,"event_name":"Vampires","player_choice":"Ignored","floor":21.0,"gold_loss":0.0,"damage_taken":0.0}],"is_beta":false,"boss_relics":[{"not_picked":["construct:ClawGrip","Black Star"],"picked":"Busted Crown"},{"not_picked":["hubris:BlackHole","infinitespire:Cupcake"],"picked":"hubris:ScarierMask"}],"items_purged_floors":[],"is_endless":false,"potions_floor_spawned":[1,10,11,12,13,19,29,31,33,37,39,40,44,45],"killed_by":"downfall:CharBossMerchant","ascension_level":10}}