{"host":"lv7etzzgwahaenh9","time":1613699593,"event":{"mods":["AchievementEnabler","BaseMod","Colored Map","Colored Powertips","Highlight Path","Minty Spire (QoL Compilation)","Permanent Neow","Quick Restart","Random Character Button","StSLib"],"gold_per_floor":[118,131,131,151,101,101,132,132,202,202,277,291,345,370,370,475,475,488,506,506,525,155,188,188,219,244,273,290,290,290,308,308,308,308],"floor_reached":33,"language":"ENG","playtime":1746,"items_purged":["Strike_R"],"score":485,"play_id":"cb552bb0-38d7-4d30-9ac8-f7a77e3f7cde","local_time":"20210218175313","is_ascension_mode":true,"campfire_choices":[{"data":"Immolate","floor":6.0,"key":"SMITH"},{"data":"Flame Barrier","floor":10.0,"key":"SMITH"},{"data":"Disarm","floor":15.0,"key":"SMITH"},{"data":"Bash","floor":24.0,"key":"SMITH"},{"data":"Metallicize","floor":32.0,"key":"SMITH"}],"circlet_count":0,"master_deck":["AscendersBane","Strike_R+1","Strike_R+1","Strike_R+1","Defend_R+1","Defend_R+1","Defend_R+1","Defend_R+1","Bash+1","Immolate+1","Metallicize+1","Flame Barrier+1","Disarm+1","Flame Barrier","Wild Strike","Reaper","Impervious","Body Slam+1","Spot Weakness","Flame Barrier","Fire Breathing","Shrug It Off","Double Tap","Infernal Blade+1","Bash","Wild Strike+1"],"relics":["Black Blood","Bottled Lightning","Mercury Hourglass","Paper Frog","Omamori","Girya","Orichalcum","HandDrill","Darkstone Periapt","Strawberry","Lantern","Letter Opener"],"acts_visited":["Exordium","TheCity"],"potions_floor_usage":[33,33],"damage_taken":[{"damage":12.0,"enemies":"Small Slimes","floor":1.0,"turns":3.0},{"damage":0.0,"enemies":"2 Louse","floor":2.0,"turns":2.0},{"damage":0.0,"enemies":"Jaw Worm","floor":4.0,"turns":5.0},{"damage":15.0,"enemies":"Gremlin Nob","floor":7.0,"turns":4.0},{"damage":0.0,"enemies":"Looter","floor":12.0,"turns":4.0},{"damage":10.0,"enemies":"Lagavulin","floor":14.0,"turns":7.0},{"damage":1.0,"enemies":"The Guardian","floor":16.0,"turns":13.0},{"damage":1.0,"enemies":"Chosen","floor":18.0,"turns":6.0},{"damage":0.0,"enemies":"3 Byrds","floor":19.0,"turns":1.0},{"damage":10.0,"enemies":"Centurion and Healer","floor":21.0,"turns":8.0},{"damage":23.0,"enemies":"Gremlin Leader","floor":23.0,"turns":8.0},{"damage":15.0,"enemies":"Book of Stabbing","floor":25.0,"turns":7.0},{"damage":9.0,"enemies":"Slavers","floor":27.0,"turns":4.0},{"damage":11.0,"enemies":"Sentry and Sphere","floor":28.0,"turns":6.0},{"damage":0.0,"enemies":"Snake Plant","floor":31.0,"turns":4.0},{"damage":114,"enemies":"Automaton","floor":33,"turns":10}],"seed_played":"-1477875734308888901","potions_obtained":[{"floor":4.0,"key":"DuplicationPotion"},{"floor":14.0,"key":"LiquidMemories"},{"floor":16.0,"key":"BloodPotion"},{"floor":18.0,"key":"Explosive Potion"},{"floor":19.0,"key":"PowerPotion"},{"floor":25.0,"key":"Ancient Potion"},{"floor":28.0,"key":"CultistPotion"}],"is_trial":false,"path_per_floor":["M","M","?","M","?","R","E","T","T","R","?","M","T","E","R","B",null,"M","M","?","M","$","E","R","E","T","E","M","?","?","M","R","B"],"character_chosen":"IRONCLAD","items_purchased":["Energy Potion","Fire Breathing","Shrug It Off","HandDrill"],"campfire_rested":0,"item_purchase_floors":[22,22,22,22],"current_hp_per_floor":[45,51,77,80,80,80,71,71,71,71,60,66,66,62,62,67,77,80,80,80,80,80,73,73,83,83,86,87,87,87,87,87,0,0],"gold":308,"neow_bonus":"THREE_RARE_CARDS","is_daily":false,"chose_seed":false,"campfire_upgraded":5,"win_rate":0.0,"timestamp":1613699593,"path_taken":["M","M","?","M","?","R","E","?","T","R","?","M","?","E","R","BOSS","M","M","?","M","$","E","R","E","T","E","M","?","?","M","R","BOSS"],"items_purchased_type":["Potion","Card","Card","Relic"],"build_version":"2020-12-22","purchased_purges":1,"victory":false,"max_hp_per_floor":[80,80,80,80,80,80,80,80,80,80,80,80,80,80,80,80,80,80,80,80,80,80,80,80,87,87,87,87,87,87,87,87,87,87],"card_choices":[{"not_picked":["Impervious","Barricade"],"picked":"Immolate","floor":0.0},{"not_picked":["Clothesline","Whirlwind"],"picked":"Metallicize","floor":1.0},{"not_picked":["Uppercut","Wild Strike"],"picked":"Flame Barrier","floor":2.0},{"not_picked":["Thunderclap","Anger"],"picked":"Disarm","floor":4.0},{"not_picked":["Anger","True Grit"],"picked":"Flame Barrier","floor":7.0},{"not_picked":["Clash","Havoc"],"picked":"Wild Strike","floor":12.0},{"not_picked":["Berserk","Twin Strike"],"picked":"Reaper","floor":14.0},{"not_picked":["Reaper","Berserk"],"picked":"Impervious","floor":16.0},{"not_picked":["Headbutt+1","Havoc"],"picked":"Body Slam+1","floor":18.0},{"not_picked":["Fire Breathing","Clash"],"picked":"Spot Weakness","floor":19.0},{"not_picked":["Iron Wave","Twin Strike"],"picked":"Flame Barrier","floor":21.0},{"not_picked":["Blood for Blood+1","Rupture","Whirlwind"],"picked":"SKIP","floor":23.0},{"not_picked":["Flex","Armaments","Body Slam"],"picked":"SKIP","floor":25.0},{"not_picked":["Dual Wield","Sword Boomerang+1"],"picked":"Double Tap","floor":27.0},{"not_picked":["Pummel+1","Thunderclap+1"],"picked":"Infernal Blade+1","floor":28.0},{"not_picked":["Thunderclap","Iron Wave"],"picked":"Wild Strike+1","floor":31.0}],"player_experience":430163,"relics_obtained":[{"floor":7.0,"key":"Bottled Lightning"},{"floor":8.0,"key":"Mercury Hourglass"},{"floor":9.0,"key":"Paper Frog"},{"floor":13.0,"key":"Omamori"},{"floor":14.0,"key":"Girya"},{"floor":23.0,"key":"Darkstone Periapt"},{"floor":25.0,"key":"Strawberry"},{"floor":26.0,"key":"Lantern"},{"floor":27.0,"key":"Letter Opener"}],"event_choices":[{"damage_healed":26.0,"max_hp_gain":0.0,"max_hp_loss":0.0,"gold_gain":0.0,"event_name":"Big Fish","player_choice":"Banana","floor":3.0,"gold_loss":0.0,"damage_taken":0.0},{"cards_removed":["Strike_R"],"damage_healed":0.0,"max_hp_gain":0.0,"max_hp_loss":0.0,"gold_gain":0.0,"event_name":"The Cleric","player_choice":"Card Removal","floor":5.0,"gold_loss":50.0,"damage_taken":0.0},{"damage_healed":0.0,"max_hp_gain":0.0,"max_hp_loss":0.0,"gold_gain":75.0,"event_name":"World of Goop","player_choice":"Gather Gold","floor":11.0,"gold_loss":0.0,"damage_taken":11.0},{"damage_healed":0.0,"max_hp_gain":0.0,"max_hp_loss":0.0,"gold_gain":0.0,"event_name":"The Mausoleum","player_choice":"Opened","floor":20.0,"gold_loss":0.0,"damage_taken":0.0,"relics_obtained":["Orichalcum"],"cards_obtained":["Writhe"]},{"damage_healed":0.0,"max_hp_gain":0.0,"max_hp_loss":0.0,"gold_gain":0.0,"event_name":"Back to Basics","player_choice":"Simplicity","floor":29.0,"gold_loss":0.0,"damage_taken":0.0,"cards_upgraded":["Strike_R","Strike_R","Strike_R","Defend_R","Defend_R","Defend_R","Defend_R"]},{"damage_healed":0.0,"max_hp_gain":0.0,"max_hp_loss":0.0,"gold_gain":0.0,"event_name":"Match and Keep!","player_choice":"1 cards matched","floor":30.0,"gold_loss":0.0,"damage_taken":0.0,"cards_obtained":["Bash"]}],"is_beta":false,"boss_relics":[{"not_picked":["Runic Pyramid","Pandora\u0027s Box"],"picked":"Black Blood"}],"items_purged_floors":[22],"is_endless":false,"potions_floor_spawned":[4,14,16,18,19,25,28],"killed_by":"Automaton","ascension_level":11}}