{"host":"3qkmyeoym75lj4wn","time":1613753333,"event":{"mods":["2.2 Compatiblity","BaseMod","Block Reminder","Colored Powertips","Highlight Path","Minty Spire (QoL Compilation)","Permanent Neow","Potion Indicator Mod","Rare Cards Sparkle","Relic Stats","StSLib","Unceasing Turn Reminder"],"gold_per_floor":[114,132,132,149,424,424,440,440,486,511,531,75,75,102,102,178,178,198,98,98,115,71,98,98,109,109,109,109,125,125,125],"floor_reached":30,"language":"ENG","playtime":994,"items_purged":["Regret","Strike_R"],"score":516,"play_id":"b75ad653-1bc3-465b-a1f5-d219572cfbeb","local_time":"20210219164853","is_ascension_mode":true,"campfire_choices":[{"data":"Demon Form","floor":6.0,"key":"SMITH"},{"data":"Intimidate","floor":8.0,"key":"SMITH"},{"data":"Heavy Blade","floor":15.0,"key":"SMITH"},{"floor":28.0,"key":"REST"}],"circlet_count":0,"master_deck":["AscendersBane","Strike_R","Strike_R","Strike_R","Strike_R","Defend_R","Defend_R","Defend_R","Defend_R","Bash","Reaper","Shrug It Off","Demon Form+1","Intimidate+1","Twin Strike","Heavy Blade+1","Metallicize+1","Sword Boomerang","Shockwave","Feed","Reaper","Disarm","Offering","Seeing Red","Regret"],"relics":["Burning Blood","Bag of Marbles","Frozen Egg 2","Gremlin Horn","Cursed Key","Pantograph","FaceOfCleric","Oddly Smooth Stone"],"acts_visited":["Exordium","TheCity"],"potions_floor_usage":[],"damage_taken":[{"damage":12.0,"enemies":"Cultist","floor":1.0,"turns":4.0},{"damage":17.0,"enemies":"Small Slimes","floor":2.0,"turns":5.0},{"damage":4.0,"enemies":"Jaw Worm","floor":4.0,"turns":6.0},{"damage":33.0,"enemies":"Exordium Wildlife","floor":7.0,"turns":6.0},{"damage":41.0,"enemies":"Gremlin Nob","floor":10.0,"turns":5.0},{"damage":18.0,"enemies":"Red Slaver","floor":11.0,"turns":5.0},{"damage":11.0,"enemies":"Lagavulin","floor":14.0,"turns":5.0},{"damage":14.0,"enemies":"Hexaghost","floor":16.0,"turns":7.0},{"damage":14.0,"enemies":"Shell Parasite","floor":18.0,"turns":4.0},{"damage":40.0,"enemies":"2 Thieves","floor":21.0,"turns":4.0},{"damage":22.0,"enemies":"Book of Stabbing","floor":23.0,"turns":5.0},{"damage":43.0,"enemies":"Snecko","floor":25.0,"turns":6.0},{"damage":26.0,"enemies":"3 Cultists","floor":29.0,"turns":4.0},{"damage":83,"enemies":"Slavers","floor":30,"turns":5}],"seed_played":"2901916009722685172","potions_obtained":[{"floor":2.0,"key":"HeartOfIron"},{"floor":4.0,"key":"Explosive Potion"},{"floor":7.0,"key":"EssenceOfSteel"},{"floor":11.0,"key":"GamblersBrew"},{"floor":21.0,"key":"PowerPotion"},{"floor":25.0,"key":"GamblersBrew"}],"is_trial":false,"path_per_floor":["M","M","?","M","?","R","M","R","T","E","M","$","?","E","R","B",null,"M","$","?","M","$","E","?","M","T","$","R","M","E"],"character_chosen":"IRONCLAD","items_purchased":["Frozen Egg 2","Metallicize+1","Sword Boomerang","Disarm"],"campfire_rested":1,"item_purchase_floors":[12,12,12,22],"current_hp_per_floor":[68,61,61,71,71,71,68,68,68,40,32,32,32,42,42,55,70,65,65,65,61,61,45,45,22,22,22,47,61,0,0],"gold":125,"neow_bonus":"ONE_RANDOM_RARE_CARD","is_daily":false,"chose_seed":false,"campfire_upgraded":3,"win_rate":0.0,"timestamp":1613753333,"path_taken":["M","?","?","M","?","R","M","R","T","E","?","$","?","E","R","BOSS","M","$","?","?","$","E","?","M","T","$","R","M","E"],"items_purchased_type":["Relic","Card","Card","Card"],"build_version":"2020-12-22","purchased_purges":2,"victory":false,"max_hp_per_floor":[75,75,75,75,75,75,75,75,75,75,75,75,75,75,75,75,75,78,78,78,81,81,81,81,85,85,85,85,89,89,89],"relic_stats":{"Gremlin Horn":[4,4],"FaceOfCleric":2,"counters":[14,71],"Pantograph":0,"Cursed Key":1,"obtain_stats":[{"Gremlin Horn":14,"FaceOfCleric":24,"Pantograph":23,"Oddly Smooth Stone":26,"Bag of Marbles":10,"Frozen Egg 2":12,"Cursed Key":17,"Burning Blood":0},{"Gremlin Horn":7,"FaceOfCleric":11,"Pantograph":11,"Oddly Smooth Stone":12,"Bag of Marbles":5,"Frozen Egg 2":6,"Cursed Key":8,"Burning Blood":0},{"Gremlin Horn":36,"FaceOfCleric":56,"Pantograph":56,"Oddly Smooth Stone":62,"Bag of Marbles":26,"Frozen Egg 2":31,"Cursed Key":43,"Burning Blood":0}],"Burning Blood":78},"card_choices":[{"not_picked":["Warcry","Headbutt"],"picked":"Shrug It Off","floor":1.0},{"not_picked":["Wild Strike","Clothesline"],"picked":"Demon Form","floor":2.0},{"not_picked":["Rampage","Clash"],"picked":"Intimidate","floor":4.0},{"not_picked":["Anger","Armaments"],"picked":"Twin Strike","floor":7.0},{"not_picked":["Juggernaut","Burning Pact","Power Through"],"picked":"SKIP","floor":10.0},{"not_picked":["Flex","Pommel Strike"],"picked":"Heavy Blade","floor":11.0},{"not_picked":["Cleave","Body Slam"],"picked":"Shockwave","floor":14.0},{"not_picked":["Brutality+1","Impervious"],"picked":"Feed","floor":16.0},{"not_picked":["Reckless Charge","Twin Strike","Entrench"],"picked":"SKIP","floor":18.0},{"not_picked":["Carnage","Clothesline+1","Iron Wave"],"picked":"SKIP","floor":21.0},{"not_picked":["Warcry","Body Slam"],"picked":"Offering","floor":23.0},{"not_picked":["Havoc","Clash"],"picked":"Seeing Red","floor":25.0},{"not_picked":["True Grit","Cleave","Pommel Strike"],"picked":"SKIP","floor":29.0}],"player_experience":1769071,"relics_obtained":[{"floor":10.0,"key":"Bag of Marbles"},{"floor":14.0,"key":"Gremlin Horn"},{"floor":23.0,"key":"Pantograph"},{"floor":26.0,"key":"Oddly Smooth Stone"}],"event_choices":[{"damage_healed":0.0,"max_hp_gain":0.0,"max_hp_loss":0.0,"gold_gain":0.0,"event_name":"Shining Light","player_choice":"Ignored","floor":3.0,"gold_loss":0.0,"damage_taken":0.0},{"damage_healed":0.0,"max_hp_gain":0.0,"max_hp_loss":0.0,"gold_gain":275.0,"event_name":"Golden Shrine","player_choice":"Desecrate","floor":5.0,"gold_loss":0.0,"damage_taken":0.0,"cards_obtained":["Regret"]},{"damage_healed":0.0,"max_hp_gain":0.0,"max_hp_loss":0.0,"gold_gain":0.0,"event_name":"Liars Game","player_choice":"Ignored","floor":13.0,"gold_loss":0.0,"damage_taken":0.0},{"damage_healed":0.0,"max_hp_gain":0.0,"max_hp_loss":0.0,"gold_gain":0.0,"event_name":"Duplicator","player_choice":"Copied","floor":20.0,"gold_loss":0.0,"damage_taken":0.0,"cards_obtained":["Reaper"]},{"damage_healed":0.0,"max_hp_gain":0.0,"max_hp_loss":0.0,"gold_gain":0.0,"event_name":"FaceTrader","player_choice":"Trade","floor":24.0,"gold_loss":0.0,"damage_taken":0.0,"relics_obtained":["FaceOfCleric"]}],"is_beta":false,"boss_relics":[{"not_picked":["Tiny House","Runic Dome"],"picked":"Cursed Key"}],"items_purged_floors":[12,19],"is_endless":false,"potions_floor_spawned":[2,4,7,11,21,25],"killed_by":"Slavers","ascension_level":20}}