{"host":"eglukmwb6rueyn6u","time":1613741506,"event":{"mods":["AchievementEnabler","BaseMod","Colored Powertips","Highlight Path","Minty Spire (QoL Compilation)"],"gold_per_floor":[119,119,43,67,81,111,126,126,177,177,189,189,216,216,216,314,314,329,359,359,374,374,374,8,8,60,77,87,187,187,197,197,297,347,359,376,391,1390,1390,1390,1402,466,466,466,466,484,484,498,498,498,498],"floor_reached":50,"language":"ENG","playtime":7268,"items_purged":["Normality"],"score":500,"play_id":"6fa98480-2629-4b71-873a-62cb304f002c","local_time":"20210219153146","is_ascension_mode":false,"campfire_choices":[{"data":"Defragment","floor":8.0,"key":"SMITH"},{"data":"Redo","floor":12.0,"key":"SMITH"},{"data":"Zap","floor":15.0,"key":"SMITH"},{"data":"Echo Form","floor":23.0,"key":"SMITH"},{"data":"Hologram","floor":25.0,"key":"SMITH"},{"floor":30.0,"key":"REST"},{"floor":32.0,"key":"REST"},{"floor":40.0,"key":"REST"},{"data":"Normality","floor":44.0,"key":"PURGE"},{"floor":47.0,"key":"RECALL"},{"floor":49.0,"key":"REST"}],"circlet_count":0,"master_deck":["Zap+1","Dualcast+1","Redo","Redo+1","Beam Cell","Barrage","Defragment+1","Hologram+1","Go for the Eyes","Electrodynamics","Echo Form+1","Creative AI","Turbo","Reboot","Steam Power","Rainbow","Electrodynamics","Double Energy","Loop","Defragment","Conserve Battery","Chill","Seek","Beam Cell+1","Double Energy","Glacier+1","Apotheosis","Defragment","Steam+1"],"relics":["Cracked Core","NeowsBlessing","Bag of Preparation","Gremlin Horn","Whetstone","Toy Ornithopter","Question Card","Pandora\u0027s Box","Red Mask","Anchor","Frozen Eye","Thread and Needle","Bottled Flame","Tiny House","OrangePellets","Vajra","Peace Pipe"],"acts_visited":["Exordium","TheCity","TheBeyond"],"potions_floor_usage":[],"damage_taken":[{"damage":0.0,"enemies":"2 Louse","floor":1.0,"turns":1.0},{"damage":0.0,"enemies":"Cultist","floor":5.0,"turns":1.0},{"damage":0.0,"enemies":"Gremlin Nob","floor":6.0,"turns":1.0},{"damage":1.0,"enemies":"Jaw Worm","floor":7.0,"turns":3.0},{"damage":2.0,"enemies":"Blue Slaver","floor":11.0,"turns":2.0},{"damage":18.0,"enemies":"Lagavulin","floor":13.0,"turns":4.0},{"damage":37.0,"enemies":"The Guardian","floor":16.0,"turns":9.0},{"damage":0.0,"enemies":"Spheric Guardian","floor":18.0,"turns":3.0},{"damage":10.0,"enemies":"Masked Bandits","floor":19.0,"turns":2.0},{"damage":3.0,"enemies":"Chosen","floor":21.0,"turns":3.0},{"damage":26.0,"enemies":"Snecko","floor":27.0,"turns":4.0},{"damage":0.0,"enemies":"Chosen and Byrds","floor":28.0,"turns":3.0},{"damage":0.0,"enemies":"Colosseum Slavers","floor":29.0,"turns":2.0},{"damage":41.0,"enemies":"Colosseum Nobs","floor":29.0,"turns":4.0},{"damage":5.0,"enemies":"Centurion and Healer","floor":31.0,"turns":3.0},{"damage":48.0,"enemies":"Collector","floor":33.0,"turns":7.0},{"damage":5.0,"enemies":"Orb Walker","floor":35.0,"turns":3.0},{"damage":22.0,"enemies":"3 Darklings","floor":36.0,"turns":5.0},{"damage":28.0,"enemies":"Transient","floor":37.0,"turns":5.0},{"damage":9.0,"enemies":"Sphere and 2 Shapes","floor":41.0,"turns":5.0},{"damage":0.0,"enemies":"4 Shapes","floor":46.0,"turns":3.0},{"damage":17.0,"enemies":"Writhing Mass","floor":48.0,"turns":4.0},{"damage":47,"enemies":"Time Eater","floor":50,"turns":7}],"seed_played":"1910424590569075574","potions_obtained":[{"floor":5.0,"key":"SteroidPotion"},{"floor":6.0,"key":"FocusPotion"},{"floor":13.0,"key":"SpeedPotion"},{"floor":18.0,"key":"Regen Potion"},{"floor":28.0,"key":"PotionOfCapacity"},{"floor":31.0,"key":"SkillPotion"},{"floor":34.0,"key":"AttackPotion"},{"floor":41.0,"key":"LiquidBronze"}],"is_trial":false,"path_per_floor":["M","?","$","T","M","E","M","R","T","?","M","R","E","?","R","B",null,"M","?","$","M","?","R","$","R","T","M","M","?","R","M","R","B",null,"M","M","M","?","?","R","M","$","T","R","?","M","R","M","R","B"],"character_chosen":"DEFECT","items_purchased":["Redo","Beam Cell","Anchor","Frozen Eye","Loop","Apotheosis","Defragment","OrangePellets","Vajra","Peace Pipe"],"campfire_rested":4,"item_purchase_floors":[3,3,24,24,24,42,42,42,42,42],"current_hp_per_floor":[75,75,75,75,75,75,74,74,74,67,65,65,47,44,44,7,75,75,65,65,62,62,62,62,62,62,36,36,17,39,34,56,13,80,75,53,25,25,25,49,40,40,40,40,40,40,40,23,47,0,0],"gold":498,"neow_bonus":"THREE_ENEMY_KILL","is_daily":false,"chose_seed":false,"campfire_upgraded":5,"win_rate":0.0,"timestamp":1613741506,"path_taken":["M","?","$","?","M","E","M","R","T","?","?","R","E","?","R","BOSS","M","?","?","M","?","R","$","R","T","M","?","?","R","M","R","BOSS","M","M","M","?","?","R","M","$","T","R","?","M","R","M","R","BOSS"],"items_purchased_type":["Card","Card","Relic","Relic","Card","Card","Card","Relic","Relic","Relic"],"build_version":"2020-12-22","purchased_purges":1,"victory":false,"max_hp_per_floor":[75,75,75,75,75,75,75,75,75,75,75,75,75,75,75,75,75,75,75,75,75,75,75,75,75,75,75,75,75,75,75,75,75,80,80,80,80,80,80,80,80,80,80,80,80,80,80,80,80,80,80],"card_choices":[{"not_picked":["Stack","Rebound"],"picked":"Redo","floor":1.0},{"not_picked":["Lockon","Reinforced Body"],"picked":"Barrage","floor":5.0},{"not_picked":["Gash","Reprogram"],"picked":"Defragment","floor":6.0},{"not_picked":["Buffer","Tempest"],"picked":"Hologram","floor":7.0},{"not_picked":["Steam","Stack"],"picked":"Go for the Eyes","floor":11.0},{"not_picked":["Sweeping Beam","Defragment"],"picked":"Electrodynamics","floor":13.0},{"not_picked":["All For One","Multi-Cast","Electrodynamics"],"picked":"Echo Form","floor":16.0},{"not_picked":["Ball Lightning+1","Barrage","Sunder","Doom and Gloom"],"picked":"SKIP","floor":18.0},{"not_picked":["Stack","Coolheaded","Ball Lightning"],"picked":"Double Energy","floor":21.0},{"not_picked":["Coolheaded","Recycle","FTL"],"picked":"Defragment","floor":27.0},{"not_picked":["Genetic Algorithm","Melter","Rebound"],"picked":"Conserve Battery","floor":28.0},{"not_picked":["Scrape","Conserve Battery","Coolheaded+1"],"picked":"Chill","floor":31.0},{"not_picked":["Hyperbeam","Core Surge","Biased Cognition"],"picked":"Seek","floor":33.0},{"not_picked":["Heatsinks","Chaos","Barrage"],"picked":"Beam Cell+1","floor":34.0},{"not_picked":["Lockon+1","Stack+1","Static Discharge+1"],"picked":"Double Energy","floor":35.0},{"not_picked":["Reinforced Body","Double Energy","Ball Lightning","Compile Driver"],"picked":"SKIP","floor":36.0},{"not_picked":["Barrage","Streamline+1","Chaos+1","Reinforced Body+1"],"picked":"SKIP","floor":37.0},{"not_picked":["Defragment","Chaos","Storm+1"],"picked":"Glacier+1","floor":41.0},{"not_picked":["Storm+1","Gash+1","Electrodynamics"],"picked":"Steam+1","floor":46.0},{"not_picked":["Lockon","Compile Driver","Scrape","Aggregate"],"picked":"SKIP","floor":48.0}],"player_experience":109383,"relics_obtained":[{"floor":4.0,"key":"Bag of Preparation"},{"floor":6.0,"key":"Gremlin Horn"},{"floor":9.0,"key":"Whetstone"},{"floor":13.0,"key":"Toy Ornithopter"},{"floor":19.0,"key":"Red Mask"},{"floor":29.0,"key":"Thread and Needle"},{"floor":29.0,"key":"Bottled Flame"}],"event_choices":[{"cards_removed":["Strike_B"],"damage_healed":0.0,"max_hp_gain":0.0,"max_hp_loss":0.0,"gold_gain":0.0,"event_name":"Purifier","player_choice":"Purged","floor":2.0,"gold_loss":0.0,"damage_taken":0.0},{"cards_removed":["Strike_B"],"damage_healed":0.0,"max_hp_gain":0.0,"max_hp_loss":0.0,"gold_gain":0.0,"event_name":"Golden Wing","player_choice":"Card Removal","floor":10.0,"gold_loss":0.0,"damage_taken":7.0},{"damage_healed":0.0,"max_hp_gain":0.0,"max_hp_loss":0.0,"gold_gain":0.0,"event_name":"Scrap Ooze","player_choice":"Success","floor":14.0,"gold_loss":0.0,"damage_taken":3.0,"relics_obtained":["Question Card"]},{"damage_healed":0.0,"max_hp_gain":0.0,"max_hp_loss":0.0,"gold_gain":0.0,"event_name":"Masked Bandits","player_choice":"Fought Bandits","floor":19.0,"gold_loss":0.0,"damage_taken":0.0},{"damage_healed":0.0,"max_hp_gain":0.0,"max_hp_loss":0.0,"gold_gain":0.0,"event_name":"Beggar","player_choice":"Ignored","floor":22.0,"gold_loss":0.0,"damage_taken":0.0},{"damage_healed":0.0,"max_hp_gain":0.0,"max_hp_loss":0.0,"gold_gain":0.0,"event_name":"Colosseum","player_choice":"Fight","floor":29.0,"gold_loss":0.0,"damage_taken":0.0},{"damage_healed":0.0,"max_hp_gain":0.0,"max_hp_loss":0.0,"gold_gain":0.0,"event_name":"Colosseum","player_choice":"Fought Nobs","floor":29.0,"gold_loss":0.0,"damage_taken":0.0},{"damage_healed":0.0,"max_hp_gain":0.0,"max_hp_loss":0.0,"gold_gain":999.0,"event_name":"MindBloom","player_choice":"Gold","floor":38.0,"gold_loss":0.0,"damage_taken":0.0,"cards_obtained":["Normality","Normality"]},{"damage_healed":0.0,"max_hp_gain":0.0,"max_hp_loss":0.0,"gold_gain":0.0,"event_name":"The Moai Head","player_choice":"Ignored","floor":39.0,"gold_loss":0.0,"damage_taken":0.0},{"damage_healed":0.0,"max_hp_gain":0.0,"max_hp_loss":0.0,"gold_gain":0.0,"event_name":"NoteForYourself","player_choice":"Ignored","floor":45.0,"gold_loss":0.0,"damage_taken":0.0}],"is_beta":false,"boss_relics":[{"not_picked":["Nuclear Battery","Snecko Eye"],"picked":"Pandora\u0027s Box"},{"not_picked":["Fusion Hammer","Empty Cage"],"picked":"Tiny House"}],"items_purged_floors":[42],"is_endless":false,"potions_floor_spawned":[5,6,13,18,19,28,31,41,48],"killed_by":"Time Eater","ascension_level":0}}