{"host":"ow66nzv2xecjoor3","time":1613719033,"event":{"mods":["BaseMod","Bestiary","Block Reminder","Colored Powertips","Curses Come First","Highlight Path","Keyboard Shortcuts","Minty Spire (QoL Compilation)","Permanent Neow","Relic Stats","StSLib","UnlockEverythingMod"],"gold_per_floor":[117,117,67,80,91,124,143,174,223,223,101,121,156,30,30,105,105,118,135,185,51,62,62,112,124,124,153,166,186,211,226,226,303,303,316,330,330,79,0,28,28,53,53,53,64,64,64,64],"floor_reached":47,"language":"ENG","playtime":2462,"items_purged":["Doubt","Strike_B"],"score":1165,"play_id":"8766d001-d38c-4c3a-8ff4-a53cb52fb9f6","local_time":"20210219011713","is_ascension_mode":true,"campfire_choices":[{"data":"Static Discharge","floor":10.0,"key":"SMITH"},{"data":"Auto Shields","floor":15.0,"key":"SMITH"},{"floor":23.0,"key":"REST"},{"data":"Fission","floor":32.0,"key":"SMITH"},{"floor":41.0,"key":"REST"},{"data":"Heatsinks","floor":44,"key":"SMITH"},{"data":"Defragment","floor":46,"key":"SMITH"}],"circlet_count":0,"master_deck":["AscendersBane","Strike_B","Strike_B","Strike_B","Defend_B","Defend_B","Defend_B","Defend_B","Zap","Dualcast","Self Repair","Sweeping Beam","Compile Driver","Cold Snap","Static Discharge+1","Undo","White Noise","Heatsinks+1","Reboot","Auto Shields+1","Biased Cognition","Ball Lightning+1","FTL","Defragment+1","Rainbow","Creative AI","Undo","Self Repair","Fission+1","Doom and Gloom+1","Meteor Strike","Defragment","Lockon+1","Echo Form","Injury","Hologram+1"],"relics":["Cursed Key","Mummified Hand","The Courier","Orichalcum","Regal Pillow","Ginger","OrangePellets","Nuclear Battery","Orrery","Meat on the Bone","Blood Vial","SlaversCollar","Runic Capacitor","Red Mask","Symbiotic Virus","Sundial"],"acts_visited":["Exordium","TheCity","TheBeyond"],"potions_floor_usage":[45],"damage_taken":[{"damage":7.0,"enemies":"Small Slimes","floor":1.0,"turns":3.0},{"damage":2.0,"enemies":"Cultist","floor":4.0,"turns":4.0},{"damage":2.0,"enemies":"Jaw Worm","floor":5.0,"turns":3.0},{"damage":21.0,"enemies":"Lagavulin","floor":6.0,"turns":8.0},{"damage":16.0,"enemies":"Red Slaver","floor":7.0,"turns":4.0},{"damage":27.0,"enemies":"Gremlin Nob","floor":8.0,"turns":4.0},{"damage":6.0,"enemies":"Looter","floor":12.0,"turns":3.0},{"damage":9.0,"enemies":"3 Sentries","floor":13.0,"turns":5.0},{"damage":1.0,"enemies":"The Guardian","floor":16.0,"turns":15.0},{"damage":9.0,"enemies":"2 Thieves","floor":18.0,"turns":4.0},{"damage":20.0,"enemies":"3 Byrds","floor":19.0,"turns":4.0},{"damage":24.0,"enemies":"Snake Plant","floor":22.0,"turns":4.0},{"damage":2.0,"enemies":"Snecko","floor":25.0,"turns":4.0},{"damage":27.0,"enemies":"Book of Stabbing","floor":27.0,"turns":5.0},{"damage":2.0,"enemies":"Cultist and Chosen","floor":28.0,"turns":6.0},{"damage":5.0,"enemies":"Sentry and Sphere","floor":29.0,"turns":6.0},{"damage":50.0,"enemies":"Gremlin Leader","floor":30.0,"turns":5.0},{"damage":0.0,"enemies":"Centurion and Healer","floor":31.0,"turns":7.0},{"damage":3.0,"enemies":"Champ","floor":33.0,"turns":9.0},{"damage":19.0,"enemies":"3 Shapes","floor":35.0,"turns":6.0},{"damage":57.0,"enemies":"3 Darklings","floor":36.0,"turns":6.0},{"damage":38.0,"enemies":"Reptomancer","floor":40.0,"turns":6.0},{"damage":0.0,"enemies":"Giant Head","floor":42.0,"turns":5.0},{"damage":13,"enemies":"Writhing Mass","floor":45,"turns":4},{"damage":82,"enemies":"Reptomancer","floor":47,"turns":2}],"seed_played":"-2364719472720184584","potions_obtained":[{"floor":1.0,"key":"Strength Potion"},{"floor":4.0,"key":"Fire Potion"},{"floor":6.0,"key":"EntropicBrew"},{"floor":16.0,"key":"FocusPotion"},{"floor":36.0,"key":"Block Potion"},{"floor":42.0,"key":"Explosive Potion"}],"is_trial":false,"path_per_floor":["M","?","$","M","M","E","M","E","T","R","$","M","E","$","R","B",null,"M","M","?","$","M","R","?","M","T","E","M","M","E","M","R","B",null,"M","M","?","$","?","E","R","E","T","R","M","R","E"],"character_chosen":"DEFECT","items_purchased":["Sweeping Beam","Heatsinks","OrangePellets","Orrery","Runic Capacitor","Defragment"],"campfire_rested":2,"item_purchase_floors":[3,11,14,21,38,38],"current_hp_per_floor":[57,57,57,62,67,53,44,24,24,24,24,25,23,23,23,29,61,59,46,46,46,29,65,65,70,70,50,69,71,47,63,63,71,71,66,37,37,37,37,27,63,71,71,71,71,71,0,0],"gold":64,"neow_bonus":"BOSS_RELIC","is_daily":false,"chose_seed":false,"campfire_upgraded":5,"win_rate":0.0,"timestamp":1613719033,"path_taken":["M","?","$","M","?","E","?","E","T","R","$","M","E","?","R","BOSS","M","M","?","$","M","R","?","?","T","E","M","M","E","M","R","BOSS","M","M","?","$","?","E","R","E","T","R","M","R","E"],"items_purchased_type":["Card","Card","Relic","Relic","Relic","Card"],"build_version":"2020-12-22","purchased_purges":2,"victory":false,"max_hp_per_floor":[71,71,71,71,71,71,71,71,71,71,71,71,71,71,71,71,71,71,71,71,71,71,71,71,71,71,71,71,71,71,71,71,71,71,71,71,71,71,71,71,71,71,71,71,71,71,71,71],"relic_stats":{"Blood Vial":10,"OrangePellets":[29],"Regal Pillow":30,"counters":[25,132],"Mummified Hand":[207],"Sundial":[0],"Ginger":[12],"Orichalcum":[144],"Cursed Key":2,"obtain_stats":[{"Regal Pillow":9,"The Courier":6,"Runic Capacitor":38,"Ginger":13,"Orichalcum":8,"Cursed Key":0,"Nuclear Battery":17,"Blood Vial":30,"OrangePellets":14,"SlaversCollar":34,"Mummified Hand":2,"Sundial":42,"Orrery":21,"Red Mask":39,"Cracked Core":0,"Symbiotic Virus":40,"Meat on the Bone":27},{"Regal Pillow":6,"The Courier":4,"Runic Capacitor":21,"Ginger":8,"Orichalcum":6,"Cursed Key":0,"Nuclear Battery":9,"Blood Vial":17,"OrangePellets":8,"SlaversCollar":19,"Mummified Hand":1,"Sundial":23,"Orrery":11,"Red Mask":21,"Cracked Core":0,"Symbiotic Virus":22,"Meat on the Bone":14},{"Regal Pillow":26,"The Courier":18,"Runic Capacitor":115,"Ginger":34,"Orichalcum":26,"Cursed Key":0,"Nuclear Battery":49,"Blood Vial":87,"OrangePellets":34,"SlaversCollar":103,"Mummified Hand":3,"Sundial":126,"Orrery":57,"Red Mask":115,"Cracked Core":0,"Symbiotic Virus":121,"Meat on the Bone":70}],"Meat on the Bone":36},"card_choices":[{"not_picked":["Steam","Rebound"],"picked":"Self Repair","floor":1.0},{"not_picked":["Rebound","Go for the Eyes"],"picked":"Compile Driver","floor":4.0},{"not_picked":["Rebound","Double Energy"],"picked":"Cold Snap","floor":5.0},{"not_picked":["Cold Snap","Leap"],"picked":"Static Discharge","floor":6.0},{"not_picked":["Steam Power","Rebound"],"picked":"Undo","floor":7.0},{"not_picked":["Stack","Barrage"],"picked":"White Noise","floor":8.0},{"not_picked":["Tempest","Streamline"],"picked":"Reboot","floor":12.0},{"not_picked":["Rebound","Gash"],"picked":"Auto Shields","floor":13.0},{"not_picked":["Core Surge","Seek"],"picked":"Biased Cognition","floor":16.0},{"not_picked":["Leap","Rebound+1"],"picked":"Ball Lightning+1","floor":18.0},{"not_picked":["Rebound","Skim"],"picked":"FTL","floor":19.0},{"not_picked":["Ball Lightning","Skim"],"picked":"Defragment","floor":21.0},{"not_picked":["Coolheaded","Sunder"],"picked":"Rainbow","floor":21.0},{"not_picked":["Compile Driver+1","Steam Power"],"picked":"Creative AI","floor":21.0},{"not_picked":["Streamline","Leap"],"picked":"Undo","floor":22.0},{"not_picked":["Steam","Cold Snap","Redo"],"picked":"SKIP","floor":25.0},{"not_picked":["Redo+1","White Noise"],"picked":"Self Repair","floor":27.0},{"not_picked":["Hologram","Darkness"],"picked":"Fission","floor":28.0},{"not_picked":["Rebound","FTL","Turbo"],"picked":"SKIP","floor":29.0},{"not_picked":["Steam","Compile Driver","Reprogram"],"picked":"SKIP","floor":30.0},{"not_picked":["Sweeping Beam","Sunder"],"picked":"Doom and Gloom+1","floor":31.0},{"not_picked":["Reboot","Core Surge"],"picked":"Meteor Strike","floor":33.0},{"not_picked":["Redo","FTL","BootSequence"],"picked":"SKIP","floor":35.0},{"not_picked":["Static Discharge","Rebound","Blizzard+1"],"picked":"SKIP","floor":36.0},{"not_picked":["Hologram","Doom and Gloom"],"picked":"Lockon+1","floor":40.0},{"not_picked":["Compile Driver","Leap"],"picked":"Echo Form","floor":42.0},{"not_picked":["Redo","Turbo"],"picked":"Hologram+1","floor":45}],"player_experience":2889810,"relics_obtained":[{"floor":6.0,"key":"The Courier"},{"floor":8.0,"key":"Orichalcum"},{"floor":9.0,"key":"Regal Pillow"},{"floor":13.0,"key":"Ginger"},{"floor":27.0,"key":"Meat on the Bone"},{"floor":30.0,"key":"Blood Vial"},{"floor":40.0,"key":"Symbiotic Virus"},{"floor":42.0,"key":"Sundial"}],"event_choices":[{"damage_healed":0.0,"max_hp_gain":0.0,"max_hp_loss":0.0,"gold_gain":0.0,"event_name":"WeMeetAgain","player_choice":"Gave Potion","floor":2.0,"gold_loss":0.0,"damage_taken":0.0,"relics_obtained":["Mummified Hand"]},{"damage_healed":0.0,"max_hp_gain":0.0,"max_hp_loss":0.0,"gold_gain":50.0,"event_name":"Nest","player_choice":"Stole From Cult","floor":20.0,"gold_loss":0.0,"damage_taken":0.0},{"damage_healed":0.0,"max_hp_gain":0.0,"max_hp_loss":0.0,"gold_gain":50.0,"event_name":"Golden Shrine","player_choice":"Pray","floor":24.0,"gold_loss":0.0,"damage_taken":0.0},{"damage_healed":0.0,"max_hp_gain":0.0,"max_hp_loss":0.0,"gold_gain":0.0,"event_name":"SensoryStone","player_choice":"Memory 1","floor":37.0,"gold_loss":0.0,"damage_taken":0.0},{"damage_healed":0.0,"max_hp_gain":0.0,"max_hp_loss":0.0,"gold_gain":0.0,"event_name":"Tomb of Lord Red Mask","player_choice":"Paid","floor":39.0,"gold_loss":79.0,"damage_taken":0.0,"relics_obtained":["Red Mask"]}],"is_beta":false,"boss_relics":[{"not_picked":["Ectoplasm","Tiny House"],"picked":"Nuclear Battery"},{"not_picked":["Philosopher\u0027s Stone","Busted Crown"],"picked":"SlaversCollar"}],"items_purged_floors":[11,38],"is_endless":false,"potions_floor_spawned":[1,4,6,12,16,22,25,27,28,36,42],"killed_by":"Reptomancer","ascension_level":20}}