{"host":"vt6dr1xq3iy14a3e","time":1613706307,"event":{"mods":["AchievementEnabler","BaseMod","Colored Map","DeckTracker","Minty Spire (QoL Compilation)","Relic Stats","StSLib","SuperFastMode"],"gold_per_floor":[109,123,123,141,152,152,167,167,213,242,272,284,309,321,333,345,345],"floor_reached":16,"language":"KOR","playtime":611,"items_purged":[],"score":192,"play_id":"d665c02f-9f58-4a2b-87c0-88da6ce3b8d5","local_time":"20210219124507","is_ascension_mode":true,"campfire_choices":[{"data":"Rampage","floor":6.0,"key":"SMITH"},{"data":"Pommel Strike","floor":8.0,"key":"SMITH"},{"data":"Bash","floor":12,"key":"SMITH"},{"floor":15,"key":"REST"}],"circlet_count":0,"master_deck":["AscendersBane","Strike_R","Strike_R","Strike_R","Defend_R","Defend_R","Defend_R","Bash+1","Pommel Strike+1","Sword Boomerang","Cleave","Rampage+1","Second Wind","Dropkick","Armaments"],"relics":["Burning Blood","MawBank"],"acts_visited":["Exordium"],"potions_floor_usage":[16],"damage_taken":[{"damage":4.0,"enemies":"2 Louse","floor":1.0,"turns":4.0},{"damage":1.0,"enemies":"Cultist","floor":2.0,"turns":3.0},{"damage":7.0,"enemies":"Jaw Worm","floor":4.0,"turns":3.0},{"damage":21.0,"enemies":"Lots of Slimes","floor":5.0,"turns":4.0},{"damage":11.0,"enemies":"2 Fungi Beasts","floor":7.0,"turns":5.0},{"damage":19,"enemies":"Gremlin Gang","floor":10,"turns":4},{"damage":7,"enemies":"Looter","floor":11,"turns":3},{"damage":21,"enemies":"Lots of Slimes","floor":13,"turns":4},{"damage":47,"enemies":"Slime Boss","floor":16,"turns":6}],"seed_played":"-1213221908437018874","potions_obtained":[{"floor":5.0,"key":"Regen Potion"},{"floor":13,"key":"ElixirPotion"}],"is_trial":false,"path_per_floor":["M","M","?","M","M","R","M","R","T","M","M","R","M","$","R","B"],"character_chosen":"IRONCLAD","items_purchased":[],"campfire_rested":1,"item_purchase_floors":[],"current_hp_per_floor":[52,57,50,49,34,34,43,43,43,30,29,29,14,14,36,0,0],"gold":345,"neow_bonus":"REMOVE_TWO","is_daily":false,"chose_seed":false,"campfire_upgraded":3,"win_rate":0.0,"timestamp":1613706307,"path_taken":["M","M","?","M","M","R","M","R","T","M","M","R","M","$","R","BOSS"],"items_purchased_type":[],"build_version":"2020-12-22","purchased_purges":0,"victory":false,"max_hp_per_floor":[75,75,75,75,75,75,75,75,75,75,75,75,75,75,75,75,75],"relic_stats":{"counters":[9,36],"MawBank":84,"obtain_stats":[{"MawBank":9,"Burning Blood":0},{"MawBank":5,"Burning Blood":0},{"MawBank":19,"Burning Blood":0}],"Burning Blood":48},"card_choices":[{"not_picked":["Havoc","Shrug It Off"],"picked":"Pommel Strike","floor":1.0},{"not_picked":["Heavy Blade","Havoc"],"picked":"Sword Boomerang","floor":2.0},{"not_picked":["Anger","True Grit"],"picked":"Cleave","floor":4.0},{"not_picked":["Pommel Strike","Searing Blow"],"picked":"Rampage","floor":5.0},{"not_picked":["Sword Boomerang","Reckless Charge","Pommel Strike"],"picked":"SKIP","floor":7.0},{"not_picked":["Rampage","Combust"],"picked":"Second Wind","floor":10},{"not_picked":["Headbutt","Iron Wave"],"picked":"Dropkick","floor":11},{"not_picked":["Flex","Wild Strike"],"picked":"Armaments","floor":13}],"player_experience":1057928,"relics_obtained":[{"floor":9.0,"key":"MawBank"}],"event_choices":[{"cards_removed":["Strike_R"],"damage_healed":0.0,"max_hp_gain":0.0,"max_hp_loss":0.0,"gold_gain":0.0,"event_name":"Golden Wing","player_choice":"Card Removal","floor":3.0,"gold_loss":0.0,"damage_taken":7.0}],"is_beta":false,"boss_relics":[],"items_purged_floors":[],"is_endless":false,"potions_floor_spawned":[5,13],"killed_by":"Slime Boss","ascension_level":20}}