{"host":"kh6fvhxn285ncg0o","time":1613712605,"event":{"mods":["Act Like it!","BaseMod","Colored Map","Friendly Minions","Keyboard Shortcuts","Minty Spire (QoL Compilation)","Quick Restart","Relic Stats","StSLib","SuperFastMode","UnlockEverythingMod"],"gold_per_floor":[10,10,10,21,40,69,69,103,173,187,197,210,210,243,243,315,315,327,84,84,84,84,84,115,130,155,200,212,324,336,359,371,454,466,492,504,541,553,580,592,632,644,656,698,725,637,691,723,723,723,723,723,723,100,126,126],"floor_reached":57,"language":"KOR","playtime":1895,"items_purged":["Strike_R","Strike_R","Cleave"],"score":3413,"play_id":"823ff76d-7a43-4645-8c7b-cd96f6a4c099","local_time":"20210219143005","is_ascension_mode":true,"campfire_choices":[{"data":"Bash","floor":7.0,"key":"SMITH"},{"data":"Dark Embrace","floor":13.0,"key":"SMITH"},{"data":"Power Through","floor":15.0,"key":"SMITH"},{"data":"Body Slam","floor":23.0,"key":"SMITH"},{"data":"Offering","floor":30.0,"key":"SMITH"},{"data":"Feel No Pain","floor":32.0,"key":"SMITH"},{"data":"Battle Trance","floor":40.0,"key":"SMITH"},{"data":"Second Wind","floor":42.0,"key":"SMITH"},{"floor":49,"key":"RECALL"},{"data":"Barricade","floor":53,"key":"SMITH"}],"circlet_count":0,"master_deck":["AscendersBane","Defend_R","Defend_R","Defend_R","Defend_R","Bash+1","Feed+1","Flex+1","Dual Wield+1","Second Wind+1","Berserk","Shrug It Off","Dark Embrace+1","Seeing Red+1","Power Through+1","Offering+1","Fire Breathing","Body Slam+1","Armaments+1","Feel No Pain+1","Barricade+1","Violence","Flash of Steel+1","Battle Trance+1","Dark Shackles","Burning Pact"],"relics":["Burning Blood","Du-Vu Doll","Bag of Preparation","Mercury Hourglass","Thread and Needle","SacredBark","Oddly Smooth Stone","Toy Ornithopter","MawBank","Gremlin Horn","Girya","Pantograph","Coffee Dripper","CaptainsWheel","Kunai","Meat on the Bone","Unceasing Top","Mummified Hand","Bronze Scales","War Paint","Whetstone"],"acts_visited":["Exordium","TheCity","TheBeyond","TheEnding"],"potions_floor_usage":[44,47,55,56,56],"damage_taken":[{"damage":7.0,"enemies":"Cultist","floor":1.0,"turns":4.0},{"damage":8.0,"enemies":"2 Louse","floor":4.0,"turns":3.0},{"damage":9.0,"enemies":"Jaw Worm","floor":5.0,"turns":4.0},{"damage":60.0,"enemies":"Gremlin Nob","floor":6.0,"turns":5.0},{"damage":21.0,"enemies":"3 Sentries","floor":8.0,"turns":16.0},{"damage":3.0,"enemies":"Exordium Wildlife","floor":10.0,"turns":4.0},{"damage":0.0,"enemies":"Red Slaver","floor":11.0,"turns":2.0},{"damage":3.0,"enemies":"Looter","floor":12.0,"turns":3.0},{"damage":41.0,"enemies":"Gremlin Nob","floor":14.0,"turns":4.0},{"damage":2.0,"enemies":"Slime Boss","floor":16.0,"turns":10.0},{"damage":8.0,"enemies":"2 Thieves","floor":18.0,"turns":4.0},{"damage":81.0,"enemies":"Gremlin Leader","floor":24.0,"turns":6.0},{"damage":7.0,"enemies":"Spheric Guardian","floor":25.0,"turns":3.0},{"damage":6.0,"enemies":"Book of Stabbing","floor":27.0,"turns":4.0},{"damage":3.0,"enemies":"Colosseum Slavers","floor":29.0,"turns":5.0},{"damage":21.0,"enemies":"Colosseum Nobs","floor":29.0,"turns":4.0},{"damage":14.0,"enemies":"Snake Plant","floor":31.0,"turns":3.0},{"damage":8.0,"enemies":"Collector","floor":33.0,"turns":8.0},{"damage":0.0,"enemies":"3 Shapes","floor":35.0,"turns":3.0},{"damage":6.0,"enemies":"Mind Bloom Boss Battle","floor":37.0,"turns":10.0},{"damage":21.0,"enemies":"3 Darklings","floor":39.0,"turns":3.0},{"damage":6.0,"enemies":"Nemesis","floor":41.0,"turns":5.0},{"damage":6,"enemies":"Reptomancer","floor":44,"turns":2},{"damage":6,"enemies":"Spire Growth","floor":45,"turns":5},{"damage":0,"enemies":"2 Orb Walkers","floor":47,"turns":6},{"damage":6,"enemies":"Nemesis","floor":48,"turns":9},{"damage":6,"enemies":"Awakened One","floor":50,"turns":9},{"damage":1,"enemies":"Time Eater","floor":51,"turns":10},{"damage":6,"enemies":"Shield and Spear","floor":55,"turns":1},{"damage":6,"enemies":"The Heart","floor":56,"turns":7}],"seed_played":"5260026418309283834","potions_obtained":[{"floor":1.0,"key":"Dexterity Potion"},{"floor":6.0,"key":"FairyPotion"},{"floor":10.0,"key":"GamblersBrew"},{"floor":11.0,"key":"AttackPotion"},{"floor":16.0,"key":"SteroidPotion"},{"floor":27.0,"key":"Dexterity Potion"},{"floor":29.0,"key":"SteroidPotion"},{"floor":33.0,"key":"Ancient Potion"},{"floor":35.0,"key":"BlessingOfTheForge"},{"floor":44,"key":"Dexterity Potion"},{"floor":45,"key":"SpeedPotion"},{"floor":47,"key":"Fire Potion"},{"floor":48,"key":"Energy Potion"},{"floor":55,"key":"HeartOfIron"}],"is_trial":false,"path_per_floor":["M","?","?","M","M","E","R","E","T","M","M","M","R","E","R","B",null,"M","$","?","?","$","R","E","M","T","E","$","?","R","M","R","B",null,"M","?","?","?","M","R","E","R","T","E","M","$","?","E","R","B","B",null,"R","$","E","B",null],"character_chosen":"IRONCLAD","items_purchased":["Oddly Smooth Stone","Bronze Scales","War Paint","Dark Shackles","ElixirPotion"],"campfire_rested":0,"item_purchase_floors":[19,54,54,54,54],"current_hp_per_floor":[70,70,70,76,77,23,23,12,12,19,29,32,32,36,36,44,91,97,97,97,97,97,97,22,25,25,25,25,18,18,15,15,38,98,108,98,138,138,123,123,128,128,128,137,141,141,150,154,154,158,162,162,162,162,162,162],"gold":126,"neow_bonus":"TRANSFORM_TWO_CARDS","is_daily":false,"chose_seed":false,"campfire_upgraded":9,"win_rate":0.0,"timestamp":1613712605,"path_taken":["M","?","?","M","?","E","R","E","T","M","M","M","R","E","R","BOSS","M","$","?","?","?","R","E","?","T","E","?","?","R","M","R","BOSS","M","?","?","?","?","R","E","R","T","E","M","$","?","E","R","BOSS","BOSS","R","$","E","BOSS"],"items_purchased_type":["Relic","Relic","Relic","Card","Potion"],"build_version":"2020-12-22","purchased_purges":3,"victory":true,"max_hp_per_floor":[78,78,78,86,90,90,90,94,94,98,102,102,102,102,102,106,106,114,114,114,114,114,114,114,118,118,118,118,118,118,118,118,118,118,122,122,138,138,138,138,138,138,138,142,146,146,150,154,154,158,162,162,162,162,162,162],"relic_stats":{"Gremlin Horn":[17,19],"counters":[30,161],"Bag of Preparation":[50],"Whetstone":["Flash of Steel"],"War Paint":["Seeing Red","Dual Wield"],"MawBank":240,"Burning Blood":169,"Mercury Hourglass":[500],"Mummified Hand":[17],"Pantograph":49,"Bronze Scales":[96],"Kunai":[23],"obtain_stats":[{"Girya":29,"Gremlin Horn":27,"SacredBark":17,"Oddly Smooth Stone":19,"Thread and Needle":14,"Bag of Preparation":8,"Whetstone":55,"War Paint":54,"MawBank":26,"Burning Blood":0,"Mercury Hourglass":9,"Du-Vu Doll":6,"CaptainsWheel":37,"Mummified Hand":48,"Pantograph":29,"Bronze Scales":54,"Coffee Dripper":34,"Kunai":41,"Toy Ornithopter":24,"Unceasing Top":47,"Meat on the Bone":44},{"Girya":16,"Gremlin Horn":14,"SacredBark":10,"Oddly Smooth Stone":11,"Thread and Needle":9,"Bag of Preparation":5,"Whetstone":29,"War Paint":28,"MawBank":13,"Burning Blood":0,"Mercury Hourglass":5,"Du-Vu Doll":4,"CaptainsWheel":20,"Mummified Hand":26,"Pantograph":16,"Bronze Scales":28,"Coffee Dripper":18,"Kunai":22,"Toy Ornithopter":12,"Unceasing Top":25,"Meat on the Bone":23},{"Girya":80,"Gremlin Horn":71,"SacredBark":54,"Oddly Smooth Stone":58,"Thread and Needle":44,"Bag of Preparation":32,"Whetstone":154,"War Paint":153,"MawBank":67,"Burning Blood":0,"Mercury Hourglass":32,"Du-Vu Doll":16,"CaptainsWheel":104,"Mummified Hand":134,"Pantograph":80,"Bronze Scales":153,"Coffee Dripper":91,"Kunai":112,"Toy Ornithopter":64,"Unceasing Top":125,"Meat on the Bone":114}],"Toy Ornithopter":25,"Unceasing Top":[1],"Meat on the Bone":0},"card_choices":[{"not_picked":["Rupture","Headbutt"],"picked":"Dual Wield","floor":1.0},{"not_picked":["Thunderclap","Wild Strike"],"picked":"Second Wind","floor":4.0},{"not_picked":["Anger","Armaments","Second Wind"],"picked":"SKIP","floor":5.0},{"not_picked":["Iron Wave","Havoc"],"picked":"Berserk","floor":6.0},{"not_picked":["Anger","Armaments"],"picked":"Cleave","floor":8.0},{"not_picked":["Thunderclap","Body Slam"],"picked":"Shrug It Off","floor":10.0},{"not_picked":["Seeing Red","Flame Barrier"],"picked":"Dark Embrace","floor":11.0},{"not_picked":["Cleave","Havoc"],"picked":"Seeing Red","floor":12.0},{"not_picked":["Corruption","Perfected Strike"],"picked":"Power Through","floor":14.0},{"not_picked":["Impervious","Double Tap"],"picked":"Offering","floor":16.0},{"not_picked":["Seeing Red","Heavy Blade+1"],"picked":"Fire Breathing","floor":18.0},{"not_picked":["Perfected Strike","Heavy Blade"],"picked":"Armaments+1","floor":24.0},{"not_picked":["Shrug It Off","Clothesline","Armaments"],"picked":"SKIP","floor":25.0},{"not_picked":["Pummel","Havoc"],"picked":"Feel No Pain","floor":27.0},{"not_picked":["Pommel Strike","Spot Weakness","Armaments"],"picked":"SKIP","floor":31.0},{"not_picked":["Exhume","Limit Break"],"picked":"Barricade","floor":33.0},{"not_picked":["Body Slam","True Grit","Clothesline"],"picked":"SKIP","floor":35.0},{"not_picked":["Jack Of All Trades","Enlightenment"],"picked":"Violence","floor":36.0},{"not_picked":["Discovery","Sadistic Nature"],"picked":"Flash of Steel","floor":36.0},{"not_picked":["Headbutt","Sword Boomerang"],"picked":"Battle Trance","floor":37.0},{"not_picked":["Ghostly Armor","Havoc","Pommel Strike"],"picked":"SKIP","floor":39.0},{"not_picked":["Body Slam","Wild Strike","Seeing Red"],"picked":"SKIP","floor":41.0},{"not_picked":["Juggernaut","Flame Barrier","Shrug It Off"],"picked":"SKIP","floor":44},{"not_picked":["Pommel Strike","Clash+1","Rupture"],"picked":"SKIP","floor":45},{"not_picked":["Clash","Dark Embrace","Brutality"],"picked":"SKIP","floor":48},{"not_picked":["Clash+1","Corruption"],"picked":"Burning Pact","floor":55}],"player_experience":1460506,"relics_obtained":[{"floor":6.0,"key":"Du-Vu Doll"},{"floor":8.0,"key":"Bag of Preparation"},{"floor":9.0,"key":"Mercury Hourglass"},{"floor":14.0,"key":"Thread and Needle"},{"floor":24.0,"key":"Toy Ornithopter"},{"floor":26.0,"key":"MawBank"},{"floor":27.0,"key":"Gremlin Horn"},{"floor":29.0,"key":"Girya"},{"floor":29.0,"key":"Pantograph"},{"floor":37.0,"key":"CaptainsWheel"},{"floor":41.0,"key":"Kunai"},{"floor":44,"key":"Meat on the Bone"},{"floor":47,"key":"Unceasing Top"},{"floor":48,"key":"Mummified Hand"},{"floor":55,"key":"Whetstone"}],"event_choices":[{"damage_healed":0.0,"max_hp_gain":0.0,"max_hp_loss":0.0,"gold_gain":0.0,"event_name":"Living Wall","player_choice":"Grow","floor":2.0,"gold_loss":0.0,"damage_taken":0.0,"cards_upgraded":["Feed"]},{"damage_healed":0.0,"max_hp_gain":0.0,"max_hp_loss":0.0,"gold_gain":0.0,"event_name":"Upgrade Shrine","player_choice":"Upgraded","floor":3.0,"gold_loss":0.0,"damage_taken":0.0,"cards_upgraded":["Flex"]},{"damage_healed":0.0,"max_hp_gain":0.0,"max_hp_loss":0.0,"gold_gain":0.0,"event_name":"Vampires","player_choice":"Ignored","floor":20.0,"gold_loss":0.0,"damage_taken":0.0},{"damage_healed":0.0,"max_hp_gain":0.0,"max_hp_loss":0.0,"gold_gain":0.0,"event_name":"The Library","player_choice":"Read","floor":21.0,"gold_loss":0.0,"damage_taken":0.0,"cards_obtained":["Body Slam"]},{"damage_healed":0.0,"max_hp_gain":0.0,"max_hp_loss":0.0,"gold_gain":0.0,"event_name":"Colosseum","player_choice":"Fight","floor":29.0,"gold_loss":0.0,"damage_taken":0.0},{"damage_healed":0.0,"max_hp_gain":0.0,"max_hp_loss":0.0,"gold_gain":0.0,"event_name":"Colosseum","player_choice":"Fought Nobs","floor":29.0,"gold_loss":0.0,"damage_taken":0.0},{"damage_healed":0.0,"max_hp_gain":0.0,"max_hp_loss":0.0,"gold_gain":0.0,"event_name":"SensoryStone","player_choice":"Memory 3","floor":36.0,"gold_loss":0.0,"damage_taken":10.0},{"damage_healed":0.0,"max_hp_gain":0.0,"max_hp_loss":0.0,"gold_gain":0.0,"event_name":"MindBloom","player_choice":"Fight","floor":37.0,"gold_loss":0.0,"damage_taken":0.0},{"cards_removed":["Strike_R"],"damage_healed":0.0,"max_hp_gain":0.0,"max_hp_loss":0.0,"gold_gain":0.0,"event_name":"Falling","player_choice":"Removed Attack","floor":38.0,"gold_loss":0.0,"damage_taken":0.0},{"damage_healed":0,"gold_gain":0,"player_choice":"Fight","damage_taken":0,"max_hp_gain":0,"max_hp_loss":0,"event_name":"Mysterious Sphere","floor":47,"gold_loss":0}],"is_beta":false,"boss_relics":[{"not_picked":["Runic Cube","Tiny House"],"picked":"SacredBark"},{"not_picked":["Busted Crown","Black Blood"],"picked":"Coffee Dripper"}],"items_purged_floors":[19,46,54],"is_endless":false,"potions_floor_spawned":[1,6,10,11,16,27,29,33,35,44,45,47,48,55],"ascension_level":20}}