{"host":"9rehsd5oi9uaydbk","time":1613711536,"event":{"mods":["AchievementEnabler","Act Like it!","Aspiration","BaseMod","Better Third Choice","Colored Powertips","Curses Come First","Downfall","Hermit","Hubris","Jorbs\u0027s Wanderer Trilogy","Minty Spire (QoL Compilation)","StSLib","The Marked","The Runesmith"],"gold_per_floor":[112,112,125,125,139,139,168,168,168,15,46,46,58,58,58,161,161,178,192,192,107,139,151,163,175,187,199,236,306,338,380,392,508,520,548,560,585,235,235,266,266,87,87,102,117,128,4,4,4,4],"floor_reached":51,"language":"ENG","playtime":3636,"items_purged":["Injury","stsjorbsmod:Defend_Wanderer"],"score":805,"play_id":"764600f6-e0cc-4b9f-9214-38add38ea270","local_time":"20210219001216","is_ascension_mode":false,"campfire_choices":[{"floor":12,"key":"REST"},{"data":"stsjorbsmod:Thorns","floor":23,"key":"SMITH"},{"data":"stsjorbsmod:FranticSearch","floor":25,"key":"SMITH"},{"data":"stsjorbsmod:Banish","floor":32,"key":"SMITH"},{"data":"stsjorbsmod:ColorSpray","floor":41,"key":"SMITH"},{"data":"stsjorbsmod:DeathThroes","floor":49,"key":"SMITH"}],"circlet_count":0,"master_deck":["stsjorbsmod:ForbiddenGrimoire+1","stsjorbsmod:Strike_Wanderer","stsjorbsmod:Strike_Wanderer","stsjorbsmod:Strike_Wanderer","stsjorbsmod:Strike_Wanderer+1","stsjorbsmod:Defend_Wanderer","stsjorbsmod:Defend_Wanderer","stsjorbsmod:Defend_Wanderer","stsjorbsmod:FreshAdventure","stsjorbsmod:EyeOfTheStorm","stsjorbsmod:MirrorImage","stsjorbsmod:Materialize","stsjorbsmod:FranticSearch+1","stsjorbsmod:MistyStep","stsjorbsmod:Materialize","stsjorbsmod:IvoryTower+1","stsjorbsmod:Thorns+1","stsjorbsmod:ColorSpray+1","stsjorbsmod:Banish+1","stsjorbsmod:WanderingMind","stsjorbsmod:Message","stsjorbsmod:Channel","stsjorbsmod:DeathThroes+1","stsjorbsmod:Materialize","stsjorbsmod:MageArmor","stsjorbsmod:BookOfTongues+1","stsjorbsmod:Entangle+1","stsjorbsmod:FranticSearch+1","stsjorbsmod:MistyStep+1"],"relics":["stsjorbsmod:GrimoireRelic","aspiration:ArtOfWarUpgrade","Runesmith:AutoHammer","TungstenRod","Frozen Egg 2","hubris:Potato","Nunchaku","hubris:Backtick","stsjorbsmod:MindPalaceRelic","Prayer Wheel","MawBank","StrikeDummy","HornCleat","aspiration:HiddenCompartment","Membership Card","aspiration:FrozenJewel","hubris:Towel","Vajra","aspiration:Nostalgia","stsjorbsmod:BookOfTrialsRelic","Akabeko","Darkstone Periapt","Pear"],"acts_visited":["Exordium","TheCity","TheBeyond"],"potions_floor_usage":[7,16,19,22,28,29,29,30,31,37,37,40,40,44],"damage_taken":[{"damage":1,"enemies":"Jaw Worm","floor":1,"turns":4},{"damage":3,"enemies":"Small Slimes","floor":3,"turns":3},{"damage":0,"enemies":"Cultist","floor":5,"turns":5},{"damage":28,"enemies":"3 Sentries","floor":7,"turns":8},{"damage":23,"enemies":"Gremlin Nob","floor":11,"turns":6},{"damage":2,"enemies":"Large Slime","floor":13,"turns":7},{"damage":7,"enemies":"The Guardian","floor":16,"turns":8},{"damage":0,"enemies":"3 Byrds","floor":18,"turns":5},{"damage":15,"enemies":"Shell Parasite","floor":19,"turns":7},{"damage":2,"enemies":"Centurion and Healer","floor":22,"turns":6},{"damage":1,"enemies":"3 Cultists","floor":28,"turns":5},{"damage":9,"enemies":"Slavers","floor":29,"turns":5},{"damage":0,"enemies":"Chosen and Byrds","floor":30,"turns":5},{"damage":0,"enemies":"Snake Plant","floor":31,"turns":6},{"damage":30,"enemies":"hubris:MusketHawk","floor":33,"turns":9},{"damage":7,"enemies":"Orb Walker","floor":35,"turns":5},{"damage":9,"enemies":"3 Darklings","floor":37,"turns":3},{"damage":0,"enemies":"Reptomancer","floor":40,"turns":4},{"damage":24,"enemies":"Writhing Mass","floor":44,"turns":5},{"damage":0,"enemies":"Sphere and 2 Shapes","floor":45,"turns":3},{"damage":0,"enemies":"Jaw Worm Horde","floor":46,"turns":5},{"damage":19,"enemies":"Donu and Deca","floor":50,"turns":8}],"seed_played":"8389603337482407546","potions_obtained":[{"floor":3,"key":"LiquidBronze"},{"floor":13,"key":"AttackPotion"},{"floor":16,"key":"PowerPotion"},{"floor":22,"key":"EntropicBrew"},{"floor":29,"key":"PowerPotion"},{"floor":30,"key":"PowerPotion"},{"floor":33,"key":"Fire Potion"},{"floor":35,"key":"BlessingOfTheForge"},{"floor":37,"key":"stsjorbsmod:LiquidClarity"}],"is_trial":false,"path_per_floor":["M","?","M","?","M","R","E","?","T","$","E","R","M","?","R","B",null,"M","M","T","?","M","R","T","R","T","?","M","E","M","M","R","B",null,"M","?","M","$","?","E","R","$","T","M","M","M","$","?","R","B",null],"character_chosen":"WANDERER","items_purchased":["stsjorbsmod:FranticSearch","Membership Card","DuplicationPotion","aspiration:FrozenJewel","aspiration:Nostalgia","ColorlessPotion","Akabeko","Pear"],"campfire_rested":1,"item_purchase_floors":[10,38,38,38,42,42,42,47],"current_hp_per_floor":[68,73,74,67,69,69,41,41,41,41,20,42,43,51,51,44,75,77,62,62,62,64,64,64,64,64,59,62,57,60,68,68,38,79,76,76,70,70,70,73,73,73,73,53,55,57,67,76,76,57],"gold":4,"neow_bonus":"RANDOM_COMMON_RELIC","is_daily":false,"chose_seed":false,"campfire_upgraded":5,"win_rate":0.0,"timestamp":1613711536,"path_taken":["M","?","M","?","M","R","E","?","T","$","E","R","M","?","R","BOSS","M","M","?","?","M","R","?","R","T","?","?","E","M","M","R","BOSS","M","?","M","$","?","E","R","$","T","M","M","M","?","?","R","BOSS"],"items_purchased_type":["Card","Relic","Potion","Relic","Relic","Potion","Relic","Relic"],"build_version":"2020-12-22","purchased_purges":2,"victory":true,"max_hp_per_floor":[68,73,75,75,75,75,75,75,75,75,75,75,75,75,75,75,75,77,77,77,77,77,77,77,77,77,77,77,77,77,79,79,79,79,79,79,79,79,79,79,79,79,79,79,79,79,89,89,89,89],"card_choices":[{"not_picked":["stsjorbsmod:Will","stsjorbsmod:Hibernate","stsjorbsmod:BurningFlask"],"picked":"SKIP","floor":1},{"not_picked":["stsjorbsmod:DisguiseSelf","stsjorbsmod:Hurt"],"picked":"stsjorbsmod:MirrorImage","floor":3},{"not_picked":["stsjorbsmod:FaerieFire","stsjorbsmod:Firebolt"],"picked":"stsjorbsmod:Prestidigitation","floor":5},{"not_picked":["stsjorbsmod:Patron","stsjorbsmod:ChatteringStrike"],"picked":"stsjorbsmod:Materialize","floor":7},{"not_picked":["stsjorbsmod:BurningFlask","stsjorbsmod:Aid"],"picked":"stsjorbsmod:MistyStep","floor":11},{"not_picked":["stsjorbsmod:TrueStrike","stsjorbsmod:Channel"],"picked":"stsjorbsmod:Materialize","floor":13},{"not_picked":["stsjorbsmod:PurgeMind","stsjorbsmod:SiphonEnergy"],"picked":"stsjorbsmod:IvoryTower","floor":16},{"not_picked":["stsjorbsmod:Prepare+1","stsjorbsmod:BurningFlask"],"picked":"stsjorbsmod:Thorns","floor":18},{"not_picked":["stsjorbsmod:DisguiseSelf","stsjorbsmod:ArcaneWeapon+1","stsjorbsmod:Stalwart"],"picked":"SKIP","floor":19},{"not_picked":["stsjorbsmod:Will+1","stsjorbsmod:Rest","stsjorbsmod:TrueStrike"],"picked":"SKIP","floor":22},{"not_picked":["stsjorbsmod:ChatteringStrike+1","stsjorbsmod:Hurt","stsjorbsmod:DoubleCheck+1"],"picked":"SKIP","floor":22},{"not_picked":["stsjorbsmod:WeightOfMemory","stsjorbsmod:Hurt"],"picked":"stsjorbsmod:ColorSpray","floor":28},{"not_picked":["stsjorbsmod:Inferno+1","stsjorbsmod:Aid","stsjorbsmod:LocateObject"],"picked":"SKIP","floor":28},{"not_picked":["stsjorbsmod:WeightOfMemory","stsjorbsmod:Hurt"],"picked":"stsjorbsmod:Banish","floor":29},{"not_picked":["stsjorbsmod:DoubleCheck","stsjorbsmod:ColorSpray+1"],"picked":"stsjorbsmod:WanderingMind","floor":30},{"not_picked":["stsjorbsmod:ParryingBlow","stsjorbsmod:Materialize","stsjorbsmod:BookOfTongues+1"],"picked":"SKIP","floor":30},{"not_picked":["stsjorbsmod:MagicMirror+1","stsjorbsmod:Hurt"],"picked":"stsjorbsmod:Message","floor":31},{"not_picked":["stsjorbsmod:Prepare","stsjorbsmod:Mania+1"],"picked":"stsjorbsmod:Channel","floor":31},{"not_picked":["stsjorbsmod:MirrorImage","stsjorbsmod:PurgeMind"],"picked":"stsjorbsmod:DeathThroes","floor":33},{"not_picked":["stsjorbsmod:ChatteringStrike+1","stsjorbsmod:DoubleCheck"],"picked":"stsjorbsmod:Materialize","floor":35},{"not_picked":["stsjorbsmod:Index","stsjorbsmod:Prepare","stsjorbsmod:HedgeWizard"],"picked":"SKIP","floor":35},{"not_picked":["stsjorbsmod:Firebolt","stsjorbsmod:Materialize"],"picked":"stsjorbsmod:MageArmor","floor":37},{"not_picked":["stsjorbsmod:Hurt+1","stsjorbsmod:HedgeWizard"],"picked":"stsjorbsmod:BookOfTongues+1","floor":37},{"not_picked":["stsjorbsmod:UnseenServant","stsjorbsmod:Firebolt"],"picked":"stsjorbsmod:Entangle+1","floor":40},{"not_picked":["stsjorbsmod:MistyStep","stsjorbsmod:HedgeWizard+1"],"picked":"stsjorbsmod:FranticSearch+1","floor":44},{"not_picked":["stsjorbsmod:ArcaneWeapon+1","stsjorbsmod:Hibernate","stsjorbsmod:Mindworm+1"],"picked":"SKIP","floor":44},{"not_picked":["stsjorbsmod:TrueStrike","stsjorbsmod:BurningFlask"],"picked":"stsjorbsmod:MistyStep+1","floor":45},{"not_picked":["stsjorbsmod:FracturedMind","stsjorbsmod:UnseenServant","stsjorbsmod:FindFamiliar+1"],"picked":"SKIP","floor":45},{"not_picked":["stsjorbsmod:Materialize+1","stsjorbsmod:DisguiseSelf+1","stsjorbsmod:Mending+1"],"picked":"SKIP","floor":46},{"not_picked":["stsjorbsmod:Prestidigitation+1","stsjorbsmod:TinyHut+1","stsjorbsmod:Mending"],"picked":"SKIP","floor":46}],"player_experience":215521,"relics_obtained":[{"floor":7,"key":"TungstenRod"},{"floor":9,"key":"hubris:Potato"},{"floor":11,"key":"Nunchaku"},{"floor":20,"key":"Prayer Wheel"},{"floor":24,"key":"StrikeDummy"},{"floor":26,"key":"HornCleat"},{"floor":29,"key":"aspiration:HiddenCompartment"},{"floor":40,"key":"Vajra"},{"floor":43,"key":"Darkstone Periapt"}],"event_choices":[{"damage_healed":0,"gold_gain":0,"player_choice":"Donut","damage_taken":0,"max_hp_gain":5,"max_hp_loss":0,"event_name":"Big Fish","floor":2,"gold_loss":0},{"damage_healed":0,"gold_gain":0,"player_choice":"Relic ","damage_taken":7,"max_hp_gain":0,"max_hp_loss":0,"event_name":"betterThird:BetterScrap","floor":4,"gold_loss":0,"cards_obtained":["Bloodletting"]},{"damage_healed":0,"gold_gain":0,"player_choice":"Obtained Relic","damage_taken":0,"relics_obtained":["MawBank"],"max_hp_gain":0,"max_hp_loss":0,"event_name":"Addict","floor":21,"gold_loss":85},{"damage_healed":0,"gold_gain":0,"player_choice":"","damage_taken":6,"max_hp_gain":0,"max_hp_loss":0,"event_name":"Knowing Skull","floor":27,"potions_obtained":[],"gold_loss":0,"cards_obtained":[]},{"cards_removed":["stsjorbsmod:Prestidigitation"],"damage_healed":0,"gold_gain":0,"player_choice":"Removed Power","damage_taken":0,"max_hp_gain":0,"max_hp_loss":0,"event_name":"Falling","floor":36,"gold_loss":0}],"is_beta":false,"boss_relics":[{"not_picked":["aspiration:FutureDiary","aspiration:IroncladSkillbook"],"picked":"hubris:Backtick"},{"not_picked":["Velvet Choker","aspiration:PoetsPen_weak","hubris:RunicObelisk"]}],"items_purged_floors":[10,38],"is_endless":false,"potions_floor_spawned":[3,13,16,22,29,30,33,35,37],"ascension_level":0}}