{"host":"sc0o2qwpf9j16a4i","time":1613755159,"event":{"mods":["AchievementEnabler","BaseMod","BetterRewards","Block Reminder","Colored Map","Colored Powertips","Custom Start","Highlight Path","Minty Spire (QoL Compilation)","Relic Stats"],"gold_per_floor":[113,113,129,129,8,8,8,8,32,50,78,78,109,123,123,220,220,236,254,266,277,296,326,326,336,336,33,33,68,81,106,106,204,204,221,221,67,41,41,71,88,88,88,88,88,101,101,111,111,111,111],"floor_reached":50,"language":"ENG","playtime":2035,"items_purged":[],"score":865,"play_id":"e415c5b2-f6d1-4028-b975-21fd97e8acb1","local_time":"20210219191919","daily_mods":["Insanity","Colorless Cards","Binary"],"is_ascension_mode":false,"campfire_choices":[{"data":"Armaments","floor":6,"key":"SMITH"},{"data":"Armaments","floor":12,"key":"SMITH"},{"data":"Offering","floor":15,"key":"SMITH"},{"data":"Warcry","floor":24,"key":"SMITH"},{"data":"Panacea","floor":32,"key":"SMITH"},{"floor":42,"key":"REST"},{"data":"Warcry","floor":47,"key":"SMITH"},{"data":"Offering","floor":49,"key":"SMITH"}],"circlet_count":0,"master_deck":["Burning Pact","Rage","Anger","Body Slam","Discovery","Combust","Shrug It Off","Fire Breathing","Anger","Armaments+1","Cleave","Perfected Strike","Iron Wave","Heavy Blade","Flex","Flex","Dual Wield","Sword Boomerang","Iron Wave","Warcry+1","Flex","Body Slam","Sword Boomerang","Armaments+1","Sever Soul","Sword Boomerang","Twin Strike","Shockwave","Havoc","Power Through","Purity","Anger","Warcry+1","Flame Barrier","Ghostly Armor","Perfected Strike","Bandage Up","Clothesline","Clothesline","Rage","Headbutt","Panacea+1","Blind","Evolve","Headbutt","Pommel Strike","Clash","Twin Strike","Heavy Blade","Flex","Warcry","Combust","Anger","Armaments+1","Offering+1","Heavy Blade","Master of Strategy","Sword Boomerang","Power Through+1","Havoc+1","Fire Breathing","Headbutt+1","Heavy Blade","Armaments+1","Battle Trance+1","Power Through","Offering+1","Perfected Strike","Clothesline+1","Flame Barrier+1","Rage+1","Perfected Strike","Headbutt","Havoc","Master of Strategy","Secret Technique","Shrug It Off+1","Warcry+1","Clothesline","Shockwave+1"],"relics":["Burning Blood","Art of War","Question Card","Oddly Smooth Stone","Pocketwatch","Potion Belt","Runic Dome","Blood Vial","InkBottle","PreservedInsect","Happy Flower","MutagenicStrength","Lantern","Ornamental Fan","SacredBark","Orrery","Toxic Egg 2","StrikeDummy","Omamori"],"acts_visited":["Exordium","TheCity","TheBeyond"],"potions_floor_usage":[11,19,19,23,29,33,33,40,46,50,50,50],"damage_taken":[{"damage":0,"enemies":"Small Slimes","floor":1,"turns":1},{"damage":0,"enemies":"2 Louse","floor":3,"turns":2},{"damage":0,"enemies":"Jaw Worm","floor":10,"turns":2},{"damage":11,"enemies":"3 Sentries","floor":11,"turns":3},{"damage":0,"enemies":"Lagavulin","floor":13,"turns":5},{"damage":6,"enemies":"3 Louse","floor":14,"turns":2},{"damage":36,"enemies":"Slime Boss","floor":16,"turns":6},{"damage":0,"enemies":"Spheric Guardian","floor":18,"turns":3},{"damage":14,"enemies":"Shell Parasite","floor":19,"turns":5},{"damage":6,"enemies":"Centurion and Healer","floor":20,"turns":4},{"damage":24,"enemies":"Snake Plant","floor":21,"turns":3},{"damage":6,"enemies":"Cultist and Chosen","floor":22,"turns":4},{"damage":8,"enemies":"Gremlin Leader","floor":23,"turns":4},{"damage":10,"enemies":"Snecko","floor":25,"turns":4},{"damage":6,"enemies":"Book of Stabbing","floor":29,"turns":3},{"damage":24,"enemies":"Snake Plant","floor":30,"turns":3},{"damage":13,"enemies":"Gremlin Leader","floor":31,"turns":5},{"damage":38,"enemies":"Collector","floor":33,"turns":11},{"damage":3,"enemies":"3 Shapes","floor":35,"turns":4},{"damage":54,"enemies":"Giant Head","floor":40,"turns":8},{"damage":17,"enemies":"3 Darklings","floor":41,"turns":7},{"damage":3,"enemies":"Spire Growth","floor":46,"turns":4},{"damage":10,"enemies":"Jaw Worm Horde","floor":48,"turns":3},{"damage":6,"enemies":"Time Eater","floor":50,"turns":1}],"seed_played":"1590855892836696255","potions_obtained":[{"floor":1,"key":"FearPotion"},{"floor":11,"key":"EssenceOfSteel"},{"floor":14,"key":"ElixirPotion"},{"floor":16,"key":"ColorlessPotion"},{"floor":19,"key":"SteroidPotion"},{"floor":25,"key":"SkillPotion"},{"floor":30,"key":"CultistPotion"},{"floor":31,"key":"BloodPotion"},{"floor":33,"key":"Explosive Potion"},{"floor":40,"key":"Strength Potion"},{"floor":45,"key":"Regen Potion"},{"floor":45,"key":"CultistPotion"},{"floor":46,"key":"SteroidPotion"}],"is_trial":true,"path_per_floor":["M","?","M","?","$","R","T","$","T","M","E","R","E","M","R","B",null,"M","M","M","M","M","E","R","M","T","$","?","E","M","E","R","B",null,"M","?","$","$","?","E","M","R","T","T","?","M","R","M","R","B"],"character_chosen":"IRONCLAD","items_purchased":["Combust","Energy Potion","PreservedInsect","Happy Flower","Orrery","Havoc"],"campfire_rested":1,"item_purchase_floors":[5,5,27,27,37,38],"current_hp_per_floor":[80,80,80,73,73,73,73,73,73,80,75,75,80,80,80,54,80,80,78,80,66,72,70,70,72,72,72,72,74,58,53,53,45,80,80,80,80,80,70,24,15,39,39,39,39,71,71,69,69,65,65],"gold":111,"neow_bonus":"","is_daily":false,"chose_seed":false,"campfire_upgraded":7,"win_rate":0.0,"timestamp":1613755159,"path_taken":["M","?","M","?","$","R","?","?","T","M","E","R","E","M","R","BOSS","M","M","M","M","M","E","R","M","T","$","?","E","M","E","R","BOSS","M","?","?","$","?","E","M","R","T","?","?","M","R","M","R","BOSS"],"items_purchased_type":["Card","Potion","Relic","Relic","Relic","Card"],"build_version":"2020-12-22","purchased_purges":0,"victory":false,"max_hp_per_floor":[80,80,80,80,80,80,80,80,80,80,80,80,80,80,80,80,80,80,80,80,80,80,80,80,80,80,80,80,80,80,80,80,80,80,80,80,80,80,80,80,80,80,80,80,80,80,80,80,80,80,80],"relic_stats":{"Blood Vial":20,"Happy Flower":[16],"counters":[24,97],"Ornamental Fan":[40],"PreservedInsect":210,"Art of War":[3],"Question Card":29,"obtain_stats":[{"Potion Belt":13,"Lantern":29,"Happy Flower":27,"SacredBark":34,"Oddly Smooth Stone":9,"PreservedInsect":27,"Omamori":44,"Question Card":7,"Burning Blood":0,"Blood Vial":23,"Runic Dome":17,"Ornamental Fan":31,"MutagenicStrength":28,"Orrery":37,"Art of War":4,"Toxic Egg 2":40,"StrikeDummy":43,"InkBottle":26,"Pocketwatch":11},{"Potion Belt":5,"Lantern":15,"Happy Flower":14,"SacredBark":18,"Oddly Smooth Stone":2,"PreservedInsect":14,"Omamori":21,"Question Card":2,"Burning Blood":0,"Blood Vial":13,"Runic Dome":7,"Ornamental Fan":17,"MutagenicStrength":14,"Orrery":19,"Art of War":2,"Toxic Egg 2":20,"StrikeDummy":21,"InkBottle":14,"Pocketwatch":4},{"Potion Belt":13,"Lantern":51,"Happy Flower":48,"SacredBark":70,"Oddly Smooth Stone":3,"PreservedInsect":48,"Omamori":89,"Question Card":3,"Burning Blood":0,"Blood Vial":44,"Runic Dome":21,"Ornamental Fan":59,"MutagenicStrength":48,"Orrery":74,"Art of War":3,"Toxic Egg 2":82,"StrikeDummy":89,"InkBottle":48,"Pocketwatch":8}],"Burning Blood":111,"InkBottle":[24],"Pocketwatch":[39]},"card_choices":[{"not_picked":["Iron Wave"],"picked":"Flex","floor":1},{"not_picked":["Havoc"],"picked":"Warcry","floor":3},{"not_picked":["Feel No Pain","Wild Strike"],"picked":"Anger","floor":10},{"not_picked":["Rupture","Deep Breath"],"picked":"Armaments","floor":11},{"not_picked":["True Grit","Flex"],"picked":"Offering","floor":13},{"not_picked":["Havoc","Whirlwind"],"picked":"Heavy Blade","floor":14},{"not_picked":["Double Tap","Violence"],"picked":"Master of Strategy","floor":16},{"not_picked":["Sentinel","Anger"],"picked":"Sword Boomerang","floor":18},{"not_picked":["Intimidate+1","Trip"],"picked":"Power Through+1","floor":19},{"not_picked":["Flex+1","Panache"],"picked":"Havoc+1","floor":20},{"not_picked":["Thunderclap","Sword Boomerang","Searing Blow"],"picked":"SKIP","floor":21},{"not_picked":["Thunderclap+1","Berserk"],"picked":"Fire Breathing","floor":22},{"not_picked":["True Grit+1","Second Wind"],"picked":"Headbutt+1","floor":23},{"not_picked":["Entrench+1","Perfected Strike+1"],"picked":"Heavy Blade","floor":25},{"not_picked":["Pommel Strike","Iron Wave"],"picked":"Armaments+1","floor":29},{"not_picked":["Thunderclap+1","Swift Strike"],"picked":"Battle Trance+1","floor":30},{"not_picked":["Cleave","Havoc+1"],"picked":"Power Through","floor":31},{"not_picked":["Brutality","Impervious"],"picked":"Offering","floor":33},{"not_picked":["Good Instincts+1","Clothesline"],"picked":"Perfected Strike","floor":35},{"not_picked":["Forethought+1","True Grit+1"],"picked":"Clothesline+1","floor":37},{"not_picked":["Twin Strike","Purity+1"],"picked":"Flame Barrier+1","floor":37},{"not_picked":["Headbutt","HandOfGreed"],"picked":"Rage+1","floor":37},{"not_picked":["Feel No Pain+1","Pommel Strike"],"picked":"Perfected Strike","floor":37},{"not_picked":["Bloodletting+1","Sword Boomerang+1"],"picked":"Headbutt","floor":37},{"not_picked":["Bandage Up","HandOfGreed"],"picked":"Master of Strategy","floor":39},{"not_picked":["Panache","Mayhem"],"picked":"Secret Technique","floor":39},{"not_picked":["Heavy Blade","Impatience+1"],"picked":"Shrug It Off+1","floor":40},{"not_picked":["Body Slam","Clash+1"],"picked":"Warcry+1","floor":41},{"not_picked":["True Grit+1","Cleave+1"],"picked":"Clothesline","floor":46},{"not_picked":["Reckless Charge","Headbutt"],"picked":"Shockwave+1","floor":48}],"player_experience":1485652,"relics_obtained":[{"floor":7,"key":"Question Card"},{"floor":9,"key":"Oddly Smooth Stone"},{"floor":11,"key":"Pocketwatch"},{"floor":13,"key":"Potion Belt"},{"floor":23,"key":"Blood Vial"},{"floor":26,"key":"InkBottle"},{"floor":29,"key":"Lantern"},{"floor":31,"key":"Ornamental Fan"},{"floor":40,"key":"Toxic Egg 2"},{"floor":43,"key":"StrikeDummy"},{"floor":44,"key":"Omamori"}],"event_choices":[{"damage_healed":0,"gold_gain":0,"player_choice":"Grow","damage_taken":0,"max_hp_gain":0,"max_hp_loss":0,"event_name":"Living Wall","floor":2,"gold_loss":0,"cards_upgraded":["Armaments"]},{"damage_healed":0,"gold_gain":0,"player_choice":"Success","damage_taken":7,"relics_obtained":["Art of War"],"max_hp_gain":0,"max_hp_loss":0,"event_name":"Scrap Ooze","floor":4,"gold_loss":0},{"damage_healed":0,"gold_gain":0,"player_choice":"Inject Mutagens","damage_taken":0,"relics_obtained":["MutagenicStrength"],"max_hp_gain":0,"max_hp_loss":0,"event_name":"Drug Dealer","floor":28,"gold_loss":0},{"cards_removed":["Seeing Red"],"damage_healed":0,"gold_gain":0,"player_choice":"Purged","damage_taken":0,"max_hp_gain":0,"max_hp_loss":0,"event_name":"Purifier","floor":36,"gold_loss":0},{"damage_healed":0,"gold_gain":0,"player_choice":"Memory 3","damage_taken":10,"max_hp_gain":0,"max_hp_loss":0,"event_name":"SensoryStone","floor":39,"gold_loss":0},{"damage_healed":0,"gold_gain":0,"player_choice":"Got Potions","damage_taken":0,"max_hp_gain":0,"max_hp_loss":0,"event_name":"Lab","floor":45,"gold_loss":0}],"is_beta":false,"boss_relics":[{"not_picked":["Snecko Eye","Busted Crown"],"picked":"Runic Dome"},{"not_picked":["SlaversCollar","Astrolabe"],"picked":"SacredBark"}],"items_purged_floors":[],"is_endless":false,"potions_floor_spawned":[1,11,14,16,19,25,30,31,33,40,46,48],"killed_by":"Time Eater","ascension_level":0}}