{"host":"ypphcgdomtfqpc2w","time":1613742854,"event":{"mods":["BaseMod","Minty Spire (QoL Compilation)","StSLib"],"gold_per_floor":[218,229,55,55,72,72,104,104,131,131,142,47,65,90,90,163,163,174,194,209,209,56,56,91,91,117,132,132,232,232,262,262,335,335,346,346,358,33,49,49,74,89,114,114,64,64,64,80,80,80,80,80,6,38,38],"floor_reached":56,"language":"ENG","playtime":5288,"items_purged":["Strike_P","Strike_P"],"score":1947,"play_id":"ba888439-5ee1-4761-ad9a-e9359667c46c","local_time":"20210219225414","is_ascension_mode":true,"campfire_choices":[{"data":"Eruption","floor":6,"key":"SMITH"},{"data":"Vigilance","floor":8,"key":"SMITH"},{"data":"Consecrate","floor":10,"key":"SMITH"},{"data":"SpiritShield","floor":15,"key":"SMITH"},{"data":"Scrawl","floor":23,"key":"SMITH"},{"data":"CrushJoints","floor":25,"key":"SMITH"},{"data":"WindmillStrike","floor":28,"key":"SMITH"},{"floor":32,"key":"REST"},{"data":"Devotion","floor":40,"key":"SMITH"},{"data":"Parasite","floor":44,"key":"PURGE"},{"floor":46,"key":"RECALL"},{"data":"Defend_P","floor":49,"key":"PURGE"},{"data":"ThirdEye","floor":52,"key":"SMITH"}],"circlet_count":0,"master_deck":["AscendersBane","Defend_P","Eruption+1","Vigilance+1","JustLucky","FlurryOfBlows","Consecrate+1","Wireheading","ThirdEye+1","Nirvana","Protect","CutThroughFate","Scrawl+1","SpiritShield+1","DeusExMachina","CarveReality","CutThroughFate","Halt","CrushJoints+1","WindmillStrike+1","WaveOfTheHand+1","Devotion+1","EmptyBody+1","Master of Strategy","Secret Weapon","CutThroughFate+1","Tantrum","Prostrate+1","Sanctity"],"relics":["PureWater","Akabeko","Art of War","CaptainsWheel","Empty Cage","Melange","Smiling Mask","Lizard Tail","Bottled Lightning","TeardropLocket","Cursed Key","Membership Card","Peace Pipe","Eternal Feather","Oddly Smooth Stone","OrangePellets","Bird Faced Urn"],"acts_visited":["Exordium","TheCity","TheBeyond","TheEnding"],"potions_floor_usage":[7,11,24,27,31,41,50,55,55],"damage_taken":[{"damage":2,"enemies":"Jaw Worm","floor":1,"turns":3},{"damage":2,"enemies":"2 Louse","floor":2,"turns":3},{"damage":0,"enemies":"Cultist","floor":5,"turns":3},{"damage":6,"enemies":"Lagavulin","floor":7,"turns":7},{"damage":0,"enemies":"3 Louse","floor":11,"turns":1},{"damage":0,"enemies":"2 Fungi Beasts","floor":13,"turns":2},{"damage":5,"enemies":"3 Sentries","floor":14,"turns":5},{"damage":0,"enemies":"Slime Boss","floor":16,"turns":8},{"damage":0,"enemies":"Shell Parasite","floor":18,"turns":3},{"damage":1,"enemies":"Chosen","floor":19,"turns":4},{"damage":16,"enemies":"Centurion and Healer","floor":20,"turns":4},{"damage":2,"enemies":"Slavers","floor":24,"turns":3},{"damage":0,"enemies":"Shelled Parasite and Fungi","floor":27,"turns":1},{"damage":21,"enemies":"Colosseum Slavers","floor":29,"turns":3},{"damage":9,"enemies":"Colosseum Nobs","floor":29,"turns":3},{"damage":12,"enemies":"Book of Stabbing","floor":31,"turns":3},{"damage":21,"enemies":"Automaton","floor":33,"turns":10},{"damage":0,"enemies":"Orb Walker","floor":35,"turns":2},{"damage":1,"enemies":"3 Darklings","floor":37,"turns":5},{"damage":0,"enemies":"Spire Growth","floor":39,"turns":2},{"damage":0,"enemies":"Nemesis","floor":41,"turns":5},{"damage":0,"enemies":"Transient","floor":42,"turns":5},{"damage":0,"enemies":"3 Darklings","floor":48,"turns":3},{"damage":55,"enemies":"Awakened One","floor":50,"turns":8},{"damage":14,"enemies":"Shield and Spear","floor":54,"turns":6},{"damage":79,"enemies":"The Heart","floor":55,"turns":9}],"seed_played":"-5242576303376310340","potions_obtained":[{"floor":2,"key":"BlessingOfTheForge"},{"floor":11,"key":"CultistPotion"},{"floor":14,"key":"AttackPotion"},{"floor":24,"key":"Ambrosia"},{"floor":29,"key":"CultistPotion"},{"floor":35,"key":"Regen Potion"},{"floor":42,"key":"Energy Potion"},{"floor":54,"key":"Explosive Potion"}],"is_trial":false,"path_per_floor":["M","M","$","?","M","R","E","R","T","R","M","$","M","E","R","B",null,"M","M","M","?","$","R","E","R","T","M","R","?","?","E","R","B",null,"M","?","M","$","M","R","E","M","T","R","$","R","?","M","R","B",null,"R","$","E","B",null],"character_chosen":"WATCHER","items_purchased":["Consecrate","Explosive Potion","Protect","CutThroughFate","Melange","Membership Card","Tantrum","Peace Pipe","OrangePellets"],"campfire_rested":1,"item_purchase_floors":[3,3,12,12,22,38,38,38,53],"current_hp_per_floor":[59,57,57,57,57,57,51,51,51,51,51,51,51,46,46,46,63,63,62,46,46,46,46,44,44,44,44,44,14,14,2,22,1,51,51,41,40,40,40,40,54,54,54,65,65,65,65,65,65,10,51,65,65,51,12],"gold":38,"neow_bonus":"HUNDRED_GOLD","is_daily":false,"chose_seed":false,"campfire_upgraded":9,"win_rate":0.0,"timestamp":1613742854,"path_taken":["M","M","$","?","M","R","E","R","T","R","M","$","M","E","R","BOSS","M","M","M","?","$","R","E","R","T","?","R","?","?","E","R","BOSS","M","?","M","$","M","R","E","M","T","R","$","R","?","M","R","BOSS","R","$","E","BOSS"],"items_purchased_type":["Card","Potion","Card","Card","Relic","Relic","Card","Relic","Relic"],"build_version":"2020-12-22","purchased_purges":2,"victory":true,"max_hp_per_floor":[68,68,68,68,68,68,68,68,68,68,68,68,68,68,68,68,68,68,68,68,68,68,68,68,68,68,68,68,68,68,68,68,68,68,68,68,68,68,68,68,68,68,68,65,65,65,65,65,65,65,65,65,65,65,65],"card_choices":[{"not_picked":["EmptyBody","Prostrate"],"picked":"JustLucky","floor":1},{"not_picked":["Halt","WindmillStrike"],"picked":"FlurryOfBlows","floor":2},{"not_picked":["Vengeance","Worship"],"picked":"Wireheading","floor":5},{"not_picked":["EmptyFist","FlurryOfBlows"],"picked":"ThirdEye","floor":7},{"not_picked":["CutThroughFate","BattleHymn"],"picked":"Nirvana","floor":11},{"not_picked":["Prostrate","EmptyBody"],"picked":"Scrawl","floor":13},{"not_picked":["Halt","Evaluate"],"picked":"SpiritShield","floor":14},{"not_picked":["Blasphemy","MasterReality"],"picked":"DeusExMachina","floor":16},{"not_picked":["SashWhip","FlurryOfBlows","Crescendo"],"picked":"SKIP","floor":18},{"not_picked":["EmptyBody","Halt+1"],"picked":"CarveReality","floor":19},{"not_picked":["WindmillStrike","Fasting2"],"picked":"CutThroughFate","floor":20},{"not_picked":["Judgement","FlyingSleeves"],"picked":"CrushJoints","floor":24},{"not_picked":["FlyingSleeves","CutThroughFate"],"picked":"WindmillStrike","floor":27},{"not_picked":["Evaluate","JustLucky"],"picked":"WaveOfTheHand+1","floor":29},{"not_picked":["WaveOfTheHand","SashWhip","Prostrate"],"picked":"SKIP","floor":31},{"not_picked":["Judgement","SpiritShield"],"picked":"Devotion","floor":33},{"not_picked":["FlyingSleeves","WaveOfTheHand"],"picked":"EmptyBody+1","floor":35},{"not_picked":["Impatience","Deep Breath"],"picked":"Master of Strategy","floor":36},{"not_picked":["Jack Of All Trades","Metamorphosis"],"picked":"Secret Weapon","floor":36},{"not_picked":["SashWhip+1","ThirdEye"],"picked":"CutThroughFate+1","floor":37},{"not_picked":["EmptyFist","Wireheading+1","ThirdEye"],"picked":"SKIP","floor":39},{"not_picked":["PathToVictory+1","Vengeance"],"picked":"Prostrate+1","floor":41},{"not_picked":["Indignation","Prostrate"],"picked":"Sanctity","floor":42},{"not_picked":["Study","EmptyFist","ThirdEye"],"picked":"SKIP","floor":48},{"not_picked":["Scrawl","Halt","PathToVictory+1"],"picked":"SKIP","floor":54}],"player_experience":2189245,"relics_obtained":[{"floor":7,"key":"Akabeko"},{"floor":9,"key":"Art of War"},{"floor":14,"key":"CaptainsWheel"},{"floor":24,"key":"Smiling Mask"},{"floor":29,"key":"Lizard Tail"},{"floor":29,"key":"Bottled Lightning"},{"floor":31,"key":"TeardropLocket"},{"floor":41,"key":"Eternal Feather"},{"floor":43,"key":"Oddly Smooth Stone"},{"floor":54,"key":"Bird Faced Urn"}],"event_choices":[{"cards_removed":["Defend_P"],"damage_healed":0,"gold_gain":0,"player_choice":"Forget","damage_taken":0,"max_hp_gain":0,"max_hp_loss":0,"event_name":"Living Wall","floor":4,"gold_loss":0},{"damage_healed":0,"gold_gain":0,"cards_transformed":["Defend_P"],"player_choice":"Transformed","damage_taken":0,"max_hp_gain":0,"max_hp_loss":0,"event_name":"Transmorgrifier","floor":21,"gold_loss":0,"cards_obtained":["Halt"]},{"damage_healed":0,"gold_gain":0,"player_choice":"Fight","damage_taken":0,"max_hp_gain":0,"max_hp_loss":0,"event_name":"Colosseum","floor":29,"gold_loss":0},{"damage_healed":0,"gold_gain":0,"player_choice":"Fought Nobs","damage_taken":0,"max_hp_gain":0,"max_hp_loss":0,"event_name":"Colosseum","floor":29,"gold_loss":0},{"damage_healed":0,"gold_gain":0,"player_choice":"Ignored","damage_taken":0,"max_hp_gain":0,"max_hp_loss":0,"event_name":"Vampires","floor":30,"gold_loss":0},{"damage_healed":0,"gold_gain":0,"player_choice":"Memory 3","damage_taken":10,"max_hp_gain":0,"max_hp_loss":0,"event_name":"SensoryStone","floor":36,"gold_loss":0},{"damage_healed":0,"gold_gain":0,"player_choice":"Bought 0 Potions","damage_taken":0,"max_hp_gain":0,"max_hp_loss":0,"event_name":"The Woman in Blue","floor":47,"gold_loss":0}],"is_beta":false,"boss_relics":[{"not_picked":["Philosopher\u0027s Stone","Busted Crown"],"picked":"Empty Cage"},{"not_picked":["SlaversCollar","SacredBark"],"picked":"Cursed Key"}],"items_purged_floors":[3,45],"is_endless":false,"potions_floor_spawned":[2,5,11,14,18,24,29,29,35,37,42,54],"ascension_level":14}}