{"host":"x730sfaw5rd1mxd8","time":1613764307,"event":{"mods":["BaseMod","BetterRewards","Colored Powertips","Downfall","Highlight Path","Minty Spire (QoL Compilation)","Relic Sorter","Relic Stats","Replay The Spire","StSLib"],"gold_per_floor":[99,115,131,190,201,211,286,311,326,360,377,377,129,129,145,243,243,243,261,277,277,153,153,202,202,280,280,291,309,309,204,223,321,321,321,332,432,445,458,489,515,548,563,576,113,144,144,178,178,178],"floor_reached":51,"language":"ENG","playtime":4197,"items_purged":[],"score":954,"play_id":"bfbbf091-810b-48ab-8bda-2ca8b41d6b0b","local_time":"20210219145147","is_ascension_mode":false,"campfire_choices":[{"data":"Slimebound:CorrosiveSpit","floor":1,"key":"SMITH"},{"data":"Slimebound:GoopSpray","floor":12,"key":"SMITH"},{"data":"Slimebound:Split","floor":18,"key":"SMITH"},{"data":"Slimebound:DouseInSlime","floor":27,"key":"SMITH"},{"data":"Slimebound:SlimeBarrage","floor":30,"key":"SMITH"},{"floor":35,"key":"RECALL"},{"data":"Slimebound:LeadByExample","floor":47,"key":"SMITH"},{"data":"Sadistic Nature","floor":49,"key":"SMITH"}],"circlet_count":0,"master_deck":["Slimebound:Tackle","Slimebound:Defend_Slimebound","Slimebound:Defend_Slimebound","Slimebound:Defend_Slimebound","Slimebound:Defend_Slimebound","Slimebound:Split+1","Slimebound:CorrosiveSpit+1","Slimebound:PrepareCrush+1","Slimebound:Prepare+1","Slimebound:FirmFortitude+1","Slimebound:SplitBruiser","Slimebound:Dissolve","Slimebound:SlimeTap","Slimebound:Equalize","Slimebound:HauntingLick","Slimebound:LeechLife+1","Slimebound:LeadByExample+1","Slimebound:GoopSpray+1","Slimebound:OozeBath","Slimebound:LevelUp","Slimebound:DouseInSlime+1","Slimebound:RainOfGoop","Slimebound:SlimeBarrage+1","Slimebound:RainOfGoop","Slimebound:SplitAcid","Slimebound:DuplicatedForm+1","Slimebound:Recycling+1","Slimebound:SamplingLick+1","Sadistic Nature+1"],"relics":["Astrolabe","Kunai","White Beast Statue","Replay:Rubber Ducky","Ice Cream","ChewingGum","ReplayFunnel","Calipers","Slimebound:TarBlob","ReplayTheSpireMod:TigerMarble","PreservedInsect","Mummified Hand","Bag of Preparation","Guide Book","Meat on the Bone","TungstenRod"],"acts_visited":["Exordium","TheCity","TheBeyond"],"potions_floor_usage":[10,32,36,42],"damage_taken":[{"damage":0,"enemies":"Small Slimes","floor":2,"turns":3},{"damage":0,"enemies":"Jaw Worm","floor":3,"turns":3},{"damage":0,"enemies":"2 Louse","floor":5,"turns":2},{"damage":11,"enemies":"Large Slime","floor":6,"turns":2},{"damage":12,"enemies":"3 Sentries","floor":8,"turns":6},{"damage":5,"enemies":"downfall:LooterAlt","floor":9,"turns":2},{"damage":0,"enemies":"Gremlin Nob","floor":10,"turns":3},{"damage":1,"enemies":"Exordium Wildlife","floor":11,"turns":4},{"damage":0,"enemies":"downfall:FleeingMerchant","floor":13,"turns":4},{"damage":0,"enemies":"Red Slaver","floor":15,"turns":3},{"damage":9,"enemies":"SI_SHIV_ARCHETYPE","floor":16,"turns":6},{"damage":15,"enemies":"Shell Parasite","floor":19,"turns":3},{"damage":20,"enemies":"3 Byrds","floor":20,"turns":4},{"damage":2,"enemies":"downfall:FleeingMerchant","floor":22,"turns":4},{"damage":15,"enemies":"Centurion and Healer","floor":28,"turns":5},{"damage":0,"enemies":"Snecko","floor":29,"turns":4},{"damage":15,"enemies":"downfall:FleeingMerchant","floor":31,"turns":4},{"damage":15,"enemies":"Cultist and Chosen","floor":32,"turns":5},{"damage":15,"enemies":"WA_ARCHETYPE_CALM","floor":33,"turns":4},{"damage":15,"enemies":"3 Darklings","floor":36,"turns":5},{"damage":0,"enemies":"Orb Walker","floor":38,"turns":3},{"damage":16,"enemies":"Writhing Mass","floor":39,"turns":7},{"damage":15,"enemies":"Giant Head","floor":40,"turns":8},{"damage":0,"enemies":"Nemesis","floor":42,"turns":7},{"damage":15,"enemies":"Maw","floor":43,"turns":5},{"damage":15,"enemies":"3 Darklings","floor":44,"turns":5},{"damage":15,"enemies":"Reptomancer","floor":46,"turns":2},{"damage":15,"enemies":"Nemesis","floor":48,"turns":3},{"damage":47,"enemies":"IC_BLOCK_ARCHETYPE","floor":50,"turns":6}],"seed_played":"-5213859539821817152","potions_obtained":[{"floor":6,"key":"Venom Potion"},{"floor":8,"key":"SkillPotion"},{"floor":9,"key":"SteroidPotion"},{"floor":10,"key":"PowerPotion"},{"floor":11,"key":"Weak Potion"},{"floor":13,"key":"Fire Potion"},{"floor":15,"key":"Slimebound:SlimedPotion"},{"floor":16,"key":"Ancient Potion"},{"floor":22,"key":"Regen Potion"},{"floor":32,"key":"Weak Potion"},{"floor":36,"key":"hexamod:SoulburnPotion"},{"floor":38,"key":"Swift Potion"},{"floor":42,"key":"SkillPotion"},{"floor":44,"key":"Slimebound:SlimyTonguePotion"}],"is_trial":false,"path_per_floor":["R","M","M","?","M","M","T","E","M","E","M","R","$","?","M","B",null,"R","M","M","?","$","?","T","?","T","R","M","M","R","$","M","B",null,"R","M","?","M","M","E","T","E","M","M","$","E","R","E","R","B",null],"character_chosen":"SLIMEBOUND","items_purchased":["Slimebound:DouseInSlime","Slimebound:RainOfGoop","Slimebound:DuplicatedForm+1","Calipers","Slimebound:Recycling","Bag of Preparation","Guide Book","Sadistic Nature"],"campfire_rested":0,"item_purchase_floors":[13,13,22,31,31,45,45,45],"current_hp_per_floor":[65,65,65,49,57,46,46,38,43,51,64,64,65,65,65,64,65,65,58,45,45,51,51,51,51,51,51,65,65,65,65,65,65,65,65,54,54,65,65,65,65,65,65,65,65,65,65,65,65,65],"gold":178,"neow_bonus":"BOSS_RELIC","is_daily":false,"chose_seed":false,"campfire_upgraded":7,"win_rate":0.0,"timestamp":1613764307,"path_taken":["R","M","M","?","M","M","T","E","M","E","M","R","$","?","M","BOSS","R","M","M","?","$","?","T","?","?","R","M","M","R","$","M","BOSS","R","M","?","M","M","E","T","E","M","?","$","E","R","E","R","BOSS"],"items_purchased_type":["Card","Card","Card","Relic","Card","Relic","Relic","Card"],"build_version":"2020-12-22","purchased_purges":0,"victory":true,"max_hp_per_floor":[65,65,65,65,65,65,65,65,65,65,65,65,65,65,65,65,65,65,65,65,65,65,65,65,65,65,65,65,65,65,65,65,65,65,65,65,65,65,65,65,65,65,65,65,65,65,65,65,65,65],"relic_stats":{"counters":[29,120],"Mummified Hand":[30],"Astrolabe":["Slimebound:PrepareCrush","Slimebound:Prepare","Slimebound:FirmFortitude"],"PreservedInsect":164,"Bag of Preparation":[6],"Kunai":[4],"obtain_stats":[{"Ice Cream":10,"ReplayFunnel":24,"Calipers":31,"Astrolabe":0,"Guide Book":45,"PreservedInsect":41,"Bag of Preparation":45,"White Beast Statue":7,"Replay:Rubber Ducky":8,"Slimebound:TarBlob":34,"Mummified Hand":42,"ChewingGum":17,"Slimebound:AbsorbEndCombat":0,"ReplayTheSpireMod:TigerMarble":40,"Kunai":4,"TungstenRod":48,"Meat on the Bone":46},{"Ice Cream":7,"ReplayFunnel":14,"Calipers":17,"Astrolabe":0,"Guide Book":26,"PreservedInsect":23,"Bag of Preparation":26,"White Beast Statue":4,"Replay:Rubber Ducky":5,"Slimebound:TarBlob":19,"Mummified Hand":24,"ChewingGum":11,"Slimebound:AbsorbEndCombat":0,"ReplayTheSpireMod:TigerMarble":23,"Kunai":2,"TungstenRod":28,"Meat on the Bone":27},{"Ice Cream":20,"ReplayFunnel":48,"Calipers":61,"Astrolabe":0,"Guide Book":109,"PreservedInsect":92,"Bag of Preparation":109,"White Beast Statue":10,"Replay:Rubber Ducky":15,"Slimebound:TarBlob":70,"Mummified Hand":99,"ChewingGum":37,"Slimebound:AbsorbEndCombat":0,"ReplayTheSpireMod:TigerMarble":92,"Kunai":6,"TungstenRod":114,"Meat on the Bone":111}],"TungstenRod":2,"Meat on the Bone":0},"card_choices":[{"not_picked":["Slimebound:SplitAcid","Slimebound:FinishingTackle"],"picked":"Slimebound:SplitBruiser","floor":2},{"not_picked":["Slimebound:SlimeSpikes","Slimebound:FinishingTackle"],"picked":"Slimebound:Dissolve","floor":3},{"not_picked":["Slimebound:FormOfPuddle","Slimebound:ForwardTackle"],"picked":"Slimebound:SlimeTap","floor":4},{"not_picked":["Slimebound:SplitLeeching","Slimebound:GoopTackle"],"picked":"Slimebound:Equalize","floor":4},{"not_picked":["Slimebound:LeechEnergy","Slimebound:PressTheAttack"],"picked":"Slimebound:HauntingLick","floor":5},{"not_picked":["Slimebound:LivingWall","Slimebound:FinishingTackle"],"picked":"Slimebound:LeechLife","floor":6},{"not_picked":["Slimebound:HauntingLick","Slimebound:SplitBruiser"],"picked":"Slimebound:LeadByExample","floor":8},{"not_picked":["Slimebound:SplitBruiser","Slimebound:LeechingTouch"],"picked":"Slimebound:GoopSpray","floor":9},{"not_picked":["Slimebound:MinionMaster","Slimebound:RollThrough"],"picked":"Slimebound:OozeBath","floor":10},{"not_picked":["Slimebound:Schlurp","Slimebound:SamplingLick","Slimebound:SlimeSpikes"],"picked":"SKIP","floor":11},{"not_picked":["Slimebound:SplitMire","Slimebound:LeechingTouch"],"picked":"Slimebound:LevelUp","floor":13},{"not_picked":["Slimebound:Schlurp","Slimebound:GoopTackle"],"picked":"Slimebound:SlimeBarrage","floor":15},{"not_picked":["Slimebound:Equalize","Slimebound:ServeAndProtect"],"picked":"Slimebound:RainOfGoop","floor":19},{"not_picked":["Slimebound:LeechEnergy+1","Slimebound:SlimeSpikes","Slimebound:Grow"],"picked":"SKIP","floor":20},{"not_picked":["Slimebound:GoopTackle","Slimebound:RollThrough"],"picked":"Slimebound:SplitAcid","floor":22},{"not_picked":["Slimebound:Gluttony","Slimebound:ItLooksTasty","Slimebound:SplitAcid+1"],"picked":"SKIP","floor":28},{"not_picked":["Slimebound:Prepare","Slimebound:SplitLeeching","Slimebound:HauntingLick"],"picked":"SKIP","floor":29},{"not_picked":["Slimebound:SplitAcid","Slimebound:HauntingLick","Slimebound:Schlurp"],"picked":"SKIP","floor":31},{"not_picked":["Slimebound:LeechingTouch","Slimebound:LeechEnergy"],"picked":"Slimebound:SamplingLick+1","floor":32},{"not_picked":["Slimebound:SplitMire","Slimebound:SplitLeeching+1","Slimebound:ComboTackle+1"],"picked":"SKIP","floor":36},{"not_picked":["Slimebound:FormOfPuddle","Slimebound:RollThrough","Slimebound:PressTheAttack+1"],"picked":"SKIP","floor":38},{"not_picked":["Slimebound:Equalize+1","Slimebound:SplitBruiser+1","Slimebound:Schlurp+1"],"picked":"SKIP","floor":39},{"not_picked":["Slimebound:Schlurp+1","Slimebound:Recycling","Slimebound:GoopTackle"],"picked":"SKIP","floor":40},{"not_picked":["Slimebound:TongueLash+1","Slimebound:ForwardTackle+1","Slimebound:SlimeBarrage+1"],"picked":"SKIP","floor":42},{"not_picked":["Slimebound:SplitAcid+1","Slimebound:SplitBruiser","Slimebound:Chomp"],"picked":"SKIP","floor":43},{"not_picked":["Slimebound:DisruptingSlam","Slimebound:FinishingTackle","Slimebound:Schlurp+1"],"picked":"SKIP","floor":44},{"not_picked":["Slimebound:SlimeSpikes+1","Slimebound:LeadByExample","Slimebound:RollThrough+1"],"picked":"SKIP","floor":46},{"not_picked":["Slimebound:RollThrough+1","Slimebound:GoopSpray","Slimebound:SplitAcid+1"],"picked":"SKIP","floor":48}],"player_experience":4204527,"relics_obtained":[{"floor":4,"key":"Kunai"},{"floor":7,"key":"White Beast Statue"},{"floor":8,"key":"Replay:Rubber Ducky"},{"floor":10,"key":"Ice Cream"},{"floor":24,"key":"ReplayFunnel"},{"floor":40,"key":"ReplayTheSpireMod:TigerMarble"},{"floor":41,"key":"PreservedInsect"},{"floor":42,"key":"Mummified Hand"},{"floor":46,"key":"Meat on the Bone"},{"floor":48,"key":"TungstenRod"}],"event_choices":[{"damage_healed":0,"gold_gain":0,"player_choice":"Ignored","damage_taken":0,"max_hp_gain":0,"max_hp_loss":0,"event_name":"Vampires","floor":23,"gold_loss":0}],"is_beta":false,"boss_relics":[{"not_picked":["Calling Bell","Kintsugi"],"picked":"ChewingGum"},{"not_picked":["Runic Dome","Philosopher\u0027s Stone"],"picked":"Slimebound:TarBlob"}],"items_purged_floors":[],"is_endless":false,"potions_floor_spawned":[6,8,9,10,11,13,15,16,19,20,22,28,29,31,32,33,36,38,39,40,42,43,44,46,48],"ascension_level":0}}