{"host":"snn1c4qsf0fj7fzf","time":1613709705,"event":{"mods":["AchievementEnabler","Act Like it!","Aspiration","Astrologer","BaseMod","Colored Powertips","Downfall","Gensokyo","Hermit","Hubris","Infinite Spire","Lobotomy","Minty Spire (QoL Compilation)","Random Character Button","Rare Cards Sparkle","Reimu??????","Reliquary","Replay The Spire","Shop Mod","Spire Arcade","StSLib","The Administrix","The Bug Knight","The Cursed","The Gatherer","The Hierophant","The Poker Player","The Runesmith"],"gold_per_floor":[99,113,128,140,155,182,232,232,132,132,132,132],"floor_reached":10,"language":"ENG","playtime":659,"items_purged":[],"score":68,"play_id":"4df797c0-0ccc-420a-8213-14857c92e83b","local_time":"20210219124145","is_ascension_mode":false,"campfire_choices":[{"data":"hexamod:Strike","floor":1,"key":"PURGE"},{"data":"hexamod:SoulSteal","floor":9,"key":"SMITH"}],"circlet_count":0,"master_deck":["hexamod:Strike","hexamod:Strike","hexamod:Strike","hexamod:Defend","hexamod:Defend","hexamod:Defend","hexamod:Sear","hexamod:Float","hexamod:SearingWound","hexamod:SoulSteal+1","hexamod:HeatShield","hexamod:DynamicBlow"],"relics":["hexamod:SpiritBrand","The Courier","Replay:Rubber Ducky","downfall:HeartBlessingGreen"],"acts_visited":["Exordium"],"potions_floor_usage":[],"damage_taken":[{"damage":0,"enemies":"Small Slimes","floor":2,"turns":3},{"damage":0,"enemies":"Cultist","floor":3,"turns":3},{"damage":1,"enemies":"Jaw Worm","floor":4,"turns":3},{"damage":0,"enemies":"downfall:LooterAlt","floor":5,"turns":3},{"damage":46,"enemies":"3 Sentries","floor":6,"turns":17},{"damage":24,"enemies":"Lagavulin","floor":10,"turns":5}],"seed_played":"5756035293371697077","potions_obtained":[{"floor":5,"key":"champ:CounterPotion"},{"floor":6,"key":"Regen Potion"}],"is_trial":false,"path_per_floor":["R","M","M","M","M","E","T","?","R","E"],"character_chosen":"THE_SPIRIT","items_purchased":[],"campfire_rested":0,"item_purchase_floors":[],"current_hp_per_floor":[70,70,70,69,69,23,23,23,23,0,0,0],"gold":132,"neow_bonus":"ONE_RANDOM_RARE_CARD","is_daily":false,"chose_seed":false,"campfire_upgraded":1,"win_rate":0.0,"timestamp":1613709705,"path_taken":["R","M","M","M","M","E","T","?","R","E"],"items_purchased_type":[],"build_version":"2020-12-22","purchased_purges":0,"victory":false,"max_hp_per_floor":[70,70,70,70,70,70,70,70,70,70,70,70],"card_choices":[{"not_picked":["hexamod:NightmareStrike","hexamod:GhostLash"],"picked":"hexamod:SoulSteal","floor":2},{"not_picked":["hexamod:HauntingEcho","hexamod:StepThrough","hexamod:AdvancingGuard"],"picked":"SKIP","floor":3},{"not_picked":["hexamod:GhostOfSpirePast","hexamod:PhantomCloak"],"picked":"hexamod:HeatShield","floor":4},{"not_picked":["hexamod:HauntingEcho","hexamod:AdvancingGuard","hexamod:InspiringFlames"],"picked":"SKIP","floor":5},{"not_picked":["hexamod:GhostShield","hexamod:FastForward"],"picked":"hexamod:DynamicBlow","floor":6}],"player_experience":446043,"relics_obtained":[{"floor":6,"key":"The Courier"},{"floor":7,"key":"Replay:Rubber Ducky"}],"event_choices":[{"cards_removed":["hexamod:Defend"],"damage_healed":0,"gold_gain":0,"player_choice":"Offered Basic","damage_taken":0,"max_hp_gain":0,"max_hp_loss":0,"event_name":"Bonfire Elementals","floor":8,"gold_loss":0}],"is_beta":false,"boss_relics":[],"items_purged_floors":[],"is_endless":false,"potions_floor_spawned":[5,6],"killed_by":"Lagavulin","ascension_level":0}}