{"host":"i391n33tccqevi90","time":1613760786,"event":{"mods":["2.2 Compatiblity","AchievementEnabler","AlwaysNeverKeys","BaseMod","Better Third Choice","Conspire","Emptier Cage","Filter the Spire","Good Game Mod","Grow up Mod","Hubris","Minty Spire (QoL Compilation)","Remove Card Discount Mod","Replay The Spire","Spicy Shops","StSLib"],"gold_per_floor":[363,227,227,243,257,292,302,302,302,302,302,334,349,57,57,166,166,193,225,250,270,12,12,52,82,82,137,135,166,191,191,191,290,290,325,397,27,89,114,150,188,215,215,275,309,345,381,419,419,439,439,439,7,62,90],"floor_reached":56,"language":"ENG","playtime":8784,"items_purged":["Strike_R","hubris:Despair","Strike_R","Strike_R","Strike_R","Strike_R","Defend_R","Defend_R","Defend_R","Defend_R"],"score":1876,"play_id":"8c3b79fa-7040-444c-8d98-64cc9e00398e","local_time":"20210219125306","is_ascension_mode":true,"campfire_choices":[{"floor":8,"key":"REST"},{"data":"Bash","floor":10,"key":"SMITH"},{"data":"Pummel","floor":15,"key":"SMITH"},{"data":"Fiend Fire","floor":23,"key":"SMITH"},{"data":"ReplayTheSpireMod:Strike From Hell","floor":32,"key":"SMITH"},{"data":"Wild Strike","floor":49,"key":"SMITH"},{"data":"Intimidate","floor":52,"key":"SMITH"}],"circlet_count":0,"master_deck":["Bash+1","ReplayTheSpireMod:Limb From Limb","Fire Breathing","Heavy Blade","Apotheosis+1","Intimidate+1","Feed","ReplayTheSpireMod:Strike From Hell+1","conspire:HitWhereItHurts+1","Pummel+1","Fiend Fire+1","Shrug It Off","Second Wind","Life Link+1","Shockwave","Havoc","Pommel Strike+1","Spot Weakness","Spot Weakness","Wild Strike+1","Spot Weakness","Defy Death+1","Ghostly Armor+1","Reaper","Clash","Clash","hubris:StunningStrike"],"relics":["Burning Blood","REME:ComplimentaryCards","Omamori","Tiny Chest","Replay:Accelerometer","Replay:Bandana","Bronze Scales","Busted Crown","ReplayTheSpireMod:TigerMarble","hubris:IronBody","Iron Hammer","hubris:TenFootPole","Bag of Preparation","hubris:TerracottaHorce","Champion Belt","hubris:Spice","hubris:FunFungus","Pen Nib","Singing Bowl","Dream Catcher","conspire:GiftBox"],"acts_visited":["Exordium","TheCity","TheBeyond","TheEnding"],"potions_floor_usage":[16,24,25,29,38,50,55,55],"damage_taken":[{"damage":6,"enemies":"Cultist","floor":1,"turns":3},{"damage":1,"enemies":"Jaw Worm","floor":4,"turns":3},{"damage":5,"enemies":"Small Slimes","floor":5,"turns":3},{"damage":26,"enemies":"Lagavulin","floor":6,"turns":5},{"damage":12,"enemies":"Looter","floor":7,"turns":3},{"damage":20,"enemies":"Gremlin Nob","floor":12,"turns":4},{"damage":13,"enemies":"Red Slaver","floor":13,"turns":3},{"damage":110,"enemies":"Hexaghost","floor":16,"turns":6},{"damage":29,"enemies":"Shell Parasite","floor":18,"turns":4},{"damage":24,"enemies":"2 Thieves","floor":19,"turns":3},{"damage":3,"enemies":"Centurion and Healer","floor":21,"turns":7},{"damage":31,"enemies":"3 Cultists","floor":24,"turns":4},{"damage":11,"enemies":"Shelled Parasite and Fungi","floor":25,"turns":3},{"damage":27,"enemies":"Replay:Snechameleon","floor":27,"turns":4},{"damage":8,"enemies":"Sentry and Sphere","floor":29,"turns":5},{"damage":14,"enemies":"Pondfish","floor":33,"turns":6},{"damage":9,"enemies":"Orb Walker","floor":35,"turns":3},{"damage":0,"enemies":"Mind Bloom Boss Battle","floor":36,"turns":6},{"damage":32,"enemies":"2 Orb Walkers","floor":38,"turns":3},{"damage":14,"enemies":"3 Darklings","floor":39,"turns":5},{"damage":24,"enemies":"Jaw Worm Horde","floor":40,"turns":4},{"damage":1,"enemies":"R_Hoarder","floor":41,"turns":5},{"damage":0,"enemies":"Giant Head","floor":44,"turns":5},{"damage":4,"enemies":"Transient","floor":45,"turns":5},{"damage":0,"enemies":"Spire Growth","floor":46,"turns":2},{"damage":19,"enemies":"3 Darklings","floor":47,"turns":3},{"damage":0,"enemies":"Maw","floor":48,"turns":4},{"damage":45,"enemies":"Donu and Deca","floor":50,"turns":9},{"damage":22,"enemies":"Shield and Spear","floor":54,"turns":3},{"damage":59,"enemies":"The Heart","floor":55,"turns":6}],"seed_played":"-6736845565271836457","potions_obtained":[{"floor":5,"key":"GamblersBrew"},{"floor":12,"key":"Venom Potion"},{"floor":13,"key":"Block Potion"},{"floor":18,"key":"Energy Potion"},{"floor":24,"key":"DistilledChaos"},{"floor":25,"key":"Strength Potion"},{"floor":35,"key":"Strength Potion"},{"floor":39,"key":"Elixir"},{"floor":45,"key":"LiquidMemories"},{"floor":46,"key":"Swift Potion"}],"is_trial":false,"path_per_floor":["M","$","?","M","M","E","M","R","T","R","?","E","M","$","R","B",null,"M","M","T","M","$","R","M","M","T","E","$","M","T","?","R","B",null,"M","?","$","?","M","M","E","T","T","E","M","M","M","M","R","B",null,"R","$","E","B",null],"character_chosen":"IRONCLAD","items_purchased":["Fire Breathing","Heavy Blade","Replay:Bandana","Bronze Scales","hubris:IronBody","Spot Weakness","hubris:Spice","conspire:GiftBox","hubris:Spice","PowerPotion","Clash","hubris:StunningStrike"],"campfire_rested":1,"item_purchase_floors":[2,2,14,14,22,37,37,53,53,53,53,53],"current_hp_per_floor":[100,110,120,130,140,134,138,174,184,194,204,204,207,217,227,133,268,255,247,257,270,280,290,275,284,294,283,293,305,315,325,335,337,421,428,448,466,450,452,449,473,483,493,509,525,543,540,560,570,554,629,639,649,649,616],"gold":90,"neow_bonus":"TWO_FIFTY_GOLD","is_daily":false,"chose_seed":false,"campfire_upgraded":6,"win_rate":0.0,"timestamp":1613760786,"path_taken":["M","$","?","M","M","E","M","R","T","R","?","E","M","$","R","BOSS","M","M","?","M","$","R","M","M","T","E","$","?","?","?","R","BOSS","M","?","$","?","M","M","E","?","T","E","M","M","?","M","R","BOSS","R","$","E","BOSS"],"items_purchased_type":["Card","Card","Relic","Relic","Relic","Card","Relic","Relic","Relic","Potion","Card","Card"],"build_version":"2020-12-22","purchased_purges":10,"victory":true,"max_hp_per_floor":[100,110,120,130,140,154,164,174,184,194,204,218,228,238,248,258,268,278,288,298,308,318,328,338,352,362,372,382,396,406,416,426,436,446,456,470,488,498,508,522,540,550,560,570,582,594,604,616,626,640,650,660,662,669,679],"card_choices":[{"not_picked":["Flex","Warcry"],"picked":"ReplayTheSpireMod:Limb From Limb","floor":1},{"not_picked":["Thunderclap","Iron Wave"],"picked":"Intimidate","floor":4},{"not_picked":["Feel No Pain","Warcry"],"picked":"ReplayTheSpireMod:Strike From Hell","floor":5},{"not_picked":["Body Slam","hubris:ReadiedAction"],"picked":"conspire:HitWhereItHurts","floor":6},{"not_picked":["Run Through","hubris:CleavingFinish","Twin Strike"],"picked":"SKIP","floor":7},{"not_picked":["Intimidate","Dark Embrace"],"picked":"Pummel","floor":12},{"not_picked":["Armaments","Body Slam","hubris:CleavingFinish"],"picked":"SKIP","floor":13},{"not_picked":["Reaper","Feed"],"picked":"Fiend Fire","floor":16},{"not_picked":[],"picked":"Shrug It Off","floor":18},{"not_picked":[],"picked":"Second Wind","floor":19},{"not_picked":["Perfected Strike"],"picked":"SKIP","floor":21},{"not_picked":["Perfected Strike"],"picked":"SKIP","floor":24},{"not_picked":["Run Through"],"picked":"SKIP","floor":25},{"not_picked":[],"picked":"Life Link+1","floor":27},{"not_picked":[],"picked":"Shockwave","floor":29},{"not_picked":[],"picked":"Pommel Strike+1","floor":35},{"not_picked":[],"picked":"Wild Strike","floor":39},{"not_picked":[],"picked":"Spot Weakness","floor":40},{"not_picked":[],"picked":"Defy Death+1","floor":41},{"not_picked":[],"picked":"Ghostly Armor+1","floor":44},{"not_picked":["Second Wind"],"picked":"Singing Bowl","floor":45},{"not_picked":["Heavy Blade+1"],"picked":"Singing Bowl","floor":46},{"not_picked":[],"picked":"hubris:SpiceAddiction","floor":47},{"not_picked":["Rage+1"],"picked":"Singing Bowl","floor":48},{"not_picked":[],"picked":"Reaper","floor":53},{"not_picked":["Cleave+1"],"picked":"Singing Bowl","floor":54}],"player_experience":624027,"relics_obtained":[{"floor":6,"key":"Omamori"},{"floor":9,"key":"Tiny Chest"},{"floor":12,"key":"Replay:Accelerometer"},{"floor":20,"key":"ReplayTheSpireMod:TigerMarble"},{"floor":26,"key":"Iron Hammer"},{"floor":27,"key":"hubris:TenFootPole"},{"floor":30,"key":"Bag of Preparation"},{"floor":36,"key":"Champion Belt"},{"floor":38,"key":"hubris:FunFungus"},{"floor":41,"key":"hubris:Spice"},{"floor":42,"key":"Pen Nib"},{"floor":43,"key":"Singing Bowl"},{"floor":44,"key":"Dream Catcher"},{"floor":54,"key":"hubris:Spice"}],"event_choices":[{"damage_healed":110,"gold_gain":0,"player_choice":"Embrace","damage_taken":0,"max_hp_gain":0,"max_hp_loss":110,"event_name":"betterThird:BetterShining","floor":3,"gold_loss":0},{"damage_healed":0,"gold_gain":0,"player_choice":"Upgraded","damage_taken":0,"max_hp_gain":0,"max_hp_loss":0,"event_name":"Upgrade Shrine","floor":11,"gold_loss":0,"cards_upgraded":["conspire:HitWhereItHurts"]},{"damage_healed":0,"gold_gain":0,"player_choice":"1 cards matched","damage_taken":0,"max_hp_gain":0,"max_hp_loss":0,"event_name":"Match and Keep!","floor":31,"gold_loss":0,"cards_obtained":["Havoc"]},{"damage_healed":0,"gold_gain":0,"player_choice":"Fight","damage_taken":0,"max_hp_gain":0,"max_hp_loss":0,"event_name":"MindBloom","floor":36,"gold_loss":0},{"damage_healed":0,"gold_gain":0,"player_choice":"Fight","damage_taken":0,"max_hp_gain":0,"max_hp_loss":0,"event_name":"Mysterious Sphere","floor":38,"gold_loss":0}],"is_beta":false,"boss_relics":[{"not_picked":["Sozu","Calling Bell"],"picked":"Busted Crown"},{"not_picked":["Cursed Key","hubris:GrandSneckoEye"],"picked":"hubris:TerracottaHorce"}],"items_purged_floors":[2,2,2,2,28,53,53,53,53,53],"is_endless":false,"potions_floor_spawned":[5,12,13,18,24,25,35,39,45,46,48],"ascension_level":5}}