{"host":"wshey5htrz8rni6u","time":1613726459,"event":{"mods":["2.2 Compatiblity","BaseMod","Block Reminder","Colored Map","Colored Powertips","Current Relic Mod","Curses Come First","Dark Map","Key Reminder","Keyboard Shortcuts","Minty Spire (QoL Compilation)","Potion Indicator Mod","Quick Restart","Random Character Button","Relic Sorter","Relic Stats","StSLib","SuperFastMode","Unceasing Turn Reminder","UnlockEverythingMod","Weighted Paths"],"gold_per_floor":[110,285,235,14,31,62,36,46,46,46,46,56,9,9,9,109,109,127,140,155,155,155,185,185,215,238,238,254,271,16,45,45,147,147,166,216,297,297,307,307,336,347,395,410,440,440,466,479,479,479,479,479,4,39,39],"floor_reached":56,"language":"ENG","playtime":8904,"items_purged":["Doubt","Strike_G","Strike_G"],"score":1756,"play_id":"580c020a-e802-4503-86a6-0514b4c00927","local_time":"20210219012059","is_ascension_mode":true,"campfire_choices":[{"floor":10,"key":"REST"},{"data":"Neutralize","floor":15,"key":"SMITH"},{"data":"A Thousand Cuts","floor":24,"key":"SMITH"},{"data":"A Thousand Cuts","floor":27,"key":"SMITH"},{"floor":32,"key":"REST"},{"data":"After Image","floor":40,"key":"SMITH"},{"floor":46,"key":"RECALL"},{"data":"Envenom","floor":49,"key":"SMITH"},{"data":"Well Laid Plans","floor":52,"key":"SMITH"}],"circlet_count":0,"master_deck":["Defend_G","Defend_G","Defend_G","Defend_G","Defend_G","Survivor","Neutralize+1","Poisoned Stab","Blade Dance","Flying Knee","Infinite Blades","Bane","Backflip","Infinite Blades","Malaise+1","Dagger Throw","Blade Dance","Backflip+1","Blade Dance","Panacea","A Thousand Cuts+1","Deflect","Acrobatics+1","Ghostly","Ghostly","Ghostly","Ghostly","Ghostly","A Thousand Cuts+1","Cloak And Dagger","Blade Dance+1","PiercingWail","Caltrops","After Image+1","Calculated Gamble+1","Storm of Steel","Deflect","A Thousand Cuts","Crippling Poison+1","Blade Dance","Calculated Gamble+1","Accuracy+1","Endless Agony+1","Well Laid Plans+1","Envenom+1","Infinite Blades","PiercingWail","Cloak And Dagger","Acrobatics"],"relics":["Ring of the Serpent","Oddly Smooth Stone","Kunai","War Paint","Tiny Chest","Strawberry","Red Mask","WristBlade","StoneCalendar","Meat on the Bone","Toy Ornithopter","Gambling Chip","Anchor","Snake Skull","Bag of Marbles"],"acts_visited":["Exordium","TheCity","TheBeyond","TheEnding"],"potions_floor_usage":[18,20,23,31,33,41,47,54,54,54],"damage_taken":[{"damage":2.0,"enemies":"Small Slimes","floor":1.0,"turns":3.0},{"damage":2,"enemies":"2 Louse","floor":5,"turns":3},{"damage":15,"enemies":"3 Sentries","floor":6,"turns":8},{"damage":0,"enemies":"Jaw Worm","floor":8,"turns":3},{"damage":10,"enemies":"Lots of Slimes","floor":12,"turns":5},{"damage":7,"enemies":"Slime Boss","floor":16,"turns":10},{"damage":17,"enemies":"2 Thieves","floor":18,"turns":5},{"damage":3,"enemies":"Shell Parasite","floor":19,"turns":5},{"damage":14,"enemies":"3 Cultists","floor":20,"turns":6},{"damage":0,"enemies":"Book of Stabbing","floor":23,"turns":10},{"damage":6,"enemies":"Gremlin Leader","floor":25,"turns":6},{"damage":7,"enemies":"Sentry and Sphere","floor":28,"turns":8},{"damage":2,"enemies":"Snecko","floor":29,"turns":5},{"damage":4,"enemies":"Masked Bandits","floor":31,"turns":4},{"damage":10,"enemies":"Champ","floor":33,"turns":8},{"damage":0,"enemies":"3 Shapes","floor":35,"turns":6},{"damage":0,"enemies":"Mind Bloom Boss Battle","floor":36,"turns":8},{"damage":0,"enemies":"Orb Walker","floor":39,"turns":5},{"damage":2,"enemies":"Giant Head","floor":41,"turns":8},{"damage":0,"enemies":"4 Shapes","floor":42,"turns":4},{"damage":0,"enemies":"Maw","floor":44,"turns":8},{"damage":0,"enemies":"Nemesis","floor":45,"turns":8},{"damage":0,"enemies":"Giant Head","floor":47,"turns":7},{"damage":0,"enemies":"Sphere and 2 Shapes","floor":48,"turns":7},{"damage":12,"enemies":"Time Eater","floor":50,"turns":13},{"damage":33,"enemies":"Shield and Spear","floor":54,"turns":7},{"damage":31,"enemies":"The Heart","floor":55,"turns":10}],"seed_played":"-3800752104740805307","potions_obtained":[{"floor":5,"key":"CultistPotion"},{"floor":6,"key":"SkillPotion"},{"floor":12,"key":"SkillPotion"},{"floor":18,"key":"Block Potion"},{"floor":19,"key":"EssenceOfSteel"},{"floor":28,"key":"Energy Potion"},{"floor":31,"key":"Weak Potion"},{"floor":41,"key":"CunningPotion"},{"floor":42,"key":"Explosive Potion"},{"floor":45,"key":"AttackPotion"},{"floor":48,"key":"Dexterity Potion"}],"is_trial":false,"path_per_floor":["M","?","?","$","M","E","$","M","T","R","?","M","$","?","R","B",null,"M","M","M","?","?","E","R","E","T","R","M","M","$","?","R","B",null,"M","?","T","?","M","R","E","M","T","M","E","R","E","M","R","B",null,"R","$","E","B",null],"character_chosen":"THE_SILENT","items_purchased":["Infinite Blades","Bane","Backflip","Dagger Throw","Blade Dance","After Image","Snake Skull","Infinite Blades","PiercingWail","Cloak And Dagger","Energy Potion"],"campfire_rested":2,"item_purchase_floors":[4,4,4,7,13,30,53,53,53,53,53],"current_hp_per_floor":[43,43,43,43,41,26,26,26,26,47,70,60,60,60,60,53,66,49,46,32,32,32,32,32,26,33,33,26,24,24,20,32,22,37,37,37,37,37,37,37,35,35,35,35,35,35,40,40,40,28,39,39,39,33,14],"gold":39,"neow_bonus":"TRANSFORM_TWO_CARDS","is_daily":false,"chose_seed":false,"campfire_upgraded":6,"win_rate":0.0,"timestamp":1613726459,"path_taken":["M","?","?","$","M","E","$","M","T","R","?","?","?","?","R","BOSS","M","M","?","?","?","E","R","E","T","R","?","M","$","?","R","BOSS","M","?","?","?","?","R","E","M","T","M","E","R","E","M","R","BOSS","R","$","E","BOSS"],"items_purchased_type":["Card","Card","Card","Card","Card","Card","Relic","Card","Card","Card","Potion"],"build_version":"2020-12-13","purchased_purges":3,"victory":true,"max_hp_per_floor":[70,70,70,70,70,70,70,70,70,70,70,70,70,70,70,70,70,70,70,70,35,35,35,35,35,42,42,42,42,42,42,42,42,42,42,42,42,42,42,42,42,42,42,42,42,42,42,42,42,42,42,42,42,42,42],"relic_stats":{"counters":[27,180],"Gambling Chip":[8],"Tiny Chest":1,"StoneCalendar":[260],"Snake Skull":[30],"Kunai":[130],"War Paint":["Malaise","Backflip"],"obtain_stats":[{"Oddly Smooth Stone":6,"StoneCalendar":36,"Snake Skull":53,"War Paint":23,"keyreminder:keyreminder":37,"Anchor":47,"WristBlade":34,"Strawberry":26,"Gambling Chip":45,"Tiny Chest":25,"Red Mask":31,"Bag of Marbles":54,"Kunai":9,"Ring of the Serpent":17,"Toy Ornithopter":43,"Ring of the Snake":0,"Meat on the Bone":41},{"Oddly Smooth Stone":3,"StoneCalendar":17,"Snake Skull":25,"War Paint":10,"keyreminder:keyreminder":17,"Anchor":23,"WristBlade":15,"Strawberry":11,"Gambling Chip":22,"Tiny Chest":11,"Red Mask":14,"Bag of Marbles":26,"Kunai":4,"Ring of the Serpent":6,"Toy Ornithopter":20,"Ring of the Snake":0,"Meat on the Bone":19},{"Oddly Smooth Stone":14,"StoneCalendar":103,"Snake Skull":163,"War Paint":58,"keyreminder:keyreminder":103,"Anchor":143,"WristBlade":89,"Strawberry":64,"Gambling Chip":136,"Tiny Chest":64,"Red Mask":81,"Bag of Marbles":170,"Kunai":17,"Ring of the Serpent":32,"Toy Ornithopter":120,"Ring of the Snake":0,"Meat on the Bone":116}],"Toy Ornithopter":20,"Meat on the Bone":24},"card_choices":[{"not_picked":["Cloak And Dagger","PiercingWail"],"picked":"Flying Knee","floor":1.0},{"not_picked":["Flechettes","Bouncing Flask"],"picked":"Infinite Blades","floor":5},{"not_picked":["PiercingWail","Slice"],"picked":"Malaise","floor":6},{"not_picked":["Quick Slash","Flying Knee"],"picked":"Blade Dance","floor":8},{"not_picked":["Eviscerate","Acrobatics"],"picked":"Backflip","floor":12},{"not_picked":["Grand Finale","Glass Knife"],"picked":"A Thousand Cuts","floor":16},{"not_picked":["Prepared+1","Backflip"],"picked":"Deflect","floor":18},{"not_picked":["Riddle With Holes","Skewer"],"picked":"Acrobatics+1","floor":19},{"not_picked":["Slice+1","Flying Knee+1","All Out Attack"],"picked":"SKIP","floor":20},{"not_picked":["Doppelganger","Underhanded Strike+1"],"picked":"Cloak And Dagger","floor":23},{"not_picked":["Predator","Deadly Poison"],"picked":"Blade Dance+1","floor":25},{"not_picked":["Bouncing Flask+1","Dash+1"],"picked":"PiercingWail","floor":28},{"not_picked":["Masterful Stab+1","Bane"],"picked":"Caltrops","floor":29},{"not_picked":["Sucker Punch+1","Backflip"],"picked":"Calculated Gamble+1","floor":31},{"not_picked":["Burst","Phantasmal Killer"],"picked":"Storm of Steel","floor":33},{"not_picked":["Underhanded Strike+1","Dagger Spray+1"],"picked":"Deflect","floor":35},{"not_picked":["Flying Knee","Prepared+1"],"picked":"A Thousand Cuts","floor":36},{"not_picked":["Dagger Throw+1","Dagger Spray"],"picked":"Crippling Poison+1","floor":39},{"not_picked":["Catalyst","Predator"],"picked":"Blade Dance","floor":41},{"not_picked":["Concentrate+1","Catalyst+1"],"picked":"Calculated Gamble+1","floor":42},{"not_picked":["Outmaneuver+1","Expertise+1"],"picked":"Accuracy+1","floor":44},{"not_picked":["Backstab","Dagger Throw"],"picked":"Endless Agony+1","floor":45},{"not_picked":["Blade Dance+1","Eviscerate+1"],"picked":"Well Laid Plans","floor":47},{"not_picked":["Slice+1","Underhanded Strike+1"],"picked":"Envenom","floor":48},{"not_picked":["Dagger Spray+1","Poisoned Stab+1"],"picked":"Acrobatics","floor":54}],"player_experience":116750,"relics_obtained":[{"floor":6,"key":"Oddly Smooth Stone"},{"floor":9,"key":"Kunai"},{"floor":23,"key":"War Paint"},{"floor":25,"key":"Tiny Chest"},{"floor":26,"key":"Strawberry"},{"floor":31,"key":"Red Mask"},{"floor":36,"key":"StoneCalendar"},{"floor":41,"key":"Meat on the Bone"},{"floor":43,"key":"Toy Ornithopter"},{"floor":45,"key":"Gambling Chip"},{"floor":47,"key":"Anchor"},{"floor":54,"key":"Bag of Marbles"}],"event_choices":[{"damage_healed":0.0,"max_hp_gain":0.0,"max_hp_loss":0.0,"gold_gain":175.0,"event_name":"Liars Game","player_choice":"AGREE","floor":2.0,"gold_loss":0.0,"damage_taken":0.0,"cards_obtained":["Doubt"]},{"cards_removed":["Strike_G"],"damage_healed":0.0,"max_hp_gain":0.0,"max_hp_loss":0.0,"gold_gain":0.0,"event_name":"The Cleric","player_choice":"Card Removal","floor":3.0,"gold_loss":50.0,"damage_taken":0.0},{"damage_healed":23,"gold_gain":0,"player_choice":"Banana","damage_taken":0,"max_hp_gain":0,"max_hp_loss":0,"event_name":"Big Fish","floor":11,"gold_loss":0},{"damage_healed":0,"gold_gain":0,"player_choice":"1 cards matched","damage_taken":0,"max_hp_gain":0,"max_hp_loss":0,"event_name":"Match and Keep!","floor":14,"gold_loss":0,"cards_obtained":["Panacea"]},{"damage_healed":0,"gold_gain":0,"player_choice":"Became a Ghost","damage_taken":0,"max_hp_gain":0,"max_hp_loss":35,"event_name":"Ghosts","floor":21,"gold_loss":0,"cards_obtained":["Ghostly","Ghostly","Ghostly","Ghostly","Ghostly"]},{"damage_healed":0,"gold_gain":0,"player_choice":"Copied","damage_taken":0,"max_hp_gain":0,"max_hp_loss":0,"event_name":"Duplicator","floor":22,"gold_loss":0,"cards_obtained":["A Thousand Cuts"]},{"damage_healed":0,"gold_gain":0,"player_choice":"Fought Bandits","damage_taken":0,"max_hp_gain":0,"max_hp_loss":0,"event_name":"Masked Bandits","floor":31,"gold_loss":0},{"damage_healed":0,"gold_gain":0,"player_choice":"Fight","damage_taken":0,"max_hp_gain":0,"max_hp_loss":0,"event_name":"MindBloom","floor":36,"gold_loss":0},{"damage_healed":0,"gold_gain":0,"player_choice":"Ignored","damage_taken":0,"max_hp_gain":0,"max_hp_loss":0,"event_name":"SecretPortal","floor":38,"gold_loss":0}],"is_beta":false,"boss_relics":[{"not_picked":["Philosopher\u0027s Stone","SacredBark"],"picked":"Ring of the Serpent"},{"not_picked":["Tiny House","Fusion Hammer"],"picked":"WristBlade"}],"items_purged_floors":[4,30,53],"is_endless":false,"potions_floor_spawned":[5,6,12,18,19,28,31,41,42,45,48],"ascension_level":7}}