{"host":"0qulokkk26x4i6bu","time":1613701213,"event":{"mods":["BaseMod","Bestiary","Block Reminder","DeckTracker","Minty Spire (QoL Compilation)","Relic Stats"],"gold_per_floor":[115,115,129,140,140,168,24,24,48,48,60,77,105,55,55,157,157,174,185,185,202,216,216,250,250,250,579,592,592,592],"floor_reached":29,"language":"ENG","playtime":1412,"items_purged":["Strike_G"],"score":374,"play_id":"5bdddce2-4c4b-45f9-9b5a-17ad30ffec61","local_time":"20210218182013","is_ascension_mode":true,"campfire_choices":[{"data":"Neutralize","floor":8,"key":"SMITH"},{"data":"Catalyst","floor":15,"key":"SMITH"},{"data":"Wraith Form v2","floor":23,"key":"SMITH"},{"floor":25,"key":"REST"}],"circlet_count":0,"master_deck":["Defend_G","Defend_G","Defend_G","Defend_G","Defend_G","Survivor","Neutralize+1","Footwork+1","Deadly Poison","Bouncing Flask","Endless Agony","Dagger Spray","Catalyst+1","Wraith Form v2+1","Dagger Spray+1","Deadly Poison","Crippling Poison","Caltrops","Acrobatics+1"],"relics":["Ring of the Snake","NeowsBlessing","Oddly Smooth Stone","Mercury Hourglass","Lantern","Blue Candle","Empty Cage","Nilry\u0027s Codex","Ornamental Fan","Sundial","Old Coin"],"acts_visited":["Exordium","TheCity"],"potions_floor_usage":[21,24,28],"damage_taken":[{"damage":0,"enemies":"Jaw Worm","floor":1,"turns":1},{"damage":0,"enemies":"Cultist","floor":3,"turns":1},{"damage":0,"enemies":"2 Louse","floor":4,"turns":1},{"damage":28,"enemies":"3 Sentries","floor":6,"turns":23},{"damage":3,"enemies":"2 Fungi Beasts","floor":11,"turns":3},{"damage":0,"enemies":"Exordium Wildlife","floor":12,"turns":3},{"damage":3,"enemies":"Lagavulin","floor":13,"turns":6},{"damage":0,"enemies":"Hexaghost","floor":16,"turns":6},{"damage":16,"enemies":"Shell Parasite","floor":18,"turns":4},{"damage":0,"enemies":"Chosen","floor":19,"turns":5},{"damage":25,"enemies":"Snake Plant","floor":21,"turns":6},{"damage":1,"enemies":"Snecko","floor":22,"turns":4},{"damage":11,"enemies":"Slavers","floor":24,"turns":6},{"damage":8,"enemies":"Gremlin Leader","floor":27,"turns":6},{"damage":8,"enemies":"3 Cultists","floor":28,"turns":5},{"damage":6,"enemies":"Snake Plant","floor":29,"turns":3}],"seed_played":"-7461688875319426383","potions_obtained":[{"floor":6,"key":"Energy Potion"},{"floor":12,"key":"LiquidMemories"},{"floor":13,"key":"Ancient Potion"},{"floor":22,"key":"FearPotion"},{"floor":27,"key":"Fire Potion"}],"is_trial":false,"path_per_floor":["M","?","M","M","?","E","$","R","T","?","M","M","E","?","R","B",null,"M","M","?","M","M","R","E","R","T","E","M","M"],"character_chosen":"THE_SILENT","items_purchased":["Endless Agony"],"campfire_rested":1,"item_purchase_floors":[7],"current_hp_per_floor":[70,70,70,70,63,35,35,35,35,35,32,32,29,29,29,29,70,54,54,38,13,12,12,1,22,22,14,6,0,0],"gold":592,"neow_bonus":"THREE_ENEMY_KILL","is_daily":false,"chose_seed":false,"campfire_upgraded":3,"win_rate":0.0,"timestamp":1613701213,"path_taken":["M","?","?","M","?","E","$","R","T","?","M","M","E","?","R","BOSS","M","M","?","M","M","R","E","R","T","E","M","M"],"items_purchased_type":["Card"],"build_version":"2020-12-22","purchased_purges":1,"victory":false,"max_hp_per_floor":[70,70,70,70,70,70,70,70,70,70,70,70,70,70,70,70,70,70,70,70,70,70,70,70,70,70,70,70,70,70],"relic_stats":{"counters":[16,82],"Ornamental Fan":[4],"Sundial":[2],"Blue Candle":[0],"obtain_stats":[{"Lantern":9,"NeowsBlessing":0,"Nilry\u0027s Codex":20,"Ornamental Fan":24,"Sundial":26,"Blue Candle":13,"Oddly Smooth Stone":5,"Empty Cage":17,"Ring of the Snake":0,"Mercury Hourglass":6,"Old Coin":27},{"Lantern":4,"NeowsBlessing":0,"Nilry\u0027s Codex":10,"Ornamental Fan":13,"Sundial":13,"Blue Candle":7,"Oddly Smooth Stone":3,"Empty Cage":8,"Ring of the Snake":0,"Mercury Hourglass":4,"Old Coin":14},{"Lantern":26,"NeowsBlessing":0,"Nilry\u0027s Codex":52,"Ornamental Fan":68,"Sundial":68,"Blue Candle":37,"Oddly Smooth Stone":3,"Empty Cage":43,"Ring of the Snake":0,"Mercury Hourglass":26,"Old Coin":74}],"Ring of the Snake":[33],"Mercury Hourglass":[245]},"card_choices":[{"not_picked":["Quick Slash","PiercingWail","Finisher"],"picked":"SKIP","floor":1},{"not_picked":["PiercingWail","Blade Dance"],"picked":"Footwork","floor":3},{"not_picked":["Acrobatics","Riddle With Holes"],"picked":"Deadly Poison","floor":4},{"not_picked":["Endless Agony","Outmaneuver"],"picked":"Bouncing Flask","floor":6},{"not_picked":["Poisoned Stab","Endless Agony"],"picked":"Dagger Spray","floor":11},{"not_picked":["Bane","Blade Dance","Quick Slash"],"picked":"SKIP","floor":12},{"not_picked":["Poisoned Stab","A Thousand Cuts"],"picked":"Catalyst","floor":13},{"not_picked":["Glass Knife","Tools of the Trade"],"picked":"Wraith Form v2","floor":16},{"not_picked":["Blade Dance","Underhanded Strike"],"picked":"Dagger Spray+1","floor":18},{"not_picked":["Bane","Tactician+1","Bullet Time"],"picked":"SKIP","floor":19},{"not_picked":["Catalyst","Dodge and Roll+1"],"picked":"Deadly Poison","floor":21},{"not_picked":["Deadly Poison","Backflip+1"],"picked":"Crippling Poison","floor":22},{"not_picked":["Dagger Spray","Infinite Blades","Eviscerate"],"picked":"SKIP","floor":24},{"not_picked":["Endless Agony","Prepared"],"picked":"Caltrops","floor":27},{"not_picked":["Slice","Tactician"],"picked":"Acrobatics+1","floor":28}],"player_experience":72104,"relics_obtained":[{"floor":6,"key":"Mercury Hourglass"},{"floor":9,"key":"Lantern"},{"floor":13,"key":"Blue Candle"},{"floor":20,"key":"Nilry\u0027s Codex"},{"floor":24,"key":"Ornamental Fan"},{"floor":26,"key":"Sundial"},{"floor":27,"key":"Old Coin"}],"event_choices":[{"cards_removed":["Strike_G"],"damage_healed":0,"gold_gain":0,"player_choice":"Purged","damage_taken":0,"max_hp_gain":0,"max_hp_loss":0,"event_name":"Purifier","floor":2,"gold_loss":0},{"damage_healed":0,"gold_gain":0,"player_choice":"Success","damage_taken":7,"relics_obtained":["Oddly Smooth Stone"],"max_hp_gain":0,"max_hp_loss":0,"event_name":"Scrap Ooze","floor":5,"gold_loss":0},{"damage_healed":0,"gold_gain":0,"player_choice":"Grow","damage_taken":0,"max_hp_gain":0,"max_hp_loss":0,"event_name":"Living Wall","floor":10,"gold_loss":0,"cards_upgraded":["Footwork"]},{"cards_removed":["Strike_G"],"damage_healed":0,"gold_gain":0,"player_choice":"Card Removal","damage_taken":0,"max_hp_gain":0,"max_hp_loss":0,"event_name":"The Cleric","floor":14,"gold_loss":50},{"damage_healed":0,"gold_gain":0,"player_choice":"Obtained Book","damage_taken":16,"max_hp_gain":0,"max_hp_loss":0,"event_name":"Cursed Tome","floor":20,"gold_loss":0}],"is_beta":false,"boss_relics":[{"not_picked":["Ring of the Serpent","Ectoplasm"],"picked":"Empty Cage"}],"items_purged_floors":[7],"is_endless":false,"potions_floor_spawned":[6,12,13,18,22,27],"killed_by":"Snake Plant","ascension_level":3}}