{"host":"ihsge0lre3slh6sc","time":1613716898,"event":{"mods":["ATMod(∞¢Ë™Mod)","Act Like it!","Arknights","BaseMod","Gensokyo","Highlight Path","Lobotomy","LobotomyExtend","Marisa£®ÏF”Í°°ƒß¿Ì…≥£©","Minty Spire (QoL Compilation)","MostiFishMod","Quick Restart","Shop Mod","StSLib","TestMod","Waifu the Spire","WarShipGirlsR/’ΩΩ¢…Ÿ≈ÆR mod","Youmu£®ªÍ∆«—˝√Œ£©","[IsaacMod]“‘»ˆº‚À˛","ÛÙª÷∏ƒœ"],"gold_per_floor":[117,133,145,159,176,201,126,160,197,209,246,258,280,306,318,459,471,499,511,523,535,547,594,191,259,343,375,410,439,492,504,516,677,689,719,738,750,769,807,882,913,925,937,967,1021,918,942,467,467,495,495],"floor_reached":50,"language":"ZHS","playtime":1434,"items_purged":["Strike_MRS","Strike_MRS","Strike_MRS"],"score":1394,"play_id":"bbf04671-469c-4e0e-bc4e-c752b98a93ba","local_time":"20210219144138","is_ascension_mode":true,"campfire_choices":[{"floor":15,"key":"REST"},{"floor":32,"key":"REST"},{"floor":49,"key":"RECALL"}],"circlet_count":0,"master_deck":["AscendersBane","Strike_MRS","Defend_MRS","Defend_MRS","Defend_MRS","Defend_MRS","MasterSpark","UpSweep","TreasureHunter+1","FinalSpark","FinalSpark","Gensokyo:TarnishedGold"],"relics":["HushsDoor","testmod-TestBox","DaveBox","AT_ATBox","ArrowTower","testmod-AscensionHeart","MoneyPower","Fusion Hammer","SynthV:TestCard","LetterFromLob","BookofShadows","MawBank","Omamori","Gensokyo:MarisaIngredientList","testmod-Justice","Bird Faced Urn","RhineCircuit","Gensokyo:DirgeOfMelancholy","D6","AT_RedTearstoneRing","SalivaCoin","Letter Opener","AT_SunfireAegis","AT_DeathDance","AmplifyWand","Ancient Tea Set","RampagingMagicTools","Centennial Puzzle","Ginger","Oddly Smooth Stone","Happy Flower","RedMistMask","testmod-BalancedPeriapt","Civilization","BirthdayGift-Icosahedron","OrangePellets"],"acts_visited":["Exordium","Gensokyo:Gensokyo","Gensokyo:Gensokyoer"],"potions_floor_usage":[18,30],"damage_taken":[{"damage":0,"enemies":"Gensokyo:Python","floor":1,"turns":3},{"damage":0,"enemies":"Gensokyo:2_Kodama","floor":2,"turns":3},{"damage":0,"enemies":"Gensokyo:3_Fairies","floor":3,"turns":3},{"damage":0,"enemies":"Gensokyo:2_Rabbits","floor":4,"turns":3},{"damage":0,"enemies":"Gensokyo:5_Fairies","floor":5,"turns":3},{"damage":12,"enemies":"Gensokyo:Mamizou","floor":6,"turns":4},{"damage":11,"enemies":"Gensokyo:Aya","floor":8,"turns":3},{"damage":10,"enemies":"Gensokyo:Mamizou","floor":11,"turns":5},{"damage":10,"enemies":"Gensokyo:Gryphon_and_Rabbit","floor":13,"turns":3},{"damage":12,"enemies":"Gensokyo:CorruptedTreant","floor":14,"turns":2},{"damage":24,"enemies":"Gensokyo:Kokoro","floor":16,"turns":7},{"damage":0,"enemies":"Gensokyo:Chomper","floor":18,"turns":2},{"damage":32,"enemies":"Gensokyo:Koishi","floor":23,"turns":6},{"damage":28,"enemies":"Gensokyo:Tenshi","floor":25,"turns":4},{"damage":1,"enemies":"Gensokyo:3_Dogs","floor":27,"turns":2},{"damage":3,"enemies":"Gensokyo:Slime_Group","floor":28,"turns":2},{"damage":0,"enemies":"Gensokyo:3_Gloops","floor":29,"turns":1},{"damage":2,"enemies":"Gensokyo:Koishi","floor":30,"turns":3},{"damage":24,"enemies":"Gensokyo:Eiki","floor":33,"turns":5},{"damage":0,"enemies":"Gensokyo:3_Boulders","floor":35,"turns":1},{"damage":7,"enemies":"Gensokyo:AncientGuardian","floor":39,"turns":2},{"damage":21,"enemies":"Gensokyo:Kasen","floor":40,"turns":4},{"damage":0,"enemies":"Gensokyo:3_Boulders","floor":41,"turns":1},{"damage":1,"enemies":"Gensokyo:Dusk_and_Dawn","floor":44,"turns":2},{"damage":3,"enemies":"Gensokyo:Doremy","floor":45,"turns":2},{"damage":5,"enemies":"Gensokyo:4_Bats","floor":47,"turns":2},{"damage":18,"enemies":"Gensokyo:Shinki","floor":50,"turns":7}],"seed_played":"2486380196734450745","potions_obtained":[{"floor":1,"key":"EssenceOfSteel"},{"floor":2,"key":"Explosive Potion"},{"floor":23,"key":"PowerPotion"},{"floor":33,"key":"Swift Potion"}],"is_trial":false,"path_per_floor":["M","M","M","M","M","E","R","E","T","?","E","$","M","M","R","B",null,"M","?","?","?","?","E","R","E","T","M","M","M","E","?","R","B",null,"M","?","?","?","M","E","M","?","T","M","E","$","M","COS","R","B"],"character_chosen":"MARISA","items_purchased":["AT_RedTearstoneRing","SalivaCoin"],"campfire_rested":2,"item_purchase_floors":[24,24],"current_hp_per_floor":[64,65,66,67,68,58,58,49,49,49,41,41,32,21,42,24,65,69,69,69,69,69,39,39,13,13,13,11,12,15,15,39,21,70,71,64,64,51,45,26,27,27,27,27,26,26,22,22,22,11,11],"gold":495,"neow_bonus":"BOSS_RELIC","is_daily":false,"chose_seed":false,"campfire_upgraded":0,"win_rate":0.0,"timestamp":1613716898,"path_taken":["M","M","M","M","M","E","R","E","T","?","E","$","M","M","R","BOSS","M","?","?","?","?","E","R","E","T","?","M","M","E","?","R","BOSS","M","?","?","?","M","E","M","?","T","M","E","$","?","COS","R","BOSS"],"items_purchased_type":["Relic","Relic"],"build_version":"2020-12-22","purchased_purges":3,"victory":false,"max_hp_per_floor":[70,70,70,70,70,71,71,72,72,72,73,73,73,73,73,78,78,78,78,78,78,78,79,79,80,80,80,80,80,81,81,81,86,86,86,86,86,86,86,87,87,87,87,87,88,88,88,88,88,88,88],"card_choices":[{"not_picked":["OrrerysSun","OneTimeOff","LuminesStrike"],"picked":"SKIP","floor":1},{"not_picked":["PulseMagic","MysteriousBeam","MilkyWay","StarDustReverie","ShootingEcho"],"picked":"SKIP","floor":2},{"not_picked":["Orbital","IllusionStar","EnergyFlow","PowerUp","ShootTheMoon"],"picked":"SKIP","floor":3},{"not_picked":["Acceleration","StarlightTyphoon","6A","AlicesGift"],"picked":"FairyDestructionRay","floor":4},{"not_picked":["AsteroidBelt","LuminesStrike","SprinkleStarSeal","GravityBeat"],"picked":"AlicesGift","floor":5},{"not_picked":["MillisecondPulsars","SuperNova","JA","AbsoluteMagnitude","CollectingQuirk"],"picked":"SKIP","floor":6},{"not_picked":["SuperNova","BinaryStars","SatelliteIllusion","SatelliteIllusion"],"picked":"TreasureHunter","floor":8},{"not_picked":["EscapeVelocity","ManaRampage","ManaRampage","BigCrunch","StarDustReverie"],"picked":"SKIP","floor":11},{"not_picked":["SprinkleStarSeal","FairyDestructionRay","PowerUp","DragonMeteor","GalacticHalo"],"picked":"SKIP","floor":13},{"not_picked":["MagicAbsorber","WitchLeyline","GalacticHalo","6A","IllusionStar"],"picked":"SKIP","floor":14},{"not_picked":["GravityBeat","6A","WitchOfGreed","IllusionStar","DC"],"picked":"SKIP","floor":18},{"not_picked":["TreasureHunter","MillisecondPulsars","StarDustReverie","AbsoluteMagnitude","CollectingQuirk"],"picked":"SKIP","floor":23},{"not_picked":["MaximisePower","SatelliteIllusion","AbsoluteMagnitude","SuperNova"],"picked":"FinalSpark","floor":25},{"not_picked":["LuminesStrike","PowerUp","6A","NonDirectionalLaser","DarkSpark"],"picked":"SKIP","floor":27},{"not_picked":["GravityBeat","SprinkleStarSeal","MysteriousBeam","EventHorizon","MagicChant"],"picked":"SKIP","floor":28},{"not_picked":["PowerUp+1","OrrerysSun","IllusionStar","EventHorizon","PropBag"],"picked":"SKIP","floor":29},{"not_picked":["BinaryStars","TreasureHunter","MillisecondPulsars","MillisecondPulsars","JA"],"picked":"SKIP","floor":30},{"not_picked":["AbsoluteMagnitude","StarDustReverie","MillisecondPulsars","JA"],"picked":"FinalSpark","floor":33},{"not_picked":["GrandCross","WitchOfGreed","IllusionStar","Acceleration+1","SprinkleStarSeal"],"picked":"SKIP","floor":35},{"not_picked":["SprinkleStarSeal","PowerUp","GravityBeat","PropBag","LuminesStrike+1"],"picked":"SKIP","floor":39},{"not_picked":["CasketOfStar","AbsoluteMagnitude","SatelliteIllusion","UltimateShortwave","UltimateShortwave"],"picked":"SKIP","floor":40},{"not_picked":["OneTimeOff","IllusionStar","ManaConvection","MilkyWay","LuminesStrike"],"picked":"SKIP","floor":41},{"not_picked":["Robbery","WitchOfGreed","MysteriousBeam","LuminesStrike","DoubleSpark"],"picked":"SKIP","floor":44},{"not_picked":["Robbery","WitchOfGreed","MysteriousBeam","LuminesStrike","DoubleSpark"],"picked":"SKIP","floor":44},{"not_picked":["BigCrunch","StarDustReverie","MaximisePower","MillisecondPulsars","BigCrunch"],"picked":"SKIP","floor":45},{"not_picked":["Orbital","NonDirectionalLaser","PowerUp","6A","OpenUniverse"],"picked":"SKIP","floor":47}],"player_experience":820222,"relics_obtained":[{"floor":1,"key":"SynthV:TestCard"},{"floor":1,"key":"LetterFromLob"},{"floor":6,"key":"BookofShadows"},{"floor":8,"key":"MawBank"},{"floor":9,"key":"Omamori"},{"floor":11,"key":"testmod-Justice"},{"floor":16,"key":"Bird Faced Urn"},{"floor":23,"key":"D6"},{"floor":25,"key":"Letter Opener"},{"floor":25,"key":"AT_SunfireAegis"},{"floor":26,"key":"AT_DeathDance"},{"floor":30,"key":"AmplifyWand"},{"floor":30,"key":"Ancient Tea Set"},{"floor":40,"key":"Oddly Smooth Stone"},{"floor":40,"key":"Happy Flower"},{"floor":44,"key":"RedMistMask"},{"floor":45,"key":"testmod-BalancedPeriapt"}],"event_choices":[],"is_beta":false,"boss_relics":[{"not_picked":["testmod-IncinerationGenerator","FixedStarFall"],"picked":"RhineCircuit"},{"not_picked":[]},{"not_picked":["MagicMushroom","testmod-NegativeEmotionEnhancer"],"picked":"RampagingMagicTools"},{"not_picked":[]}],"items_purged_floors":[7,24,46],"is_endless":false,"potions_floor_spawned":[1,2,8,13,14,23,25,33,35,40,45,47],"killed_by":"Gensokyo:Shinki","ascension_level":17}}