{"host":"oknzaotplmnl5xaf","time":1613778723,"event":{"mods":["BaseMod","Colored Map","Highlight Path","Minty Spire (QoL Compilation)","Permanent Neow","Quick Restart","Relic Stats"],"gold_per_floor":[118,10,10,21,21,21,32,67,92,92,108,108,143,153,153,227,227,244,244,270,270,79,113,113,131,131,144,50,50,79,95,95,171,171,185,407,682,428,443,474,474,474,474],"floor_reached":42,"language":"ENG","playtime":3560,"items_purged":["Regret"],"score":1019,"play_id":"c923d36f-c3be-4883-9b68-cf6fcb13a0b2","local_time":"20210219185203","is_ascension_mode":true,"campfire_choices":[{"data":"Zap","floor":6,"key":"SMITH"},{"data":"Creative AI","floor":10,"key":"SMITH"},{"floor":12,"key":"REST"},{"data":"Discovery","floor":15,"key":"SMITH"},{"data":"Metamorphosis","floor":24,"key":"SMITH"},{"data":"Defragment","floor":29,"key":"SMITH"},{"data":"Seek","floor":32,"key":"SMITH"},{"floor":41,"key":"REST"}],"circlet_count":0,"master_deck":["AscendersBane","Zap+1","Creative AI+1","FTL","Seek+1","Fission+1","Lockon","Beam Cell","Sunder","Hello World","Discovery+1","Steam+1","Hologram","Steam","Genetic Algorithm","Skim","Biased Cognition","Skim","Fission","Turbo","Darkness","Metamorphosis+1","Coolheaded","Glacier","Recycle","Defragment+1","Turbo","Double Energy","Reboot","Skim","Secret Technique","Coolheaded+1"],"relics":["Pandora\u0027s Box","War Paint","Dead Branch","Pen Nib","Eternal Feather","SlaversCollar","Red Mask","Art of War","Du-Vu Doll","Runic Pyramid","Omamori"],"acts_visited":["Exordium","TheCity","TheBeyond"],"potions_floor_usage":[11,25,42,42],"damage_taken":[{"damage":8,"enemies":"Small Slimes","floor":1,"turns":2},{"damage":0,"enemies":"2 Louse","floor":4,"turns":2},{"damage":0,"enemies":"Cultist","floor":7,"turns":3},{"damage":20,"enemies":"Lagavulin","floor":8,"turns":5},{"damage":14,"enemies":"Exordium Wildlife","floor":11,"turns":4},{"damage":19,"enemies":"Gremlin Nob","floor":13,"turns":4},{"damage":3,"enemies":"3 Louse","floor":14,"turns":2},{"damage":9,"enemies":"The Guardian","floor":16,"turns":12},{"damage":5,"enemies":"Spheric Guardian","floor":18,"turns":6},{"damage":27,"enemies":"Masked Bandits","floor":20,"turns":5},{"damage":5,"enemies":"Gremlin Leader","floor":23,"turns":7},{"damage":0,"enemies":"2 Thieves","floor":25,"turns":3},{"damage":0,"enemies":"Snake Plant","floor":27,"turns":4},{"damage":18,"enemies":"Slavers","floor":30,"turns":4},{"damage":0,"enemies":"Centurion and Healer","floor":31,"turns":5},{"damage":15,"enemies":"Collector","floor":33,"turns":5},{"damage":0,"enemies":"Orb Walker","floor":35,"turns":3},{"damage":3,"enemies":"3 Shapes","floor":39,"turns":7},{"damage":53,"enemies":"Nemesis","floor":40,"turns":5},{"damage":79,"enemies":"Giant Head","floor":42,"turns":9}],"seed_played":"-1074300682341376278","potions_obtained":[{"floor":1,"key":"AttackPotion"},{"floor":4,"key":"Regen Potion"},{"floor":13,"key":"Dexterity Potion"},{"floor":16,"key":"FearPotion"},{"floor":25,"key":"ColorlessPotion"},{"floor":35,"key":"FocusPotion"}],"is_trial":false,"path_per_floor":["M","$","?","M","?","R","M","E","T","R","M","R","E","M","R","B",null,"M","?","?","?","$","E","R","M","T","M","$","R","E","M","R","B",null,"M","?","?","$","M","E","R","E"],"character_chosen":"DEFECT","items_purchased":["Discovery","Metamorphosis","Defragment","FocusPotion","Secret Technique"],"campfire_rested":2,"item_purchase_floors":[2,22,28,28,38],"current_hp_per_floor":[56,56,61,61,61,61,61,41,41,41,27,49,30,27,36,27,64,59,59,32,32,32,27,39,39,39,39,39,54,36,36,51,36,66,66,66,66,66,63,10,50,0,0],"gold":474,"neow_bonus":"BOSS_RELIC","is_daily":false,"chose_seed":false,"campfire_upgraded":6,"win_rate":0.0,"timestamp":1613778723,"path_taken":["M","$","?","M","?","R","M","E","T","R","?","R","E","M","R","BOSS","M","?","?","?","?","E","R","M","T","M","$","R","E","M","R","BOSS","M","?","?","$","?","E","R","E"],"items_purchased_type":["Card","Card","Card","Potion","Card"],"build_version":"2020-12-22","purchased_purges":1,"victory":false,"max_hp_per_floor":[71,71,76,76,76,76,76,76,76,76,76,76,76,76,76,76,76,76,76,76,76,76,76,76,76,76,76,76,76,76,76,76,76,76,76,76,76,76,76,76,76,76,76],"relic_stats":{"counters":[20,97],"Dead Branch":[119],"Pandora\u0027s Box":["Creative AI","Thunder Strike","FTL","Seek","Fission","Lockon","Beam Cell","Sunder"],"Eternal Feather":69,"Pen Nib":[15],"Art of War":[7],"War Paint":["Fission","Steam"],"obtain_stats":[{"Du-Vu Doll":30,"SlaversCollar":17,"Dead Branch":8,"Pandora\u0027s Box":0,"Eternal Feather":13,"Pen Nib":9,"Red Mask":20,"Art of War":23,"Omamori":40,"War Paint":5,"Cracked Core":0,"Runic Pyramid":34},{"Du-Vu Doll":14,"SlaversCollar":8,"Dead Branch":4,"Pandora\u0027s Box":0,"Eternal Feather":6,"Pen Nib":4,"Red Mask":10,"Art of War":11,"Omamori":19,"War Paint":2,"Cracked Core":0,"Runic Pyramid":16},{"Du-Vu Doll":63,"SlaversCollar":34,"Dead Branch":12,"Pandora\u0027s Box":0,"Eternal Feather":20,"Pen Nib":12,"Red Mask":45,"Art of War":52,"Omamori":88,"War Paint":4,"Cracked Core":0,"Runic Pyramid":73}]},"card_choices":[{"not_picked":["Blizzard","Sunder"],"picked":"Hello World","floor":1},{"not_picked":["Sweeping Beam","Barrage"],"picked":"Steam","floor":4},{"not_picked":["Tempest","Streamline","Sunder"],"picked":"SKIP","floor":7},{"not_picked":["Echo Form","FTL"],"picked":"Hologram","floor":8},{"not_picked":["Beam Cell","Self Repair"],"picked":"Steam","floor":11},{"not_picked":["Rainbow","Compile Driver"],"picked":"Genetic Algorithm","floor":13},{"not_picked":["Redo","BootSequence"],"picked":"Skim","floor":14},{"not_picked":["Meteor Strike","Echo Form"],"picked":"Biased Cognition","floor":16},{"not_picked":["Doom and Gloom","Stack"],"picked":"Skim","floor":18},{"not_picked":["Conserve Battery","Reinforced Body"],"picked":"Darkness","floor":20},{"not_picked":["Steam","Sweeping Beam"],"picked":"Coolheaded","floor":23},{"not_picked":["Gash","Sweeping Beam"],"picked":"Glacier","floor":25},{"not_picked":["BootSequence","Ball Lightning"],"picked":"Recycle","floor":27},{"not_picked":["Ball Lightning","Reboot"],"picked":"Turbo","floor":30},{"not_picked":["Cold Snap+1","Turbo"],"picked":"Double Energy","floor":31},{"not_picked":["Thunder Strike","Meteor Strike"],"picked":"Reboot","floor":33},{"not_picked":["Melter","Compile Driver+1"],"picked":"Skim","floor":35},{"not_picked":["Barrage","Conserve Battery"],"picked":"Coolheaded+1","floor":39},{"not_picked":["Scrape","Sunder+1","Static Discharge"],"picked":"SKIP","floor":40}],"player_experience":1552534,"relics_obtained":[{"floor":8,"key":"Dead Branch"},{"floor":9,"key":"Pen Nib"},{"floor":13,"key":"Eternal Feather"},{"floor":20,"key":"Red Mask"},{"floor":23,"key":"Art of War"},{"floor":30,"key":"Du-Vu Doll"},{"floor":40,"key":"Omamori"}],"event_choices":[{"damage_healed":0,"gold_gain":0,"player_choice":"Donut","damage_taken":0,"max_hp_gain":5,"max_hp_loss":0,"event_name":"Big Fish","floor":3,"gold_loss":0},{"damage_healed":0,"gold_gain":0,"player_choice":"Gave Potion","damage_taken":0,"relics_obtained":["War Paint"],"max_hp_gain":0,"max_hp_loss":0,"event_name":"WeMeetAgain","floor":5,"gold_loss":0},{"damage_healed":0,"gold_gain":0,"cards_transformed":["Thunder Strike","Dualcast"],"player_choice":"Became Test Subject","damage_taken":0,"max_hp_gain":0,"max_hp_loss":0,"event_name":"Drug Dealer","floor":19,"gold_loss":0,"cards_obtained":["Fission","Turbo"]},{"damage_healed":0,"gold_gain":0,"player_choice":"Fought Bandits","damage_taken":0,"max_hp_gain":0,"max_hp_loss":0,"event_name":"Masked Bandits","floor":20,"gold_loss":0},{"damage_healed":0,"gold_gain":0,"player_choice":"Ignored","damage_taken":0,"max_hp_gain":0,"max_hp_loss":0,"event_name":"Vampires","floor":21,"gold_loss":0},{"damage_healed":0,"gold_gain":222,"player_choice":"Wore Mask","damage_taken":0,"max_hp_gain":0,"max_hp_loss":0,"event_name":"Tomb of Lord Red Mask","floor":36,"gold_loss":0},{"damage_healed":0,"gold_gain":275,"player_choice":"Desecrate","damage_taken":0,"max_hp_gain":0,"max_hp_loss":0,"event_name":"Golden Shrine","floor":37,"gold_loss":0,"cards_obtained":["Regret"]}],"is_beta":false,"boss_relics":[{"not_picked":["Busted Crown","Tiny House"],"picked":"SlaversCollar"},{"not_picked":["Philosopher\u0027s Stone","Calling Bell"],"picked":"Runic Pyramid"}],"items_purged_floors":[38],"is_endless":false,"potions_floor_spawned":[1,4,13,16,20,25,27,30,35],"killed_by":"Giant Head","ascension_level":20}}