{"host":"q8mjpf3krl0t4p3x","time":1613752718,"event":{"mods":["BaseMod","Colored Map","Colored Powertips","Googly Eyes","Minty Spire (QoL Compilation)","Quick Restart","StSLib","everything is the same but u backflip on backflip","slay the spire mod where everything is the same but ironclad has a cowboy hat"],"gold_per_floor":[118,268,268,283,283,283,322,337,360,391,410,434,434,448,448,448,448],"floor_reached":16,"language":"ENG","playtime":430,"items_purged":[],"score":202,"play_id":"3e8934cd-351c-4d97-bc3a-99318538d8cf","local_time":"20210219083838","is_ascension_mode":true,"campfire_choices":[{"data":"Inflame","floor":6,"key":"SMITH"},{"data":"Wild Strike","floor":13,"key":"SMITH"},{"data":"Reckless Charge","floor":15,"key":"SMITH"}],"circlet_count":0,"master_deck":["AscendersBane","Strike_R","Strike_R","Strike_R","Strike_R","Strike_R","Defend_R","Defend_R","Defend_R","Defend_R","Bash","True Grit","Inflame+1","Wild Strike+1","Reckless Charge+1","Immolate","Pommel Strike"],"relics":["Burning Blood","Golden Idol","Lantern","Tiny Chest","Omamori"],"acts_visited":["Exordium"],"potions_floor_usage":[10,11,16,16],"damage_taken":[{"damage":13,"enemies":"Small Slimes","floor":1,"turns":4},{"damage":1,"enemies":"2 Louse","floor":4,"turns":3},{"damage":32,"enemies":"Gremlin Nob","floor":7,"turns":4},{"damage":0,"enemies":"Cultist","floor":8,"turns":2},{"damage":28,"enemies":"3 Sentries","floor":10,"turns":10},{"damage":2,"enemies":"Large Slime","floor":11,"turns":4},{"damage":6,"enemies":"Blue Slaver","floor":12,"turns":2},{"damage":15,"enemies":"Lots of Slimes","floor":14,"turns":4},{"damage":19,"enemies":"Hexaghost","floor":16,"turns":9}],"seed_played":"-5655160163055225612","potions_obtained":[{"floor":1,"key":"SpeedPotion"},{"floor":8,"key":"SteroidPotion"},{"floor":10,"key":"Fire Potion"},{"floor":11,"key":"Weak Potion"}],"is_trial":false,"path_per_floor":["M","?","?","M","?","R","E","M","T","E","M","M","R","M","R","B"],"character_chosen":"IRONCLAD","items_purchased":[],"campfire_rested":0,"item_purchase_floors":[],"current_hp_per_floor":[68,68,68,73,73,73,47,53,53,31,35,35,35,26,26,7,7],"gold":448,"neow_bonus":"TEN_PERCENT_HP_BONUS","is_daily":false,"chose_seed":false,"campfire_upgraded":3,"win_rate":0.0,"timestamp":1613752718,"path_taken":["M","?","?","M","?","R","E","M","T","E","M","M","R","M","R","BOSS"],"items_purchased_type":[],"build_version":"2020-12-22","purchased_purges":0,"victory":false,"max_hp_per_floor":[82,82,74,74,74,74,74,74,74,74,74,74,74,74,74,74,74],"card_choices":[{"not_picked":["Sentinel","Perfected Strike"],"picked":"True Grit","floor":1},{"not_picked":["Shrug It Off","Armaments"],"picked":"Inflame","floor":4},{"not_picked":["Havoc","Thunderclap"],"picked":"Wild Strike","floor":7},{"not_picked":["Havoc","True Grit","Perfected Strike"],"picked":"SKIP","floor":8},{"not_picked":["Rampage","Clash"],"picked":"Reckless Charge","floor":10},{"not_picked":["Entrench","Sword Boomerang"],"picked":"Immolate","floor":11},{"not_picked":["Searing Blow","Heavy Blade","Iron Wave"],"picked":"SKIP","floor":12},{"not_picked":["Warcry","Rampage"],"picked":"Pommel Strike","floor":14}],"player_experience":202350,"relics_obtained":[{"floor":7,"key":"Lantern"},{"floor":9,"key":"Tiny Chest"},{"floor":10,"key":"Omamori"}],"event_choices":[{"damage_healed":0,"gold_gain":150,"player_choice":"AGREE","damage_taken":0,"max_hp_gain":0,"max_hp_loss":0,"event_name":"Liars Game","floor":2,"gold_loss":0,"cards_obtained":["Doubt"]},{"damage_healed":0,"gold_gain":0,"player_choice":"Lose Max HP","damage_taken":0,"relics_obtained":["Golden Idol"],"max_hp_gain":0,"max_hp_loss":8,"event_name":"Golden Idol","floor":3,"gold_loss":0},{"cards_removed":["Doubt"],"damage_healed":0,"gold_gain":0,"player_choice":"Purged","damage_taken":0,"max_hp_gain":0,"max_hp_loss":0,"event_name":"Purifier","floor":5,"gold_loss":0}],"is_beta":false,"boss_relics":[],"items_purged_floors":[],"is_endless":false,"potions_floor_spawned":[1,8,10,11],"killed_by":"Hexaghost","ascension_level":16}}