{"host":"klgyc9hk2vke70pr","time":1613734529,"event":{"mods":["2.2 Compatiblity","AchievementEnabler","BaseMod","Bestiary","Block Reminder","Colored Map","Colored Powertips","Curses Come First","Highlight Path","Minty Spire (QoL Compilation)","Rare Cards Sparkle","Relic Stats","Slay the Relics Exporter","Smile Girya","StSLib","UnlockEverythingMod","Waifu the Spire","everything is the same but u backflip on backflip"],"gold_per_floor":[367,384,94,34,63,105,129,84,121,163,175,207,244,269,281,370,382,406,428,365,220,235,262,282,308,354,404,414,439,439,459,459,533,533,543,40,87,106,124,124,153,178,178,206,206,223,234,76,76,76,76,76,76,1,31,31],"floor_reached":57,"language":"ENG","playtime":5772,"items_purged":["Strike_G","Defend_G"],"score":3088,"play_id":"f57715a0-454e-489d-8061-bae203acc0ea","local_time":"20210219053529","is_ascension_mode":true,"campfire_choices":[{"data":"Dagger Spray","floor":11.0,"key":"SMITH"},{"data":"Neutralize","floor":15.0,"key":"SMITH"},{"data":"Footwork","floor":30.0,"key":"SMITH"},{"data":"Well Laid Plans","floor":32.0,"key":"SMITH"},{"data":"Wraith Form v2","floor":40,"key":"SMITH"},{"floor":45,"key":"RECALL"},{"data":"Caltrops","floor":49,"key":"SMITH"},{"data":"Night Terror","floor":53,"key":"SMITH"}],"circlet_count":0,"master_deck":["AscendersBane","Strike_G","Strike_G","Strike_G","Defend_G","Defend_G","Defend_G","Defend_G","Survivor","Neutralize+1","Masterful Stab","Dagger Spray+1","Slice","Footwork","Finisher","Poisoned Stab","Footwork+1","Dodge and Roll","Doppelganger","Backflip","After Image","Terror+1","Night Terror+1","Blade Dance","PiercingWail","Escape Plan","Quick Slash+1","Well Laid Plans+1","Adrenaline","Wraith Form v2+1","PiercingWail+1","Caltrops+1","Calculated Gamble","Dodge and Roll","Malaise","Footwork","Caltrops+1"],"relics":["Ring of the Snake","Sling","MawBank","Orichalcum","Vajra","Meat on the Bone","HornCleat","Sozu","Ginger","Pear","Bag of Preparation","StrikeDummy","Coffee Dripper","OrangePellets","Calipers","Tingsha","Eternal Feather","Incense Burner","Bottled Flame","Toolbox","Happy Flower"],"acts_visited":["Exordium","TheCity","TheBeyond","TheEnding"],"potions_floor_usage":[56],"damage_taken":[{"damage":6.0,"enemies":"Cultist","floor":1.0,"turns":5.0},{"damage":4.0,"enemies":"Small Slimes","floor":2.0,"turns":3.0},{"damage":0.0,"enemies":"2 Louse","floor":5.0,"turns":2.0},{"damage":5.0,"enemies":"3 Sentries","floor":6.0,"turns":6.0},{"damage":3.0,"enemies":"Large Slime","floor":7.0,"turns":6.0},{"damage":4.0,"enemies":"Lagavulin","floor":10.0,"turns":7.0},{"damage":0.0,"enemies":"Lots of Slimes","floor":12.0,"turns":2.0},{"damage":2.0,"enemies":"Gremlin Nob","floor":13.0,"turns":3.0},{"damage":0.0,"enemies":"Looter","floor":14.0,"turns":3.0},{"damage":20.0,"enemies":"Slime Boss","floor":16.0,"turns":12.0},{"damage":5.0,"enemies":"2 Thieves","floor":18.0,"turns":4.0},{"damage":0.0,"enemies":"3 Byrds","floor":19.0,"turns":5.0},{"damage":18.0,"enemies":"Snake Plant","floor":22.0,"turns":6.0},{"damage":11.0,"enemies":"Slavers","floor":23.0,"turns":6.0},{"damage":0.0,"enemies":"3 Cultists","floor":24.0,"turns":5.0},{"damage":0.0,"enemies":"Gremlin Leader","floor":25.0,"turns":4.0},{"damage":0.0,"enemies":"Centurion and Healer","floor":28.0,"turns":8.0},{"damage":11.0,"enemies":"Slavers","floor":29.0,"turns":9.0},{"damage":0.0,"enemies":"Snecko","floor":31.0,"turns":4.0},{"damage":0.0,"enemies":"Automaton","floor":33.0,"turns":10.0},{"damage":0.0,"enemies":"3 Shapes","floor":35.0,"turns":4.0},{"damage":16.0,"enemies":"2 Orb Walkers","floor":37.0,"turns":5.0},{"damage":0.0,"enemies":"3 Darklings","floor":38.0,"turns":5.0},{"damage":0,"enemies":"Writhing Mass","floor":39,"turns":8},{"damage":0,"enemies":"Reptomancer","floor":41,"turns":5},{"damage":0,"enemies":"Mind Bloom Boss Battle","floor":42,"turns":6},{"damage":0,"enemies":"Giant Head","floor":44,"turns":10},{"damage":0,"enemies":"Maw","floor":46,"turns":7},{"damage":10,"enemies":"4 Shapes","floor":47,"turns":6},{"damage":51,"enemies":"Donu and Deca","floor":50,"turns":23},{"damage":0,"enemies":"Time Eater","floor":51,"turns":24},{"damage":10,"enemies":"Shield and Spear","floor":55,"turns":18},{"damage":14,"enemies":"The Heart","floor":56,"turns":10}],"seed_played":"2989272718106277839","potions_obtained":[{"floor":2.0,"key":"SteroidPotion"},{"floor":12.0,"key":"Poison Potion"},{"floor":13.0,"key":"FearPotion"},{"floor":14.0,"key":"DistilledChaos"},{"floor":16.0,"key":"FairyPotion"}],"is_trial":false,"path_per_floor":["M","M","$","?","M","E","M","?","T","E","R","M","E","M","R","B",null,"M","M","?","$","M","E","M","E","T","?","M","E","R","M","R","B",null,"M","$","?","M","M","R","E","?","T","E","R","M","M","$","R","B","B",null,"R","$","E","B",null],"character_chosen":"THE_SILENT","items_purchased":["Sling","Slice","Blade Dance","OrangePellets","Calipers","Toolbox","Footwork"],"campfire_rested":0,"item_purchase_floors":[3,3,21,36,36,48,54],"current_hp_per_floor":[53,49,49,49,49,44,41,41,41,37,37,37,35,35,35,27,52,47,47,47,47,41,42,42,52,52,45,45,46,46,46,46,46,64,64,64,48,48,48,48,48,48,48,48,66,66,56,56,70,31,43,63,70,70,60,46],"gold":31,"neow_bonus":"TWO_FIFTY_GOLD","is_daily":false,"chose_seed":false,"campfire_upgraded":7,"win_rate":0.0,"timestamp":1613734529,"path_taken":["M","?","$","?","M","E","?","?","T","E","R","M","E","M","R","BOSS","M","M","?","$","M","E","M","E","T","?","?","E","R","M","R","BOSS","M","$","?","M","M","R","E","?","T","E","R","M","M","?","R","BOSS","BOSS","R","$","E","BOSS"],"items_purchased_type":["Relic","Card","Card","Relic","Relic","Relic","Card"],"build_version":"2020-12-22","purchased_purges":2,"victory":true,"max_hp_per_floor":[60,60,60,60,60,60,60,60,60,60,60,60,60,60,60,60,60,60,60,60,60,60,60,60,70,70,70,70,70,70,70,70,70,70,70,70,70,70,70,70,70,70,70,70,70,70,70,70,70,70,70,70,70,70,70,70],"relic_stats":{"Happy Flower":[3],"counters":[33,241],"Tingsha":[90],"Eternal Feather":39,"Bag of Preparation":[34],"Ginger":[18],"Orichalcum":[168],"MawBank":204,"Sozu":7,"OrangePellets":[23],"obtain_stats":[{"Pear":25,"Calipers":36,"Happy Flower":55,"Vajra":9,"Tingsha":37,"Eternal Feather":41,"Bag of Preparation":26,"Incense Burner":42,"Ginger":23,"Orichalcum":6,"Sling":3,"MawBank":4,"Sozu":17,"OrangePellets":36,"Bottled Flame":44,"HornCleat":13,"Toolbox":48,"Coffee Dripper":34,"StrikeDummy":29,"Ring of the Snake":0,"Meat on the Bone":10},{"Pear":16,"Calipers":21,"Happy Flower":32,"Vajra":5,"Tingsha":22,"Eternal Feather":25,"Bag of Preparation":16,"Incense Burner":26,"Ginger":14,"Orichalcum":4,"Sling":2,"MawBank":2,"Sozu":10,"OrangePellets":21,"Bottled Flame":27,"HornCleat":8,"Toolbox":29,"Coffee Dripper":20,"StrikeDummy":18,"Ring of the Snake":0,"Meat on the Bone":6},{"Pear":79,"Calipers":114,"Happy Flower":231,"Vajra":22,"Tingsha":119,"Eternal Feather":137,"Bag of Preparation":79,"Incense Burner":143,"Ginger":70,"Orichalcum":16,"Sling":8,"MawBank":8,"Sozu":49,"OrangePellets":114,"Bottled Flame":153,"HornCleat":34,"Toolbox":166,"Coffee Dripper":110,"StrikeDummy":96,"Ring of the Snake":0,"Meat on the Bone":29}],"Ring of the Snake":[66],"Meat on the Bone":72},"card_choices":[{"not_picked":["Underhanded Strike","Terror"],"picked":"Masterful Stab","floor":1.0},{"not_picked":["Deadly Poison","Acrobatics"],"picked":"Dagger Spray","floor":2.0},{"not_picked":["Deadly Poison","PiercingWail"],"picked":"Footwork","floor":5.0},{"not_picked":["Outmaneuver","Distraction"],"picked":"Finisher","floor":6.0},{"not_picked":["Poisoned Stab","Prepared","Slice"],"picked":"SKIP","floor":7.0},{"not_picked":["Prepared","Slice"],"picked":"Poisoned Stab","floor":7.0},{"not_picked":["Calculated Gamble","Deadly Poison"],"picked":"Footwork","floor":10.0},{"not_picked":["Skewer","Dagger Throw"],"picked":"Dodge and Roll","floor":12.0},{"not_picked":["Underhanded Strike","PiercingWail"],"picked":"Doppelganger","floor":13.0},{"not_picked":["Crippling Poison","Riddle With Holes"],"picked":"Backflip","floor":14.0},{"not_picked":["A Thousand Cuts","Storm of Steel"],"picked":"After Image","floor":16.0},{"not_picked":["Sucker Punch","Flying Knee"],"picked":"Terror+1","floor":18.0},{"not_picked":["Deadly Poison","Slice"],"picked":"Night Terror","floor":19.0},{"not_picked":["Bane","Crippling Poison","PiercingWail"],"picked":"SKIP","floor":22.0},{"not_picked":["Bane","Crippling Poison"],"picked":"PiercingWail","floor":22.0},{"not_picked":["Dodge and Roll","Flying Knee"],"picked":"Escape Plan","floor":23.0},{"not_picked":["Footwork","Crippling Poison"],"picked":"Quick Slash+1","floor":24.0},{"not_picked":["Finisher","Deadly Poison","Sucker Punch"],"picked":"SKIP","floor":25.0},{"not_picked":["Sucker Punch","Deadly Poison"],"picked":"Well Laid Plans","floor":28.0},{"not_picked":["A Thousand Cuts","PiercingWail"],"picked":"Adrenaline","floor":29.0},{"not_picked":["Dagger Throw","Predator","Underhanded Strike"],"picked":"SKIP","floor":31.0},{"not_picked":["Night Terror","Venomology"],"picked":"Wraith Form v2","floor":33.0},{"not_picked":["Choke","Concentrate+1","Infinite Blades"],"picked":"SKIP","floor":35.0},{"not_picked":["Sucker Punch","Riddle With Holes+1"],"picked":"PiercingWail+1","floor":37.0},{"not_picked":["Deadly Poison","Riddle With Holes"],"picked":"Caltrops","floor":38.0},{"not_picked":["Dagger Throw","Poisoned Stab","Finisher+1"],"picked":"SKIP","floor":39},{"not_picked":["Dagger Throw","Poisoned Stab","Finisher+1"],"picked":"SKIP","floor":39},{"not_picked":["Dagger Spray+1","Dagger Throw","Deadly Poison"],"picked":"SKIP","floor":41},{"not_picked":["Footwork","Deflect"],"picked":"Calculated Gamble","floor":42},{"not_picked":["Poisoned Stab","Sucker Punch"],"picked":"Dodge and Roll","floor":44},{"not_picked":["Flying Knee","Eviscerate"],"picked":"Malaise","floor":46},{"not_picked":["Dagger Spray","Cloak And Dagger","Calculated Gamble"],"picked":"SKIP","floor":47},{"not_picked":["Noxious Fumes","Endless Agony"],"picked":"Caltrops+1","floor":55}],"player_experience":1174837,"relics_obtained":[{"floor":6.0,"key":"Orichalcum"},{"floor":9.0,"key":"Vajra"},{"floor":10.0,"key":"Meat on the Bone"},{"floor":13.0,"key":"HornCleat"},{"floor":23.0,"key":"Ginger"},{"floor":25.0,"key":"Pear"},{"floor":26.0,"key":"Bag of Preparation"},{"floor":29.0,"key":"StrikeDummy"},{"floor":37.0,"key":"Tingsha"},{"floor":41,"key":"Eternal Feather"},{"floor":42,"key":"Incense Burner"},{"floor":44,"key":"Bottled Flame"},{"floor":55,"key":"Happy Flower"}],"event_choices":[{"damage_healed":0.0,"max_hp_gain":0.0,"max_hp_loss":0.0,"gold_gain":0.0,"event_name":"WeMeetAgain","player_choice":"Paid Gold","floor":4.0,"gold_loss":60.0,"damage_taken":0.0,"relics_obtained":["MawBank"]},{"damage_healed":0.0,"max_hp_gain":0.0,"max_hp_loss":0.0,"gold_gain":0.0,"event_name":"World of Goop","player_choice":"Left Gold","floor":8.0,"gold_loss":57.0,"damage_taken":0.0},{"cards_removed":["Strike_G"],"damage_healed":0.0,"max_hp_gain":0.0,"max_hp_loss":0.0,"gold_gain":0.0,"event_name":"Beggar","player_choice":"Gave Gold","floor":20.0,"gold_loss":75.0,"damage_taken":0.0},{"damage_healed":0.0,"max_hp_gain":0.0,"max_hp_loss":0.0,"gold_gain":50.0,"event_name":"FaceTrader","player_choice":"Touch","floor":27.0,"gold_loss":0.0,"damage_taken":7.0},{"damage_healed":0.0,"max_hp_gain":0.0,"max_hp_loss":0.0,"gold_gain":0.0,"event_name":"Mysterious Sphere","player_choice":"Fight","floor":37.0,"gold_loss":0.0,"damage_taken":0.0},{"damage_healed":0,"gold_gain":0,"player_choice":"Fight","damage_taken":0,"max_hp_gain":0,"max_hp_loss":0,"event_name":"MindBloom","floor":42,"gold_loss":0}],"is_beta":false,"boss_relics":[{"not_picked":["Velvet Choker","Pandora\u0027s Box"],"picked":"Sozu"},{"not_picked":["Astrolabe","Fusion Hammer"],"picked":"Coffee Dripper"}],"items_purged_floors":[3,21],"is_endless":false,"potions_floor_spawned":[2,12,13,14,16,18,22,25,29,35,37,39,41],"ascension_level":20}}