{"host":"ciz475qwqkblmwrq","time":1613724351,"event":{"mods":["2.2 Compatiblity","AchievementEnabler","Act Like it!","Bard","BaseMod","Beaked The Cultist","Colored Map","Colored Powertips","Dark Map","Downfall","Ekko","Friendly Minions","Hallownest","Hermit","Highlight Path","Hubris","JesterMod","Mimic Mod","Minty Spire (QoL Compilation)","Rare Cards Sparkle","Replay The Spire","Shade Mod","StSLib","The Bug Knight","The Construct","The Cursed","The Disciple","The Hierophant","The Necromancer","The Runesmith","TheVacant","everything is the same but u backflip on backflip","slay the spire mod where everything is the same but ironclad has a cowboy hat"],"gold_per_floor":[110,110,125,24,24,52,52,72,99,146,173,173,203,278,278,395,395,427,477,61,61,61,61,86,86,6,6,47,47,77,117,117,97,97,200,200,216,216],"floor_reached":37,"language":"ENG","playtime":2098,"items_purged":["Strike_R"],"score":450,"play_id":"80a93dea-9c04-40c9-a2ae-9e1bbc03710a","local_time":"20210219004551","is_ascension_mode":true,"campfire_choices":[{"floor":7.0,"key":"REST"},{"floor":12.0,"key":"RECALL"},{"floor":15.0,"key":"REST"},{"floor":25.0,"key":"REST"},{"floor":27.0,"key":"REST"},{"floor":32.0,"key":"REST"},{"floor":34.0,"key":"REST"}],"circlet_count":0,"master_deck":["Strike_R","Strike_R","Strike_R","Strike_R","Defend_R","Defend_R","Defend_R","Defend_R","Rupture","Survivor","Life Link","Armaments","Demon Form","Pommel Strike","Hemokinesis","Cleave","Double Tap","Heavy Blade+1","Combust","Metallicize","Sword Boomerang+1","Hemogenesis","Feed","hubris:DuctTapeCard"],"relics":["Burning Blood","Another Sword","hubris:Icosahedron","Replay:Bandana","hubris:MedicalManual","Fusion Hammer","construct:FoamFinger","Akabeko","hubris:DuctTape","ReplayTheSpireMod:Spearhead","hubris:TenFootPole","SlaversCollar"],"acts_visited":["Exordium","TheCity","TheBeyond"],"potions_floor_usage":[],"damage_taken":[{"damage":0.0,"enemies":"Small Slimes","floor":1.0,"turns":4.0},{"damage":1.0,"enemies":"Cultist","floor":3.0,"turns":4.0},{"damage":32.0,"enemies":"Gremlin Nob","floor":6.0,"turns":4.0},{"damage":4.0,"enemies":"2 Louse","floor":8.0,"turns":2.0},{"damage":3.0,"enemies":"HollowMod:MossKnight","floor":10.0,"turns":7.0},{"damage":3.0,"enemies":"Red Slaver","floor":11.0,"turns":3.0},{"damage":10.0,"enemies":"Exordium Thugs","floor":13.0,"turns":4.0},{"damage":28.0,"enemies":"Slime Boss","floor":16.0,"turns":10.0},{"damage":46.0,"enemies":"2 Thieves","floor":18.0,"turns":4.0},{"damage":2.0,"enemies":"Chosen","floor":24.0,"turns":4.0},{"damage":16.0,"enemies":"Centurion and Healer","floor":28.0,"turns":6.0},{"damage":20.0,"enemies":"Centurion and Healer","floor":30.0,"turns":5.0},{"damage":35.0,"enemies":"Replay:Snechameleon","floor":31.0,"turns":5.0},{"damage":35.0,"enemies":"Champ","floor":35.0,"turns":7.0},{"damage":63,"enemies":"3 Darklings","floor":37,"turns":5}],"seed_played":"-1912968947904855884","potions_obtained":[{"floor":1.0,"key":"CultistPotion"},{"floor":10.0,"key":"LifebloodPotion"},{"floor":11.0,"key":"hexamod:SoulburnPotion"},{"floor":13.0,"key":"sneckomod:MuddlingPotion"}],"is_trial":false,"path_per_floor":["M","?","M","$","?","E","R","M","T","E","M","R","M","?","R","B",null,"M","?","$","$","PTL","PTL","M","R","$","R","MIM","?","M","E","R","?","R","B",null,"M"],"character_chosen":"IRONCLAD","items_purchased":["Armaments","construct:FoamFinger","Akabeko","Metallicize"],"campfire_rested":6,"item_purchase_floors":[4,20,20,26],"current_hp_per_floor":[72,72,72,72,72,46,67,69,69,72,72,72,68,57,72,50,72,32,32,32,32,32,32,36,57,57,72,62,62,48,19,40,40,61,42,72,9,9],"gold":216,"neow_bonus":"ONE_RARE_RELIC","is_daily":false,"chose_seed":false,"campfire_upgraded":0,"win_rate":0.0,"timestamp":1613724351,"path_taken":["M","?","M","$","?","E","R","M","T","E","M","R","M","?","R","BOSS","M","?","?","$","PTL","PTL","M","R","$","R","MIM","?","?","E","R","?","R","BOSS","M"],"items_purchased_type":["Card","Relic","Relic","Card"],"build_version":"2020-12-22","purchased_purges":1,"victory":false,"max_hp_per_floor":[72,72,72,72,72,72,72,72,72,72,72,72,72,72,72,72,72,72,72,72,72,72,72,72,72,72,72,72,72,72,72,72,72,72,72,72,72,72],"card_choices":[{"not_picked":["Entrench","Clash"],"picked":"Rupture","floor":1.0},{"not_picked":["Shockwave","Iron Wave"],"picked":"Life Link","floor":3.0},{"not_picked":["ReplayTheSpireMod:Strike From Hell","Barricade"],"picked":"Demon Form","floor":6.0},{"not_picked":["Flex","Heavy Blade"],"picked":"Pommel Strike","floor":8.0},{"not_picked":["Headbutt","Dark Embrace"],"picked":"Hemokinesis","floor":10.0},{"not_picked":["Pommel Strike","Warcry"],"picked":"Cleave","floor":11.0},{"not_picked":["Dropkick","Cleave"],"picked":"Berserk","floor":13.0},{"not_picked":["Corruption","Bludgeon"],"picked":"Double Tap","floor":16.0},{"not_picked":["Power Through","Sword Boomerang"],"picked":"Heavy Blade+1","floor":18.0},{"not_picked":["Pommel Strike","Cleave"],"picked":"Combust","floor":24.0},{"not_picked":["Dual Wield","ReplayTheSpireMod:Strike From Hell+1"],"picked":"Sword Boomerang+1","floor":28.0},{"not_picked":["Infernal Blade","Reckless Charge","Blood for Blood"],"picked":"SKIP","floor":30.0},{"not_picked":["Clash","Perfected Strike"],"picked":"Hemogenesis","floor":31.0},{"not_picked":["Eclipse","Demon Form"],"picked":"Feed","floor":35.0}],"player_experience":709616,"relics_obtained":[{"floor":6.0,"key":"Replay:Bandana"},{"floor":10.0,"key":"hubris:MedicalManual"},{"floor":28.0,"key":"hubris:DuctTape"},{"floor":29.0,"key":"ReplayTheSpireMod:Spearhead"},{"floor":31.0,"key":"hubris:TenFootPole"}],"event_choices":[{"damage_healed":0.0,"max_hp_gain":0.0,"max_hp_loss":0.0,"gold_gain":75.0,"event_name":"World of Goop","player_choice":"Gather Gold","floor":14.0,"gold_loss":0.0,"damage_taken":11.0},{"damage_healed":0.0,"max_hp_gain":0.0,"max_hp_loss":0.0,"gold_gain":100.0,"event_name":"The Joust","player_choice":"Bet on Murderer","floor":19.0,"gold_loss":50.0,"damage_taken":0.0},{"damage_healed":0.0,"max_hp_gain":0.0,"max_hp_loss":0.0,"gold_gain":0.0,"event_name":"Wheel of Change","player_choice":"Relic","floor":29.0,"gold_loss":0.0,"damage_taken":0.0},{"damage_healed":0.0,"max_hp_gain":0.0,"max_hp_loss":0.0,"gold_gain":0.0,"event_name":"The Woman in Blue","player_choice":"Bought 1 Potion","floor":33.0,"gold_loss":0.0,"damage_taken":0.0}],"is_beta":false,"boss_relics":[{"not_picked":["ReplayTheSpireMod:Onyx Gauntlets","Replay:Grab Bag"],"picked":"Fusion Hammer"},{"not_picked":["bronze:MakeshiftBattery","Runesmith:UraniumAnvil"],"picked":"SlaversCollar"}],"items_purged_floors":[4],"is_endless":false,"potions_floor_spawned":[1,10,11,13,16,24,35],"killed_by":"3 Darklings","ascension_level":3}}