{"host":"0ke4ewd6kv0tgkyi","time":1613772871,"event":{"mods":["2.2 Compatiblity","A Magickal Journey","Act Like it!","Aspiration","BaseMod","Conspire","Elementarium","Fiend Mod","Gensokyo","Hallownest","JesterMod","Menagerie","Minty Spire (QoL Compilation)","Pale of the Ancients","Permanent Neow","Potionbrewer","Quarter Circle Forward PUNCH!","QueenMod","Reliquary","Shade Mod","Somnambulant","StSLib","The Alterego","The Cursed","The Gatherer","The Judge","The Jungle","The Poker Player","The Senshi"],"gold_per_floor":[111,36,49,49,62,82,82,92,92,92,111,111,145,179,179,282,282,294,150,150,50,50,50,78,78,78,78,78,78,95,95,95,200,200,216,216,216,216,216,247,5,25,25,25,41,41,41,66,66,66,66,66,15,44,44],"floor_reached":56,"language":"ENG","playtime":5474,"items_purged":["Shade:Defend_Shade","Shade:Strike_Shade"],"score":1237,"play_id":"066e88b0-0170-4c0f-8386-1c8a86b25eb1","local_time":"20210219141431","is_ascension_mode":false,"campfire_choices":[{"data":"Shade:LichForm","floor":7,"key":"SMITH"},{"data":"Menagerie:CrumblingSanctuary","floor":12,"key":"SMITH"},{"data":"Shade:AnimateDead","floor":15,"key":"SMITH"},{"floor":23,"key":"RECALL"},{"data":"Shade:GoDigging","floor":25,"key":"SMITH"},{"data":"Shade:DarkOfNight","floor":32,"key":"SMITH"},{"data":"Shade:OfferingToTheBeyond","floor":44,"key":"SMITH"},{"data":"Shade:Doomsay","floor":49,"key":"SMITH"},{"data":"Shade:Coordination","floor":52,"key":"SMITH"}],"circlet_count":0,"master_deck":["Shade:AnimateDead+1","Shade:CarefulCut","Shade:DarkOfNight+1","Shade:SensePrey","Shade:ExtraLimbs+1","Shade:LichForm+1","Shade:GoDigging+1","Menagerie:CrumblingSanctuary+1","Shade:SensePrey","Shade:FleshLikeOak","Shade:Doomsay+1","Shade:SoulPierce","Shade:AblativeArmor","Shade:OfferingToTheBeyond+1","Shade:CoffinDance+1","Shade:Coordination+1","Shade:CallWraith","Shade:SoulPierce","Shade:RavenousHorde","Shade:OpenGraves+1","Shade:ScuttlingHand+1","Shade:SensePrey","Shade:FleshLikeOak","Shade:FleshToFlesh+1"],"relics":["Shade:YorickSkull","Shuriken","Tiny Chest","reliquary:QuartzCube","reliquary:RedCape","potionbrewer:Keyblade","reliquary:SilkGlove","reliquary:PurpleTingedLeaf","StrikeDummy","aspiration:RitualStick","Pandora\u0027s Box","aspiration:SeaSaltIceCream","aspiration:Nostalgia","WordoMod:Effigy","Whetstone","Mummified Hand","Nunchaku","reliquary:PrincelyHelmet","qcfpunch:Black_Training_Shirt","conspire:BottledYoYo"],"acts_visited":["Exordium","TheCity","TheCity","TheEnding"],"potions_floor_usage":[24,33,45,50,54,55,55],"damage_taken":[{"damage":4,"enemies":"Menagerie:WhisperingWraith","floor":1,"turns":6},{"damage":3,"enemies":"Menagerie:MonstrousExperiment","floor":3,"turns":3},{"damage":0,"enemies":"Menagerie:2_RABBITS","floor":5,"turns":2},{"damage":0,"enemies":"Menagerie:DREAD_MOTH_AND_GRAFTED_WORMS","floor":6,"turns":3},{"damage":5,"enemies":"Menagerie:Hexasnake","floor":8,"turns":5},{"damage":0,"enemies":"Menagerie:MeltingSalamander","floor":11,"turns":4},{"damage":17,"enemies":"Menagerie:Hydra","floor":13,"turns":5},{"damage":0,"enemies":"Gensokyo:Cirno","floor":14,"turns":6},{"damage":10,"enemies":"Menagerie:AVATARS","floor":16,"turns":7},{"damage":0,"enemies":"3 Byrds","floor":18,"turns":4},{"damage":0,"enemies":"Slavers","floor":24,"turns":4},{"damage":0,"enemies":"Chosen","floor":30,"turns":5},{"damage":10,"enemies":"Champ","floor":33,"turns":8},{"damage":2,"enemies":"Hallownest:2_Littles","floor":35,"turns":4},{"damage":2,"enemies":"Hallownest:eliteCollector","floor":40,"turns":12},{"damage":2,"enemies":"Hallownest:3_Siblings","floor":42,"turns":4},{"damage":5,"enemies":"Hallownest:2_Wing_and_1_Kings","floor":45,"turns":3},{"damage":13,"enemies":"Hallownest:BossGreyPrinceZote","floor":50,"turns":6},{"damage":25,"enemies":"Shield and Spear","floor":54,"turns":5},{"damage":2,"enemies":"The Heart","floor":55,"turns":9}],"seed_played":"-4351211294695764712","potions_obtained":[{"floor":6,"key":"GamblersBrew"},{"floor":8,"key":"potionbrewer:CleansingPotion"},{"floor":14,"key":"SpeedPotion"},{"floor":16,"key":"ColorlessPotion"},{"floor":18,"key":"potionbrewer:BarricadePotion"},{"floor":30,"key":"Weak Potion"},{"floor":42,"key":"Explosive Potion"},{"floor":45,"key":"Explosive Potion"},{"floor":54,"key":"Weak Potion"}],"is_trial":false,"path_per_floor":["M","$","M","?","M","M","R","M","T","?","M","R","E","?","R","B",null,"M","$","T","$","?","R","E","R","T","$","T","?","M","$","R","B",null,"M","?","T","$","?","E","$","M","T","R","M","?","T","T","R","B",null,"R","$","E","B",null],"character_chosen":"SHADE","items_purchased":["potionbrewer:Keyblade","Mummified Hand","Dexterity Potion"],"campfire_rested":0,"item_purchase_floors":[19,41,53],"current_hp_per_floor":[61,61,58,58,58,58,58,53,53,53,53,53,36,36,36,26,65,65,65,65,65,65,65,65,65,65,65,65,52,53,53,53,47,65,63,60,60,60,60,59,59,58,58,58,54,54,54,54,54,44,60,60,60,35,33],"gold":44,"neow_bonus":"THREE_RARE_CARDS","is_daily":false,"chose_seed":false,"campfire_upgraded":8,"win_rate":0.0,"timestamp":1613772871,"path_taken":["M","$","M","?","M","M","R","M","T","?","M","R","E","?","R","BOSS","M","$","?","$","?","R","E","R","T","$","?","?","M","?","R","BOSS","M","?","?","$","?","E","$","M","T","R","M","?","?","?","R","BOSS","R","$","E","BOSS"],"items_purchased_type":["Relic","Relic","Potion"],"build_version":"2020-12-22","purchased_purges":2,"victory":true,"max_hp_per_floor":[65,65,65,65,65,65,65,65,65,65,65,65,65,65,65,65,65,65,65,65,65,65,65,65,65,65,65,65,65,65,65,65,65,65,65,60,60,60,60,60,60,60,60,60,60,60,60,60,60,60,60,60,60,60,60],"card_choices":[{"not_picked":["Shade:OfferingToTheBeyond","Shade:SelfBurial"],"picked":"Shade:DarkOfNight","floor":0},{"not_picked":["Shade:SkeletonHug","Shade:Premonition"],"picked":"Shade:SensePrey","floor":1},{"not_picked":["Shade:SkeletonHug","Shade:Frenzy"],"picked":"Shade:ExtraLimbs","floor":3},{"not_picked":["Shade:WallOfFlesh","Shade:FeralStrike"],"picked":"Shade:LichForm","floor":5},{"not_picked":["Shade:SkeletonHug","Shade:Frenzy","Shade:Trample"],"picked":"SKIP","floor":6},{"not_picked":["Shade:ClawBack","Shade:Awaken"],"picked":"Shade:GoDigging","floor":8},{"not_picked":["Shade:Trample","Shade:CloudOfShrapnel"],"picked":"Shade:SensePrey","floor":11},{"not_picked":["Shade:WallOfFlesh","Shade:PotionOfRestlessness"],"picked":"Shade:FleshLikeOak","floor":13},{"not_picked":["Shade:FleshToFlesh","Shade:Carnophage"],"picked":"Shade:Doomsay","floor":14},{"not_picked":["Shade:SelfBurial","Shade:LastGasp"],"picked":"Shade:SoulPierce","floor":16},{"not_picked":["Shade:FeralStrike","Shade:CommandSoldier","Shade:Asphyxiate"],"picked":"SKIP","floor":18},{"not_picked":["Shade:FleshToFlesh","Shade:Carnophage"],"picked":"Shade:AblativeArmor","floor":24},{"not_picked":["Shade:CommandSoldier","Shade:CoffinDance","Shade:FreshBones"],"picked":"SKIP","floor":30},{"not_picked":["Shade:MadHubris","Shade:Putrefaction"],"picked":"Shade:OfferingToTheBeyond","floor":33},{"not_picked":["Shade:BoneShards+1","Shade:PotionOfRestlessness"],"picked":"Shade:OpenGraves+1","floor":35},{"not_picked":["Shade:Brains+1","Shade:Trample"],"picked":"Shade:ScuttlingHand+1","floor":40},{"not_picked":["Shade:ClawBack","Shade:GoDigging+1"],"picked":"Shade:SensePrey","floor":42},{"not_picked":["Shade:Brains","Shade:FreshBones+1"],"picked":"Shade:FleshLikeOak","floor":45},{"not_picked":["Shade:Bite_Shade","Shade:AblativeArmor+1"],"picked":"Shade:FleshToFlesh+1","floor":54}],"player_experience":1001206,"relics_obtained":[{"floor":9,"key":"Shuriken"},{"floor":13,"key":"Tiny Chest"},{"floor":14,"key":"reliquary:QuartzCube"},{"floor":24,"key":"reliquary:SilkGlove"},{"floor":26,"key":"reliquary:PurpleTingedLeaf"},{"floor":28,"key":"StrikeDummy"},{"floor":37,"key":"aspiration:SeaSaltIceCream"},{"floor":40,"key":"Whetstone"},{"floor":43,"key":"Nunchaku"},{"floor":47,"key":"reliquary:PrincelyHelmet"},{"floor":48,"key":"qcfpunch:Black_Training_Shirt"},{"floor":54,"key":"conspire:BottledYoYo"}],"event_choices":[{"damage_healed":0,"gold_gain":0,"player_choice":"Ignored","damage_taken":0,"max_hp_gain":0,"max_hp_loss":0,"event_name":"Menagerie:SpiderNest","floor":4,"gold_loss":0},{"damage_healed":0,"gold_gain":0,"cards_transformed":["Shade:Strike_Shade"],"player_choice":"Grasp","damage_taken":0,"max_hp_gain":0,"max_hp_loss":0,"event_name":"Menagerie:MagesHand","floor":10,"gold_loss":0,"cards_obtained":["Menagerie:CrumblingSanctuary"]},{"damage_healed":0,"gold_gain":0,"player_choice":"Release","damage_taken":0,"max_hp_gain":0,"max_hp_loss":0,"event_name":"Menagerie:StasisChamber","floor":14,"gold_loss":0},{"damage_healed":0,"gold_gain":0,"player_choice":"Leave","damage_taken":0,"max_hp_gain":0,"max_hp_loss":0,"event_name":"conspire:Investor","floor":39,"gold_loss":0}],"is_beta":false,"boss_relics":[{"not_picked":["Fiend:Scarf","Coffee Dripper"],"picked":"reliquary:RedCape"},{"not_picked":["reliquary:Ember","Snecko Eye"],"picked":"Pandora\u0027s Box"}],"items_purged_floors":[2,21],"is_endless":false,"potions_floor_spawned":[6,8,14,16,18,30,42,45,54],"ascension_level":0}}