{"host":"ox77rn1xcurm2t5a","time":1613695983,"event":{"mods":["2.2 Compatiblity","AchievementEnabler","Act Like it!","Aspiration","BaseMod","Best Route Mod","Better Match","Better Note","Better Sensory Stone","Block Reminder","Colored Map","Colored Powertips","Conjunction","Conspire","Custom Start","Energized Spire","GifTheSpireLib","Gold Saver","Gremlin Skip","Halation","Highlight Path","Hubris","Infinite Spire","Minty Spire (QoL Compilation)","Pale of the Ancients","Quick Restart","Replay The Spire","Reworked Bosses","ShortenTheSpire","Spire Exporter","StSLib","Stuff the Spire","Wandering Minibosses"],"gold_per_floor":[116,116,41,51,51,79,90,90,90,118,131,131,150,177,177,275,275,286,298,298,298],"floor_reached":20,"language":"ENG","playtime":479,"items_purged":[],"score":307,"play_id":"1a3fa0d1-0bfa-493b-8281-7ea7f72886ed","local_time":"20210219025303","is_ascension_mode":true,"campfire_choices":[{"floor":12.0,"key":"RECALL"},{"data":"Demon Form","floor":15.0,"key":"SMITH"}],"circlet_count":0,"master_deck":["Strike_R","Strike_R","Strike_R","Strike_R","Defend_R","Defend_R","Defend_R","Defend_R","Bash+1","Inflame","Clash","Pommel Strike+1","Demon Form+1","Twin Strike+1","Limit Break","Twin Strike+1"],"relics":["Burning Blood","NeowsBlessing","Molten Egg 2","Replay:Wax Seal","hubris:SlimyHat","hubris:Backtick","Happy Flower"],"acts_visited":["Exordium","TheCity"],"potions_floor_usage":[],"damage_taken":[{"damage":0.0,"enemies":"2 Louse","floor":1.0,"turns":1.0},{"damage":0.0,"enemies":"Cultist","floor":4.0,"turns":1.0},{"damage":0.0,"enemies":"Lagavulin","floor":6.0,"turns":1.0},{"damage":2.0,"enemies":"Jaw Worm","floor":7.0,"turns":2.0},{"damage":45.0,"enemies":"3 Sentries","floor":10.0,"turns":9.0},{"damage":6.0,"enemies":"3 Louse","floor":11.0,"turns":4.0},{"damage":19.0,"enemies":"Exordium Wildlife","floor":13.0,"turns":5.0},{"damage":30.0,"enemies":"Lagavulin","floor":14.0,"turns":5.0},{"damage":38.0,"enemies":"Slime Boss","floor":16.0,"turns":7.0},{"damage":17.0,"enemies":"Spheric Guardian","floor":18.0,"turns":4.0},{"damage":27.0,"enemies":"Chosen","floor":19.0,"turns":6.0},{"damage":46,"enemies":"3 Cultists","floor":20,"turns":4}],"seed_played":"-2471239366139760415","potions_obtained":[{"floor":1.0,"key":"Adrenaline Potion"},{"floor":13.0,"key":"BlessingOfTheForge"},{"floor":14.0,"key":"FairyPotion"}],"is_trial":false,"path_per_floor":["M","?","$","M","?","E","M","?","T","E","M","R","M","E","R","B",null,"M","M","M"],"character_chosen":"IRONCLAD","items_purchased":["Inflame"],"campfire_rested":0,"item_purchase_floors":[3],"current_hp_per_floor":[78,78,78,80,85,85,85,85,85,46,46,46,33,9,9,31,72,61,40,0,0],"gold":298,"neow_bonus":"THREE_ENEMY_KILL","is_daily":false,"chose_seed":false,"campfire_upgraded":1,"win_rate":0.0,"timestamp":1613695983,"path_taken":["M","?","$","?","?","E","M","?","T","E","M","R","?","E","R","BOSS","M","M","M"],"items_purchased_type":["Card"],"build_version":"2020-12-22","purchased_purges":0,"victory":false,"max_hp_per_floor":[80,80,80,80,85,85,85,85,85,85,85,85,85,85,85,85,85,85,85,85,85],"card_choices":[{"not_picked":["Body Slam","Blood for Blood","Warcry"],"picked":"SKIP","floor":1.0},{"not_picked":["Headbutt","Uppercut"],"picked":"Clash","floor":4.0},{"not_picked":["Anger+1","StuffTheSpire:BloodClot"],"picked":"Pommel Strike+1","floor":6.0},{"not_picked":["Replay:Undeath\u0027s Touch+1","ReplayTheSpireMod:Stacked","Infernal Blade"],"picked":"SKIP","floor":7.0},{"not_picked":["Rage","Wild Strike+1"],"picked":"Demon Form","floor":10.0},{"not_picked":["Battle Trance","Run Through+1"],"picked":"Twin Strike+1","floor":11.0},{"not_picked":["Carnage+1","hubris:ReadiedAction","StuffTheSpire:Pyroclast+1"],"picked":"SKIP","floor":13.0},{"not_picked":["Searing Blow+1","Rage","Armaments"],"picked":"SKIP","floor":14.0},{"not_picked":["Double Tap","Hemogenesis+1"],"picked":"Limit Break","floor":16.0},{"not_picked":["hubris:CleavingFinish+1","Shrug It Off","Bloodletting"],"picked":"SKIP","floor":18.0},{"not_picked":["Clothesline+1","ReplayTheSpireMod:LeadingStrike+1"],"picked":"Twin Strike+1","floor":19.0}],"player_experience":3155358,"relics_obtained":[{"floor":6.0,"key":"Molten Egg 2"},{"floor":10.0,"key":"Replay:Wax Seal"},{"floor":14.0,"key":"hubris:SlimyHat"}],"event_choices":[{"cards_removed":["Strike_R"],"damage_healed":0.0,"max_hp_gain":0.0,"max_hp_loss":0.0,"gold_gain":0.0,"event_name":"Bonfire Elementals","player_choice":"Offered Basic","floor":2.0,"gold_loss":0.0,"damage_taken":0.0},{"damage_healed":0.0,"max_hp_gain":5.0,"max_hp_loss":0.0,"gold_gain":0.0,"event_name":"Big Fish","player_choice":"Donut","floor":5.0,"gold_loss":0.0,"damage_taken":0.0}],"is_beta":false,"boss_relics":[{"not_picked":["Replay:Grab Bag","SlaversCollar"],"picked":"hubris:Backtick"}],"items_purged_floors":[],"is_endless":false,"potions_floor_spawned":[1,13,14],"killed_by":"3 Cultists","ascension_level":8}}