{"host":"l7w0by5tm9d5mps5","time":1613698960,"event":{"mods":["AchievementEnabler","BaseMod","BetterRewards","Energized Spire","Minty Spire (QoL Compilation)","Permanent Neow","Reliquary","Replay The Spire","Spire Arcade","StSLib","The Runesmith"],"gold_per_floor":[113,133,191,191,203,203,235,285,308,308,113,124,124,143,143,214,214,233,283,358,1,18,48,48,82,106,131,81,92,191,225,225,298,298,314,224,238,460,229,229,256,256,256,256,256,256,256,289,289,303,303,303],"floor_reached":53,"language":"ENG","playtime":3078,"items_purged":["Normality","Strike_B","Bash","Strike_B","Strike_B"],"score":1398,"play_id":"ac494399-176c-4dfc-a8e5-82d6c2caf853","local_time":"20210219024240","is_ascension_mode":true,"campfire_choices":[{"data":"Self Repair","floor":6.0,"key":"SMITH"},{"data":"Zap","floor":10.0,"key":"SMITH"},{"data":"Beam Cell","floor":15.0,"key":"SMITH"},{"floor":32,"key":"DIG"},{"data":"Buffer","floor":40,"key":"SMITH"},{"data":"Go for the Eyes","floor":42,"key":"SMITH"},{"data":"Warcry","floor":47,"key":"SMITH"},{"data":"FTL","floor":49,"key":"SMITH"},{"data":"Beam Cell","floor":51,"key":"SMITH"}],"circlet_count":0,"master_deck":["Defend_B+1","Defend_B","Defend_B","Defend_B","Zap+1","Seek+1","ReplayGash","Gash+1","Leap","Self Repair+1","Beam Cell+1","All For One","Warcry+1","Seek+1","Gash+1","Beam Cell+1","Buffer+1","Leap","Go for the Eyes+1","FTL+1","Core Surge","Pain"],"relics":["Smiling Mask","Juzu Bracelet","ReplayTheSpireMod:CursedCoin","reliquary:RoseTintedGlasses","Lantern","Iron Core","SlaversCollar","reliquary:PurpleTingedLeaf","Replay:Bottled Eggs","Necronomicon","Blue Doll","Strawberry","Red Mask","Gremlin Food","Gremlin Horn","energizedSpire:UnstableMolecules","reliquary:SharkskinSheath","Geode","reliquary:BoilingFlask","WarpedTongs","reliquary:RosewoodLute"],"acts_visited":["Exordium","TheCity","TheBeyond"],"potions_floor_usage":[33,33,41,52,52],"damage_taken":[{"damage":6.0,"enemies":"2 Louse","floor":1.0,"turns":3.0},{"damage":2.0,"enemies":"Jaw Worm","floor":2.0,"turns":3.0},{"damage":0.0,"enemies":"Cultist","floor":5.0,"turns":3.0},{"damage":22.0,"enemies":"Lagavulin","floor":7.0,"turns":6.0},{"damage":0.0,"enemies":"Red Slaver","floor":12.0,"turns":3.0},{"damage":0.0,"enemies":"Blue Slaver","floor":14.0,"turns":3.0},{"damage":0.0,"enemies":"Slime Boss","floor":16.0,"turns":5.0},{"damage":3.0,"enemies":"Chosen","floor":18.0,"turns":4.0},{"damage":4.0,"enemies":"Shell Parasite","floor":22.0,"turns":3.0},{"damage":38.0,"enemies":"Book of Stabbing","floor":23.0,"turns":5.0},{"damage":20,"enemies":"Replay:Snechameleon","floor":25,"turns":5},{"damage":4,"enemies":"Masked Bandits","floor":27,"turns":3},{"damage":0,"enemies":"Cultist and Chosen","floor":29,"turns":3},{"damage":22,"enemies":"Gremlin Leader","floor":31,"turns":3},{"damage":43,"enemies":"Collector","floor":33,"turns":6},{"damage":10,"enemies":"3 Shapes","floor":35,"turns":1},{"damage":0,"enemies":"Orb Walker","floor":37,"turns":2},{"damage":0,"enemies":"R_Hoarder","floor":41,"turns":9},{"damage":0,"enemies":"Giant Head","floor":48,"turns":5},{"damage":11,"enemies":"4 Shapes","floor":50,"turns":3},{"damage":30,"enemies":"Awakened One","floor":52,"turns":6}],"seed_played":"-7403431968728758653","potions_obtained":[{"floor":2.0,"key":"Toxic Potion"},{"floor":3.0,"key":"Toxic Potion"},{"floor":12.0,"key":"Dexterity Potion"},{"floor":14.0,"key":"SpeedPotion"},{"floor":25,"key":"Milkshake"},{"floor":33,"key":"Regen Potion"},{"floor":35,"key":"Fire Potion"},{"floor":37,"key":"Ancient Potion"},{"floor":41,"key":"Strength Potion"}],"is_trial":false,"path_per_floor":["M","M","?","?","M","R","E","$","T","R","$","M","?","M","R","B",null,"M","?","?","$","M","E","?","E","T","?","$","M","?","E","R","B",null,"M","?","M","?","$","R","E","R","T","PTL","PTL","?","R","E","R","M","R","B",null],"character_chosen":"DEFECT","items_purchased":["ReplayTheSpireMod:CursedCoin","Beam Cell","Lantern","reliquary:PurpleTingedLeaf","Gash","FTL","reliquary:SharkskinSheath"],"campfire_rested":0,"item_purchase_floors":[8,8,11,21,21,39,39],"current_hp_per_floor":[62,60,42,27,34,34,22,22,22,22,22,32,32,42,42,52,69,75,75,68,68,75,50,34,26,33,41,41,53,53,43,43,13,65,57,57,68,68,68,68,82,82,82,82,82,82,82,82,82,82,82,66],"gold":303,"neow_bonus":"ONE_RANDOM_RARE_CARD","is_daily":false,"chose_seed":false,"campfire_upgraded":8,"win_rate":0.0,"timestamp":1613698960,"path_taken":["M","M","?","?","M","R","E","?","T","R","$","M","?","M","R","BOSS","M","?","?","?","M","E","?","E","T","?","$","M","?","E","R","BOSS","M","?","M","?","$","R","E","R","T","PTL","PTL","?","R","E","R","M","R","BOSS"],"items_purchased_type":["Relic","Card","Relic","Relic","Card","Card","Relic"],"build_version":"2020-12-22","purchased_purges":5,"victory":true,"max_hp_per_floor":[75,75,75,75,75,75,75,75,75,75,75,75,75,75,75,75,75,75,75,75,75,75,75,75,75,82,82,82,82,82,82,82,82,82,82,82,82,82,82,82,82,82,82,82,82,82,82,82,82,82,82,82],"card_choices":[{"not_picked":["Streamline","Steam"],"picked":"ReplayGash","floor":1.0},{"not_picked":["Darkness","Static Discharge"],"picked":"Gash","floor":2.0},{"not_picked":["Panic Button","Heatsinks"],"picked":"Leap","floor":3.0},{"not_picked":["Barrage","Tempest"],"picked":"Self Repair","floor":3.0},{"not_picked":["Hologram","Time Bomb","Barrage"],"picked":"SKIP","floor":5.0},{"not_picked":["Leap","White Noise","ReplayTheSpireMod:Repulse"],"picked":"SKIP","floor":7.0},{"not_picked":["Reprogram","White Noise"],"picked":"All For One","floor":12.0},{"not_picked":["Crystallizer","Dual Wield"],"picked":"Warcry","floor":14.0},{"not_picked":["Reaper","Rainbow"],"picked":"Seek","floor":16.0},{"not_picked":["Capacitor","Stack","Skim"],"picked":"SKIP","floor":18.0},{"not_picked":["Scorching Beam","Fusion"],"picked":"Beam Cell","floor":22.0},{"not_picked":["Hello World","Self Repair","Body Slam"],"picked":"SKIP","floor":23.0},{"not_picked":["Whirlwind","Iron Wave","Hyperbeam"],"picked":"SKIP","floor":25},{"not_picked":["ReplayTheSpireMod:GoodbyeWorld","Reinforced Body","Anger+1"],"picked":"SKIP","floor":29},{"not_picked":["Barricade","Doom and Gloom","Headbutt"],"picked":"SKIP","floor":31},{"not_picked":["Barricade","Doom and Gloom","Headbutt"],"picked":"SKIP","floor":31},{"not_picked":["Core Surge","Hyperbeam"],"picked":"Buffer","floor":33},{"not_picked":["Coolheaded","Fusion+1"],"picked":"Leap","floor":35},{"not_picked":["Scrape","Compile Driver"],"picked":"Go for the Eyes","floor":37},{"not_picked":["Steam Power","Panic Button+1"],"picked":"Core Surge","floor":41},{"not_picked":["Conserve Battery","Recycle","Streamline"],"picked":"SKIP","floor":48},{"not_picked":["Panic Button","Ball Lightning+1","Beam Cell"],"picked":"SKIP","floor":50}],"player_experience":251478,"relics_obtained":[{"floor":3.0,"key":"Smiling Mask"},{"floor":7.0,"key":"Juzu Bracelet"},{"floor":9.0,"key":"reliquary:RoseTintedGlasses"},{"floor":23.0,"key":"Replay:Bottled Eggs"},{"floor":24.0,"key":"Necronomicon"},{"floor":25,"key":"Blue Doll"},{"floor":26,"key":"Strawberry"},{"floor":27,"key":"Red Mask"},{"floor":31,"key":"Gremlin Food"},{"floor":32,"key":"Gremlin Horn"},{"floor":41,"key":"Geode"},{"floor":43,"key":"reliquary:BoilingFlask"},{"floor":48,"key":"reliquary:RosewoodLute"}],"event_choices":[{"damage_healed":0.0,"max_hp_gain":0.0,"max_hp_loss":0.0,"gold_gain":0.0,"event_name":"Shining Light","player_choice":"Entered Light","floor":4.0,"gold_loss":0.0,"damage_taken":15.0,"cards_upgraded":["Gash","Defend_B"]},{"damage_healed":0.0,"max_hp_gain":0.0,"max_hp_loss":0.0,"gold_gain":100.0,"event_name":"The Joust","player_choice":"Bet on Murderer","floor":19.0,"gold_loss":50.0,"damage_taken":0.0},{"damage_healed":0.0,"max_hp_gain":0.0,"max_hp_loss":0.0,"gold_gain":75.0,"event_name":"FaceTrader","player_choice":"Touch","floor":20.0,"gold_loss":0.0,"damage_taken":7.0},{"damage_healed":0.0,"max_hp_gain":0.0,"max_hp_loss":0.0,"gold_gain":0.0,"event_name":"Cursed Tome","player_choice":"Obtained Book","floor":24.0,"gold_loss":0.0,"damage_taken":16.0},{"damage_healed":0,"gold_gain":0,"player_choice":"Fought Bandits","damage_taken":0,"max_hp_gain":0,"max_hp_loss":0,"event_name":"Masked Bandits","floor":27,"gold_loss":0},{"damage_healed":0,"gold_gain":99,"player_choice":"Stole From Cult","damage_taken":0,"max_hp_gain":0,"max_hp_loss":0,"event_name":"Nest","floor":30,"gold_loss":0},{"cards_removed":["Strike_B"],"damage_healed":0,"gold_gain":0,"player_choice":"Upgrade and Remove","damage_taken":0,"max_hp_gain":0,"max_hp_loss":0,"event_name":"Designer","floor":36,"gold_loss":90,"cards_upgraded":["Gash"]},{"damage_healed":0,"gold_gain":222,"player_choice":"Wore Mask","damage_taken":0,"max_hp_gain":0,"max_hp_loss":0,"event_name":"Tomb of Lord Red Mask","floor":38,"gold_loss":0},{"damage_healed":0,"gold_gain":0,"player_choice":"Rummage","damage_taken":0,"relics_obtained":["WarpedTongs"],"max_hp_gain":0,"max_hp_loss":0,"event_name":"Accursed Blacksmith","floor":46,"gold_loss":0,"cards_obtained":["Pain"]}],"is_beta":false,"boss_relics":[{"not_picked":["energizedSpire:OldTV","reliquary:Craggleroot"],"picked":"SlaversCollar"},{"not_picked":["Velvet Choker","reliquary:RedCape"],"picked":"energizedSpire:UnstableMolecules"}],"items_purged_floors":[8,11,21,28,39],"is_endless":false,"potions_floor_spawned":[2,5,12,14,23,25,27,33,35,37,41],"ascension_level":13}}