{"host":"iovigr651ajk16h5","time":1613749976,"event":{"mods":["2.2 Compatiblity","AchievementEnabler","Aspiration","BaseMod","Better Altar","Better Match","Better Note","Better Sensory Stone","Better Skull","Better Third Choice","Block Reminder","CapriCore","Colored Map","Ekko","Energized Spire","GifTheSpireLib","GungeonMod","Halation","Hermit","Highlight Path","Hubris","Infinite Spire","Koishi","Luminous","Marisa????????","Minty Spire (QoL Compilation)","Nova Terra(??·??)","Onozuka Komachi Mod","Permanent Neow","Prisma Mod","Quick Restart","Railgun Mod","Remilia??????","Replay The Spire","StSLib","Stuff the Spire","Td1madao Mod","The Administrix","The Bladedancer","The Bug Knight","The Construct","The Exalted","The Immortal","The Marked","The Problem Sleuth","The Servant 0.9.4","TheFirefly","TheSwordswoman","Trackpad","Waifu the Spire","WarShipGirlsR/????R mod","everything is the same but u backflip on backflip"],"gold_per_floor":[210,210,210,221,221,253,253,266,316,316,316,316,316,329,329,433,433,451,451,218,236,236,236,236,236,263,294,294,312,323,335,335,335,335],"floor_reached":33,"language":"ENG","playtime":1073,"items_purged":["theMarked:Strike","theMarked:Strike"],"score":313,"play_id":"32af756f-8a39-43c4-8282-c98f356e3652","local_time":"20210219105256","is_ascension_mode":false,"campfire_choices":[{"floor":7,"key":"REST"},{"floor":13,"key":"REST"},{"data":"theMarked:OneWithTheBlade","floor":15,"key":"SMITH"},{"data":"theMarked:ComboAttacks","floor":23,"key":"SMITH"},{"floor":25,"key":"REST"},{"floor":28,"key":"REST"},{"floor":32,"key":"REST"}],"circlet_count":0,"master_deck":["theMarked:Strike","theMarked:Strike","theMarked:Defend","theMarked:Defend","theMarked:Defend","theMarked:SoldierOfQuellstein","theMarked:Reabsorb+1","theMarked:OneWithTheBlade+1","theMarked:RepellingDischarge+1","theMarked:SwordAndMagic+1","theMarked:Defy+1","theMarked:ChannelForce+1","theMarked:ThrowWeapon+1","theMarked:ComboAttacks+1","theMarked:RogueSparks","theMarked:Toughness","theMarked:Electrocute+1","theMarked:OneWithTheBlade","theMarked:ParalyzingBlade+1"],"relics":["theMarked:ArtifactOfAir","StuffTheSpire:ForceGauntlet","theMarked:Winder","Molten Egg 2","theMarked:SpiritSword","BargainBundle","Replay:Mystery Machine","halation:PenCase"],"acts_visited":["Exordium","TheCity"],"potions_floor_usage":[6,16,21,31,33],"damage_taken":[{"damage":8,"enemies":"2 Louse","floor":1,"turns":2},{"damage":6,"enemies":"Jaw Worm","floor":4,"turns":4},{"damage":39,"enemies":"3 Sentries","floor":6,"turns":7},{"damage":0,"enemies":"Cultist","floor":8,"turns":2},{"damage":3,"enemies":"Red Slaver","floor":14,"turns":3},{"damage":0,"enemies":"Slime Boss","floor":16,"turns":3},{"damage":4,"enemies":"Chosen","floor":18,"turns":3},{"damage":13,"enemies":"2 Thieves","floor":21,"turns":3},{"damage":44,"enemies":"Gremlin Leader","floor":27,"turns":6},{"damage":4,"enemies":"Cultist and Chosen","floor":29,"turns":4},{"damage":21,"enemies":"Chosen and Byrds","floor":30,"turns":5},{"damage":15,"enemies":"3 Cultists","floor":31,"turns":4},{"damage":39,"enemies":"Automaton","floor":33,"turns":6}],"seed_played":"-2709601105733139691","potions_obtained":[{"floor":5,"key":"DuplicationPotion"},{"floor":5,"key":"GamblersBrew"},{"floor":5,"key":"Regen Potion"},{"floor":14,"key":"Fire Potion"},{"floor":30,"key":"LiquidMemories"},{"floor":31,"key":"DemoMod:LeadSkinPotion"}],"is_trial":false,"path_per_floor":["M","?","?","M","?","E","R","M","T","$","?","?","R","M","R","B",null,"M","?","$","M","AVR","R","?","R","T","E","R","M","M","M","R","B"],"character_chosen":"THE_DEFAULT","items_purchased":["theMarked:Winder","BargainBundle","theMarked:ThrowWeapon+1","Block Potion","theMarked:ComboAttacks"],"campfire_rested":5,"item_purchase_floors":[10,20,20,20,20],"current_hp_per_floor":[64,64,64,58,58,34,55,55,55,45,45,41,62,59,59,59,72,68,68,68,55,55,55,55,72,72,28,49,45,24,9,30,0,0],"gold":335,"neow_bonus":"HUNDRED_GOLD","is_daily":false,"chose_seed":false,"campfire_upgraded":2,"win_rate":0.0,"timestamp":1613749976,"path_taken":["M","?","?","M","?","E","R","?","T","?","?","?","R","M","R","BOSS","M","?","$","M","AVR","R","?","R","T","E","R","M","M","M","R","BOSS"],"items_purchased_type":["Relic","Relic","Card","Potion","Card"],"build_version":"2020-12-22","purchased_purges":2,"victory":false,"max_hp_per_floor":[72,72,72,72,72,72,72,72,72,72,72,72,72,72,72,72,72,72,72,72,72,72,72,72,72,72,72,72,72,72,72,72,72,72],"card_choices":[{"not_picked":["theMarked:Electrocute","theMarked:Improvise"],"picked":"theMarked:Reabsorb","floor":1},{"not_picked":["theMarked:ChannelForce","theMarked:BanishingWave"],"picked":"theMarked:OneWithTheBlade","floor":4},{"not_picked":["theMarked:Determination","theMarked:BanishingStrike"],"picked":"theMarked:RepellingDischarge","floor":6},{"not_picked":["theMarked:ResourceFulStrike","theMarked:FavorableWinds","theMarked:Improvise"],"picked":"SKIP","floor":8},{"not_picked":["theMarked:HeightenedSenses","theMarked:Frustration+1"],"picked":"theMarked:SwordAndMagic+1","floor":14},{"not_picked":["theMarked:TakeOffHeels","theMarked:Snap+1"],"picked":"theMarked:Defy+1","floor":16},{"not_picked":["theMarked:Indomitable","theMarked:Memento"],"picked":"theMarked:ChannelForce","floor":18},{"not_picked":["theMarked:Convert","theMarked:ChainLightning+1"],"picked":"theMarked:RogueSparks","floor":21},{"not_picked":["theMarked:Improvise","theMarked:Aftermath"],"picked":"theMarked:Electrocute+1","floor":27},{"not_picked":["theMarked:TunnelVision+1","theMarked:Frustration+1","theMarked:WastefulAttack+1"],"picked":"SKIP","floor":29},{"not_picked":["theMarked:WardOff","theMarked:ResourceFulStrike+1"],"picked":"theMarked:OneWithTheBlade","floor":30},{"not_picked":["theMarked:RepellingDischarge","theMarked:HeightenedSenses+1"],"picked":"theMarked:ParalyzingBlade+1","floor":31}],"player_experience":393100,"relics_obtained":[{"floor":6,"key":"StuffTheSpire:ForceGauntlet"},{"floor":26,"key":"Replay:Mystery Machine"},{"floor":27,"key":"halation:PenCase"}],"event_choices":[{"damage_healed":0,"gold_gain":0,"player_choice":"Got Potions","damage_taken":0,"max_hp_gain":0,"max_hp_loss":0,"event_name":"Lab","floor":5,"gold_loss":0},{"damage_healed":0,"gold_gain":0,"player_choice":"Forge","damage_taken":0,"max_hp_gain":0,"max_hp_loss":0,"event_name":"Accursed Blacksmith","floor":19,"gold_loss":0,"cards_upgraded":["theMarked:ChannelForce"]},{"damage_healed":0,"gold_gain":0,"cards_transformed":["theMarked:Strike"],"player_choice":"Transformed","damage_taken":0,"max_hp_gain":0,"max_hp_loss":0,"event_name":"Transmorgrifier","floor":24,"gold_loss":0,"cards_obtained":["theMarked:Toughness"]}],"is_beta":false,"boss_relics":[{"not_picked":["Black Star","aspiration:RitualDagger"],"picked":"theMarked:SpiritSword"}],"items_purged_floors":[20,22],"is_endless":false,"potions_floor_spawned":[14,30,31],"killed_by":"Automaton","ascension_level":0}}