{"host":"syfsfjmzue8y1a6l","time":1613744346,"event":{"mods":["AchievementEnabler","BaseMod","Colored Map","DeckTracker","Minty Spire (QoL Compilation)","Permanent Neow","SuperFastMode"],"gold_per_floor":[117,67,87,87,87,87,106,139,139,64,139,158,190,202,202,304,304,324,343,343,172,200,75,105,128,128,128,156,156,156],"floor_reached":29,"language":"KOR","playtime":1453,"items_purged":["Defend_G","Defend_G","Defend_G"],"score":255,"play_id":"e52cd284-69ca-42ef-973b-6456e2f9a474","local_time":"20210219231906","is_ascension_mode":false,"campfire_choices":[{"data":"Bouncing Flask","floor":6,"key":"SMITH"},{"data":"Neutralize","floor":15,"key":"SMITH"},{"data":"After Image","floor":27,"key":"SMITH"}],"circlet_count":0,"master_deck":["Strike_G","Strike_G","Strike_G","Strike_G","Defend_G+1","Survivor+1","Neutralize+1","Bouncing Flask+1","After Image+1","Poisoned Stab","Corpse Explosion+1","CurseOfTheBell","Deadly Poison+1","Noxious Fumes","Prepared+1","Outmaneuver+1","Well Laid Plans+1"],"relics":["Ring of the Snake","Incense Burner","Kunai","Centennial Puzzle","Toxic Egg 2","Calling Bell","CeramicFish","StrikeDummy","Mango","Omamori","The Specimen"],"acts_visited":["Exordium","TheCity"],"potions_floor_usage":[13,16,22,28,28],"damage_taken":[{"damage":0,"enemies":"Small Slimes","floor":1,"turns":4},{"damage":0,"enemies":"2 Louse","floor":3,"turns":3},{"damage":3,"enemies":"Jaw Worm","floor":7,"turns":3},{"damage":11,"enemies":"3 Sentries","floor":8,"turns":8},{"damage":0,"enemies":"Large Slime","floor":12,"turns":7},{"damage":1,"enemies":"Gremlin Nob","floor":13,"turns":4},{"damage":5,"enemies":"Exordium Thugs","floor":14,"turns":5},{"damage":7,"enemies":"Hexaghost","floor":16,"turns":7},{"damage":10,"enemies":"Spheric Guardian","floor":18,"turns":3},{"damage":1,"enemies":"Chosen","floor":19,"turns":4},{"damage":15,"enemies":"Snecko","floor":22,"turns":5},{"damage":11,"enemies":"Slavers","floor":24,"turns":3},{"damage":5,"enemies":"Snake Plant","floor":25,"turns":4},{"damage":17,"enemies":"Sentry and Sphere","floor":28,"turns":5},{"damage":24,"enemies":"Chosen and Byrds","floor":29,"turns":4}],"seed_played":"2552682580982054211","potions_obtained":[{"floor":1,"key":"Strength Potion"},{"floor":3,"key":"Ancient Potion"},{"floor":7,"key":"GamblersBrew"},{"floor":14,"key":"Explosive Potion"},{"floor":16,"key":"Swift Potion"},{"floor":24,"key":"Regen Potion"},{"floor":28,"key":"Energy Potion"}],"is_trial":false,"path_per_floor":["M","?","M","?","?","R","M","E","T","$","?","M","E","M","R","B",null,"M","M","?","$","M","$","E","M","T","R","M","M"],"character_chosen":"THE_SILENT","items_purchased":["Noxious Fumes"],"campfire_rested":0,"item_purchase_floors":[21],"current_hp_per_floor":[63,63,63,56,43,43,40,29,29,29,18,18,17,12,12,5,77,67,66,52,52,37,37,26,21,21,21,18,0,0],"gold":156,"neow_bonus":"ONE_RARE_RELIC","is_daily":false,"chose_seed":false,"campfire_upgraded":3,"win_rate":0.0,"timestamp":1613744346,"path_taken":["M","?","M","?","?","R","M","E","T","$","?","M","E","M","R","BOSS","M","M","?","$","M","$","E","M","T","R","M","M"],"items_purchased_type":["Card"],"build_version":"2020-12-22","purchased_purges":3,"victory":false,"max_hp_per_floor":[63,63,63,63,63,63,63,63,63,63,63,63,63,63,63,63,77,77,77,82,82,82,82,82,82,82,82,82,82,82],"card_choices":[{"not_picked":["Skewer","Infinite Blades"],"picked":"Bouncing Flask","floor":1},{"not_picked":["Choke","Backstab","Sucker Punch"],"picked":"SKIP","floor":3},{"not_picked":["Flying Knee","Dodge and Roll","Escape Plan"],"picked":"SKIP","floor":7},{"not_picked":["Acrobatics","Dagger Throw"],"picked":"After Image","floor":8},{"not_picked":["Predator","Reflex"],"picked":"Poisoned Stab","floor":12},{"not_picked":["Backstab","Predator","Slice"],"picked":"SKIP","floor":13},{"not_picked":["Dodge and Roll+1","Blade Dance+1","Escape Plan+1"],"picked":"SKIP","floor":14},{"not_picked":["Unload","Doppelganger+1"],"picked":"Corpse Explosion+1","floor":16},{"not_picked":["Dodge and Roll+1","All Out Attack","Masterful Stab"],"picked":"SKIP","floor":18},{"not_picked":["Backflip+1","Slice"],"picked":"Deadly Poison+1","floor":19},{"not_picked":["Bouncing Flask+1","Heel Hook"],"picked":"Prepared+1","floor":22},{"not_picked":["Backstab","A Thousand Cuts","Escape Plan+1"],"picked":"SKIP","floor":24},{"not_picked":["Riddle With Holes","Slice"],"picked":"Outmaneuver+1","floor":25},{"not_picked":["Riddle With Holes","Dagger Spray"],"picked":"Well Laid Plans+1","floor":28}],"player_experience":163071,"relics_obtained":[{"floor":8,"key":"Kunai"},{"floor":9,"key":"Centennial Puzzle"},{"floor":13,"key":"Toxic Egg 2"},{"floor":17,"key":"CeramicFish"},{"floor":17,"key":"StrikeDummy"},{"floor":17,"key":"Mango"},{"floor":24,"key":"Omamori"},{"floor":26,"key":"The Specimen"}],"event_choices":[{"cards_removed":["Defend_G"],"damage_healed":0,"gold_gain":0,"player_choice":"Card Removal","damage_taken":0,"max_hp_gain":0,"max_hp_loss":0,"event_name":"The Cleric","floor":2,"gold_loss":50},{"cards_removed":["Strike_G"],"damage_healed":0,"gold_gain":0,"player_choice":"Card Removal","damage_taken":7,"max_hp_gain":0,"max_hp_loss":0,"event_name":"Golden Wing","floor":4,"gold_loss":0},{"damage_healed":0,"gold_gain":0,"player_choice":"Entered Light","damage_taken":13,"max_hp_gain":0,"max_hp_loss":0,"event_name":"Shining Light","floor":5,"gold_loss":0,"cards_upgraded":["Survivor","Defend_G"]},{"damage_healed":0,"gold_gain":75,"player_choice":"Gather Gold","damage_taken":11,"max_hp_gain":0,"max_hp_loss":0,"event_name":"World of Goop","floor":11,"gold_loss":0},{"damage_healed":0,"gold_gain":0,"player_choice":"Shed Blood","damage_taken":19,"max_hp_gain":5,"max_hp_loss":0,"event_name":"Forgotten Altar","floor":20,"gold_loss":0}],"is_beta":false,"boss_relics":[{"not_picked":["Philosopher\u0027s Stone","Astrolabe"],"picked":"Calling Bell"}],"items_purged_floors":[10,21,23],"is_endless":false,"potions_floor_spawned":[1,3,7,14,16,24,28],"killed_by":"Chosen and Byrds","ascension_level":0}}