{"host":"l2lylj0omvglf5x0","time":1613723165,"event":{"mods":["2.2 Compatiblity","BaseMod","Bestiary","Block Reminder","Colored Map","Colored Powertips","Curses Come First","Highlight Path","Keyboard Shortcuts","Minty Spire (QoL Compilation)","Relic Sorter","Relic Stats","Slay the Relics Exporter","StSLib","SuperFastMode"],"gold_per_floor":[112,112,187,187,199,199,224,224,224,258,275,275,275],"floor_reached":12,"language":"ENG","playtime":273,"items_purged":[],"score":133,"play_id":"1d4564cc-968a-408b-a337-1815a8fd143b","local_time":"20210219092605","is_ascension_mode":true,"campfire_choices":[{"data":"Pummel","floor":6,"key":"SMITH"},{"floor":8,"key":"REST"}],"circlet_count":0,"master_deck":["AscendersBane","Strike_R+1","Strike_R","Strike_R","Strike_R","Strike_R+1","Defend_R","Defend_R","Defend_R","Defend_R","Bash","Heavy Blade+1","Pummel+1","Shockwave","Injury","Iron Wave","Rampage"],"relics":["Cursed Key","MealTicket","Oddly Smooth Stone","Toy Ornithopter"],"acts_visited":["Exordium"],"potions_floor_usage":[12,12],"damage_taken":[{"damage":4,"enemies":"Jaw Worm","floor":1,"turns":3},{"damage":7,"enemies":"Small Slimes","floor":5,"turns":3},{"damage":30,"enemies":"Gremlin Nob","floor":7,"turns":4},{"damage":26,"enemies":"3 Sentries","floor":10,"turns":8},{"damage":0,"enemies":"Cultist","floor":11,"turns":2},{"damage":24,"enemies":"Lagavulin","floor":12,"turns":3}],"seed_played":"-4171122338186358687","potions_obtained":[{"floor":10,"key":"BlessingOfTheForge"},{"floor":11,"key":"ColorlessPotion"}],"is_trial":false,"path_per_floor":["M","?","?","?","M","R","E","R","T","E","M","E"],"character_chosen":"IRONCLAD","items_purchased":[],"campfire_rested":1,"item_purchase_floors":[],"current_hp_per_floor":[68,52,41,41,34,34,4,28,28,2,2,0,0],"gold":275,"neow_bonus":"BOSS_RELIC","is_daily":false,"chose_seed":false,"campfire_upgraded":1,"win_rate":0.0,"timestamp":1613723165,"path_taken":["M","?","?","?","?","R","E","R","T","E","M","E"],"items_purchased_type":[],"build_version":"2020-12-22","purchased_purges":0,"victory":false,"max_hp_per_floor":[80,80,80,80,80,80,80,80,80,80,80,80,80],"relic_stats":{"counters":[6,23],"MealTicket":0,"Cursed Key":1,"obtain_stats":[{"Oddly Smooth Stone":9,"MealTicket":7,"Cursed Key":0,"Burning Blood":0,"Toy Ornithopter":10},{"Oddly Smooth Stone":3,"MealTicket":3,"Cursed Key":0,"Burning Blood":0,"Toy Ornithopter":4},{"Oddly Smooth Stone":10,"MealTicket":10,"Cursed Key":0,"Burning Blood":0,"Toy Ornithopter":18}],"Toy Ornithopter":10},"card_choices":[{"not_picked":["Anger","Body Slam"],"picked":"Heavy Blade","floor":1},{"not_picked":["True Grit","Heavy Blade"],"picked":"Pummel","floor":5},{"not_picked":["Iron Wave","Warcry"],"picked":"Shockwave","floor":7},{"not_picked":["Bloodletting","Clash"],"picked":"Iron Wave","floor":10},{"not_picked":["Second Wind","Clothesline"],"picked":"Rampage","floor":11}],"player_experience":994029,"relics_obtained":[{"floor":7,"key":"MealTicket"},{"floor":9,"key":"Oddly Smooth Stone"},{"floor":10,"key":"Toy Ornithopter"}],"event_choices":[{"damage_healed":0,"gold_gain":0,"player_choice":"Entered Light","damage_taken":16,"max_hp_gain":0,"max_hp_loss":0,"event_name":"Shining Light","floor":2,"gold_loss":0,"cards_upgraded":["Strike_R","Strike_R"]},{"damage_healed":0,"gold_gain":75,"player_choice":"Gather Gold","damage_taken":11,"max_hp_gain":0,"max_hp_loss":0,"event_name":"World of Goop","floor":3,"gold_loss":0},{"damage_healed":0,"gold_gain":0,"player_choice":"Forge","damage_taken":0,"max_hp_gain":0,"max_hp_loss":0,"event_name":"Accursed Blacksmith","floor":4,"gold_loss":0,"cards_upgraded":["Heavy Blade"]}],"is_beta":false,"boss_relics":[],"items_purged_floors":[],"is_endless":false,"potions_floor_spawned":[10,11],"killed_by":"Lagavulin","ascension_level":11}}