{"host":"vl0i5a4hh2nmy073","time":1613703393,"event":{"mods":["Act Like it!","Ascension Reborn","BaseMod","Colored Powertips","Downfall","Minty Spire (QoL Compilation)","Replay The Spire","Shop Mod","StSLib","¡¾ÒÅÎï¿¨ÅÆ¡¿REMEMod"],"gold_per_floor":[118,118,118,135,155,180,194,206,206,38,38,66,85,96,96,199,199,219,219,232,247,264,294,294,322,399,77,88,54,82,92,52,152,152,168,186,1185,751,769,769,769,815,815,815,815,832,453,484,484,564],"floor_reached":51,"language":"ZHS","playtime":7640,"items_purged":[],"score":799,"play_id":"297db3cf-063d-48a1-915f-40eb07fc6e2b","local_time":"20210219105633","is_ascension_mode":false,"campfire_choices":[{"data":"Guardian:TimeSifter","floor":11.0,"key":"SMITH"},{"floor":15,"key":"REST"},{"data":"Guardian:FloatingOrbs","floor":24,"key":"SMITH"},{"data":"Guardian:AncientConstruct","floor":41,"key":"SMITH"},{"data":"Normality","floor":45,"key":"PURGE"}],"circlet_count":0,"master_deck":["Guardian:Strike_Guardian","Guardian:Strike_Guardian","Guardian:Strike_Guardian","Guardian:Defend_Guardian","Guardian:Defend_Guardian+1","Guardian:Defend_Guardian","Guardian:Defend_Guardian","Guardian:CurlUp","Guardian:TwinSlam","Guardian:ShieldCharger","Guardian:ArmoredProtocol","Guardian:TimeSifter+1","Guardian:Suspension+1","Guardian:Recover+1","Guardian:Emergency+1","Guardian:TimeBomb+1","Guardian:FloatingOrbs+1","Master of Strategy+1","Guardian:Harden+1","Guardian:SentryBeam+1","Guardian:EvasiveProtocol+1","Guardian:BronzeOrb","Guardian:DonusPower+1","Guardian:Harden+1","Guardian:DonusPower+1","Replay:Parry","Guardian:Recover+1","Guardian:ArmoredProtocol","Guardian:SpikerProtocol","Guardian:DonusPower+1","Guardian:Planning+1","Guardian:AncientConstruct+1","Pot Of Greed+1","Pot Of Greed+1","Pot Of Greed+1","Guardian:TimeBomb+1","Guardian:SpikerProtocol","Pot Of Greed+1","Guardian:SpikerProtocol+1","Mayhem","REME_WheelOfFate+1","Guardian:Repulse+1","Trip+1","REME_BuildACard+1","Guardian:EvasiveProtocol","Jack Of All Trades+1","Thinking Ahead+1","Pot Of Greed+1"],"relics":["Guardian:ModeShifter","REME_ComplimentaryCards","Toxic Egg 2","Garlic","White Beast Statue","REME_HourglassOfDeath","Philosopher\u0027s Stone","CultistMask","Pet Ghost","WingedGreaves","Iron Hammer","Membership Card","MerchantsRug","StrikeDummy","REME_LowDesire","Grinning Jar","Akabeko","Kunai","HornCleat","Chemical X","Durian","Peace Pipe","Ornamental Fan","Guardian:BottledStasis","Pear","Chameleon Ring"],"acts_visited":["Exordium","TheCity","TheBeyond"],"potions_floor_usage":[39,50,50],"damage_taken":[{"damage":7.0,"enemies":"Small Slimes","floor":1.0,"turns":4.0},{"damage":1.0,"enemies":"Jaw Worm","floor":4.0,"turns":6.0},{"damage":0.0,"enemies":"Cultist","floor":5.0,"turns":5.0},{"damage":38.0,"enemies":"Lagavulin","floor":6.0,"turns":13.0},{"damage":2.0,"enemies":"3 Louse","floor":7.0,"turns":4.0},{"damage":0.0,"enemies":"Red Slaver","floor":8.0,"turns":5.0},{"damage":6,"enemies":"Replay:BlueRogue","floor":12,"turns":8},{"damage":0,"enemies":"Lots of Slimes","floor":13,"turns":2},{"damage":9,"enemies":"Exordium Thugs","floor":14,"turns":3},{"damage":0,"enemies":"Fading Forest","floor":16,"turns":10},{"damage":10,"enemies":"Shell Parasite","floor":18,"turns":6},{"damage":0,"enemies":"Chosen","floor":20,"turns":5},{"damage":7,"enemies":"Shelled Parasite and Fungi","floor":21,"turns":4},{"damage":5,"enemies":"3 Cultists","floor":22,"turns":4},{"damage":4,"enemies":"Book of Stabbing","floor":23,"turns":6},{"damage":20,"enemies":"Slavers","floor":25,"turns":4},{"damage":0,"enemies":"Snake Plant","floor":28,"turns":3},{"damage":0,"enemies":"Replay:Snechameleon","floor":30,"turns":6},{"damage":0,"enemies":"Cultist and Chosen","floor":31,"turns":4},{"damage":4,"enemies":"Automaton","floor":33,"turns":8},{"damage":6,"enemies":"Orb Walker","floor":35,"turns":3},{"damage":3,"enemies":"3 Shapes","floor":36,"turns":3},{"damage":22,"enemies":"3 Darklings","floor":39,"turns":5},{"damage":9,"enemies":"2 Orb Walkers","floor":42,"turns":4},{"damage":3,"enemies":"4 Shapes","floor":46,"turns":3},{"damage":3,"enemies":"R_Hoarder","floor":48,"turns":9},{"damage":13,"enemies":"Replay:Hell Engine","floor":50,"turns":15}],"seed_played":"4743696936902012305","potions_obtained":[{"floor":4.0,"key":"Energy Potion"},{"floor":7.0,"key":"Fruit Juice"},{"floor":12,"key":"Elixir"},{"floor":13,"key":"EssenceOfSteel"},{"floor":20,"key":"Slimebound:ThreeZeroPotion"},{"floor":30,"key":"Fire Potion"},{"floor":39,"key":"Block Potion"},{"floor":42,"key":"Fire Potion"},{"floor":46,"key":"Dexterity Potion"}],"is_trial":true,"path_per_floor":["M","?","?","M","M","E","M","M","T","$","R","E","M","M","R","B",null,"M","?","M","M","M","E","R","E","T","$","M","$","E","M","R","B",null,"M","M","?","$","M","?","R","?","T","?","R","M","$","E","R","B",null],"character_chosen":"GUARDIAN","items_purchased":["Master of Strategy+1","Membership Card","Guardian:DonusPower+1","Replay:Parry","Guardian:Recover+1","MerchantsRug","Guardian:SpikerProtocol","Swift Potion","Dexterity Potion","Kunai","HornCleat","Guardian:SpikerProtocol","Mayhem","Chemical X","REME_BuildACard+1","Guardian:BottledStasis","Pear","Guardian:EvasiveProtocol","Jack Of All Trades+1"],"campfire_rested":1,"item_purchase_floors":[10,27,27,27,27,27,29,29,29,38,38,38,38,38,47,47,47,47,47],"current_hp_per_floor":[73,70,70,69,69,31,29,34,34,34,34,28,28,19,44,54,85,75,75,75,68,63,59,59,39,39,39,39,39,39,39,39,35,85,79,76,76,76,54,54,54,50,50,50,50,47,57,74,100,87],"gold":564,"neow_bonus":"","is_daily":false,"chose_seed":false,"campfire_upgraded":3,"win_rate":0.0,"timestamp":1613703393,"path_taken":["M","?","?","?","M","E","M","M","T","$","R","E","M","M","R","BOSS","M","?","M","M","?","E","R","E","T","?","?","?","E","M","R","BOSS","M","M","?","$","M","?","R","?","T","?","R","M","$","E","R","BOSS"],"items_purchased_type":["Card","Relic","Card","Card","Card","Relic","Card","Potion","Potion","Relic","Relic","Card","Card","Relic","Card","Relic","Relic","Card","Card"],"build_version":"2020-12-22","purchased_purges":0,"victory":true,"max_hp_per_floor":[80,80,80,80,80,80,80,85,85,85,85,85,85,85,85,85,85,85,85,85,85,85,85,85,85,85,85,85,85,85,85,85,85,85,85,85,85,85,85,85,85,90,90,90,90,90,100,100,100,100],"card_choices":[{"not_picked":["Guardian:Gem_Cyan","Guardian:Gem_Red"],"picked":"Guardian:ShieldCharger","floor":1.0},{"not_picked":["Guardian:BodySlam","Guardian:RollAttack"],"picked":"Guardian:Suspension+1","floor":4.0},{"not_picked":["Guardian:GuardianWhirl","Guardian:Orbwalk"],"picked":"Guardian:Recover+1","floor":5.0},{"not_picked":["Guardian:FierceBash","Guardian:Gem_Green"],"picked":"Guardian:Emergency+1","floor":6.0},{"not_picked":["Guardian:ChargeCore","Guardian:Reroute"],"picked":"Guardian:TimeBomb+1","floor":7.0},{"not_picked":["Guardian:PiercingHide+1","Guardian:Gem_Green"],"picked":"Guardian:FloatingOrbs","floor":8.0},{"not_picked":["Guardian:Gem_Red","Guardian:ChargeCore"],"picked":"Guardian:Harden+1","floor":12},{"not_picked":["Guardian:PrimingBeam","Guardian:Reroute"],"picked":"Guardian:Gem_Cyan","floor":13},{"not_picked":["Guardian:Incinerate","Guardian:VentSteam+1","Guardian:ChargeCore"],"picked":"SKIP","floor":14},{"not_picked":["Guardian:BaubleBeam","Guardian:GatlingBeam"],"picked":"Guardian:Gem_Synthetic","floor":16},{"not_picked":["Guardian:TemporalStrike","Guardian:WalkerClaw","Guardian:Incinerate"],"picked":"SKIP","floor":18},{"not_picked":["Guardian:ShieldCharger+1","Guardian:PiercingHide+1"],"picked":"Guardian:SentryBeam","floor":20},{"not_picked":["Guardian:CrystalBeam","Guardian:Gem_Orange"],"picked":"Guardian:EvasiveProtocol+1","floor":21},{"not_picked":["Guardian:Gem_Cyan","Guardian:Gem_Lightblue"],"picked":"Guardian:BronzeOrb","floor":22},{"not_picked":["Guardian:Gem_Cyan","Guardian:Gem_Yellow"],"picked":"Guardian:DonusPower+1","floor":23},{"not_picked":["Guardian:Clone+1","Guardian:MultiBeam"],"picked":"Guardian:Harden+1","floor":25},{"not_picked":["Guardian:EvasiveProtocol","Guardian:Incinerate+1"],"picked":"Guardian:ArmoredProtocol","floor":28},{"not_picked":["Guardian:TemporalStrike","Guardian:ShieldSpikes+1"],"picked":"Guardian:DonusPower+1","floor":30},{"not_picked":["Guardian:PrimingBeam","Guardian:Gem_Red"],"picked":"Guardian:Planning+1","floor":31},{"not_picked":["Guardian:FierceBash","Guardian:SphericShield+1"],"picked":"Guardian:AncientConstruct","floor":33},{"not_picked":["Guardian:CrystalBeam","Guardian:BronzeArmor+1","Replay:Bootleg Shield Generator+1"],"picked":"Guardian:TimeBomb+1","floor":35},{"not_picked":["Guardian:RefractedBeam+1","Guardian:Gem_Fragmented","Replay:Sssssssssshield+1"],"picked":"Guardian:SpikerProtocol","floor":36},{"not_picked":["Guardian:PrimingBeam","Guardian:DonusPower+1","Guardian:Gem_Yellow"],"picked":"REME_WheelOfFate+1","floor":39},{"not_picked":["Guardian:DonusPower+1","Guardian:PrimingBeam","REME_WheelOfFate+1"],"picked":"Guardian:Repulse+1","floor":42},{"not_picked":["Guardian:TimeBomb+1","Guardian:WalkerClaw","Guardian:RefractedBeam+1"],"picked":"Trip+1","floor":46},{"not_picked":["Guardian:Gem_Cyan","Guardian:HyperBeam_Guardian","Guardian:SentryBeam"],"picked":"Thinking Ahead+1","floor":48}],"player_experience":350282,"relics_obtained":[{"floor":6.0,"key":"Garlic"},{"floor":9.0,"key":"White Beast Statue"},{"floor":12,"key":"REME_HourglassOfDeath"},{"floor":23,"key":"Pet Ghost"},{"floor":25,"key":"WingedGreaves"},{"floor":26,"key":"Iron Hammer"},{"floor":30,"key":"StrikeDummy"},{"floor":34,"key":"Grinning Jar"},{"floor":34,"key":"Akabeko"},{"floor":42,"key":"Durian"},{"floor":43,"key":"Peace Pipe"},{"floor":48,"key":"Chameleon Ring"}],"event_choices":[{"damage_healed":0.0,"max_hp_gain":0.0,"max_hp_loss":0.0,"gold_gain":0.0,"event_name":"Scrap Ooze","player_choice":"Success","floor":2.0,"gold_loss":0.0,"damage_taken":3.0,"relics_obtained":["Toxic Egg 2"]},{"damage_healed":0.0,"max_hp_gain":0.0,"max_hp_loss":0.0,"gold_gain":0.0,"cards_transformed":["Guardian:Strike_Guardian"],"event_name":"Transmorgrifier","player_choice":"Transformed","floor":3.0,"gold_loss":0.0,"damage_taken":0.0,"cards_obtained":["Guardian:ArmoredProtocol"]},{"damage_healed":0,"gold_gain":0,"player_choice":"Trade","damage_taken":0,"relics_obtained":["CultistMask"],"max_hp_gain":0,"max_hp_loss":0,"event_name":"FaceTrader","floor":19,"gold_loss":0},{"damage_healed":0,"gold_gain":0,"player_choice":"Upgraded Two","damage_taken":0,"max_hp_gain":0,"max_hp_loss":0,"event_name":"Designer","floor":32,"gold_loss":40,"cards_upgraded":["Guardian:Defend_Guardian","Guardian:SentryBeam"]},{"damage_healed":0,"gold_gain":999,"player_choice":"Gold","damage_taken":0,"max_hp_gain":0,"max_hp_loss":0,"event_name":"MindBloom","floor":37,"gold_loss":0,"cards_obtained":["Normality","Normality"]},{"damage_healed":0,"gold_gain":0,"player_choice":"Fight","damage_taken":0,"max_hp_gain":0,"max_hp_loss":0,"event_name":"Mysterious Sphere","floor":42,"gold_loss":0},{"damage_healed":0,"gold_gain":0,"player_choice":"Gave Potion","damage_taken":0,"relics_obtained":["Ornamental Fan"],"max_hp_gain":0,"max_hp_loss":0,"event_name":"WeMeetAgain","floor":44,"gold_loss":0}],"is_beta":false,"boss_relics":[{"not_picked":["Astrolabe","REME_ChargedStone"],"picked":"Philosopher\u0027s Stone"},{"not_picked":["Guardian:StasisSlotReductionRelic","Snecko Eye"],"picked":"REME_LowDesire"}],"items_purged_floors":[],"is_endless":false,"potions_floor_spawned":[4,7,12,13,14,16,18,20,21,22,23,25,28,30,31,33,35,36,39,42,46,48],"ascension_level":0}}