{"host":"e8rlfedn69rz2s07","time":1613696777,"event":{"mods":["AchievementEnabler","BaseMod","Minty Spire (QoL Compilation)","Permanent Neow","Relic Stats"],"gold_per_floor":[109,120,131,206,5,20,88,98,98,128,142,142,142,161,161,264,264,281,331,20,20,38,69,69,101,101,114,149,149,168,181,181,280,280,293,344,364,377,60,60,93,148,148,148,148,148,164,199,199,199,199,199,16,51,51],"floor_reached":56,"language":"ENG","playtime":2722,"items_purged":["Strike_P","Strike_P+1"],"score":1600,"play_id":"c6519d2a-e7d2-4ebc-9327-a7a8cce8a9fa","local_time":"20210219030617","is_ascension_mode":true,"campfire_choices":[{"floor":12.0,"key":"REST"},{"data":"Fasting2","floor":15.0,"key":"SMITH"},{"floor":24.0,"key":"REST"},{"data":"Devotion","floor":29.0,"key":"SMITH"},{"data":"Wallop","floor":32.0,"key":"SMITH"},{"floor":40.0,"key":"REST"},{"floor":44.0,"key":"REST"},{"floor":49,"key":"RECALL"},{"data":"Vault","floor":52,"key":"SMITH"}],"circlet_count":0,"master_deck":["Strike_P+1","Strike_P+1","Defend_P+1","Defend_P+1","Defend_P+1","Defend_P+1","Eruption+1","Vigilance+1","LessonLearned+1","SashWhip+1","FlurryOfBlows+1","Wallop+1","Wallop+1","EmptyFist+1","Indignation+1","Wireheading+1","FearNoEvil+1","Fasting2+1","ForeignInfluence+1","TalkToTheHand+1","Evaluate+1","Consecrate+1","FlurryOfBlows+1","MentalFortress+1","Devotion+1","ForeignInfluence+1","ThirdEye","Protect+1","Vault","EmptyMind+1","Conclude+1","Panacea","EmptyMind","Tantrum","Writhe","Panacea+1","Thinking Ahead+1","Halt+1","Vault+1","MentalFortress"],"relics":["PureWater","Incense Burner","FossilizedHelix","Runic Dome","Red Mask","Kunai","Darkstone Periapt","Shuriken","Nunchaku","Black Star","Lizard Tail","Sundial","TeardropLocket","Potion Belt","Bottled Tornado","Oddly Smooth Stone","Bag of Preparation","War Paint","Mango","Happy Flower"],"acts_visited":["Exordium","TheCity","TheBeyond","TheEnding"],"potions_floor_usage":[54,55,55],"damage_taken":[{"damage":1.0,"enemies":"2 Louse","floor":1.0,"turns":3.0},{"damage":0.0,"enemies":"Jaw Worm","floor":2.0,"turns":3.0},{"damage":0.0,"enemies":"Small Slimes","floor":3.0,"turns":2.0},{"damage":12.0,"enemies":"Exordium Wildlife","floor":6.0,"turns":3.0},{"damage":5.0,"enemies":"Gremlin Gang","floor":8.0,"turns":5.0},{"damage":10.0,"enemies":"Gremlin Nob","floor":10.0,"turns":4.0},{"damage":0.0,"enemies":"Exordium Thugs","floor":11.0,"turns":4.0},{"damage":0.0,"enemies":"Looter","floor":14.0,"turns":4.0},{"damage":31.0,"enemies":"The Guardian","floor":16.0,"turns":11.0},{"damage":21.0,"enemies":"Chosen","floor":18.0,"turns":6.0},{"damage":18.0,"enemies":"Masked Bandits","floor":19.0,"turns":5.0},{"damage":0.0,"enemies":"Shell Parasite","floor":22.0,"turns":3.0},{"damage":0.0,"enemies":"Gremlin Leader","floor":23.0,"turns":7.0},{"damage":2.0,"enemies":"Slavers","floor":25.0,"turns":4.0},{"damage":0.0,"enemies":"Centurion and Healer","floor":27.0,"turns":9.0},{"damage":0.0,"enemies":"Book of Stabbing","floor":28.0,"turns":4.0},{"damage":0.0,"enemies":"Chosen and Byrds","floor":30.0,"turns":5.0},{"damage":0.0,"enemies":"Sentry and Sphere","floor":31.0,"turns":3.0},{"damage":0.0,"enemies":"Champ","floor":33.0,"turns":9.0},{"damage":0.0,"enemies":"3 Shapes","floor":35.0,"turns":3.0},{"damage":35.0,"enemies":"2 Orb Walkers","floor":36.0,"turns":7.0},{"damage":0.0,"enemies":"Orb Walker","floor":37.0,"turns":3.0},{"damage":0.0,"enemies":"Maw","floor":38.0,"turns":7.0},{"damage":18.0,"enemies":"Reptomancer","floor":41.0,"turns":5.0},{"damage":1,"enemies":"3 Darklings","floor":47,"turns":3},{"damage":24,"enemies":"Nemesis","floor":48,"turns":5},{"damage":40,"enemies":"Time Eater","floor":50,"turns":12},{"damage":20,"enemies":"Shield and Spear","floor":54,"turns":5},{"damage":84,"enemies":"The Heart","floor":55,"turns":7}],"seed_played":"-7792387234945418550","potions_obtained":[{"floor":2.0,"key":"BottledMiracle"},{"floor":8.0,"key":"FairyPotion"},{"floor":11.0,"key":"Block Potion"},{"floor":18.0,"key":"Ambrosia"},{"floor":35.0,"key":"LiquidBronze"},{"floor":36.0,"key":"LiquidMemories"},{"floor":48,"key":"Block Potion"},{"floor":54,"key":"Ancient Potion"}],"is_trial":false,"path_per_floor":["M","M","M","?","$","M","?","M","T","E","M","R","?","M","R","B",null,"M","?","$","?","M","E","R","E","T","M","E","R","M","M","R","B",null,"M","?","M","M","$","R","E","T","T","R","?","?","M","E","R","B",null,"R","$","E","B",null],"character_chosen":"WATCHER","items_purchased":["Wallop","BlessingOfTheForge","Kunai","Evaluate","Consecrate","Swift Potion","Panacea","EmptyMind","War Paint","MentalFortress"],"campfire_rested":4,"item_purchase_floors":[5,5,20,20,20,39,39,39,53,53],"current_hp_per_floor":[64,64,64,53,53,41,41,36,36,26,26,45,50,50,50,19,70,49,31,31,31,31,31,52,50,50,50,50,50,50,50,50,50,70,70,35,35,35,35,56,38,38,38,59,76,66,65,41,41,1,76,76,76,70,15],"gold":51,"neow_bonus":"THREE_RARE_CARDS","is_daily":false,"chose_seed":false,"campfire_upgraded":4,"win_rate":0.0,"timestamp":1613696777,"path_taken":["M","M","M","?","$","M","?","M","T","E","M","R","?","M","R","BOSS","M","?","$","?","M","E","R","E","T","M","E","R","?","M","R","BOSS","M","?","M","M","$","R","E","?","T","R","?","?","?","E","R","BOSS","R","$","E","BOSS"],"items_purchased_type":["Card","Potion","Relic","Card","Card","Potion","Card","Card","Relic","Card"],"build_version":"2020-12-22","purchased_purges":2,"victory":true,"max_hp_per_floor":[65,65,65,65,65,65,65,65,65,65,65,65,70,70,70,70,70,70,70,70,70,70,70,70,70,70,70,70,70,70,70,70,70,70,70,70,70,70,70,70,70,70,70,70,76,76,76,76,76,76,76,76,76,90,90],"relic_stats":{"Darkstone Periapt":6,"Nunchaku":[18],"Lizard Tail":0,"Happy Flower":[2],"counters":[29,151],"Shuriken":[45],"Sundial":[0],"Black Star":3,"Bag of Preparation":[6],"Kunai":[52],"War Paint":["Panacea","Thinking Ahead"],"obtain_stats":[{"Darkstone Periapt":23,"Potion Belt":42,"Happy Flower":54,"Oddly Smooth Stone":48,"Mango":54,"Incense Burner":9,"Bag of Preparation":48,"TeardropLocket":41,"Bottled Tornado":43,"War Paint":53,"Runic Dome":17,"Nunchaku":28,"Lizard Tail":36,"Shuriken":25,"Sundial":41,"Red Mask":19,"Black Star":34,"Kunai":20,"PureWater":0,"FossilizedHelix":10},{"Darkstone Periapt":13,"Potion Belt":24,"Happy Flower":28,"Oddly Smooth Stone":26,"Mango":28,"Incense Burner":5,"Bag of Preparation":26,"TeardropLocket":24,"Bottled Tornado":24,"War Paint":27,"Runic Dome":9,"Nunchaku":16,"Lizard Tail":21,"Shuriken":14,"Sundial":24,"Red Mask":11,"Black Star":19,"Kunai":11,"PureWater":0,"FossilizedHelix":6},{"Darkstone Periapt":60,"Potion Belt":119,"Happy Flower":144,"Oddly Smooth Stone":127,"Mango":144,"Incense Burner":16,"Bag of Preparation":127,"TeardropLocket":119,"Bottled Tornado":119,"War Paint":139,"Runic Dome":39,"Nunchaku":77,"Lizard Tail":104,"Shuriken":64,"Sundial":119,"Red Mask":50,"Black Star":94,"Kunai":50,"PureWater":0,"FossilizedHelix":20}]},"card_choices":[{"not_picked":["SpiritShield","Ragnarok"],"picked":"LessonLearned","floor":0.0},{"not_picked":["SignatureMove","CrushJoints"],"picked":"SashWhip","floor":1.0},{"not_picked":["FlyingSleeves","Pray"],"picked":"FlurryOfBlows","floor":2.0},{"not_picked":["EmptyBody","SashWhip"],"picked":"Wallop","floor":3.0},{"not_picked":["Perseverance","JustLucky"],"picked":"EmptyFist","floor":6.0},{"not_picked":["Evaluate","PathToVictory"],"picked":"Indignation","floor":8.0},{"not_picked":["Consecrate","FlyingSleeves"],"picked":"Wireheading","floor":10.0},{"not_picked":["Sanctity","FollowUp"],"picked":"FearNoEvil","floor":11.0},{"not_picked":["SashWhip","Vengeance"],"picked":"Fasting2","floor":14.0},{"not_picked":["JustLucky","Wireheading"],"picked":"ForeignInfluence+1","floor":18.0},{"not_picked":["ClearTheMind","Halt+1"],"picked":"TalkToTheHand","floor":19.0},{"not_picked":["ClearTheMind","Adaptation"],"picked":"FlurryOfBlows","floor":22.0},{"not_picked":["Evaluate","Halt"],"picked":"MentalFortress+1","floor":23.0},{"not_picked":["ClearTheMind","Perseverance"],"picked":"Devotion","floor":25.0},{"not_picked":["ClearTheMind+1","SashWhip+1","FearNoEvil"],"picked":"SKIP","floor":27.0},{"not_picked":["Prostrate","MasterReality"],"picked":"ForeignInfluence+1","floor":28.0},{"not_picked":["Swivel","SignatureMove"],"picked":"ThirdEye","floor":30.0},{"not_picked":["WheelKick","Crescendo"],"picked":"Protect+1","floor":31.0},{"not_picked":["Ragnarok","Brilliance"],"picked":"Vault","floor":33.0},{"not_picked":["FollowUp","Pray+1"],"picked":"EmptyMind+1","floor":35.0},{"not_picked":["CrushJoints+1","ClearTheMind+1"],"picked":"Conclude+1","floor":36.0},{"not_picked":["PathToVictory+1","EmptyFist","BattleHymn+1"],"picked":"SKIP","floor":37.0},{"not_picked":["Nirvana","Consecrate+1","EmptyFist+1"],"picked":"SKIP","floor":38.0},{"not_picked":["FlurryOfBlows+1","Indignation+1"],"picked":"Tantrum","floor":41.0},{"not_picked":["Madness","Chrysalis"],"picked":"Panacea","floor":46.0},{"not_picked":["Madness","Swift Strike"],"picked":"Thinking Ahead","floor":46.0},{"not_picked":["FlyingSleeves+1","ThirdEye+1"],"picked":"Halt+1","floor":47},{"not_picked":["EmptyFist","Halt"],"picked":"Vault","floor":48},{"not_picked":["MentalFortress","JustLucky+1","Prostrate"],"picked":"SKIP","floor":54}],"player_experience":1094566,"relics_obtained":[{"floor":9.0,"key":"Incense Burner"},{"floor":10.0,"key":"FossilizedHelix"},{"floor":19.0,"key":"Red Mask"},{"floor":23.0,"key":"Darkstone Periapt"},{"floor":25.0,"key":"Shuriken"},{"floor":28.0,"key":"Nunchaku"},{"floor":36.0,"key":"Lizard Tail"},{"floor":41.0,"key":"Sundial"},{"floor":41.0,"key":"TeardropLocket"},{"floor":42.0,"key":"Potion Belt"},{"floor":43.0,"key":"Bottled Tornado"},{"floor":48,"key":"Oddly Smooth Stone"},{"floor":48,"key":"Bag of Preparation"},{"floor":54,"key":"Mango"},{"floor":54,"key":"Happy Flower"}],"event_choices":[{"damage_healed":0.0,"max_hp_gain":0.0,"max_hp_loss":0.0,"gold_gain":75.0,"event_name":"World of Goop","player_choice":"Gather Gold","floor":4.0,"gold_loss":0.0,"damage_taken":11.0},{"damage_healed":0.0,"max_hp_gain":0.0,"max_hp_loss":0.0,"gold_gain":68.0,"event_name":"Golden Wing","player_choice":"Gained Gold","floor":7.0,"gold_loss":0.0,"damage_taken":0.0},{"damage_healed":0.0,"max_hp_gain":5.0,"max_hp_loss":0.0,"gold_gain":0.0,"event_name":"Big Fish","player_choice":"Donut","floor":13.0,"gold_loss":0.0,"damage_taken":0.0},{"damage_healed":0.0,"max_hp_gain":0.0,"max_hp_loss":0.0,"gold_gain":0.0,"event_name":"Masked Bandits","player_choice":"Fought Bandits","floor":19.0,"gold_loss":0.0,"damage_taken":0.0},{"damage_healed":0.0,"max_hp_gain":0.0,"max_hp_loss":0.0,"gold_gain":0.0,"event_name":"Upgrade Shrine","player_choice":"Upgraded","floor":21.0,"gold_loss":0.0,"damage_taken":0.0,"cards_upgraded":["TalkToTheHand"]},{"damage_healed":0.0,"max_hp_gain":0.0,"max_hp_loss":0.0,"gold_gain":0.0,"event_name":"Mysterious Sphere","player_choice":"Fight","floor":36.0,"gold_loss":0.0,"damage_taken":0.0},{"damage_healed":18.0,"max_hp_gain":0.0,"max_hp_loss":0.0,"gold_gain":0.0,"event_name":"Winding Halls","player_choice":"Writhe","floor":45.0,"gold_loss":0.0,"damage_taken":0.0,"cards_obtained":["Writhe"]},{"damage_healed":0.0,"max_hp_gain":0.0,"max_hp_loss":0.0,"gold_gain":0.0,"event_name":"SensoryStone","player_choice":"Memory 3","floor":46.0,"gold_loss":0.0,"damage_taken":10.0}],"is_beta":false,"boss_relics":[{"not_picked":["SacredBark","Runic Pyramid"],"picked":"Runic Dome"},{"not_picked":["Astrolabe","Sozu"],"picked":"Black Star"}],"items_purged_floors":[5,39],"is_endless":false,"potions_floor_spawned":[2,8,11,18,25,28,30,33,35,36,48,54],"ascension_level":4}}