{"host":"vm8b3ptwl81uq21f","time":1613698386,"event":{"mods":["Act Like it!","Aspiration","BaseMod","BetterRewards","Colored Map","Colored Powertips","Conspire","Gensokyo","GifTheSpireLib","Googly Eyes","GungeonMod","Halation","Hubris","Infinite Spire","Minty Spire (QoL Compilation)","MostiFishMod","Quick Restart","Rare Cards Sparkle","Reliquary","Replay The Spire","Shop Mod","Spicy Shops","Spire Arcade","StSLib","Stuff the Spire","The IronCluck","The Jungle","[IsaacMod]????","??????REMEMod"],"gold_per_floor":[114,114,131,144,158,187,223,223,223,255,266,316,316,31,31,126,126,141,155,78,98,98,133,133,143,189,223,223,2,2,2,2,99,99,109,109,13,26,26,26,54,77,77,77,110,24,24,43,43,43],"floor_reached":51,"language":"ENG","playtime":2373,"items_purged":["Languid","Strike_B","Doubt","Strike_B","ReplayTheSpireMod:Omega Cannon","hubris:Lust","Replay:Hysterical Blindness"],"score":1741,"play_id":"c116cb1b-d6cf-4d45-b43a-bb315f21f9e4","local_time":"20210218203306","is_ascension_mode":true,"campfire_choices":[{"data":"Zap","floor":8,"key":"SMITH"},{"data":"Strike_B","floor":15,"key":"PURGE"},{"data":"MostiFishMod:Culaccino","floor":24,"key":"SMITH"},{"data":"Hologram","floor":28,"key":"SMITH"},{"data":"Defend_B","floor":32,"key":"PURGE"},{"data":"REME_ShortnessOfBreath","floor":40,"key":"SMITH"},{"data":"Echo Form","floor":49,"key":"SMITH"}],"circlet_count":0,"master_deck":["Strike_B","Defend_B","Defend_B","Defend_B","Zap+1","Dualcast","FTL","Beam Cell+1","Steam","hubris:Ssssneak+1","Beam Cell","Hologram+1","Beam Cell","Seek","Coolheaded+1","StuffTheSpire:Vigor","Go for the Eyes","MostiFishMod:Culaccino+1","BootSequence","REME_ShortnessOfBreath+1","Replay:Fractal Strike","Echo Form+1","Streamline+1","Capacitor+1","conspire:NecroticWound"],"relics":["FrozenCore","HushsDoor","DaveBox","REME_ComplimentaryCards","RhineCircuit","Membership Card","Unceasing Top","MerchantsRug","hubris:MysteriousPyramids","DemoMod:SerJunkan","SynthV:TestCard","DemoMod:Junk","ReplayTheSpireMod:Ring of Exchange","Ring of Greed","Replay:Wax Seal","ReplayTheSpireMod:Ninjato","Darkstone Periapt","DemoMod:GlassGuonStoneRelic","DemoMod:GundromedaStrain","Nunchaku","aspiration:FrozenJewel","DemoMod:PinkGuonStone","SynthV","Anchor","hubris:Towel","REME_LimitBreaker","Whetstone","halation:PapillonHeart"],"acts_visited":["Exordium","TheCity","TheBeyond"],"potions_floor_usage":[6,6,33,33,50,50,50],"damage_taken":[{"damage":0,"enemies":"Gensokyo:2_Kodama","floor":1,"turns":2},{"damage":0,"enemies":"Gensokyo:3_Fairies","floor":3,"turns":2},{"damage":0,"enemies":"Gensokyo:Gryphon","floor":4,"turns":2},{"damage":0,"enemies":"Gensokyo:Kitsune","floor":5,"turns":2},{"damage":0,"enemies":"Gensokyo:Mamizou","floor":6,"turns":6},{"damage":16,"enemies":"conspire:MimicChest","floor":7,"turns":4},{"damage":7,"enemies":"Gensokyo:Aya","floor":10,"turns":3},{"damage":0,"enemies":"Gensokyo:2_Rabbits","floor":11,"turns":3},{"damage":4,"enemies":"Gensokyo:Kokoro","floor":16,"turns":7},{"damage":0,"enemies":"Chosen","floor":18,"turns":3},{"damage":0,"enemies":"3 Byrds","floor":19,"turns":4},{"damage":0,"enemies":"Centurion and Healer","floor":21,"turns":3},{"damage":8,"enemies":"Slavers","floor":23,"turns":7},{"damage":0,"enemies":"Sentry and Sphere","floor":25,"turns":3},{"damage":0,"enemies":"Gremlin Leader","floor":27,"turns":3},{"damage":0,"enemies":"conspire:MysteriousRune","floor":33,"turns":3},{"damage":0,"enemies":"3 Shapes","floor":35,"turns":2},{"damage":0,"enemies":"Orb Walker","floor":38,"turns":2},{"damage":0,"enemies":"Reptomancer","floor":41,"turns":3},{"damage":0,"enemies":"Giant Head","floor":45,"turns":1},{"damage":0,"enemies":"Maw","floor":48,"turns":4},{"damage":0,"enemies":"Time Eater","floor":50,"turns":3}],"seed_played":"5960923866905711485","potions_obtained":[{"floor":1,"key":"Adrenaline Potion"},{"floor":5,"key":"AttackPotion"},{"floor":10,"key":"FocusPotion"},{"floor":19,"key":"LiquidBronze"},{"floor":25,"key":"PotionOfCapacity"},{"floor":33,"key":"PowerPotion"},{"floor":35,"key":"Weak Potion"},{"floor":38,"key":"Reflective Coating"},{"floor":48,"key":"Block Potion"}],"is_trial":false,"path_per_floor":["M","?","M","M","M","E","?","R","T","E","M","?","?","$","R_BF","B",null,"M","M","?","M","?","E","R","M","T","E","R","$","?","AVR","R_BF","B",null,"M","?","$","M","?","R","E","T","T","?","E","$","?","M","R","B",null],"character_chosen":"DEFECT","items_purchased":["Membership Card","FTL","Beam Cell","Steam","Unceasing Top","MerchantsRug","hubris:MysteriousPyramids","Blue Doll","hubris:Ssssneak+1","DemoMod:SerJunkan","ReplayTheSpireMod:Ninjato","Darkstone Periapt","aspiration:FrozenJewel","DemoMod:PinkGuonStone","Streamline","Anchor","Whetstone"],"campfire_rested":0,"item_purchase_floors":[0,0,0,0,0,0,0,0,0,0,14,14,29,29,37,37,46],"current_hp_per_floor":[33,33,33,33,33,33,17,17,17,10,10,10,10,25,25,21,58,64,64,64,64,64,62,62,62,62,68,68,89,89,89,89,89,82,88,88,88,88,88,88,88,88,88,88,88,88,84,90,90,90],"gold":43,"neow_bonus":"","is_daily":false,"chose_seed":false,"campfire_upgraded":5,"win_rate":0.0,"timestamp":1613698386,"path_taken":["M","?","M","M","M","E","?","R","T","E","?","?","?","$","R_BF","BOSS","M","M","?","?","?","E","R","M","T","E","R","$","?","AVR","R_BF","BOSS","M","?","$","?","?","R","E","?","T","?","E","$","?","M","R","BOSS"],"items_purchased_type":["Relic","Card","Card","Card","Relic","Relic","Relic","Relic","Card","Relic","Relic","Relic","Relic","Relic","Card","Relic","Relic"],"build_version":"2020-12-22","purchased_purges":7,"victory":true,"max_hp_per_floor":[75,75,75,75,75,75,75,75,75,75,75,75,75,75,75,75,70,76,76,76,76,76,76,76,76,76,82,82,89,89,89,89,89,82,88,88,88,88,88,88,88,88,88,88,88,88,84,90,90,90],"card_choices":[{"not_picked":["Time Bomb","Stack"],"picked":"Beam Cell","floor":1},{"not_picked":["Redo","Beam Cell","MostiFishMod:GatherIntelligence","Rebound"],"picked":"Hologram","floor":3},{"not_picked":["Turbo","hubris:Ukulele","StuffTheSpire:LoadUp","Coolheaded","Blizzard"],"picked":"SKIP","floor":4},{"not_picked":["Undo","Rebound","BasicCrystalCard","Coolheaded","REME_SelfUpgrade"],"picked":"SKIP","floor":5},{"not_picked":["MostiFishMod:Impulse","Cold Snap","Hologram","Barrage","Coolheaded"],"picked":"SKIP","floor":6},{"not_picked":["Streamline","Hello World","Chaos","Redo","MostiFishMod:GatherIntelligence"],"picked":"SKIP","floor":10},{"not_picked":["StuffTheSpire:ShieldGenerator","StuffTheSpire:Coldhearted","Sweeping Beam","Panic Button","StuffTheSpire:NuclearReactor"],"picked":"SKIP","floor":11},{"not_picked":["MostiFishMod:Nova","ReplayRNGCard","Electrodynamics","MostiFishMod:StarOceanB"],"picked":"Seek","floor":16},{"not_picked":["Rebound","Genetic Algorithm+1","Steam","hubris:PowerSurge"],"picked":"Coolheaded+1","floor":18},{"not_picked":["Turbo","Rebound","REME_SelfUpgrade","Coolheaded","Ball Lightning"],"picked":"SKIP","floor":19},{"not_picked":["Redo+1","Heatsinks+1","Force Field+1","MostiFishMod:SeaWaves","Steam"],"picked":"SKIP","floor":21},{"not_picked":["ReplayTheSpireMod:System Scan","Ball Lightning","MostiFishMod:TalkingToTheRain","Conserve Battery"],"picked":"MostiFishMod:Culaccino","floor":23},{"not_picked":["MostiFishMod:GatherIntelligence","MostiFishMod:PushDownKick","Compile Driver","Steam"],"picked":"BootSequence","floor":25},{"not_picked":["Barrage","Conserve Battery+1","Stack","StuffTheSpire:GlassShard","Streamline+1"],"picked":"SKIP","floor":27},{"not_picked":["hubris:Prefetch","MostiFishMod:ActiveDefenseSystem","Fission","Multi-Cast"],"picked":"Echo Form","floor":33},{"not_picked":["Fan+1","StuffTheSpire:NuclearReactor+1","Hologram+1","Rebound","BasicCrystalCard+1"],"picked":"SKIP","floor":35},{"not_picked":["Ball Lightning+1","StuffTheSpire:EventHorizon","Turbo","Rip and Tear","Redo"],"picked":"SKIP","floor":38},{"not_picked":["Cold Snap","REME_Compress","Sunder","StuffTheSpire:LoadUp","Ball Lightning"],"picked":"SKIP","floor":41},{"not_picked":["Redo+1","White Noise","Streamline","ReplayTheSpireMod:Dual Polarity"],"picked":"Capacitor+1","floor":45},{"not_picked":["Rebound+1","Conserve Battery+1","Streamline+1","Hologram","StuffTheSpire:LoadUp+1"],"picked":"SKIP","floor":48}],"player_experience":425583,"relics_obtained":[{"floor":1,"key":"SynthV:TestCard"},{"floor":6,"key":"DemoMod:Junk"},{"floor":7,"key":"DemoMod:Junk"},{"floor":9,"key":"StuffTheSpire:EmeraldSignet"},{"floor":10,"key":"DemoMod:Junk"},{"floor":12,"key":"ReplayTheSpireMod:Ring of Exchange"},{"floor":12,"key":"Ring of Greed"},{"floor":12,"key":"Replay:Wax Seal"},{"floor":12,"key":"MealTicket"},{"floor":23,"key":"DemoMod:GundromedaStrain"},{"floor":26,"key":"Nunchaku"},{"floor":27,"key":"DemoMod:Junk"},{"floor":41,"key":"DoctorsRemote"},{"floor":42,"key":"DemoMod:Junk"},{"floor":43,"key":"DemoMod:Junk"},{"floor":45,"key":"REME_LimitBreaker"}],"event_choices":[{"damage_healed":0,"gold_gain":0,"player_choice":"Read","damage_taken":0,"max_hp_gain":0,"max_hp_loss":0,"event_name":"The Library","floor":22,"gold_loss":0,"cards_obtained":["Go for the Eyes"]},{"damage_healed":0,"gold_gain":0,"player_choice":"2 cards matched","damage_taken":0,"max_hp_gain":0,"max_hp_loss":0,"event_name":"Match and Keep!","floor":30,"gold_loss":0,"cards_obtained":["REME_ShortnessOfBreath","ReplayTheSpireMod:Omega Cannon"]},{"damage_healed":0,"gold_gain":0,"player_choice":"Ignored","damage_taken":0,"max_hp_gain":0,"max_hp_loss":0,"event_name":"Tomb of Lord Red Mask","floor":36,"gold_loss":0},{"damage_healed":0,"gold_gain":0,"player_choice":"Leave","damage_taken":0,"max_hp_gain":0,"max_hp_loss":0,"event_name":"conspire:Investor","floor":44,"gold_loss":0}],"is_beta":false,"boss_relics":[{"not_picked":["Runic Dome","MoonlightInvasionPlan"],"picked":"FrozenCore"},{"not_picked":[]},{"not_picked":["hubris:ScarierMask","conspire:RoyalGoblet"],"picked":"SynthV"},{"not_picked":[]}],"items_purged_floors":[14,17,29,31,34,37,46],"is_endless":false,"potions_floor_spawned":[1,5,10,19,25,27,33,35,38,48],"ascension_level":8}}