{"host":"jqkewjmybebgw3gd","time":1613742619,"event":{"mods":["AchievementEnabler","BaseMod","Colored Map","DeckTracker","Keyboard Shortcuts","Minty Spire (QoL Compilation)","StSLib","SuperFastMode"],"gold_per_floor":[114,125,11,22,32,63,83,116,141,152,170,184,134,160,160,263,263,279,96,96,115,115,115,15,45,45,63,88,88,37,69,69,165,165,178,178,197,247,48,48,62,62,62,94,105,116,116,116,116,116,116],"floor_reached":50,"language":"KOR","playtime":3136,"items_purged":["Strike_R","Defend_R","Strike_R"],"score":685,"play_id":"8e4c4bac-c43c-4931-9d7b-c1a2e1af5813","local_time":"20210219225019","is_ascension_mode":true,"campfire_choices":[{"data":"Limit Break","floor":15.0,"key":"SMITH"},{"data":"Armaments","floor":23.0,"key":"SMITH"},{"data":"1","floor":29.0,"key":"LIFT"},{"floor":32.0,"key":"REST"},{"floor":40,"key":"RECALL"},{"floor":42,"key":"REST"},{"floor":47,"key":"REST"},{"data":"2","floor":49,"key":"LIFT"}],"circlet_count":0,"master_deck":["Strike_R+1","Strike_R+1","Defend_R","Defend_R","Defend_R","Bash+1","Thunderclap","Twin Strike","Rage","Pommel Strike","Limit Break+1","Armaments+1","Heavy Blade","Battle Trance","Spot Weakness","Demon Form","Inflame+1","Rupture","Combust","Disarm","Flex","Brutality","Sword Boomerang","Berserk","Limit Break+1","Bloodletting+1","Impervious"],"relics":["Burning Blood","Vajra","Red Skull","Shuriken","Du-Vu Doll","Girya","MutagenicStrength","Sling","Kunai","Nunchaku","Vajra","Boot","SlaversCollar","ClockworkSouvenir","Whetstone","Bottled Tornado","Mercury Hourglass","Ancient Tea Set","Runic Cube","FossilizedHelix","Pear"],"acts_visited":["Exordium","TheCity","TheBeyond"],"potions_floor_usage":[44,45,46,50,50],"damage_taken":[{"damage":0.0,"enemies":"Cultist","floor":1.0,"turns":2.0},{"damage":0.0,"enemies":"2 Louse","floor":2.0,"turns":3.0},{"damage":0.0,"enemies":"Small Slimes","floor":4.0,"turns":3.0},{"damage":12.0,"enemies":"Blue Slaver","floor":5.0,"turns":2.0},{"damage":0.0,"enemies":"Gremlin Nob","floor":6.0,"turns":2.0},{"damage":0.0,"enemies":"Red Slaver","floor":7.0,"turns":1.0},{"damage":16.0,"enemies":"3 Sentries","floor":8.0,"turns":5.0},{"damage":9.0,"enemies":"2 Fungi Beasts","floor":10.0,"turns":3.0},{"damage":0.0,"enemies":"Exordium Wildlife","floor":11.0,"turns":2.0},{"damage":0.0,"enemies":"Exordium Thugs","floor":12.0,"turns":2.0},{"damage":0.0,"enemies":"Gremlin Nob","floor":14.0,"turns":2.0},{"damage":26.0,"enemies":"The Guardian","floor":16.0,"turns":5.0},{"damage":7.0,"enemies":"Spheric Guardian","floor":18.0,"turns":3.0},{"damage":38.0,"enemies":"2 Thieves","floor":21.0,"turns":4.0},{"damage":27.0,"enemies":"Book of Stabbing","floor":25.0,"turns":3.0},{"damage":0.0,"enemies":"Snake Plant","floor":27.0,"turns":1.0},{"damage":9.0,"enemies":"Slavers","floor":28.0,"turns":2.0},{"damage":12.0,"enemies":"Book of Stabbing","floor":31.0,"turns":3.0},{"damage":24.0,"enemies":"Automaton","floor":33.0,"turns":4.0},{"damage":28.0,"enemies":"3 Shapes","floor":35.0,"turns":3.0},{"damage":16,"enemies":"3 Darklings","floor":37,"turns":4},{"damage":33,"enemies":"2 Orb Walkers","floor":38,"turns":3},{"damage":18,"enemies":"4 Shapes","floor":41,"turns":2},{"damage":0,"enemies":"Nemesis","floor":44,"turns":1},{"damage":37,"enemies":"Writhing Mass","floor":45,"turns":4},{"damage":8,"enemies":"Maw","floor":46,"turns":5},{"damage":51,"enemies":"Donu and Deca","floor":50,"turns":4}],"seed_played":"-4036814562761462067","potions_obtained":[{"floor":2.0,"key":"LiquidBronze"},{"floor":4.0,"key":"SteroidPotion"},{"floor":10.0,"key":"Explosive Potion"},{"floor":16.0,"key":"DuplicationPotion"},{"floor":27.0,"key":"SkillPotion"},{"floor":38,"key":"Weak Potion"},{"floor":41,"key":"Energy Potion"},{"floor":45,"key":"Weak Potion"},{"floor":46,"key":"SteroidPotion"}],"is_trial":false,"path_per_floor":["M","M","$","M","M","E","M","E","T","M","M","M","?","E","R","B",null,"M","$","?","M","?","R","$","E","T","M","E","R","$","E","R","B",null,"M","?","M","?","$","R","M","R","T","E","M","M","R","?","R","B"],"character_chosen":"IRONCLAD","items_purchased":["Rage","ClockworkSouvenir","Rupture","SkillPotion","LiquidMemories"],"campfire_rested":3,"item_purchase_floors":[3,19,19,30,39],"current_hp_per_floor":[80,80,80,80,74,80,80,70,70,67,73,79,79,80,80,60,80,79,79,79,47,47,47,47,26,26,32,29,29,29,23,47,29,80,58,58,48,21,21,21,9,33,33,49,18,16,43,43,43,0,0],"gold":116,"neow_bonus":"UPGRADE_CARD","is_daily":false,"chose_seed":false,"campfire_upgraded":2,"win_rate":0.0,"timestamp":1613742619,"path_taken":["M","M","$","M","M","E","M","E","T","M","M","M","?","E","R","BOSS","M","$","?","M","?","R","$","E","T","M","E","R","$","E","R","BOSS","M","?","?","?","?","R","M","R","T","E","?","M","R","?","R","BOSS"],"items_purchased_type":["Card","Relic","Card","Potion","Potion"],"build_version":"2020-12-22","purchased_purges":3,"victory":false,"max_hp_per_floor":[80,80,80,80,80,80,80,80,80,80,80,80,80,80,80,80,80,80,80,80,80,80,80,80,80,80,80,80,80,80,80,80,80,80,80,80,80,80,80,80,80,80,80,90,90,90,90,90,90,90,90],"card_choices":[{"not_picked":["Body Slam","Dark Embrace"],"picked":"Thunderclap","floor":1.0},{"not_picked":["Warcry","Wild Strike"],"picked":"Twin Strike","floor":2.0},{"not_picked":["Headbutt","Rampage"],"picked":"Pommel Strike","floor":4.0},{"not_picked":["Clash","True Grit","Dual Wield"],"picked":"SKIP","floor":5.0},{"not_picked":["Power Through","Iron Wave"],"picked":"Limit Break","floor":6.0},{"not_picked":["Rampage","Thunderclap","Wild Strike"],"picked":"SKIP","floor":7.0},{"not_picked":["Clash","Combust"],"picked":"Armaments","floor":8.0},{"not_picked":["Cleave","Seeing Red"],"picked":"Heavy Blade","floor":10.0},{"not_picked":["Uppercut","Armaments"],"picked":"Battle Trance","floor":11.0},{"not_picked":["Carnage","Power Through"],"picked":"Spot Weakness","floor":12.0},{"not_picked":["Headbutt","Juggernaut","Shockwave"],"picked":"SKIP","floor":14.0},{"not_picked":["Exhume","Berserk"],"picked":"Demon Form","floor":16.0},{"not_picked":["Perfected Strike+1","Iron Wave"],"picked":"Inflame+1","floor":18.0},{"not_picked":["Perfected Strike","Body Slam","Thunderclap+1"],"picked":"SKIP","floor":21.0},{"not_picked":["Heavy Blade","Perfected Strike+1"],"picked":"Disarm","floor":25.0},{"not_picked":["Shrug It Off","Corruption"],"picked":"Flex","floor":27.0},{"not_picked":["Clothesline","Headbutt"],"picked":"Brutality","floor":28.0},{"not_picked":["Blood for Blood","Flame Barrier"],"picked":"Sword Boomerang","floor":31.0},{"not_picked":["Fiend Fire","Bludgeon"],"picked":"Berserk","floor":33.0},{"not_picked":["Headbutt","Rupture+1","Sever Soul+1"],"picked":"SKIP","floor":35.0},{"not_picked":["Headbutt","Thunderclap+1"],"picked":"Bloodletting+1","floor":37},{"not_picked":["Flex","Thunderclap+1","Pommel Strike"],"picked":"SKIP","floor":41},{"not_picked":["Thunderclap+1","Twin Strike+1","Body Slam+1"],"picked":"SKIP","floor":44},{"not_picked":["Fire Breathing+1","Armaments+1","Wild Strike"],"picked":"SKIP","floor":45},{"not_picked":["Perfected Strike","Heavy Blade+1"],"picked":"Impervious","floor":46}],"player_experience":563648,"relics_obtained":[{"floor":6.0,"key":"Kunai"},{"floor":8.0,"key":"Nunchaku"},{"floor":9.0,"key":"Vajra"},{"floor":14.0,"key":"Boot"},{"floor":25.0,"key":"Whetstone"},{"floor":26.0,"key":"Bottled Tornado"},{"floor":28.0,"key":"Mercury Hourglass"},{"floor":31.0,"key":"Ancient Tea Set"},{"floor":38,"key":"FossilizedHelix"},{"floor":44,"key":"Pear"}],"event_choices":[{"cards_removed":["Strike_R"],"damage_healed":0.0,"max_hp_gain":0.0,"max_hp_loss":0.0,"gold_gain":0.0,"event_name":"The Cleric","player_choice":"Card Removal","floor":13.0,"gold_loss":50.0,"damage_taken":0.0},{"damage_healed":0.0,"max_hp_gain":0.0,"max_hp_loss":0.0,"gold_gain":0.0,"event_name":"The Library","player_choice":"Read","floor":20.0,"gold_loss":0.0,"damage_taken":0.0,"cards_obtained":["Combust"]},{"damage_healed":0.0,"max_hp_gain":0.0,"max_hp_loss":0.0,"gold_gain":0.0,"event_name":"Ghosts","player_choice":"Ignored","floor":22.0,"gold_loss":0.0,"damage_taken":0.0},{"damage_healed":0.0,"max_hp_gain":0.0,"max_hp_loss":0.0,"gold_gain":0.0,"event_name":"Duplicator","player_choice":"Copied","floor":36.0,"gold_loss":0.0,"damage_taken":0.0,"cards_obtained":["Limit Break"]},{"damage_healed":0,"gold_gain":0,"player_choice":"Fight","damage_taken":0,"max_hp_gain":0,"max_hp_loss":0,"event_name":"Mysterious Sphere","floor":38,"gold_loss":0},{"damage_healed":0,"gold_gain":0,"player_choice":"Ignored","damage_taken":0,"max_hp_gain":0,"max_hp_loss":0,"event_name":"The Moai Head","floor":48,"gold_loss":0}],"is_beta":false,"boss_relics":[{"not_picked":["Busted Crown","Snecko Eye"],"picked":"SlaversCollar"},{"not_picked":["Cursed Key","Runic Dome"],"picked":"Runic Cube"}],"items_purged_floors":[3,24,39],"is_endless":false,"potions_floor_spawned":[2,4,10,12,16,21,27,38,41,45,46],"killed_by":"Donu and Deca","ascension_level":1}}