{"host":"dfndxqnky9iale73","time":1613766065,"event":{"mods":["Act Like it!","Aspiration","BaseMod","Downfall","Gensokyo","Hubris","Marisa????????","Minty Spire (QoL Compilation)","Permanent Neow","Replay The Spire","StSLib","SuperFastMode"],"gold_per_floor":[114,125,148,323,1,35,35,62,62,62,79,107,118,118,118,223,223,239,67,67,67,79,113,113,131,131,150,162,197,216,232,232,335,335,354,47,47,59,75,103,103,103,130,161,161,192,1,19,69,69,69,69,19,52,52,52],"floor_reached":55,"language":"ENG","playtime":3265,"items_purged":["Strike_MRS","Doubt","Slimebound:Tackle+1"],"score":1225,"play_id":"99a66b92-7462-4530-b07b-41286779db25","local_time":"20210219212105","is_ascension_mode":true,"campfire_choices":[{"data":"MasterSpark","floor":7,"key":"SMITH"},{"data":"MasterSpark","floor":15,"key":"SMITH"},{"floor":24,"key":"REST"},{"data":"MillisecondPulsars","floor":32,"key":"SMITH"},{"floor":42,"key":"RECALL"},{"floor":45,"key":"REST"},{"data":"PulseMagic","floor":52,"key":"SMITH"}],"circlet_count":0,"master_deck":["Defend_MRS","Defend_MRS","Defend_MRS","MasterSpark+1","UpSweep","CurseOfTheBell","GrandCross","6A","AlicesGift+1","ChargeUpSpray","MasterSpark+1","EarthLightRay","SuperPerseids","JA","SporeBomb+1","RefractionSpark","Parasite","Parasite","GrandCross","AlicesGift","DoubleSpark+1","RefractionSpark","RefractionSpark","Forethought+1","Slimebound:Tackle+1","SporeBomb","UnstableBomb+1","EarthLightRay","DoubleSpark+1","MillisecondPulsars+1","SuperPerseids","OortCloud","BlazeAway+1","DeepEcoloBomb+1","AbsoluteMagnitude+1","SprinkleStarSeal","BlazeAway+1","PulseMagic+1","RefractionSpark+1","OortCloud+1","SuperPerseids","PropBag+1"],"relics":["MiniHakkero","Calling Bell","Replay:Bronze Core","Blue Doll","Singing Bowl","hubris:Zylophone","Pet Ghost","DollysMirror","Replay:Bottled Flurry","hubris:BottledRain","ShroomBag","Kunai","ExperimentalFamiliar","Snack Pack","aspiration:StickyExplosives_weak","Smiling Mask","Astrolabe","ReplayTheSpireMod:Ninjato","Meat on the Bone","Gremlin Food","Anchor","ReplayTheSpireMod:Lightbulb","aspiration:Nostalgia","PureWater","Replay:Kaleidoscope","Thread and Needle","Gremlin Horn"],"acts_visited":["Exordium","TheCity","TheBeyond","TheEnding"],"potions_floor_usage":[13,28,28,54],"damage_taken":[{"damage":0,"enemies":"Cultist","floor":1,"turns":2},{"damage":0,"enemies":"2 Louse","floor":2,"turns":2},{"damage":20,"enemies":"Lagavulin","floor":6,"turns":5},{"damage":10,"enemies":"3 Sentries","floor":8,"turns":3},{"damage":0,"enemies":"Small Slimes","floor":11,"turns":1},{"damage":0,"enemies":"Gremlin Nob","floor":12,"turns":2},{"damage":15,"enemies":"2 Fungi Beasts","floor":13,"turns":3},{"damage":0,"enemies":"Slime Boss","floor":16,"turns":2},{"damage":0,"enemies":"Shell Parasite","floor":18,"turns":1},{"damage":12,"enemies":"Chosen","floor":22,"turns":2},{"damage":55,"enemies":"Book of Stabbing","floor":23,"turns":5},{"damage":8,"enemies":"Snecko","floor":25,"turns":3},{"damage":0,"enemies":"Sentry and Sphere","floor":27,"turns":2},{"damage":14,"enemies":"Centurion and Healer","floor":28,"turns":2},{"damage":18,"enemies":"Gremlin Leader","floor":29,"turns":3},{"damage":0,"enemies":"Shelled Parasite and Fungi","floor":30,"turns":1},{"damage":0,"enemies":"Snake Plant","floor":31,"turns":2},{"damage":15,"enemies":"Collector","floor":33,"turns":4},{"damage":23,"enemies":"3 Shapes","floor":35,"turns":2},{"damage":0,"enemies":"Orb Walker","floor":38,"turns":2},{"damage":0,"enemies":"3 Darklings","floor":39,"turns":2},{"damage":30,"enemies":"R_Hoarder","floor":40,"turns":4},{"damage":53,"enemies":"Nemesis","floor":44,"turns":5},{"damage":0,"enemies":"R_Hoarder","floor":46,"turns":6},{"damage":14,"enemies":"Sphere and 2 Shapes","floor":48,"turns":2},{"damage":0,"enemies":"Mind Bloom Boss Battle","floor":49,"turns":4},{"damage":69,"enemies":"Awakened One","floor":50,"turns":7},{"damage":41,"enemies":"Shield and Spear","floor":54,"turns":4},{"damage":65,"enemies":"The Heart","floor":55,"turns":3}],"seed_played":"3793889161232303205","potions_obtained":[{"floor":12,"key":"SpeedPotion"},{"floor":13,"key":"Reflective Coating"},{"floor":16,"key":"Regen Potion"},{"floor":22,"key":"Energy Potion"},{"floor":29,"key":"BottledSpark"},{"floor":30,"key":"Milkshake"},{"floor":33,"key":"Dexterity Potion"},{"floor":48,"key":"BottledSpark"},{"floor":54,"key":"SteroidPotion"}],"is_trial":false,"path_per_floor":["M","M","T","?","$","E","R","E","T","?","M","E","M","?","R","B",null,"M","$","?","?","M","E","R","M","T","M","M","E","M","M","R","B",null,"M","$","?","M","M","E","?","R","T","E","R","E","$","M","R","B",null,"R","$","E","B"],"character_chosen":"MARISA","items_purchased":["AlicesGift+1","ChargeUpSpray","DollysMirror","Energy Potion","RefractionSpark","Forethought+1","ReplayTheSpireMod:Ninjato","RefractionSpark+1","aspiration:Nostalgia"],"campfire_rested":2,"item_purchase_floors":[5,5,5,5,19,19,36,47,47],"current_hp_per_floor":[68,68,68,68,68,48,48,38,38,38,38,38,25,22,22,28,63,67,67,67,67,57,12,35,31,31,35,38,34,36,38,38,41,68,53,53,53,55,61,49,49,49,49,38,62,83,83,71,75,46,74,74,74,59,0,0],"gold":52,"neow_bonus":"DOUBLE_BOSS_RELIC","is_daily":false,"chose_seed":false,"campfire_upgraded":4,"win_rate":0.0,"timestamp":1613766065,"path_taken":["M","M","?","?","$","E","R","E","T","?","?","E","M","?","R","BOSS","M","$","?","?","?","E","R","M","T","M","M","E","M","M","R","BOSS","M","$","?","?","?","E","?","R","T","E","R","E","$","M","R","BOSS","R","$","E","BOSS"],"items_purchased_type":["Card","Card","Relic","Potion","Card","Card","Relic","Card","Relic"],"build_version":"2020-12-22","purchased_purges":3,"victory":false,"max_hp_per_floor":[75,75,75,75,75,75,75,75,75,75,75,75,75,75,75,75,75,75,75,75,75,75,77,77,77,77,77,77,77,77,77,77,77,77,77,77,77,77,79,79,79,79,79,81,81,83,83,83,83,83,83,83,83,83,83,83],"card_choices":[{"not_picked":["NonDirectionalLaser","WitchOfGreed"],"picked":"GrandCross","floor":1},{"not_picked":["ShootingEcho","AsteroidBelt"],"picked":"6A","floor":2},{"not_picked":["DC","Orbital"],"picked":"EarthLightRay","floor":6},{"not_picked":["DoubleSpark","ChargeUpSpray"],"picked":"SuperPerseids","floor":8},{"not_picked":["NonDirectionalLaser","MagicAbsorber"],"picked":"RefractionSpark","floor":11},{"not_picked":["DC","EscapeVelocity"],"picked":"GrandCross","floor":12},{"not_picked":["ShootingEcho","GasGiant"],"picked":"AlicesGift","floor":13},{"not_picked":["StarDustReverie","AbsoluteMagnitude"],"picked":"CasketOfStar","floor":16},{"not_picked":["IllusionStar","ShootTheMoon"],"picked":"DoubleSpark","floor":18},{"not_picked":["WitchLeyline+1","IllusionStar"],"picked":"SporeBomb","floor":22},{"not_picked":["OneTimeOff","LuminesStrike","MachineGunSpark"],"picked":"Singing Bowl","floor":23},{"not_picked":["AsteroidBelt+1","MeteoricShower"],"picked":"UnstableBomb+1","floor":25},{"not_picked":["DarkMatter","SporeBomb"],"picked":"EarthLightRay","floor":27},{"not_picked":["EnergyFlow","SporeBomb"],"picked":"DoubleSpark+1","floor":28},{"not_picked":["DarkMatter","ShootingEcho"],"picked":"MillisecondPulsars","floor":29},{"not_picked":["GravityBeat","WitchLeyline"],"picked":"SuperPerseids","floor":30},{"not_picked":["SporeBomb","GalacticHalo+1"],"picked":"OortCloud","floor":31},{"not_picked":["StarDustReverie","MillisecondPulsars"],"picked":"SatelliteIllusion","floor":33},{"not_picked":["DragonMeteor+1","GravityBeat"],"picked":"SprinkleStarSeal","floor":35},{"not_picked":["DragonMeteor+1","AlicesGift+1"],"picked":"BlazeAway+1","floor":38},{"not_picked":["GalacticHalo+1","IllusionStar","StarlightTyphoon"],"picked":"Singing Bowl","floor":39},{"not_picked":["WitchOfGreed+1","ShootingEcho+1"],"picked":"PulseMagic","floor":40},{"not_picked":["MysteriousBeam","ManaConvection","SprinkleStarSeal"],"picked":"Singing Bowl","floor":44},{"not_picked":["Orbital","WitchLeyline+1","IllusionStar"],"picked":"Singing Bowl","floor":46},{"not_picked":["NonDirectionalLaser+1","MysteriousBeam"],"picked":"OortCloud+1","floor":48},{"not_picked":["OpenUniverse+1","GravityBeat+1"],"picked":"SuperPerseids","floor":49},{"not_picked":["Orbital","MachineGunSpark"],"picked":"PropBag+1","floor":54}],"player_experience":247885,"relics_obtained":[{"floor":0,"key":"Blue Doll"},{"floor":0,"key":"Singing Bowl"},{"floor":0,"key":"hubris:Zylophone"},{"floor":3,"key":"Pet Ghost"},{"floor":6,"key":"Replay:Bottled Flurry"},{"floor":8,"key":"hubris:BottledRain"},{"floor":12,"key":"ShroomBag"},{"floor":23,"key":"Snack Pack"},{"floor":26,"key":"aspiration:StickyExplosives_weak"},{"floor":29,"key":"Smiling Mask"},{"floor":40,"key":"Meat on the Bone"},{"floor":43,"key":"Gremlin Food"},{"floor":44,"key":"Anchor"},{"floor":46,"key":"ReplayTheSpireMod:Lightbulb"},{"floor":49,"key":"Replay:Kaleidoscope"},{"floor":54,"key":"Thread and Needle"}],"event_choices":[{"damage_healed":0,"gold_gain":175,"player_choice":"AGREE","damage_taken":0,"max_hp_gain":0,"max_hp_loss":0,"event_name":"Liars Game","floor":4,"gold_loss":0,"cards_obtained":["Doubt"]},{"damage_healed":0,"gold_gain":0,"player_choice":"2 cards matched","damage_taken":0,"max_hp_gain":0,"max_hp_loss":0,"event_name":"Match and Keep!","floor":10,"gold_loss":0,"cards_obtained":["JA","SporeBomb"]},{"damage_healed":0,"gold_gain":0,"player_choice":"Success","damage_taken":3,"relics_obtained":["Kunai"],"max_hp_gain":0,"max_hp_loss":0,"event_name":"Scrap Ooze","floor":14,"gold_loss":0},{"damage_healed":0,"gold_gain":0,"player_choice":"Upgraded","damage_taken":0,"max_hp_gain":0,"max_hp_loss":0,"event_name":"Upgrade Shrine","floor":21,"gold_loss":0,"cards_upgraded":["SporeBomb"]},{"damage_healed":0,"gold_gain":0,"player_choice":"Ignored","damage_taken":0,"max_hp_gain":0,"max_hp_loss":0,"event_name":"SecretPortal","floor":37,"gold_loss":0},{"cards_removed":["Defend_MRS"],"damage_healed":0,"gold_gain":0,"player_choice":"Removed Skill","damage_taken":0,"max_hp_gain":0,"max_hp_loss":0,"event_name":"Falling","floor":41,"gold_loss":0},{"damage_healed":0,"gold_gain":0,"player_choice":"Fight","damage_taken":0,"max_hp_gain":0,"max_hp_loss":0,"event_name":"MindBloom","floor":49,"gold_loss":0}],"is_beta":false,"boss_relics":[{"not_picked":["hubris:Stopwatch","Velvet Choker"],"picked":"ExperimentalFamiliar"},{"not_picked":["hubris:ScarierMask","Kintsugi"],"picked":"Astrolabe"}],"items_purged_floors":[19,36,53],"is_endless":false,"potions_floor_spawned":[12,13,16,22,27,29,30,33,38,44,46,48,54],"killed_by":"The Heart","ascension_level":6}}