{"host":"3zmssa4s99zhxek5","time":1613738053,"event":{"mods":["AchievementEnabler","BaseMod","Minty Spire (QoL Compilation)","Permanent Neow","Relic Stats"],"gold_per_floor":[112,112,130,141,161,204,204,246,246,246,270,295,339,73,73,73,73],"floor_reached":16,"language":"KOR","playtime":798,"items_purged":[],"score":244,"play_id":"c50f9f2b-63ed-4e27-a585-b2face8607b1","local_time":"20210219213413","is_ascension_mode":true,"campfire_choices":[{"data":"Eviscerate","floor":7.0,"key":"SMITH"},{"floor":10.0,"key":"REST"},{"floor":15.0,"key":"REST"}],"circlet_count":0,"master_deck":["AscendersBane","Strike_G","Strike_G","Strike_G","Strike_G","Strike_G","Defend_G","Defend_G","Defend_G","Defend_G","Survivor","Neutralize","Dagger Spray","Eviscerate+1","Backflip","Blur","Tactician","Slice","Concentrate","Backflip","Outmaneuver"],"relics":["Runic Pyramid","CeramicFish","Frozen Egg 2","StoneCalendar","Lizard Tail","Meat on the Bone"],"acts_visited":["Exordium"],"potions_floor_usage":[],"damage_taken":[{"damage":0.0,"enemies":"Small Slimes","floor":1.0,"turns":4.0},{"damage":0.0,"enemies":"2 Louse","floor":3.0,"turns":4.0},{"damage":2.0,"enemies":"Jaw Worm","floor":4.0,"turns":4.0},{"damage":6.0,"enemies":"Lots of Slimes","floor":5.0,"turns":3.0},{"damage":17.0,"enemies":"3 Sentries","floor":6.0,"turns":8.0},{"damage":20.0,"enemies":"Gremlin Nob","floor":8.0,"turns":4.0},{"damage":6.0,"enemies":"Blue Slaver","floor":11.0,"turns":4.0},{"damage":5.0,"enemies":"Large Slime","floor":12.0,"turns":5.0},{"damage":13.0,"enemies":"Lagavulin","floor":13.0,"turns":7.0},{"damage":0,"enemies":"Hexaghost","floor":16,"turns":1}],"seed_played":"-1337575579566784607","potions_obtained":[{"floor":4.0,"key":"SteroidPotion"},{"floor":5.0,"key":"PowerPotion"},{"floor":12.0,"key":"Dexterity Potion"},{"floor":13.0,"key":"DistilledChaos"}],"is_trial":false,"path_per_floor":["M","?","M","M","M","E","R","E","T","R","M","M","E","$","R","B"],"character_chosen":"THE_SILENT","items_purchased":["Meat on the Bone"],"campfire_rested":2,"item_purchase_floors":[14],"current_hp_per_floor":[59,52,52,50,44,27,27,7,7,26,20,15,2,2,21,21,21],"gold":73,"neow_bonus":"BOSS_RELIC","is_daily":false,"chose_seed":false,"campfire_upgraded":1,"win_rate":0.0,"timestamp":1613738053,"path_taken":["M","?","M","M","M","E","R","E","T","R","M","M","E","$","R","BOSS"],"items_purchased_type":["Relic"],"build_version":"2020-12-22","purchased_purges":0,"victory":false,"max_hp_per_floor":[66,66,66,66,66,66,66,66,66,66,66,66,66,66,66,66,66],"relic_stats":{"Lizard Tail":0,"counters":[10,44],"CeramicFish":45,"StoneCalendar":[0],"obtain_stats":[{"Lizard Tail":13,"CeramicFish":6,"StoneCalendar":9,"Frozen Egg 2":8,"Ring of the Snake":0,"Runic Pyramid":0,"Meat on the Bone":14},{"Lizard Tail":9,"CeramicFish":5,"StoneCalendar":6,"Frozen Egg 2":6,"Ring of the Snake":0,"Runic Pyramid":0,"Meat on the Bone":9},{"Lizard Tail":43,"CeramicFish":23,"StoneCalendar":27,"Frozen Egg 2":27,"Ring of the Snake":0,"Runic Pyramid":0,"Meat on the Bone":43}],"Meat on the Bone":0},"card_choices":[{"not_picked":["Acrobatics","Predator"],"picked":"Dagger Spray","floor":1.0},{"not_picked":["Finisher","Blade Dance"],"picked":"Eviscerate","floor":3.0},{"not_picked":["Sucker Punch","Poisoned Stab"],"picked":"Backflip","floor":4.0},{"not_picked":["Bane","Sucker Punch"],"picked":"Blur","floor":5.0},{"not_picked":["Heel Hook","Footwork"],"picked":"Tactician","floor":6.0},{"not_picked":["Accuracy+1","Dodge and Roll"],"picked":"Slice","floor":8.0},{"not_picked":["Doppelganger","Deflect"],"picked":"Concentrate","floor":11.0},{"not_picked":["Cloak And Dagger","Infinite Blades+1"],"picked":"Backflip","floor":12.0},{"not_picked":["Flying Knee","Finisher"],"picked":"Outmaneuver","floor":13.0}],"player_experience":1675318,"relics_obtained":[{"floor":6.0,"key":"CeramicFish"},{"floor":8.0,"key":"Frozen Egg 2"},{"floor":9.0,"key":"StoneCalendar"},{"floor":13.0,"key":"Lizard Tail"}],"event_choices":[{"cards_removed":["Defend_G"],"damage_healed":0.0,"max_hp_gain":0.0,"max_hp_loss":0.0,"gold_gain":0.0,"event_name":"Golden Wing","player_choice":"Card Removal","floor":2.0,"gold_loss":0.0,"damage_taken":7.0}],"is_beta":false,"boss_relics":[],"items_purged_floors":[],"is_endless":false,"potions_floor_spawned":[4,5,12,13],"killed_by":"Hexaghost","ascension_level":20}}