{"host":"fbdlh90rovbiajun","time":1613776848,"event":{"mods":["AchievementEnabler","BaseMod","Colored Map","Keyboard Shortcuts","Minty Spire (QoL Compilation)","SuperFastMode"],"gold_per_floor":[119,119,119,133,133,133,133,164,191,207,232,255,101,135,135,254,254,274,174,174,174,174,174,174,174],"floor_reached":24,"language":"KOR","playtime":532,"items_purged":["Defend_P","Defend_P"],"score":261,"play_id":"6866e9b1-b94d-4285-99f4-9c9083a998a5","local_time":"20210220082048","is_ascension_mode":true,"campfire_choices":[{"data":"Eruption","floor":6.0,"key":"SMITH"},{"data":"Adaptation","floor":15.0,"key":"SMITH"},{"data":"MentalFortress","floor":23,"key":"SMITH"}],"circlet_count":0,"master_deck":["Strike_P","Strike_P","Strike_P","Strike_P","Defend_P","Defend_P","Eruption+1","Vigilance","Adaptation+1","Halt","MentalFortress+1","Scrawl","Writhe"],"relics":["PureWater","NeowsBlessing","Golden Idol","Letter Opener","Dream Catcher","Bag of Marbles","Lantern","SacredBark","Enchiridion","Toxic Egg 2"],"acts_visited":["Exordium","TheCity"],"potions_floor_usage":[16],"damage_taken":[{"damage":0.0,"enemies":"2 Louse","floor":1.0,"turns":1.0},{"damage":0.0,"enemies":"Cultist","floor":4.0,"turns":1.0},{"damage":0.0,"enemies":"Lagavulin","floor":8.0,"turns":1.0},{"damage":0.0,"enemies":"Jaw Worm","floor":10.0,"turns":1.0},{"damage":0.0,"enemies":"Blue Slaver","floor":11.0,"turns":2.0},{"damage":0.0,"enemies":"Exordium Wildlife","floor":12.0,"turns":1.0},{"damage":28.0,"enemies":"Gremlin Nob","floor":14.0,"turns":3.0},{"damage":29,"enemies":"Hexaghost","floor":16,"turns":11},{"damage":7,"enemies":"Chosen","floor":18,"turns":5},{"damage":54,"enemies":"Gremlin Leader","floor":24,"turns":8}],"seed_played":"8985895793114405196","potions_obtained":[{"floor":1.0,"key":"PowerPotion"},{"floor":8.0,"key":"BlessingOfTheForge"},{"floor":10.0,"key":"Regen Potion"},{"floor":12.0,"key":"GamblersBrew"},{"floor":14.0,"key":"DistilledChaos"}],"is_trial":false,"path_per_floor":["M","?","$","M","?","R","T","E","T","M","M","M","$","E","R","B",null,"M","$","?","?","?","R","E"],"character_chosen":"WATCHER","items_purchased":["MentalFortress"],"campfire_rested":0,"item_purchase_floors":[13],"current_hp_per_floor":[72,72,72,72,54,54,54,54,54,54,54,54,54,31,31,2,72,65,65,65,49,49,49,0,0],"gold":174,"neow_bonus":"THREE_ENEMY_KILL","is_daily":false,"chose_seed":false,"campfire_upgraded":3,"win_rate":0.0,"timestamp":1613776848,"path_taken":["M","?","?","M","?","R","?","E","T","?","M","M","$","E","R","BOSS","M","$","?","?","?","R","E"],"items_purchased_type":["Card"],"build_version":"2020-12-22","purchased_purges":2,"victory":false,"max_hp_per_floor":[72,72,72,72,72,72,72,72,72,72,72,72,72,72,72,72,72,72,72,72,72,72,72,72,72],"card_choices":[{"not_picked":["CarveReality","Protect","ThirdEye"],"picked":"SKIP","floor":1.0},{"not_picked":["Evaluate","LikeWater","SignatureMove"],"picked":"SKIP","floor":4.0},{"not_picked":["Prostrate","MasterReality"],"picked":"Adaptation","floor":8.0},{"not_picked":["Evaluate","WheelKick"],"picked":"Halt","floor":10.0},{"not_picked":["SashWhip","BowlingBash","Crescendo"],"picked":"SKIP","floor":11.0},{"not_picked":["SashWhip","BowlingBash","Crescendo"],"picked":"SKIP","floor":11.0},{"not_picked":["WindmillStrike","Crescendo","PathToVictory"],"picked":"SKIP","floor":12.0},{"not_picked":["CarveReality","WheelKick","ConjureBlade"],"picked":"SKIP","floor":14.0},{"not_picked":["Blasphemy","ConjureBlade"],"picked":"Scrawl","floor":16},{"not_picked":["ClearTheMind","FlyingSleeves+1","EmptyBody"],"picked":"SKIP","floor":18}],"player_experience":104148,"relics_obtained":[{"floor":7.0,"key":"Letter Opener"},{"floor":8.0,"key":"Dream Catcher"},{"floor":9.0,"key":"Bag of Marbles"},{"floor":14.0,"key":"Lantern"},{"floor":21,"key":"Enchiridion"}],"event_choices":[{"damage_healed":0.0,"max_hp_gain":0.0,"max_hp_loss":0.0,"gold_gain":0.0,"event_name":"The Woman in Blue","player_choice":"Bought 0 Potions","floor":2.0,"gold_loss":0.0,"damage_taken":0.0},{"damage_healed":0.0,"max_hp_gain":0.0,"max_hp_loss":0.0,"gold_gain":0.0,"event_name":"Golden Idol","player_choice":"Take Damage","floor":5.0,"gold_loss":0.0,"damage_taken":18.0,"relics_obtained":["Golden Idol"]},{"damage_healed":0,"gold_gain":0,"player_choice":"Ignored","damage_taken":0,"max_hp_gain":0,"max_hp_loss":0,"event_name":"Ghosts","floor":20,"gold_loss":0},{"damage_healed":0,"gold_gain":0,"player_choice":"Obtained Book","damage_taken":16,"max_hp_gain":0,"max_hp_loss":0,"event_name":"Cursed Tome","floor":21,"gold_loss":0},{"damage_healed":0,"gold_gain":0,"player_choice":"Opened","damage_taken":0,"relics_obtained":["Toxic Egg 2"],"max_hp_gain":0,"max_hp_loss":0,"event_name":"The Mausoleum","floor":22,"gold_loss":0,"cards_obtained":["Writhe"]}],"is_beta":false,"boss_relics":[{"not_picked":["Runic Dome","Fusion Hammer"],"picked":"SacredBark"}],"items_purged_floors":[13,19],"is_endless":false,"potions_floor_spawned":[1,8,10,12,14],"killed_by":"Gremlin Leader","ascension_level":3}}