{"host":"kpcx2wrn7eq3nf7c","time":1613752282,"event":{"mods":["100% Spire Juice","Act Like it!","BaseMod","CapriCore","Friendly Minions","Gensokyo","Marisa£®ÏF”Í°°ƒß¿Ì…≥£©","Minty Spire (QoL Compilation)","StSLib","The Animator","The Servant 0.9.4","Together in Spire","Waifu the Spire","Youmu£®ªÍ∆«—˝√Œ£©"],"gold_per_floor":[114,125,225,238,238,238,265,265,265,9,43,43,63,83,83,157,157,170,222,239,0,0,0,20,32,77,104,204,42,42,60,60,134,134,152,152,152,152,152,189,212,212,236,6,30,68,97,12,12,12],"floor_reached":51,"language":"ZHS","playtime":2713,"items_purged":["StarDustReverie"],"score":1333,"play_id":"9f88113a-365a-4ed4-b31f-4543762950c8","local_time":"20210220003122","is_ascension_mode":true,"campfire_choices":[{"data":"Singularity","floor":6.0,"key":"SMITH"},{"data":"NonDirectionalLaser","floor":8.0,"key":"SMITH"},{"floor":12.0,"key":"REST"},{"floor":15.0,"key":"REST"},{"data":"FairyDestructionRay","floor":23,"key":"SMITH"},{"data":"MilkyWay","floor":30,"key":"SMITH"},{"data":"MillisecondPulsars","floor":32,"key":"SMITH"},{"data":"MilkyWay","floor":42,"key":"SMITH"},{"data":"CasketOfStar","floor":49,"key":"SMITH"}],"circlet_count":0,"master_deck":["AscendersBane","MasterSpark","UpSweep","Singularity+1","AlicesGift","NonDirectionalLaser+1","FairyDestructionRay+1","MagicAbsorber+1","PowerUp","Gensokyo:SummonFieryMouse","StarBarrage","GravityBeat","EarthLightRay+1","PropBag","6A","MilkyWay+1","Acceleration","AsteroidBelt","FairyDestructionRay+1","MilkyWay+1","EnergyFlow","CasketOfStar+1","AlicesGift","CasketOfStar","FairyDestructionRay","Good Instincts","6A","PowerUp+1","OortCloud+1"],"relics":["MiniHakkero","Gensokyo:OccultBall","Toy Ornithopter","Bottled Flame","HandDrill","Mercury Hourglass","Ancient Tea Set","Pandora\u0027s Box","Gensokyo:Companionship","PreservedInsect","Nunchaku","Regal Pillow","Red Mask","Ginger","HornCleat","RampagingMagicTools","Centennial Puzzle","Gensokyo:TheCrow","Gensokyo:EmptyGrave","CeramicFish","War Paint","Membership Card","Pear","ClockworkSouvenir"],"acts_visited":["Gensokyo:Gensokyo","TheCity","Gensokyo:Gensokyoest"],"potions_floor_usage":[25,27,28,29,40,46],"damage_taken":[{"damage":2.0,"enemies":"Gensokyo:3_Fairies","floor":1.0,"turns":4.0},{"damage":5.0,"enemies":"Gensokyo:Python","floor":2.0,"turns":4.0},{"damage":7.0,"enemies":"Gensokyo:2_Kodama","floor":4.0,"turns":3.0},{"damage":10.0,"enemies":"Gensokyo:Mamizou","floor":7.0,"turns":8.0},{"damage":36.0,"enemies":"Gensokyo:Cirno","floor":11.0,"turns":6.0},{"damage":0.0,"enemies":"Gensokyo:5_Fairies","floor":13.0,"turns":2.0},{"damage":0.0,"enemies":"Gensokyo:VengefulSpirit","floor":14.0,"turns":3.0},{"damage":40,"enemies":"Gensokyo:Yukari","floor":16,"turns":8},{"damage":11,"enemies":"2 Thieves","floor":18,"turns":2},{"damage":14,"enemies":"3 Byrds","floor":20,"turns":4},{"damage":0,"enemies":"Centurion and Healer","floor":24,"turns":3},{"damage":6,"enemies":"Sentry and Sphere","floor":25,"turns":3},{"damage":0,"enemies":"Masked Bandits","floor":27,"turns":2},{"damage":20,"enemies":"Colosseum Slavers","floor":28,"turns":2},{"damage":9,"enemies":"Colosseum Nobs","floor":28,"turns":3},{"damage":0,"enemies":"3 Cultists","floor":31,"turns":2},{"damage":0,"enemies":"Automaton","floor":33,"turns":4},{"damage":0,"enemies":"Gensokyo:3_Boulders","floor":35,"turns":3},{"damage":8,"enemies":"Gensokyo:Marisa","floor":40,"turns":2},{"damage":18,"enemies":"Gensokyo:3_Bats","floor":41,"turns":2},{"damage":11,"enemies":"Gensokyo:SeedOfUnknown","floor":45,"turns":4},{"damage":8,"enemies":"Gensokyo:Doremy","floor":46,"turns":3},{"damage":8,"enemies":"Gensokyo:AtlasGolem","floor":47,"turns":3},{"damage":7,"enemies":"Gensokyo:Yuyuko","floor":50,"turns":5}],"seed_played":"7861791521094774004","potions_obtained":[{"floor":1.0,"key":"SpeedPotion"},{"floor":2.0,"key":"StarNLove"},{"floor":11.0,"key":"SkillPotion"},{"floor":13.0,"key":"Energy Potion"},{"floor":14.0,"key":"DuplicationPotion"},{"floor":18,"key":"Block Potion"},{"floor":25,"key":"EssenceOfSteel"},{"floor":35,"key":"Fire Potion"},{"floor":45,"key":"Dexterity Potion"},{"floor":46,"key":"FairyPotion"}],"is_trial":false,"path_per_floor":["M","M","?","M","?","R","E","R","T","COS","E","R","M","M","R","B",null,"M","T","M","$","?","R","M","M","T","?","?","$","R","M","R","B",null,"M","?","?","?","?","E","M","R","T","$","M","E","M","$","R","B",null],"character_chosen":"MARISA","items_purchased":["Nunchaku","Fruit Juice","BlessingOfTheForge","Membership Card","Good Instincts","BottledSpark","ClockworkSouvenir"],"campfire_rested":2,"item_purchase_floors":[21,29,29,44,44,44,48],"current_hp_per_floor":[61,56,56,49,49,49,39,39,39,39,8,29,29,29,50,10,55,44,44,34,34,34,34,38,37,37,42,30,40,40,40,40,44,67,67,67,67,67,67,60,46,68,68,68,63,70,68,68,68,68],"gold":12,"neow_bonus":"REMOVE_CARD","is_daily":false,"chose_seed":false,"campfire_upgraded":7,"win_rate":0.0,"timestamp":1613752282,"path_taken":["M","M","?","M","?","R","E","R","T","COS","E","R","M","M","R","BOSS","M","?","?","?","?","R","M","M","T","?","?","?","R","?","R","BOSS","M","?","?","?","?","E","?","R","T","?","M","E","?","$","R","BOSS"],"items_purchased_type":["Relic","Potion","Potion","Relic","Card","Potion","Relic"],"build_version":"2020-12-22","purchased_purges":1,"victory":true,"max_hp_per_floor":[70,70,70,70,70,70,70,70,70,70,70,70,70,70,70,70,70,70,70,70,70,70,70,70,70,70,70,70,75,75,75,75,75,75,75,75,75,75,68,68,68,68,68,68,68,78,78,78,78,78],"card_choices":[{"not_picked":["GrandCross","WitchLeyline"],"picked":"MagicChant","floor":1.0},{"not_picked":["PowerUp","WitchOfGreed"],"picked":"Singularity","floor":2.0},{"not_picked":["ManaConvection","GalacticHalo"],"picked":"AlicesGift","floor":4.0},{"not_picked":["IllusionStar","BlazeAway"],"picked":"NonDirectionalLaser","floor":7.0},{"not_picked":["Orbital","WitchLeyline"],"picked":"FairyDestructionRay","floor":11.0},{"not_picked":["GrandCross","AlicesGift"],"picked":"MagicAbsorber","floor":13.0},{"not_picked":["GravityBeat","EscapeVelocity"],"picked":"PowerUp","floor":14.0},{"not_picked":["AbsoluteMagnitude","BigCrunch"],"picked":"MillisecondPulsars","floor":16},{"not_picked":["Orbital","Occultation"],"picked":"6A","floor":18},{"not_picked":["OneTimeOff","WitchLeyline"],"picked":"MilkyWay","floor":20},{"not_picked":["BlazeAway","EventHorizon"],"picked":"Acceleration","floor":24},{"not_picked":["NonDirectionalLaser","ShootTheMoon"],"picked":"AsteroidBelt","floor":25},{"not_picked":["MysteriousBeam","GalacticHalo+1"],"picked":"FairyDestructionRay+1","floor":27},{"not_picked":["GrandCross","LuminesStrike"],"picked":"MilkyWay","floor":28},{"not_picked":["ShootingEcho","MilkyWay"],"picked":"EnergyFlow","floor":31},{"not_picked":["UltimateShortwave","BinaryStars"],"picked":"CasketOfStar","floor":33},{"not_picked":["ChargeUpSpray","ShootingEcho"],"picked":"AlicesGift","floor":35},{"not_picked":["DoubleSpark","Singularity"],"picked":"CasketOfStar","floor":40},{"not_picked":["OortCloud+1","Acceleration"],"picked":"FairyDestructionRay","floor":41},{"not_picked":["PropBag","EventHorizon+1"],"picked":"6A","floor":45},{"not_picked":["NonDirectionalLaser","WitchLeyline"],"picked":"PowerUp+1","floor":46},{"not_picked":["DC","ChargingUp"],"picked":"OortCloud+1","floor":47}],"player_experience":1205822,"relics_obtained":[{"floor":7.0,"key":"Toy Ornithopter"},{"floor":9.0,"key":"Bottled Flame"},{"floor":11.0,"key":"Mercury Hourglass"},{"floor":16,"key":"Gensokyo:OccultBall"},{"floor":19,"key":"PreservedInsect"},{"floor":25,"key":"Gensokyo:OccultBall"},{"floor":26,"key":"Regal Pillow"},{"floor":27,"key":"Red Mask"},{"floor":28,"key":"Ginger"},{"floor":28,"key":"HornCleat"},{"floor":28,"key":"Gensokyo:OccultBall"},{"floor":33,"key":"Gensokyo:OccultBall"},{"floor":40,"key":"CeramicFish"},{"floor":43,"key":"War Paint"},{"floor":46,"key":"Pear"}],"event_choices":[{"damage_healed":0,"gold_gain":0,"player_choice":"Ignored","damage_taken":0,"max_hp_gain":0,"max_hp_loss":0,"event_name":"Vampires","floor":22,"gold_loss":0},{"damage_healed":0,"gold_gain":0,"player_choice":"Fought Bandits","damage_taken":0,"max_hp_gain":0,"max_hp_loss":0,"event_name":"Masked Bandits","floor":27,"gold_loss":0},{"damage_healed":0,"gold_gain":0,"player_choice":"Fight","damage_taken":0,"max_hp_gain":0,"max_hp_loss":0,"event_name":"Colosseum","floor":28,"gold_loss":0},{"damage_healed":0,"gold_gain":0,"player_choice":"Fought Nobs","damage_taken":0,"max_hp_gain":0,"max_hp_loss":0,"event_name":"Colosseum","floor":28,"gold_loss":0}],"is_beta":false,"boss_relics":[{"not_picked":["Snecko Eye","Sozu"],"picked":"Pandora\u0027s Box"},{"not_picked":["Philosopher\u0027s Stone","Astrolabe"],"picked":"RampagingMagicTools"}],"items_purged_floors":[21],"is_endless":false,"potions_floor_spawned":[1,2,11,13,14,18,20,25,35,45,46],"ascension_level":18}}