{"host":"k0cm6nn9mnmji9h1","time":1613732300,"event":{"mods":["2.2 Compatiblity","AchievementEnabler","BaseMod","Colored Map","DeckTracker","Gremlin Skip","Highlight Path","Minty Spire (QoL Compilation)","Permanent Neow","StSLib","The Marked","Waifu the Spire"],"gold_per_floor":[114,114,130,141,156,183,258,258,258,283,294,139,159,176,176,277,277,292,25,41,41,60,60,74,84,110,110,0,27,27,46,46,149,149,149],"floor_reached":34,"language":"KOR","playtime":1716,"items_purged":["Strike_B","Defend_B"],"score":411,"play_id":"ad09af5b-0066-4562-ba80-d35099302d5e","local_time":"20210219195820","is_ascension_mode":false,"campfire_choices":[{"data":"Defragment","floor":8.0,"key":"SMITH"},{"floor":15.0,"key":"REST"},{"data":"1","floor":23.0,"key":"LIFT"},{"data":"Echo Form","floor":27.0,"key":"SMITH"},{"data":"Electrodynamics","floor":32.0,"key":"SMITH"}],"circlet_count":0,"master_deck":["Strike_B","Strike_B","Defend_B","Defend_B","Defend_B","Zap","Dualcast+1","Defragment+1","Static Discharge","Conserve Battery","Barrage","Rip and Tear","Seek","Hologram","Self Repair","Conserve Battery","Stack","Echo Form+1","Hologram+1","Go for the Eyes+1","Tempest","Electrodynamics+1","Reboot"],"relics":["Cracked Core","Sundial","Mango","Girya","Akabeko","Nuclear Battery","Membership Card","Singing Bowl","Bag of Marbles","Bottled Flame","SacredBark"],"acts_visited":["Exordium","TheCity","TheBeyond"],"potions_floor_usage":[],"damage_taken":[{"damage":0.0,"enemies":"2 Louse","floor":1.0,"turns":2.0},{"damage":6.0,"enemies":"Jaw Worm","floor":3.0,"turns":3.0},{"damage":1.0,"enemies":"Cultist","floor":4.0,"turns":3.0},{"damage":0.0,"enemies":"2 Fungi Beasts","floor":5.0,"turns":4.0},{"damage":14.0,"enemies":"Lagavulin","floor":6.0,"turns":7.0},{"damage":24.0,"enemies":"3 Sentries","floor":10.0,"turns":5.0},{"damage":0.0,"enemies":"3 Louse","floor":11.0,"turns":1.0},{"damage":8.0,"enemies":"Exordium Wildlife","floor":13.0,"turns":4.0},{"damage":7.0,"enemies":"Looter","floor":14.0,"turns":2.0},{"damage":5.0,"enemies":"Slime Boss","floor":16.0,"turns":7.0},{"damage":10.0,"enemies":"3 Byrds","floor":18.0,"turns":2.0},{"damage":0.0,"enemies":"Chosen","floor":20.0,"turns":3.0},{"damage":15.0,"enemies":"Centurion and Healer","floor":22.0,"turns":5.0},{"damage":17.0,"enemies":"Cultist and Chosen","floor":24.0,"turns":6.0},{"damage":13.0,"enemies":"Chosen and Byrds","floor":25.0,"turns":4.0},{"damage":1.0,"enemies":"Gremlin Leader","floor":29.0,"turns":4.0},{"damage":38.0,"enemies":"Sentry and Sphere","floor":31.0,"turns":5.0},{"damage":37.0,"enemies":"Collector","floor":33.0,"turns":8.0}],"seed_played":"3174911414400592159","potions_obtained":[{"floor":1.0,"key":"PotionOfCapacity"},{"floor":4.0,"key":"PotionOfCapacity"},{"floor":11.0,"key":"Swift Potion"},{"floor":14.0,"key":"Ancient Potion"},{"floor":24.0,"key":"SpeedPotion"},{"floor":31.0,"key":"Ancient Potion"}],"is_trial":false,"path_per_floor":["M","?","M","M","M","E","?","R","T","E","M","$","M","M","R","B",null,"M","$","M","?","M","R","M","M","T","R","$","E","?","M","R","B",null],"character_chosen":"DEFECT","items_purchased":["Self Repair","Membership Card","Singing Bowl","Tempest","Energy Potion"],"campfire_rested":1,"item_purchase_floors":[12,19,19,28,28],"current_hp_per_floor":[75,63,57,56,56,56,45,45,45,21,21,21,20,13,39,41,89,79,79,86,86,80,80,72,68,68,68,68,76,76,45,45,22,97,97],"gold":149,"neow_bonus":"UPGRADE_CARD","is_daily":false,"chose_seed":false,"campfire_upgraded":3,"win_rate":0.0,"timestamp":1613732300,"path_taken":["M","?","M","M","M","E","?","R","T","E","M","?","?","M","R","BOSS","M","$","M","?","M","R","M","M","T","R","$","E","?","M","R","BOSS"],"items_purchased_type":["Card","Relic","Relic","Card","Potion"],"build_version":"2020-12-22","purchased_purges":2,"victory":false,"max_hp_per_floor":[75,75,75,75,75,89,89,89,89,89,89,89,89,89,89,89,89,89,89,89,89,91,91,93,95,95,95,95,97,97,97,97,97,97,97],"card_choices":[{"not_picked":["Compile Driver","Consume"],"picked":"Defragment","floor":1.0},{"not_picked":["Ball Lightning","BootSequence"],"picked":"Static Discharge","floor":3.0},{"not_picked":["FTL","Redo"],"picked":"Conserve Battery","floor":4.0},{"not_picked":["Leap","Streamline"],"picked":"Barrage","floor":5.0},{"not_picked":["Turbo","Creative AI"],"picked":"Rip and Tear","floor":6.0},{"not_picked":["Stack","Barrage"],"picked":"Seek","floor":10.0},{"not_picked":["Steam Power","Streamline"],"picked":"Hologram","floor":11.0},{"not_picked":["Cold Snap","Compile Driver"],"picked":"Conserve Battery","floor":13.0},{"not_picked":["Beam Cell","Loop"],"picked":"Stack","floor":14.0},{"not_picked":["Seek","Rainbow"],"picked":"Echo Form","floor":16.0},{"not_picked":["Barrage+1","Reprogram"],"picked":"Hologram+1","floor":18.0},{"not_picked":["Streamline+1","Coolheaded"],"picked":"Go for the Eyes+1","floor":20.0},{"not_picked":["Redo","Leap+1","Cold Snap"],"picked":"Singing Bowl","floor":22.0},{"not_picked":["Sweeping Beam","Rebound","Hologram"],"picked":"Singing Bowl","floor":24.0},{"not_picked":["Gash","Force Field","Reprogram"],"picked":"Singing Bowl","floor":25.0},{"not_picked":["Scrape","Fusion","Steam"],"picked":"Singing Bowl","floor":29.0},{"not_picked":["Doom and Gloom","Compile Driver"],"picked":"Electrodynamics","floor":31.0},{"not_picked":["Hyperbeam","Meteor Strike"],"picked":"Reboot","floor":33.0}],"player_experience":518575,"relics_obtained":[{"floor":6.0,"key":"Mango"},{"floor":9.0,"key":"Girya"},{"floor":10.0,"key":"Akabeko"},{"floor":26.0,"key":"Bag of Marbles"},{"floor":29.0,"key":"Bottled Flame"}],"event_choices":[{"damage_healed":0.0,"max_hp_gain":0.0,"max_hp_loss":0.0,"gold_gain":0.0,"event_name":"Scrap Ooze","player_choice":"Success","floor":2.0,"gold_loss":0.0,"damage_taken":12.0,"relics_obtained":["Sundial"]},{"damage_healed":0.0,"max_hp_gain":0.0,"max_hp_loss":0.0,"gold_gain":75.0,"event_name":"World of Goop","player_choice":"Gather Gold","floor":7.0,"gold_loss":0.0,"damage_taken":11.0},{"cards_removed":["Strike_B"],"damage_healed":0.0,"max_hp_gain":0.0,"max_hp_loss":0.0,"gold_gain":0.0,"event_name":"Back to Basics","player_choice":"Elegance","floor":21.0,"gold_loss":0.0,"damage_taken":0.0}],"is_beta":false,"boss_relics":[{"not_picked":["Inserter","Busted Crown"],"picked":"Nuclear Battery"},{"not_picked":["Pandora\u0027s Box","Runic Pyramid"],"picked":"SacredBark"}],"items_purged_floors":[12,28],"is_endless":false,"potions_floor_spawned":[1,4,11,14,20,24,31],"ascension_level":0}}