{"host":"fbdlh90rovbiajun","time":1613763646,"event":{"mods":["AchievementEnabler","BaseMod","Colored Map","Keyboard Shortcuts","Minty Spire (QoL Compilation)","SuperFastMode"],"gold_per_floor":[115,215,232,250,250,250,265,295,375,231,251,176,193,208,208,208,208],"floor_reached":16,"language":"KOR","playtime":368,"items_purged":["Strike_P"],"score":120,"play_id":"dd0b0340-2d88-4934-a4bb-d6a8ea2cb936","local_time":"20210220044046","is_ascension_mode":true,"campfire_choices":[{"data":"Eruption","floor":6,"key":"SMITH"},{"floor":15,"key":"REST"}],"circlet_count":0,"master_deck":["Strike_P","Strike_P","Strike_P","Defend_P","Defend_P","Defend_P","Eruption+1","Vigilance","Consecrate","InnerPeace","Halt"],"relics":["PureWater","NeowsBlessing","Torii","Ornamental Fan","Omamori"],"acts_visited":["Exordium"],"potions_floor_usage":[16,16],"damage_taken":[{"damage":0,"enemies":"2 Louse","floor":1,"turns":1},{"damage":0,"enemies":"Cultist","floor":3,"turns":1},{"damage":0,"enemies":"Small Slimes","floor":4,"turns":1},{"damage":0,"enemies":"3 Louse","floor":7,"turns":2},{"damage":42,"enemies":"Lagavulin","floor":8,"turns":5},{"damage":11,"enemies":"Gremlin Gang","floor":11,"turns":2},{"damage":1,"enemies":"Exordium Wildlife","floor":13,"turns":3},{"damage":1,"enemies":"Lots of Slimes","floor":14,"turns":3},{"damage":34,"enemies":"The Guardian","floor":16,"turns":8}],"seed_played":"1721956298288332880","potions_obtained":[{"floor":3,"key":"Energy Potion"},{"floor":4,"key":"LiquidMemories"},{"floor":8,"key":"AttackPotion"}],"is_trial":false,"path_per_floor":["M","?","M","M","?","R","M","E","T","$","M","$","M","M","R","B"],"character_chosen":"WATCHER","items_purchased":["Omamori"],"campfire_rested":1,"item_purchase_floors":[10],"current_hp_per_floor":[72,72,72,72,65,65,65,23,23,23,12,12,11,10,31,0,0],"gold":208,"neow_bonus":"THREE_ENEMY_KILL","is_daily":false,"chose_seed":false,"campfire_upgraded":1,"win_rate":0.0,"timestamp":1613763646,"path_taken":["M","?","?","M","?","R","M","E","T","$","M","$","M","M","R","BOSS"],"items_purchased_type":["Relic"],"build_version":"2020-12-22","purchased_purges":1,"victory":false,"max_hp_per_floor":[72,72,72,72,72,72,72,72,72,72,72,72,72,72,72,72,72],"card_choices":[{"not_picked":["FollowUp","DeceiveReality","Vengeance"],"picked":"SKIP","floor":1},{"not_picked":["Prostrate","ReachHeaven","WaveOfTheHand"],"picked":"SKIP","floor":3},{"not_picked":["Prostrate","BowlingBash"],"picked":"Consecrate","floor":4},{"not_picked":["JustLucky","Prostrate","Fasting2"],"picked":"SKIP","floor":7},{"not_picked":["BowlingBash","SpiritShield","WindmillStrike"],"picked":"SKIP","floor":8},{"not_picked":["EmptyBody","JustLucky"],"picked":"InnerPeace","floor":11},{"not_picked":["CutThroughFate","Prostrate"],"picked":"Halt","floor":13},{"not_picked":["EmptyFist","EmptyBody","Prostrate"],"picked":"SKIP","floor":14}],"player_experience":101214,"relics_obtained":[{"floor":8,"key":"Torii"},{"floor":9,"key":"Ornamental Fan"}],"event_choices":[{"damage_healed":0,"gold_gain":100,"player_choice":"Pray","damage_taken":0,"max_hp_gain":0,"max_hp_loss":0,"event_name":"Golden Shrine","floor":2,"gold_loss":0},{"cards_removed":["Defend_P"],"damage_healed":0,"gold_gain":0,"player_choice":"Card Removal","damage_taken":7,"max_hp_gain":0,"max_hp_loss":0,"event_name":"Golden Wing","floor":5,"gold_loss":0}],"is_beta":false,"boss_relics":[],"items_purged_floors":[12],"is_endless":false,"potions_floor_spawned":[3,4,8],"killed_by":"The Guardian","ascension_level":3}}