{"host":"x4954lblgztusody","time":1613771050,"event":{"mods":["BaseMod","Clockwork Mod","Colored Map","Curses Come First","Minty Spire (QoL Compilation)","Rare Cards Sparkle","Shop Mod","StSLib","The Animator","WarShipGirlsR/战舰少女R mod"],"gold_per_floor":[118,133,133,133,146,146,21,21,93,108,120,131,157,171,171,266,266,266,236,236,236,236,236,236,42,42,42,42,42,42,42,42,42,42,42,42,42,42,42,42,42,42,42,42,42,42,42,6,6,6,6,6,6,6,6],"floor_reached":56,"language":"ENG","playtime":5743,"items_purged":["rmod:strick"],"score":1202,"play_id":"8bde596a-b9f5-40aa-9d97-7199f3d557f0","local_time":"20210219134410","is_ascension_mode":true,"campfire_choices":[{"data":"rmod:fletcherpendant","floor":6.0,"key":"SMITH"},{"data":"rmod:fletcherpendant","floor":8.0,"key":"SMITH"},{"data":"rmod:generalist","floor":15.0,"key":"SMITH"},{"data":"rmod:wolves","floor":24.0,"key":"SMITH"},{"data":"rmod:fletcher","floor":28.0,"key":"SMITH"},{"floor":32.0,"key":"REST"},{"floor":49,"key":"RECALL"},{"data":"rmod:diaomin","floor":52,"key":"SMITH"}],"circlet_count":0,"master_deck":["rmod:strick+1","rmod:strick+1","rmod:defend+1","rmod:defend+1","rmod:defend+1","rmod:defend+1","rmod:basicallowance","rmod:maingunfire","rmod:capitalist","rmod:fletcherpendant+1","rmod:fletcherpendant+1","rmod:generalist+1","rmod:wolves+1","rmod:fletcherpendant","rmod:lonelyqueen+1","rmod:timeschanged","rmod:mineteam","rmod:fletcher+1","rmod:advancebysurprise","rmod:supriseattacks","rmod:wolves","Enlightenment","rmod:unsinkable+1","rmod:diaomin+1","rmod:unsinkable+1"],"relics":["Snecko Eye","Gremlin Horn","White Beast Statue","Odd Mushroom","Ectoplasm","Centennial Puzzle","Orichalcum","Red Mask","Bottled Lightning","rmod:monthlycard","FossilizedHelix","Molten Egg 2","Gambling Chip"],"acts_visited":["Exordium","TheCity","TheBeyond","TheEnding"],"potions_floor_usage":[50,55,55],"damage_taken":[{"damage":9.0,"enemies":"Small Slimes","floor":1.0,"turns":3.0},{"damage":7.0,"enemies":"2 Louse","floor":2.0,"turns":2.0},{"damage":0.0,"enemies":"Cultist","floor":5.0,"turns":2.0},{"damage":0.0,"enemies":"Blue Slaver","floor":10.0,"turns":2.0},{"damage":0.0,"enemies":"Exordium Thugs","floor":11.0,"turns":2.0},{"damage":0.0,"enemies":"Exordium Wildlife","floor":12.0,"turns":1.0},{"damage":12.0,"enemies":"The Mushroom Lair","floor":13.0,"turns":2.0},{"damage":2.0,"enemies":"Looter","floor":14.0,"turns":2.0},{"damage":10.0,"enemies":"The Guardian","floor":16.0,"turns":9.0},{"damage":0.0,"enemies":"Chosen","floor":18.0,"turns":3.0},{"damage":0.0,"enemies":"2 Thieves","floor":19.0,"turns":2.0},{"damage":1.0,"enemies":"3 Cultists","floor":21.0,"turns":3.0},{"damage":9.0,"enemies":"Snake Plant","floor":22.0,"turns":3.0},{"damage":18.0,"enemies":"Slavers","floor":23.0,"turns":3.0},{"damage":0.0,"enemies":"Masked Bandits","floor":27.0,"turns":2.0},{"damage":0.0,"enemies":"Gremlin Leader","floor":30.0,"turns":2.0},{"damage":0.0,"enemies":"Shelled Parasite and Fungi","floor":31.0,"turns":3.0},{"damage":9.0,"enemies":"Collector","floor":33.0,"turns":8.0},{"damage":13,"enemies":"3 Shapes","floor":35,"turns":4},{"damage":0,"enemies":"3 Darklings","floor":37,"turns":2},{"damage":0,"enemies":"Sphere and 2 Shapes","floor":38,"turns":2},{"damage":4,"enemies":"Mind Bloom Boss Battle","floor":39,"turns":5},{"damage":5,"enemies":"4 Shapes","floor":42,"turns":2},{"damage":1,"enemies":"Writhing Mass","floor":44,"turns":6},{"damage":0,"enemies":"Jaw Worm Horde","floor":45,"turns":3},{"damage":0,"enemies":"Maw","floor":47,"turns":5},{"damage":20,"enemies":"Time Eater","floor":50,"turns":10},{"damage":21,"enemies":"Shield and Spear","floor":54,"turns":4},{"damage":9,"enemies":"The Heart","floor":55,"turns":8}],"seed_played":"8549102029359276544","potions_obtained":[{"floor":1.0,"key":"LiquidBronze"},{"floor":10.0,"key":"Strength Potion"},{"floor":11.0,"key":"BlessingOfTheForge"},{"floor":12.0,"key":"GamblersBrew"},{"floor":13.0,"key":"SpeedPotion"},{"floor":14.0,"key":"SpeedPotion"},{"floor":16.0,"key":"Weak Potion"},{"floor":18.0,"key":"FearPotion"},{"floor":22.0,"key":"Strength Potion"},{"floor":23.0,"key":"EntropicBrew"},{"floor":27.0,"key":"Energy Potion"},{"floor":30.0,"key":"Block Potion"},{"floor":33.0,"key":"CultistPotion"},{"floor":37,"key":"GamblersBrew"},{"floor":54,"key":"Strength Potion"}],"is_trial":false,"path_per_floor":["M","M","?","?","M","R","$","R","T","M","M","M","?","M","R","B",null,"M","M","?","M","M","E","R","$","T","?","R","?","E","M","R","B",null,"M","?","M","M","?","?","T","M","T","M","M","?","M","$","R","B",null,"R","$","E","B",null],"character_chosen":"PRAEFECT","items_purchased":["rmod:fletcherpendant","rmod:mineteam","rmod:fletcher","rmod:diaomin"],"campfire_rested":1,"item_purchase_floors":[7,25,25,48],"current_hp_per_floor":[66,59,26,26,26,26,26,26,26,26,26,26,14,12,12,2,75,75,75,61,60,51,33,33,33,33,33,33,33,33,33,57,48,80,67,67,67,67,63,63,63,58,58,57,57,57,57,57,57,37,76,76,76,55,46],"gold":6,"neow_bonus":"BOSS_RELIC","is_daily":false,"chose_seed":false,"campfire_upgraded":6,"win_rate":0.0,"timestamp":1613771050,"path_taken":["M","M","?","?","M","R","$","R","T","?","M","M","?","M","R","BOSS","M","M","?","M","M","E","R","$","T","?","R","?","E","?","R","BOSS","M","?","M","M","?","?","?","M","T","?","M","?","M","?","R","BOSS","R","$","E","BOSS"],"items_purchased_type":["Card","Card","Card","Card"],"build_version":"2020-12-22","purchased_purges":1,"victory":true,"max_hp_per_floor":[75,75,75,75,75,75,75,75,75,75,75,75,75,75,75,75,75,75,75,80,80,80,80,80,80,80,80,80,80,80,80,80,80,80,80,80,80,80,80,76,76,76,76,76,76,76,76,76,76,76,76,76,76,76,76],"card_choices":[{"not_picked":["rmod:victimresponsibility","rmod:shuttlebombing"],"picked":"rmod:capitalist","floor":1.0},{"not_picked":["rmod:steelsupply","rmod:goodsister","rmod:bulid"],"picked":"SKIP","floor":2.0},{"not_picked":["rmod:bulid","rmod:steelsupply"],"picked":"rmod:fletcherpendant","floor":5.0},{"not_picked":["rmod:goodsister","rmod:ammunitionsupply"],"picked":"rmod:generalist","floor":10.0},{"not_picked":["rmod:luckystar","rmod:combined"],"picked":"rmod:wolves","floor":11.0},{"not_picked":["rmod:aviationdawn","rmod:victimresponsibility","rmod:fuelsupply"],"picked":"SKIP","floor":12.0},{"not_picked":["rmod:steelsupply","rmod:launchingtorpedo"],"picked":"rmod:fletcherpendant","floor":14.0},{"not_picked":["rmod:firesupport","rmod:intelligenceanalysis+1","rmod:aviationdawn"],"picked":"SKIP","floor":18.0},{"not_picked":["rmod:unsinkable+1","rmod:ammunitionsupply+1"],"picked":"rmod:lonelyqueen+1","floor":19.0},{"not_picked":["rmod:unsinkable+1","rmod:steelsupply","rmod:luckystar"],"picked":"SKIP","floor":21.0},{"not_picked":["rmod:aluminumsupply","rmod:supportescort+1","rmod:firesupport"],"picked":"SKIP","floor":22.0},{"not_picked":["rmod:punchline","rmod:fuelsupply"],"picked":"rmod:timeschanged","floor":23.0},{"not_picked":["rmod:circuitoustactics+1","rmod:sl"],"picked":"rmod:advancebysurprise","floor":30.0},{"not_picked":["rmod:garrisonisland","rmod:supportescort","rmod:combined"],"picked":"SKIP","floor":31.0},{"not_picked":["rmod:windflower","rmod:desperatesituation"],"picked":"rmod:supriseattacks","floor":33.0},{"not_picked":["rmod:steelsupply","rmod:supportescort+1"],"picked":"rmod:wolves","floor":35},{"not_picked":["rmod:aviationdawn+1","rmod:fuelsupply+1","rmod:luckystar"],"picked":"SKIP","floor":37},{"not_picked":["rmod:robin+1","rmod:goodfighter+1","rmod:supportaircraftcarrier+1"],"picked":"SKIP","floor":38},{"not_picked":["rmod:diamondstrike","rmod:ring","rmod:combined+1"],"picked":"SKIP","floor":42},{"not_picked":["rmod:advancebysurprise","rmod:expeditionaryescort","rmod:gendarmerie+1"],"picked":"SKIP","floor":44},{"not_picked":["rmod:fuelsupply","rmod:heivgo+1","rmod:ring"],"picked":"SKIP","floor":45},{"not_picked":["Madness","Panacea"],"picked":"Enlightenment","floor":46},{"not_picked":["rmod:selfconfidence+1","rmod:expedition"],"picked":"rmod:unsinkable+1","floor":47},{"not_picked":["rmod:tearstotiara+1","rmod:goodsister"],"picked":"rmod:unsinkable+1","floor":54}],"player_experience":88345,"relics_obtained":[{"floor":9.0,"key":"White Beast Statue"},{"floor":13.0,"key":"Odd Mushroom"},{"floor":23.0,"key":"Centennial Puzzle"},{"floor":26.0,"key":"Orichalcum"},{"floor":27.0,"key":"Red Mask"},{"floor":30.0,"key":"Bottled Lightning"},{"floor":39,"key":"FossilizedHelix"},{"floor":43,"key":"Molten Egg 2"},{"floor":54,"key":"Gambling Chip"}],"event_choices":[{"damage_healed":0.0,"max_hp_gain":0.0,"max_hp_loss":0.0,"gold_gain":0.0,"event_name":"Scrap Ooze","player_choice":"Success","floor":3.0,"gold_loss":0.0,"damage_taken":33.0,"relics_obtained":["Gremlin Horn"]},{"cards_removed":["rmod:strick"],"damage_healed":0.0,"max_hp_gain":0.0,"max_hp_loss":0.0,"gold_gain":0.0,"event_name":"Purifier","player_choice":"Purged","floor":4.0,"gold_loss":0.0,"damage_taken":0.0},{"damage_healed":0.0,"max_hp_gain":0.0,"max_hp_loss":0.0,"gold_gain":0.0,"event_name":"Mushrooms","player_choice":"Fought Mushrooms","floor":13.0,"gold_loss":0.0,"damage_taken":0.0},{"damage_healed":0.0,"max_hp_gain":5.0,"max_hp_loss":0.0,"gold_gain":0.0,"event_name":"Forgotten Altar","player_choice":"Shed Blood","floor":20.0,"gold_loss":0.0,"damage_taken":19.0},{"damage_healed":0.0,"max_hp_gain":0.0,"max_hp_loss":0.0,"gold_gain":0.0,"event_name":"Masked Bandits","player_choice":"Fought Bandits","floor":27.0,"gold_loss":0.0,"damage_taken":0.0},{"damage_healed":0.0,"max_hp_gain":0.0,"max_hp_loss":0.0,"gold_gain":0.0,"event_name":"Back to Basics","player_choice":"Simplicity","floor":29.0,"gold_loss":0.0,"damage_taken":0.0,"cards_upgraded":["rmod:strick","rmod:strick","rmod:defend","rmod:defend","rmod:defend","rmod:defend"]},{"damage_healed":0,"gold_gain":222,"player_choice":"Wore Mask","damage_taken":0,"max_hp_gain":0,"max_hp_loss":0,"event_name":"Tomb of Lord Red Mask","floor":36,"gold_loss":0},{"damage_healed":0,"gold_gain":0,"player_choice":"Fight","damage_taken":0,"max_hp_gain":0,"max_hp_loss":0,"event_name":"MindBloom","floor":39,"gold_loss":0},{"damage_healed":0,"gold_gain":0,"player_choice":"Max HP","damage_taken":0,"max_hp_gain":0,"max_hp_loss":4,"event_name":"Winding Halls","floor":40,"gold_loss":0},{"damage_healed":0,"gold_gain":0,"player_choice":"Memory 1","damage_taken":0,"max_hp_gain":0,"max_hp_loss":0,"event_name":"SensoryStone","floor":46,"gold_loss":0}],"is_beta":false,"boss_relics":[{"not_picked":["Velvet Choker","Runic Dome"],"picked":"Ectoplasm"},{"not_picked":["Black Star","Sozu"],"picked":"rmod:monthlycard"}],"items_purged_floors":[7],"is_endless":false,"potions_floor_spawned":[1,10,11,12,13,14,16,18,19,21,22,23,27,30,31,33,35,37,38,39,42,44,45,47,54],"ascension_level":1}}