{"host":"2c84cb4cp1emursg","time":1613714114,"event":{"mods":["Act Like it!","BaseMod","Better Third Choice","Bossed Relics","Downfall","Hermit","Mimic Mod","Minty Spire (QoL Compilation)","Permanent Neow","StSLib"],"gold_per_floor":[99,114,114,7,17,27,57,90,90,107,557,572,590,608,627,727,727,527,538,105,105,6,20,20,20,52,52,80,93,3,20,32,134,134,134,151,165,165,87,87,118,135,151,51,105,105,131,131,145,145,145,145],"floor_reached":50,"language":"ENG","playtime":4462,"items_purged":["Pain","downfall:Icky"],"score":566,"play_id":"410d011b-eb0b-4cba-8e11-cfaf1d055bd4","local_time":"20210218225514","is_ascension_mode":false,"campfire_choices":[{"floor":1,"key":"RECALL"},{"data":"sneckomod:WideSting","floor":9,"key":"SMITH"},{"data":"sneckomod:Restock","floor":18,"key":"SMITH"},{"floor":27,"key":"REST"},{"data":"Enlightenment","floor":35,"key":"SMITH"},{"data":"sneckomod:Nope","floor":44,"key":"SMITH"},{"data":"sneckomod:MasterEye","floor":46,"key":"SMITH"}],"circlet_count":0,"master_deck":["sneckomod:Strike","sneckomod:Strike","sneckomod:Strike","sneckomod:Defend","sneckomod:Defend+1","sneckomod:Defend","sneckomod:TailWhip","sneckomod:SnekBite","sneckomod:Unknown","sneckomod:UnknownCommonSkill","expansioncontent:AwakenDeath","sneckomod:WideSting+1","Collect+1","sneckomod:Nope+1","sneckomod:Restock+1","downfall:Icky","downfall:Icky","sneckomod:UnknownUncommonPower+1","sneckomod:UnknownBlock","sneckomod:SlitherStrike","sneckomod:DiceBoulder","sneckomod:SerpentMind+1","sneckomod:UnknownCommonSkill+1","expansioncontent:DashGenerateEvil","Enlightenment+1","sneckomod:SlitherStrike+1","expansioncontent:HyperBeam","sneckomod:UnknownClassPURPLE+1","sneckomod:IronFang+1","Scrawl","sneckomod:ImprovisedGuard+1","sneckomod:IronFang+1","sneckomod:UnknownBoss","expansioncontent:DashGenerateEvil","expansioncontent:AwakenDeath+1"],"relics":["Tiny House","WarpedTongs","Blood Vial","Frozen Egg 2","Astrolabe","downfall:HeartBlessingGreen","downfall:HeartBlessingRed","Bottled Tornado","downfall:RedIOU","Darkstone Periapt","TungstenRod","Busted Crown","DollysMirror","downfall:HeartBlessingBlue","StoneCalendar","White Beast Statue"],"acts_visited":["Exordium","TheCity","TheBeyond"],"potions_floor_usage":[7,14,16,16,33,33,33,49,50,50,50],"damage_taken":[{"damage":4,"enemies":"Small Slimes","floor":2,"turns":3},{"damage":10,"enemies":"downfall:FleeingMerchant","floor":4,"turns":4},{"damage":6,"enemies":"Cultist","floor":5,"turns":4},{"damage":6,"enemies":"Jaw Worm","floor":6,"turns":4},{"damage":7,"enemies":"2 Fungi Beasts","floor":7,"turns":5},{"damage":15,"enemies":"Lagavulin","floor":8,"turns":10},{"damage":2,"enemies":"2 Fungi Beasts","floor":10,"turns":3},{"damage":21,"enemies":"Exordium Thugs","floor":12,"turns":4},{"damage":16,"enemies":"3 Louse","floor":13,"turns":2},{"damage":9,"enemies":"2 Fungi Beasts","floor":14,"turns":3},{"damage":12,"enemies":"Large Slime","floor":15,"turns":6},{"damage":17,"enemies":"WA_ARCHETYPE_RETAIN","floor":16,"turns":8},{"damage":11,"enemies":"Chosen","floor":19,"turns":4},{"damage":13,"enemies":"downfall:FleeingMerchant","floor":20,"turns":4},{"damage":24,"enemies":"downfall:FleeingMerchant","floor":22,"turns":4},{"damage":11,"enemies":"3 Byrds","floor":23,"turns":4},{"damage":31,"enemies":"Slavers","floor":26,"turns":6},{"damage":11,"enemies":"Book of Stabbing","floor":28,"turns":5},{"damage":19,"enemies":"Cultist and Chosen","floor":29,"turns":6},{"damage":0,"enemies":"downfall:FleeingMerchant","floor":30,"turns":4},{"damage":12,"enemies":"Centurion and Healer","floor":31,"turns":5},{"damage":0,"enemies":"Chosen and Byrds","floor":32,"turns":4},{"damage":59,"enemies":"DF_ARCHETYPE_CLAW","floor":33,"turns":12},{"damage":15,"enemies":"3 Shapes","floor":36,"turns":5},{"damage":0,"enemies":"3 Darklings","floor":37,"turns":3},{"damage":0,"enemies":"downfall:FleeingMerchant","floor":39,"turns":1},{"damage":3,"enemies":"Transient","floor":41,"turns":9},{"damage":16,"enemies":"Transient","floor":42,"turns":5},{"damage":19,"enemies":"Spire Growth","floor":43,"turns":5},{"damage":21,"enemies":"2 Orb Walkers","floor":45,"turns":4},{"damage":39,"enemies":"Giant Head","floor":47,"turns":7},{"damage":25,"enemies":"Sphere and 2 Shapes","floor":49,"turns":4},{"damage":47,"enemies":"SI_POISON_ARCHETYPE","floor":50,"turns":5}],"seed_played":"-1341577090336176711","potions_obtained":[{"floor":2,"key":"bronze:BurnAndBuffPotion"},{"floor":5,"key":"LiquidMemories"},{"floor":6,"key":"Guardian:BlockOnCardUsePotion"},{"floor":10,"key":"FairyPotion"},{"floor":15,"key":"EssenceOfSteel"},{"floor":23,"key":"Ancient Potion"},{"floor":28,"key":"bronze:BurnAndBuffPotion"},{"floor":31,"key":"Dexterity Potion"},{"floor":33,"key":"Swift Potion"},{"floor":38,"key":"DuplicationPotion"},{"floor":38,"key":"Guardian:BlockOnCardUsePotion"},{"floor":43,"key":"Dexterity Potion"},{"floor":49,"key":"SkillPotion"}],"is_trial":false,"path_per_floor":["R","M","?","$","M","M","MIM","E","R","M","?","M","M","M","M","B",null,"R","M","$","?","$","M","T","?","E","R","E","M","$","M","M","B",null,"R","M","M","?","$","$","MIM","M","M","R","?","R","E","?","M","B"],"character_chosen":"THE_SNECKO","items_purchased":["expansioncontent:AwakenDeath","expansioncontent:DashGenerateEvil","War Paint","Enlightenment","expansioncontent:HyperBeam","expansioncontent:DashGenerateEvil","DollysMirror"],"campfire_rested":1,"item_purchase_floors":[4,20,20,20,22,39,39],"current_hp_per_floor":[90,86,86,76,70,64,57,44,44,44,44,25,11,4,24,9,90,90,79,68,41,19,10,10,10,8,35,26,9,11,1,3,4,90,90,75,77,77,79,79,78,64,47,57,38,38,1,1,2,0,0,0],"gold":145,"neow_bonus":"BOSS_RELIC","is_daily":false,"chose_seed":false,"campfire_upgraded":5,"win_rate":0.0,"timestamp":1613714114,"path_taken":["R","M","?","$","M","?","MIM","E","R","M","?","M","M","M","M","BOSS","R","M","$","?","?","M","T","?","E","R","E","M","$","M","M","BOSS","R","M","M","?","?","$","MIM","M","M","R","?","R","E","?","M","BOSS"],"items_purchased_type":["Card","Card","Relic","Card","Card","Card","Relic"],"build_version":"2020-12-22","purchased_purges":2,"victory":false,"max_hp_per_floor":[90,90,90,90,90,90,90,90,90,90,90,90,90,90,90,90,90,90,90,90,90,90,90,90,90,90,90,90,90,90,90,90,90,90,90,90,90,90,90,90,90,90,90,100,100,100,100,100,100,100,100,100],"card_choices":[{"not_picked":["sneckomod:UnknownUncommonAttack","sneckomod:UnknownCommonAttack"],"picked":"sneckomod:MasterEye","floor":2},{"not_picked":["sneckomod:DiceBlock","sneckomod:QuickMove"],"picked":"sneckomod:UnknownCommonSkill","floor":4},{"not_picked":["sneckomod:UnknownVulnerable","sneckomod:Unknown1Cost"],"picked":"sneckomod:WideSting","floor":5},{"not_picked":["sneckomod:UnknownBlock","sneckomod:SoulRoll"],"picked":"sneckomod:Unknown1Cost","floor":6},{"not_picked":["sneckomod:ImprovisedAttack","sneckomod:Unknown2Cost"],"picked":"sneckomod:Memorize","floor":7},{"not_picked":["sneckomod:SoulDraw","sneckomod:WideSting"],"picked":"sneckomod:Nope","floor":8},{"not_picked":["sneckomod:DiceBlock","sneckomod:UnknownUncommonSkill"],"picked":"sneckomod:Restock","floor":10},{"not_picked":["sneckomod:SoulDraw","sneckomod:UnknownWeak"],"picked":"sneckomod:UnknownUncommonPower+1","floor":12},{"not_picked":["sneckomod:UnknownCommonAttack","sneckomod:DiceCrush"],"picked":"sneckomod:UnknownBlock","floor":13},{"not_picked":["sneckomod:Rotation","sneckomod:WideSting"],"picked":"sneckomod:SlitherStrike","floor":14},{"not_picked":["sneckomod:RainOfDice","sneckomod:DiceBlock"],"picked":"sneckomod:DiceBoulder","floor":15},{"not_picked":["sneckomod:UnlimitedRolls+1","sneckomod:UnknownRareSkill"],"picked":"sneckomod:SerpentMind+1","floor":16},{"not_picked":["sneckomod:IronFang","sneckomod:DiceCrush","sneckomod:ImprovisedAttack+1"],"picked":"SKIP","floor":19},{"not_picked":["sneckomod:QuickBite","sneckomod:RainOfDice"],"picked":"sneckomod:UnknownCommonSkill+1","floor":20},{"not_picked":["sneckomod:DiceBlock+1","sneckomod:Memorize"],"picked":"sneckomod:SlitherStrike+1","floor":22},{"not_picked":["sneckomod:DiceBlock+1","sneckomod:UnknownBlock"],"picked":"sneckomod:UnknownClassPURPLE+1","floor":23},{"not_picked":["sneckomod:ImprovisedAttack+1","sneckomod:WideSting","sneckomod:Cheat"],"picked":"SKIP","floor":26},{"not_picked":["sneckomod:RainOfDice","sneckomod:TrashToTreasure"],"picked":"sneckomod:IronFang+1","floor":28},{"not_picked":["sneckomod:DiceBlock","sneckomod:UnknownClassPURPLE"],"picked":"sneckomod:Memorize+1","floor":29},{"not_picked":["sneckomod:PureSnecko","sneckomod:ImprovisedAttack"],"picked":"sneckomod:ImprovisedGuard+1","floor":30},{"not_picked":["sneckomod:UnknownClassGREEN","sneckomod:QuickBite"],"picked":"sneckomod:IronFang+1","floor":31},{"not_picked":["sneckomod:UnknownUncommonSkill","sneckomod:UnknownClassGREEN","sneckomod:SoulDraw+1"],"picked":"SKIP","floor":32},{"not_picked":["sneckomod:MorePower+1","sneckomod:SoulExchange"],"picked":"sneckomod:UnknownBoss","floor":33},{"not_picked":["sneckomod:UnknownCommonSkill"],"picked":"SKIP","floor":36},{"not_picked":["sneckomod:Unknown0Cost"],"picked":"SKIP","floor":37},{"not_picked":["sneckomod:UnknownVulnerable"],"picked":"SKIP","floor":39},{"not_picked":["sneckomod:UnknownClassPURPLE"],"picked":"SKIP","floor":42},{"not_picked":["sneckomod:UnknownUncommonAttack+1"],"picked":"SKIP","floor":43},{"not_picked":["sneckomod:RainOfDice+1"],"picked":"SKIP","floor":47},{"not_picked":["sneckomod:IronFang"],"picked":"SKIP","floor":49}],"player_experience":665833,"relics_obtained":[{"floor":7,"key":"Blood Vial"},{"floor":8,"key":"Frozen Egg 2"},{"floor":24,"key":"Bottled Tornado"},{"floor":26,"key":"Darkstone Periapt"},{"floor":28,"key":"TungstenRod"},{"floor":45,"key":"StoneCalendar"},{"floor":47,"key":"White Beast Statue"}],"event_choices":[{"damage_healed":0,"gold_gain":0,"player_choice":"Rummage","damage_taken":0,"relics_obtained":["WarpedTongs"],"max_hp_gain":0,"max_hp_loss":0,"event_name":"Accursed Blacksmith","floor":3,"gold_loss":0,"cards_obtained":["Pain"]},{"damage_healed":0,"gold_gain":0,"player_choice":"Got Potions","damage_taken":0,"max_hp_gain":0,"max_hp_loss":0,"event_name":"Lab","floor":38,"gold_loss":0},{"damage_healed":0,"gold_gain":0,"player_choice":"Fight","damage_taken":0,"max_hp_gain":0,"max_hp_loss":0,"event_name":"Mysterious Sphere","floor":45,"gold_loss":0},{"cards_removed":["sneckomod:MasterEye"],"damage_healed":0,"gold_gain":0,"player_choice":"Removed Power","damage_taken":0,"max_hp_gain":0,"max_hp_loss":0,"event_name":"Falling","floor":48,"gold_loss":0}],"is_beta":false,"boss_relics":[{"not_picked":["bronze:MakeshiftBattery","Black Star"],"picked":"Astrolabe"},{"not_picked":["Pandora\u0027s Box","Velvet Choker"],"picked":"Busted Crown"}],"items_purged_floors":[30,39],"is_endless":false,"potions_floor_spawned":[2,5,6,10,13,15,23,28,31,32,33,43,45,49],"killed_by":"SI_POISON_ARCHETYPE","ascension_level":0}}