{"host":"js2su9tbbk4rmjfl","time":1613696047,"event":{"mods":["AchievementEnabler","BaseMod","Block Reminder","Colored Map","Colored Powertips","Highlight Path","Minty Spire (QoL Compilation)","Relic Stats"],"gold_per_floor":[117,134,154,167,167,167,200,210,256,256,268,268,268],"floor_reached":12,"language":"ENG","playtime":887,"items_purged":[],"score":156,"play_id":"545edfb2-8e8c-4301-9ca1-a8f96a175bec","local_time":"20210219015407","is_ascension_mode":true,"campfire_choices":[{"floor":6,"key":"REST"},{"floor":10,"key":"REST"}],"circlet_count":0,"master_deck":["AscendersBane","Strike_R","Strike_R","Strike_R","Strike_R","Strike_R","Defend_R","Defend_R","Defend_R","Defend_R","Bash","Havoc","Pommel Strike","Iron Wave","Carnage","Spot Weakness","Demon Form","Power Through"],"relics":["Runic Cube","Blue Candle","Pen Nib"],"acts_visited":["Exordium"],"potions_floor_usage":[8,11,12],"damage_taken":[{"damage":7,"enemies":"Jaw Worm","floor":1,"turns":4},{"damage":1,"enemies":"Small Slimes","floor":2,"turns":3},{"damage":1,"enemies":"Cultist","floor":3,"turns":3},{"damage":14,"enemies":"Blue Slaver","floor":4,"turns":6},{"damage":30,"enemies":"3 Sentries","floor":7,"turns":8},{"damage":20,"enemies":"Lots of Slimes","floor":8,"turns":5},{"damage":6,"enemies":"Looter","floor":11,"turns":4},{"damage":47,"enemies":"Lagavulin","floor":12,"turns":8}],"seed_played":"8451434279669239985","potions_obtained":[{"floor":3,"key":"FearPotion"},{"floor":7,"key":"SkillPotion"},{"floor":8,"key":"Fruit Juice"}],"is_trial":false,"path_per_floor":["M","M","M","M","?","R","E","M","T","R","M","E"],"character_chosen":"IRONCLAD","items_purchased":[],"campfire_rested":2,"item_purchase_floors":[],"current_hp_per_floor":[61,60,59,45,45,67,37,17,17,39,38,0,0],"gold":268,"neow_bonus":"BOSS_RELIC","is_daily":false,"chose_seed":false,"campfire_upgraded":0,"win_rate":0.0,"timestamp":1613696047,"path_taken":["M","M","M","M","?","R","E","M","T","R","M","E"],"items_purchased_type":[],"build_version":"2020-12-22","purchased_purges":0,"victory":false,"max_hp_per_floor":[75,75,75,75,75,75,75,75,75,75,80,80,80],"relic_stats":{"counters":[8,41],"Blue Candle":[0],"Pen Nib":[1],"obtain_stats":[{"Blue Candle":7,"Pen Nib":9,"Burning Blood":0,"Runic Cube":0},{"Blue Candle":5,"Pen Nib":6,"Burning Blood":0,"Runic Cube":0},{"Blue Candle":24,"Pen Nib":29,"Burning Blood":0,"Runic Cube":0}],"Runic Cube":[22]},"card_choices":[{"not_picked":["Shrug It Off","Cleave"],"picked":"Havoc","floor":1},{"not_picked":["Cleave","Sword Boomerang"],"picked":"Pommel Strike","floor":2},{"not_picked":["Thunderclap","Disarm"],"picked":"Iron Wave","floor":3},{"not_picked":["Flex","Pommel Strike"],"picked":"Carnage","floor":4},{"not_picked":["Disarm","Anger"],"picked":"Spot Weakness","floor":7},{"not_picked":["Wild Strike","Sentinel"],"picked":"Demon Form","floor":8},{"not_picked":["Anger","Entrench"],"picked":"Power Through","floor":11}],"player_experience":856675,"relics_obtained":[{"floor":7,"key":"Blue Candle"},{"floor":9,"key":"Pen Nib"}],"event_choices":[{"damage_healed":0,"gold_gain":0,"player_choice":"Ignored","damage_taken":0,"max_hp_gain":0,"max_hp_loss":0,"event_name":"Golden Idol","floor":5,"gold_loss":0}],"is_beta":false,"boss_relics":[],"items_purged_floors":[],"is_endless":false,"potions_floor_spawned":[3,7,8],"killed_by":"Lagavulin","ascension_level":18}}