{"host":"l46m38yewlsb1e16","time":1613708769,"event":{"mods":["BaseMod","Infinite Spire","Minty Spire (QoL Compilation)","Replay The Spire","Shop Mod","StSLib","The Jungle"],"gold_per_floor":[110,124,124,50,69,69,69,94,120,120,140,140,152,178,178,280,280,299,70,85,85,85,120,133,164,191,216,216,226,226,251,251,354,354,373,373,390,404,404,439,117,152,152,167,267,33,67,81,81,81,81,81,34,63,63],"floor_reached":56,"language":"ENG","playtime":6568,"items_purged":["Decay","Strike_G","Strike_G"],"score":2080,"play_id":"4758f8f3-5ef4-4936-bd09-4c0047690d3a","local_time":"20210219042609","is_ascension_mode":true,"campfire_choices":[{"data":"Neutralize","floor":6,"key":"SMITH"},{"floor":12,"key":"REST"},{"data":"Pot Of Greed","floor":15,"key":"SMITH"},{"data":"infinitespire:Collect","floor":28,"key":"SMITH"},{"data":"Calculated Gamble","floor":30,"key":"SMITH"},{"data":"Acrobatics","floor":32,"key":"SMITH"},{"floor":49,"key":"RECALL"},{"data":"Pot Of Greed","floor":52,"key":"SMITH"}],"circlet_count":0,"master_deck":["Strike_G","Strike_G","Defend_G","Defend_G","Defend_G","Defend_G","Defend_G","Survivor","Neutralize+1","Calculated Gamble+1","Flying Knee+1","Replay:Poison Smokescreen","Pot Of Greed+1","Pot Of Greed","Hidden Blade","Flechettes+1","ReplayTheSpireMod:The Works","Deflect","Concentrate","Storm of Steel","Acrobatics","Noxious Fumes","Catalyst","Catalyst","Pot Of Greed+1","Acrobatics+1","infinitespire:Collect+1","Ghostly","Ghostly","Ghostly","Ghostly","Ghostly","Fluid Movement","Deflect+1","Footwork+1","Backflip","Hidden Blade","Pot Of Greed","Skewer+1","Corpse Explosion","Outmaneuver+1","Replay:Fractal Strike","CutThroughFate","Turbo+1","ReplayTheSpireMod:Scrap Shanks+1","Master of Strategy","Dodge and Roll+1","Prepared+1","ReplayTheSpireMod:Black Plague","Flying Knee+1","ReplayTheSpireMod:Speed Training","ReplayTheSpireMod:Speed Training+1","Seeing Red","Acrobatics","Hidden Blade+1"],"relics":["Iron Core","TwistedFunnel","Orichalcum","Replay:Grab Bag","BargainBundle","Snack Pack","NeowsBlessing","PureWater","Honey Jar","Replay:M_StaffOfTheSnake","Bottled Tornado","Darkstone Periapt","Coffee Dripper","ReplayTheSpireMod:Lightbulb","Replay:M_SmolderingBlood","Philosopher\u0027s Stone","ReplayFunnel","Nunchaku","infinitespire:Chaos","Centennial Puzzle","OrangePellets","Gambling Chip","Onion Ring","Basket Of Snakes","Bag of Preparation","infinitespire:EmpoweringShard","infinitespire:Golems Mask"],"acts_visited":["Exordium","TheCity","TheBeyond","TheEnding"],"potions_floor_usage":[8,16,18,31],"damage_taken":[{"damage":0,"enemies":"Cultist","floor":1,"turns":1},{"damage":0,"enemies":"2 Louse","floor":2,"turns":1},{"damage":0,"enemies":"Small Slimes","floor":5,"turns":1},{"damage":40,"enemies":"3 Sentries","floor":8,"turns":10},{"damage":0,"enemies":"2 Fungi Beasts","floor":11,"turns":2},{"damage":0,"enemies":"Looter","floor":13,"turns":1},{"damage":7,"enemies":"Gremlin Nob","floor":14,"turns":3},{"damage":6,"enemies":"Hexaghost","floor":16,"turns":10},{"damage":3,"enemies":"Chosen","floor":18,"turns":4},{"damage":19,"enemies":"Spheric Guardian","floor":20,"turns":4},{"damage":0,"enemies":"Gremlin Leader","floor":23,"turns":4},{"damage":0,"enemies":"Centurion and Healer","floor":24,"turns":4},{"damage":0,"enemies":"Book of Stabbing","floor":25,"turns":4},{"damage":1,"enemies":"Gremlin Leader","floor":27,"turns":5},{"damage":0,"enemies":"Sentry and Sphere","floor":29,"turns":3},{"damage":0,"enemies":"Nightmare","floor":31,"turns":6},{"damage":0,"enemies":"Collector","floor":33,"turns":5},{"damage":0,"enemies":"3 Darklings","floor":35,"turns":2},{"damage":0,"enemies":"3 Shapes","floor":37,"turns":1},{"damage":0,"enemies":"Maw","floor":38,"turns":1},{"damage":0,"enemies":"Reptomancer","floor":40,"turns":1},{"damage":0,"enemies":"Nemesis","floor":42,"turns":3},{"damage":0,"enemies":"4 Shapes","floor":44,"turns":1},{"damage":0,"enemies":"infinitespire:Three Voidlings","floor":45,"turns":2},{"damage":2,"enemies":"Nightmare_Alpha","floor":45,"turns":5},{"damage":0,"enemies":"Giant Head","floor":47,"turns":2},{"damage":0,"enemies":"Spire Growth","floor":48,"turns":2},{"damage":4,"enemies":"infinitespire:MassOfShapes","floor":50,"turns":3},{"damage":0,"enemies":"Shield and Spear","floor":54,"turns":1},{"damage":4,"enemies":"The Heart","floor":55,"turns":3}],"seed_played":"5827869272581377878","potions_obtained":[{"floor":2,"key":"PowerPotion"},{"floor":5,"key":"FearPotion"},{"floor":14,"key":"LiquidBronze"},{"floor":23,"key":"Block Potion"},{"floor":24,"key":"Energy Potion"},{"floor":27,"key":"Doom Potion"},{"floor":31,"key":"PowerPotion"},{"floor":35,"key":"Swift Potion"},{"floor":38,"key":"LifebloodPotion"},{"floor":42,"key":"Dexterity Potion"},{"floor":47,"key":"BlessingOfTheForge"},{"floor":48,"key":"Toxic Potion"},{"floor":54,"key":"FearPotion"}],"is_trial":false,"path_per_floor":["M","M","?","$","M","R","?","E","T","?","M","R","M","E","R","B",null,"M","$","M","AVR","?","E","M","E","T","E","R","M","R","NM","R","B",null,"M","AVR","M","M","?","E","$","E","T","M","?","$","E","M","R","B",null,"R","$","E","B",null],"character_chosen":"THE_SILENT","items_purchased":["ReplayTheSpireMod:CursedCoin","Grinning Jar","Noxious Fumes","Catalyst","Master of Strategy","OrangePellets","Bag of Preparation","ReplayTheSpireMod:Speed Training","Acrobatics"],"campfire_rested":1,"item_purchase_floors":[4,4,19,19,41,41,46,46,53],"current_hp_per_floor":[63,63,63,63,63,63,63,23,23,11,11,47,47,40,40,34,61,58,58,39,39,35,35,35,35,42,41,41,41,41,42,42,42,42,42,42,42,42,42,42,42,42,42,42,42,42,42,42,42,42,42,42,42,42,42],"gold":63,"neow_bonus":"THREE_ENEMY_KILL","is_daily":false,"chose_seed":false,"campfire_upgraded":6,"win_rate":0.0,"timestamp":1613708769,"path_taken":["M","?","?","?","?","R","?","E","T","?","M","R","M","E","R","BOSS","M","$","M","AVR","?","E","M","E","T","E","R","M","R","NM","R","BOSS","M","AVR","M","M","?","E","?","E","T","?","?","$","E","M","R","BOSS","R","$","E","BOSS"],"items_purchased_type":["Relic","Relic","Card","Card","Card","Relic","Relic","Card","Card"],"build_version":"2020-12-22","purchased_purges":3,"victory":true,"max_hp_per_floor":[70,70,70,70,70,70,70,70,70,70,70,70,70,70,70,70,70,70,70,70,70,35,35,35,35,42,42,42,42,42,42,42,42,42,42,42,42,42,42,42,42,42,42,42,42,42,42,42,42,42,42,42,42,42,42],"card_choices":[{"not_picked":["Caltrops","Quick Slash"],"picked":"Calculated Gamble","floor":1},{"not_picked":["Deflect","Slice"],"picked":"Flying Knee","floor":2},{"not_picked":["PiercingWail","Outmaneuver"],"picked":"Hidden Blade","floor":5},{"not_picked":["Calculated Gamble","Leg Sweep"],"picked":"Flechettes","floor":8},{"not_picked":["Blade Dance","Noxious Fumes"],"picked":"ReplayTheSpireMod:The Works","floor":11},{"not_picked":["Outmaneuver","Slice"],"picked":"Deflect","floor":13},{"not_picked":["Deadly Poison","Blade Dance"],"picked":"Concentrate","floor":14},{"not_picked":["Replay:Bag of Tricks","ReplayTheSpireMod:Necrosis"],"picked":"Storm of Steel","floor":16},{"not_picked":["PiercingWail","Cloak And Dagger"],"picked":"Acrobatics","floor":18},{"not_picked":["Endless Agony+1","Dagger Spray"],"picked":"Acrobatics","floor":20},{"not_picked":["All Out Attack+1","Cloak And Dagger","Sucker Punch"],"picked":"Fluid Movement","floor":23},{"not_picked":["Heel Hook","Caltrops+1","Replay:Poison Smokescreen"],"picked":"Deflect+1","floor":24},{"not_picked":["Predator","Poisoned Stab+1","Bane"],"picked":"Footwork+1","floor":25},{"not_picked":["Die Die Die","Toxin Wave+1","Concentrate"],"picked":"Backflip","floor":27},{"not_picked":["Deflect","Flechettes","Flying Knee"],"picked":"Hidden Blade","floor":29},{"not_picked":["Deadly Poison+1","Distraction+1","Cloak And Dagger"],"picked":"Skewer+1","floor":31},{"not_picked":["Die Die Die","Replay:Bag of Tricks","Bullet Time"],"picked":"Corpse Explosion","floor":33},{"not_picked":["Skewer+1","PiercingWail","Dagger Spray"],"picked":"Outmaneuver+1","floor":35},{"not_picked":["Replay:Poison Smokescreen+1","Blade Dance","Gash"],"picked":"CutThroughFate","floor":37},{"not_picked":["Crippling Poison","Rebound","Prepared"],"picked":"Turbo+1","floor":38},{"not_picked":["Ragnarok","Nirvana+1","CutThroughFate+1"],"picked":"ReplayTheSpireMod:Scrap Shanks+1","floor":40},{"not_picked":["Cloak And Dagger+1","Riddle With Holes","Weave"],"picked":"Dodge and Roll+1","floor":42},{"not_picked":["Dagger Spray","FlyingSleeves","ReplayTheSpireMod:Exploit Weakness"],"picked":"Prepared+1","floor":44},{"not_picked":["ReplayTheSpireMod:??????????????????????","infinitespire:Execution"],"picked":"ReplayTheSpireMod:Black Plague","floor":45},{"not_picked":["Deadly Poison","Cold Snap+1","ReplayTheSpireMod:Tripwire"],"picked":"Flying Knee+1","floor":45},{"not_picked":["Endless Agony","Whirlwind","Bouncing Flask+1"],"picked":"ReplayTheSpireMod:Speed Training+1","floor":47},{"not_picked":["ReplayTheSpireMod:Tripwire","Wraith Form v2","Leg Sweep"],"picked":"Seeing Red","floor":48},{"not_picked":["Distraction","Riddle With Holes+1","Outmaneuver+1"],"picked":"Hidden Blade+1","floor":54}],"player_experience":381571,"relics_obtained":[{"floor":8,"key":"Boot"},{"floor":9,"key":"Whetstone"},{"floor":14,"key":"Matryoshka"},{"floor":23,"key":"Toy Ornithopter"},{"floor":25,"key":"infinitespire:Beetle Shell"},{"floor":26,"key":"Strawberry"},{"floor":27,"key":"infinitespire:ShieldingShard"},{"floor":31,"key":"Anchor"},{"floor":40,"key":"Centennial Puzzle"},{"floor":42,"key":"Gambling Chip"},{"floor":43,"key":"Onion Ring"},{"floor":45,"key":"Basket Of Snakes"},{"floor":47,"key":"infinitespire:EmpoweringShard"},{"floor":54,"key":"infinitespire:Golems Mask"}],"event_choices":[{"damage_healed":0,"gold_gain":0,"cards_transformed":["Strike_G"],"player_choice":"Transformed","damage_taken":0,"max_hp_gain":0,"max_hp_loss":0,"event_name":"Transmorgrifier","floor":3,"gold_loss":0,"cards_obtained":["Replay:Poison Smokescreen"]},{"damage_healed":0,"gold_gain":0,"player_choice":"Ignored","damage_taken":0,"max_hp_gain":0,"max_hp_loss":0,"event_name":"Liars Game","floor":7,"gold_loss":0},{"damage_healed":0,"gold_gain":0,"player_choice":"Success","damage_taken":12,"relics_obtained":["Regal Pillow"],"max_hp_gain":0,"max_hp_loss":0,"event_name":"Scrap Ooze","floor":10,"gold_loss":0},{"damage_healed":0,"gold_gain":0,"player_choice":"Became a Ghost","damage_taken":0,"max_hp_gain":0,"max_hp_loss":35,"event_name":"Ghosts","floor":22,"gold_loss":0,"cards_obtained":["Ghostly","Ghostly","Ghostly","Ghostly","Ghostly"]},{"damage_healed":0,"gold_gain":0,"player_choice":"Ignored","damage_taken":0,"max_hp_gain":0,"max_hp_loss":0,"event_name":"SecretPortal","floor":39,"gold_loss":0}],"is_beta":false,"boss_relics":[{"not_picked":["Ectoplasm","Velvet Choker"],"picked":"Philosopher\u0027s Stone"},{"not_picked":["Replay:Ancient Bell","Tiny House"],"picked":"Replay:Bronze Core"}],"items_purged_floors":[4,19,36],"is_endless":false,"potions_floor_spawned":[2,5,14,23,24,27,31,35,38,42,47,48,54],"ascension_level":6}}