{"host":"dl909bjyolgrn2uw","time":1613698113,"event":{"mods":["2.2 Compatiblity","BaseMod","Bestiary","Better Altar","Better Note","Better Sensory Stone","Better Skull","Better Vampires","Better-Laid Plans","Colored Powertips","Curses Come First","Disable Question Mark Monsters","Displayed Cursed Tome","Emptier Cage","Minty Spire (QoL Compilation)","Morshu Shopkeeper","Permanent Neow","Rare Cards Sparkle","Relic Stats","Shop Mod","Spicy Shops","StSLib","SuperFastMode","Transform Curses"],"gold_per_floor":[115,85,85,105,105,140,140,165,189,189,221,221,236,252,252,329,329,307,323,335,40,50,77,77,77],"floor_reached":24,"language":"ENG","playtime":1621,"items_purged":["Strike_R"],"score":521,"play_id":"3c035139-2e90-4051-92b5-3c0771f95fe7","local_time":"20210218192833","is_ascension_mode":true,"campfire_choices":[{"data":"Uppercut","floor":7,"key":"SMITH"},{"data":"Bash","floor":10,"key":"SMITH"},{"data":"Feed","floor":12,"key":"SMITH"},{"floor":15,"key":"REST"}],"circlet_count":0,"master_deck":["AscendersBane","Strike_R","Strike_R","Strike_R","Strike_R","Defend_R","Defend_R","Defend_R","Defend_R","Bash+1","Uppercut+1","Evolve","Discovery","Feed+1","Disarm","Rampage","True Grit","Power Through","Barricade","Cleave","Iron Wave","Feel No Pain","Shrug It Off","Brutality"],"relics":["Black Blood","NeowsBlessing","Omamori","Unceasing Top","Bag of Preparation","Dream Catcher","ClockworkSouvenir","Mummified Hand"],"acts_visited":["Exordium","TheCity"],"potions_floor_usage":[2,11,18,20,21,22,23,23],"damage_taken":[{"damage":0,"enemies":"Small Slimes","floor":1,"turns":1},{"damage":0,"enemies":"Cultist","floor":4,"turns":1},{"damage":0,"enemies":"Lagavulin","floor":6,"turns":1},{"damage":30,"enemies":"3 Sentries","floor":8,"turns":11},{"damage":22,"enemies":"Gremlin Nob","floor":11,"turns":4},{"damage":0,"enemies":"2 Louse","floor":13,"turns":2},{"damage":40,"enemies":"Large Slime","floor":14,"turns":6},{"damage":36,"enemies":"Hexaghost","floor":16,"turns":15},{"damage":20,"enemies":"2 Thieves","floor":18,"turns":4},{"damage":30,"enemies":"Shell Parasite","floor":19,"turns":10},{"damage":34,"enemies":"Shelled Parasite and Fungi","floor":20,"turns":6},{"damage":28,"enemies":"Snake Plant","floor":22,"turns":6},{"damage":32,"enemies":"Gremlin Leader","floor":23,"turns":7}],"seed_played":"-5196931911370624100","potions_obtained":[{"floor":1,"key":"FearPotion"},{"floor":2,"key":"Fruit Juice"},{"floor":2,"key":"FearPotion"},{"floor":8,"key":"PowerPotion"},{"floor":13,"key":"FearPotion"},{"floor":19,"key":"BloodPotion"},{"floor":20,"key":"ColorlessPotion"},{"floor":22,"key":"Fire Potion"}],"is_trial":false,"path_per_floor":["M","?","?","M","?","E","R","E","T","R","E","R","M","M","R","B",null,"M","M","M","$","M","E","?"],"character_chosen":"IRONCLAD","items_purchased":["ClockworkSouvenir","AttackPotion"],"campfire_rested":1,"item_purchase_floors":[21,21],"current_hp_per_floor":[74,79,79,80,80,80,80,59,59,59,43,43,53,19,45,15,69,65,51,33,52,40,20,0,0],"gold":77,"neow_bonus":"THREE_ENEMY_KILL","is_daily":false,"chose_seed":false,"campfire_upgraded":3,"win_rate":0.0,"timestamp":1613698113,"path_taken":["M","?","?","M","?","E","R","E","T","R","E","R","M","M","R","BOSS","M","M","M","$","M","E","?"],"items_purchased_type":["Relic","Potion"],"build_version":"2020-12-22","purchased_purges":1,"victory":false,"max_hp_per_floor":[75,80,80,80,80,80,80,83,83,83,83,83,87,87,87,87,87,91,95,99,99,103,103,103,103],"relic_stats":{"Dream Catcher":1,"counters":[13,74],"Mummified Hand":[0],"Black Blood":97,"Bag of Preparation":[18],"obtain_stats":[{"Dream Catcher":11,"NeowsBlessing":0,"Mummified Hand":23,"Black Blood":17,"Omamori":6,"Bag of Preparation":9,"Burning Blood":0,"Unceasing Top":8,"ClockworkSouvenir":21},{"Dream Catcher":5,"NeowsBlessing":0,"Mummified Hand":13,"Black Blood":8,"Omamori":3,"Bag of Preparation":4,"Burning Blood":0,"Unceasing Top":4,"ClockworkSouvenir":11},{"Dream Catcher":18,"NeowsBlessing":0,"Mummified Hand":74,"Black Blood":41,"Omamori":3,"Bag of Preparation":14,"Burning Blood":0,"Unceasing Top":14,"ClockworkSouvenir":61}],"Unceasing Top":[3]},"card_choices":[{"not_picked":["Carnage","Body Slam"],"picked":"Uppercut","floor":1},{"not_picked":["Sever Soul","Rupture"],"picked":"Evolve","floor":4},{"not_picked":["Panache","Trip"],"picked":"Discovery","floor":5},{"not_picked":["Rampage","Corruption"],"picked":"Feed","floor":6},{"not_picked":["Havoc","Infernal Blade"],"picked":"Disarm","floor":8},{"not_picked":["Twin Strike","Armaments"],"picked":"Rampage","floor":11},{"not_picked":["Entrench","Havoc","Warcry"],"picked":"SKIP","floor":13},{"not_picked":["Havoc","Rampage"],"picked":"True Grit","floor":14},{"not_picked":["Burning Pact","Body Slam"],"picked":"Power Through","floor":15},{"not_picked":["Bludgeon","Berserk"],"picked":"Barricade","floor":16},{"not_picked":["Infernal Blade","Entrench"],"picked":"Cleave","floor":18},{"not_picked":["Armaments","Sword Boomerang"],"picked":"Iron Wave","floor":19},{"not_picked":["Cleave","Heavy Blade"],"picked":"Feel No Pain","floor":20},{"not_picked":["Dark Embrace","Shockwave"],"picked":"Shrug It Off","floor":22},{"not_picked":["Wild Strike","Heavy Blade"],"picked":"Brutality","floor":23}],"player_experience":467911,"relics_obtained":[{"floor":6,"key":"Omamori"},{"floor":8,"key":"Unceasing Top"},{"floor":9,"key":"Bag of Preparation"},{"floor":11,"key":"Dream Catcher"},{"floor":23,"key":"Mummified Hand"}],"event_choices":[{"damage_healed":0,"gold_gain":0,"player_choice":"Bought 2 Potions","damage_taken":0,"max_hp_gain":0,"max_hp_loss":0,"event_name":"The Woman in Blue","floor":2,"gold_loss":0},{"damage_healed":0,"gold_gain":0,"player_choice":"Ignored","damage_taken":0,"max_hp_gain":0,"max_hp_loss":0,"event_name":"Liars Game","floor":3,"gold_loss":0},{"damage_healed":0,"gold_gain":1,"player_choice":"1","damage_taken":0,"max_hp_gain":0,"max_hp_loss":0,"event_name":"betterStone:BetterStone","floor":5,"gold_loss":0}],"is_beta":false,"boss_relics":[{"not_picked":["Tiny House","Runic Pyramid"],"picked":"Black Blood"}],"items_purged_floors":[21],"is_endless":false,"potions_floor_spawned":[1,8,13,14,16,19,20,22],"ascension_level":18}}