{"host":"3y33rrrkia6pkpow","time":1613754393,"event":{"mods":["2.2 Compatiblity","AchievementEnabler","Act Like it!","BaseMod","BetterRewards","Block Reminder","Colored Map","Colored Powertips","DeckTracker","Faster Ascension Climbing","Gensokyo","Highlight Path","Infinite Spire","Minty Spire (QoL Compilation)","Quick Restart","Rare Cards Sparkle","Reliquary","Replay The Spire","Shop Mod","Spicy Shops","StSLib","Synergy Search","The Animator","The Blue Laboratory","Unknown Chances"],"gold_per_floor":[118,150,167,167,207,262,302,360,360,407,407,407,68,89,89,187,187,209,13,13,45,76,76,126,197,197,197,217,286,286,317,317,317,317],"floor_reached":33,"language":"ENG","playtime":5668,"items_purged":["Looming Evil"],"score":1064,"play_id":"58f10e29-e45e-4330-9c89-0c36e140d8b9","local_time":"20210219110633","is_ascension_mode":true,"campfire_choices":[{"floor":12.0,"key":"REST"},{"data":"infinitespire:NeuralNetwork","floor":15.0,"key":"SMITH"},{"floor":23.0,"key":"REST"},{"data":"animator:ChlammyZell","floor":27.0,"key":"SMITH"},{"floor":32.0,"key":"REST"}],"circlet_count":0,"master_deck":["AscendersBane","animator:Strike_Konosuba","animator:Defend_Konosuba","animator:Strike","animator:Strike","animator:Strike","animator:Defend","animator:Defend","animator:Defend","animator:Kazuma","animator:Aqua+1","animator:LizardPriest+1","animator:Kazuma+1","animator:TanyaDegurechaff+1","animator:Lelouch+1","animator:TanyaDegurechaff+1","animator:DolaRiku","animator:Chris","animator:Rena","animator:Chris","animator:FeridBathory+1","animator:Fredrika","animator:ElricEdward","animator:Hans+1","infinitespire:NeuralNetwork+1","animator:Wiz+1","animator:ElricEdward","animator:Shiro+1","animator:Kazuma","animator:GuildGirl+1","animator:Tet+1","animator:ChlammyZell+1","animator:Hans+1","Hallucinations","animator:DolaRiku","animator:Sloth","Injury","animator:Hitei","Writhe","Overencumbered","animator:DolaRiku"],"relics":["animator:LivingPicture","animator:TheMissingPiece","animator:PurgingStone","Golden Egg","ReplayTheSpireMod:CursedCoin","ReplayTheSpireMod:ShopPack","Replay:Bottled Flurry","reliquary:QuartzCube","Girya","Lizard Tail","Lee\u0027s Waffle","animator:HolyGrailRelic","Ring of Fury","Ring of Greed","Replay:Wax Seal","infinitespire:Midas Blood","Replay:WaspNest","The Courier","infinitespire:Broken Mirror","Quantum Egg"],"acts_visited":["Exordium","TheCity"],"potions_floor_usage":[],"damage_taken":[{"damage":0.0,"enemies":"Jaw Worm","floor":1.0,"turns":4.0},{"damage":0.0,"enemies":"Cultist","floor":2.0,"turns":3.0},{"damage":0.0,"enemies":"Small Slimes","floor":3.0,"turns":2.0},{"damage":7.0,"enemies":"Exordium Thugs","floor":5.0,"turns":6.0},{"damage":12.0,"enemies":"Replay:BlueRogue","floor":6.0,"turns":10.0},{"damage":3.0,"enemies":"Looter","floor":7.0,"turns":4.0},{"damage":27.0,"enemies":"Lagavulin","floor":8.0,"turns":9.0},{"damage":11.0,"enemies":"Gremlin Nob","floor":10.0,"turns":4.0},{"damage":0.0,"enemies":"Exordium Wildlife","floor":14.0,"turns":3.0},{"damage":0.0,"enemies":"Fading Forest","floor":16.0,"turns":13.0},{"damage":12.0,"enemies":"2 Thieves","floor":18.0,"turns":3.0},{"damage":0.0,"enemies":"Chosen","floor":21.0,"turns":6.0},{"damage":16.0,"enemies":"Centurion and Healer","floor":22.0,"turns":6.0},{"damage":14.0,"enemies":"animator:HornedBat","floor":25.0,"turns":7.0},{"damage":11.0,"enemies":"Snecko","floor":28.0,"turns":5.0},{"damage":34.0,"enemies":"Book of Stabbing","floor":29.0,"turns":6.0},{"damage":19.0,"enemies":"Snake Plant","floor":31.0,"turns":5.0},{"damage":0,"enemies":"Collector","floor":33,"turns":1}],"seed_played":"3288972567086579174","potions_obtained":[{"floor":3.0,"key":"Regen Potion"},{"floor":6.0,"key":"blueLaboratory:BottledHope"},{"floor":10.0,"key":"BlessingOfTheForge"},{"floor":14.0,"key":"Languid Potion"},{"floor":16.0,"key":"Block Potion"},{"floor":21.0,"key":"Adrenaline Potion"},{"floor":25.0,"key":"EssenceOfSteel"}],"is_trial":false,"path_per_floor":["M","M","M","?","M","E","M","E","T","E","?","R","$","M","R","B",null,"M","$","?","M","M","R","?","E","T","R","M","E","T","M","R","B"],"character_chosen":"THE_ANIMATOR","items_purchased":["Golden Egg","animator:LizardPriest","animator:Kazuma","ReplayTheSpireMod:CursedCoin","ReplayTheSpireMod:ShopPack","Lee\u0027s Waffle","animator:Wiz","animator:GuildGirl","animator:Tet"],"campfire_rested":3,"item_purchase_floors":[0,0,0,0,0,13,13,19,19],"current_hp_per_floor":[56,56,56,56,52,43,43,19,19,24,10,28,68,68,68,68,76,64,64,64,67,54,76,76,65,65,65,57,23,23,7,28,28,28],"gold":317,"neow_bonus":"","is_daily":false,"chose_seed":false,"campfire_upgraded":2,"win_rate":0.0,"timestamp":1613754393,"path_taken":["M","M","M","?","M","E","M","E","T","E","?","R","?","M","R","BOSS","M","?","?","M","?","R","?","E","T","R","M","E","?","M","R","BOSS"],"items_purchased_type":["Relic","Card","Card","Relic","Relic","Relic","Card","Card","Card"],"build_version":"2020-12-22","purchased_purges":1,"victory":false,"max_hp_per_floor":[60,60,60,60,60,60,60,60,60,61,61,61,68,68,68,68,76,76,76,76,76,76,76,76,76,76,76,76,76,76,70,70,70,70],"card_choices":[{"not_picked":["animator:HarukoHaruhara","animator:Hibiki"],"picked":"animator:TanyaDegurechaff","floor":0.0},{"not_picked":["animator:LimeBell","animator:MamizouFutatsuiwa"],"picked":"animator:Lelouch","floor":0.0},{"not_picked":["animator:Zero","animator:HatsuneMiku"],"picked":"animator:TanyaDegurechaff","floor":0.0},{"not_picked":["animator:Guren","animator:Verdia"],"picked":"animator:DolaRiku","floor":1.0},{"not_picked":["animator:Guy","animator:Priestess"],"picked":"animator:Chris","floor":2.0},{"not_picked":["animator:ZankiKiguchi","animator:Chung"],"picked":"animator:Rena","floor":3.0},{"not_picked":["animator:YunYun","animator:Kazuma"],"picked":"animator:Chris","floor":5.0},{"not_picked":["animator:Priestess","animator:Shigure"],"picked":"animator:FeridBathory","floor":6.0},{"not_picked":["animator:Mitsuba","animator:MamiTomoe"],"picked":"animator:Fredrika","floor":7.0},{"not_picked":["animator:DolaCouronne","animator:KyokoSakura"],"picked":"animator:ElricEdward","floor":8.0},{"not_picked":["animator:Kazuma","animator:Aqua"],"picked":"animator:Hans","floor":10.0},{"not_picked":["ReplayTheSpireMod:Echoes of Time","ReplayTheSpireMod:Haul"],"picked":"infinitespire:NeuralNetwork","floor":11.0},{"not_picked":["animator:ZankiKiguchi","animator:Kazuma"],"picked":"animator:ElricEdward","floor":14.0},{"not_picked":["animator:Elesis","animator:Sora"],"picked":"animator:Shiro","floor":16.0},{"not_picked":["animator:Lu","animator:ElricAlphonse"],"picked":"animator:Kazuma","floor":18.0},{"not_picked":["animator:AcuraAkari","animator:Ara+1","animator:HighElfArcher"],"picked":"SKIP","floor":21.0},{"not_picked":["animator:Kazuma","animator:Megumin"],"picked":"animator:Hans","floor":22.0},{"not_picked":["animator:Mikaela","animator:YunYun"],"picked":"animator:DolaRiku","floor":25.0},{"not_picked":["animator:IzunaHatsuse","animator:Konayuki"],"picked":"animator:Sloth","floor":28.0},{"not_picked":["animator:Layla","animator:Kazuma"],"picked":"animator:Hitei","floor":29.0},{"not_picked":["animator:IzunaHatsuse","animator:DolaCouronne"],"picked":"animator:DolaRiku","floor":31.0}],"player_experience":1023833,"relics_obtained":[{"floor":6.0,"key":"Replay:Bottled Flurry"},{"floor":8.0,"key":"reliquary:QuartzCube"},{"floor":9.0,"key":"Girya"},{"floor":10.0,"key":"Lizard Tail"},{"floor":24.0,"key":"Ring of Fury"},{"floor":24.0,"key":"Ring of Greed"},{"floor":24.0,"key":"Replay:Wax Seal"},{"floor":24.0,"key":"infinitespire:Midas Blood"},{"floor":25.0,"key":"Replay:WaspNest"},{"floor":26.0,"key":"The Courier"},{"floor":29.0,"key":"infinitespire:Broken Mirror"},{"floor":30.0,"key":"Quantum Egg"}],"event_choices":[{"damage_healed":0.0,"max_hp_gain":0.0,"max_hp_loss":0.0,"gold_gain":0.0,"event_name":"The Library","player_choice":"Read","floor":20.0,"gold_loss":0.0,"damage_taken":0.0,"cards_obtained":["animator:ChlammyZell"]}],"is_beta":false,"boss_relics":[{"not_picked":["Sozu","animator:CursedBlade"],"picked":"animator:HolyGrailRelic"}],"items_purged_floors":[0],"is_endless":false,"potions_floor_spawned":[3,6,10,14,16,21,25],"killed_by":"Collector","ascension_level":20}}