{"host":"61ejhfsushs0xmcl","time":1613736575,"event":{"mods":["ATMod(阿瑾Mod)","Act Like it!","BaseMod","Colored Map","Gold Saver","Minty Spire (QoL Compilation)","MostiFishMod","Spicy Shops","StSLib","TestMod","The Marked","【遗物卡牌】REMEMod","篝火指南"],"gold_per_floor":[1390,1390,1390,1390,1405,1430,1430,1465,1465,1465,1478,1489,889,922,922,1023,1023,1034,1034,783,801,801,801,826,841,896,896,923,1022,513,513,248,349,349,364,382,207,219,234,19,44,54,132,161,174,98,498,498,207,237,237,84,34,93,93],"floor_reached":56,"language":"ZHS","playtime":1019,"items_purged":["theMarked:SoldierOfQuellstein","theMarked:Defend","theMarked:Strike","theMarked:Defend","theMarked:Defend","theMarked:Defend","theMarked:Defend","theMarked:Strike","theMarked:Strike+1","theMarked:Strike+1"],"score":1922,"play_id":"f6a15304-af6c-4655-9d42-dabce4a1b1a3","local_time":"20210219200935","is_ascension_mode":true,"campfire_choices":[{"data":"theMarked:BanishingWave","floor":7.0,"key":"SMITH"},{"floor":10.0,"key":"RECALL"},{"data":"theMarked:Determination","floor":15.0,"key":"SMITH"},{"data":"theMarked:Abjuration","floor":23.0,"key":"SMITH"},{"data":"theMarked:Defy","floor":27.0,"key":"SMITH"}],"circlet_count":0,"master_deck":["theMarked:Strike+1","theMarked:BanishingWave+1","theMarked:UnarmedFury+1","theMarked:Determination+1","theMarked:Vacuum+1","theMarked:Vacuum+1","theMarked:Abjuration+1","theMarked:Defy+1","theMarked:Memento+1","theMarked:Heritage+1"],"relics":["theMarked:BronzeBlade","AT_ATBox","REME_ComplimentaryCards","testmod-TestBox","Toy Ornithopter","testmod-NegativeEmotionEnhancer","ExusiaiGun","SynthV:TestCard","BionicSphere","Meat on the Bone","AT_SpeedBoots","ImprovedEquipment","Orrery","Medical Kit","theMarked:DemonDagger","AT_BellDemon","Centennial Puzzle","Bronze Scales","Vajra","AT_Manta","MutagenicStrength","Lantern","White Beast Statue","StrikeDummy","Singing Bowl","testmod-Antiphasic","AT_BellowingDragoncrestRing","AT_ArchangelStaff","Whetstone","Omamori","Technique","Dodecahedron","Matryoshka","Cursed Key","AT_EbonyIvory","Ice Cream","testmod-CasingShield","testmod-ArcanaOfDestiny","Membership Card","Toxic Egg 2","AT_ForceNature","testmod-EqualTreatment","Smiling Mask","Oddly Smooth Stone","AT_SilvercatRing","PreservedInsect","testmod-RainbowHikingShoes","InkBottle","Torii","Shuriken","Mango","OrangePellets","testmod-TurbochargingSystem"],"acts_visited":["Exordium","TheCity","TheBeyond","TheEnding"],"potions_floor_usage":[36,46,50,54,55,55,55],"damage_taken":[{"damage":0.0,"enemies":"Small Slimes","floor":1.0,"turns":1.0},{"damage":0.0,"enemies":"Jaw Worm","floor":5.0,"turns":1.0},{"damage":0.0,"enemies":"3 Sentries","floor":6.0,"turns":3.0},{"damage":0.0,"enemies":"Lagavulin","floor":8.0,"turns":2.0},{"damage":0.0,"enemies":"2 Louse","floor":11.0,"turns":1.0},{"damage":0.0,"enemies":"Large Slime","floor":12.0,"turns":1.0},{"damage":0.0,"enemies":"3 Sentries","floor":14.0,"turns":1.0},{"damage":0.0,"enemies":"Hexaghost","floor":16.0,"turns":2.0},{"damage":0.0,"enemies":"3 Byrds","floor":18.0,"turns":2.0},{"damage":0.0,"enemies":"Shell Parasite","floor":21.0,"turns":1.0},{"damage":0.0,"enemies":"Book of Stabbing","floor":24.0,"turns":1.0},{"damage":0.0,"enemies":"Centurion and Healer","floor":25.0,"turns":1.0},{"damage":0.0,"enemies":"REME_1_Revenger","floor":28.0,"turns":1.0},{"damage":0,"enemies":"Champ","floor":33,"turns":1},{"damage":0,"enemies":"3 Darklings","floor":35,"turns":1},{"damage":0,"enemies":"Orb Walker","floor":36,"turns":1},{"damage":0,"enemies":"Writhing Mass","floor":38,"turns":1},{"damage":0,"enemies":"Sphere and 2 Shapes","floor":39,"turns":1},{"damage":0,"enemies":"Nemesis","floor":41,"turns":1},{"damage":0,"enemies":"3 Darklings","floor":42,"turns":1},{"damage":0,"enemies":"Giant Head","floor":44,"turns":1},{"damage":0,"enemies":"4 Shapes","floor":45,"turns":1},{"damage":0,"enemies":"Time Eater","floor":50,"turns":1},{"damage":0,"enemies":"Shield and Spear","floor":54,"turns":1},{"damage":0,"enemies":"The Heart","floor":55,"turns":2}],"seed_played":"98588966711512186","potions_obtained":[{"floor":8.0,"key":"Dexterity Potion"},{"floor":11.0,"key":"AttackPotion"},{"floor":12.0,"key":"FearPotion"},{"floor":16.0,"key":"SkillPotion"},{"floor":35,"key":"Fruit Juice"},{"floor":36,"key":"Dexterity Potion"},{"floor":39,"key":"PowerPotion"},{"floor":45,"key":"testmod-SpacePotion"},{"floor":54,"key":"SkillPotion"}],"is_trial":false,"path_per_floor":["M","?","?","?","M","E","R","E","T","R","M","M","$","E","R","B",null,"M","?","$","M","?","R","E","M","T","R","E","?","R","?","R","B",null,"M","M","$","M","M","R","E","M","T","E","M","$","?","?","R","B",null,"R","$","E","B",null],"character_chosen":"THE_DEFAULT","items_purchased":["Orrery","Medical Kit","theMarked:DemonDagger","AT_BellDemon","Lantern","Whetstone","Omamori","Technique","Dodecahedron","theMarked:Heritage","Membership Card","Toxic Egg 2","REME_GoldPotion","Torii","Shuriken","REME_GoldPotion","Mango","OrangePellets"],"campfire_rested":0,"item_purchase_floors":[13,13,13,13,20,30,30,30,32,32,40,40,46,49,49,52,52,52],"current_hp_per_floor":[73,78,78,71,73,77,77,79,79,79,82,83,83,84,84,85,85,86,86,86,87,87,87,88,91,91,91,92,92,92,92,92,95,95,98,106,106,109,112,112,115,118,118,121,124,124,124,124,124,125,125,139,139,142,143],"gold":93,"neow_bonus":"RANDOM_COMMON_RELIC","is_daily":false,"chose_seed":false,"campfire_upgraded":4,"win_rate":0.0,"timestamp":1613736575,"path_taken":["M","?","?","?","?","E","R","E","T","R","M","M","$","E","R","BOSS","M","?","$","M","?","R","E","M","T","R","E","?","R","?","R","BOSS","M","?","$","M","M","R","E","M","T","E","M","$","?","?","R","BOSS","R","$","E","BOSS"],"items_purchased_type":["Relic","Relic","Relic","Relic","Relic","Relic","Relic","Relic","Relic","Card","Relic","Relic","Potion","Relic","Relic","Potion","Relic","Relic"],"build_version":"2020-12-22","purchased_purges":10,"victory":true,"max_hp_per_floor":[73,78,78,78,79,80,80,81,81,81,82,83,83,84,84,85,85,86,86,86,87,87,87,88,91,91,91,92,92,92,92,92,95,95,98,106,106,109,112,112,115,118,118,121,124,124,124,124,124,125,125,139,139,142,143],"card_choices":[{"not_picked":["theMarked:Aftermath","theMarked:SwordAndMagic","theMarked:Determination"],"picked":"SKIP","floor":1.0},{"not_picked":["theMarked:Parkour","theMarked:Memento","theMarked:TakeCover","theMarked:Frustration","theMarked:TwofoldDefense"],"picked":"SKIP","floor":5.0},{"not_picked":["theMarked:Maelstrom","theMarked:Friction","theMarked:EmpowerWeapon","theMarked:LightningStrikesTwice"],"picked":"theMarked:BanishingWave","floor":6.0},{"not_picked":["theMarked:Improvise","theMarked:ResourceFulStrike","theMarked:RepellingDischarge","theMarked:Parry"],"picked":"theMarked:UnarmedFury","floor":8.0},{"not_picked":["theMarked:ResourceFulStrike","theMarked:ElectricStrings","theMarked:PowerFlow","theMarked:Improvise","theMarked:TwofoldDefense"],"picked":"SKIP","floor":11.0},{"not_picked":["theMarked:MuscleMemory","theMarked:BanishingStrike","theMarked:TakeCover","theMarked:Parry","theMarked:OneWithTheBlade"],"picked":"SKIP","floor":12.0},{"not_picked":["theMarked:Frustration","theMarked:EmpowerWeapon","theMarked:TheMission","theMarked:BanishingStrike"],"picked":"theMarked:Determination","floor":13.0},{"not_picked":["theMarked:ResourceFulStrike","theMarked:CreepingChasm","theMarked:Improvise","theMarked:WastefulAttack"],"picked":"theMarked:Vacuum","floor":13.0},{"not_picked":["theMarked:FavorableWinds","theMarked:Seal","theMarked:RepellingDischarge","theMarked:Electrify"],"picked":"theMarked:Vacuum","floor":13.0},{"not_picked":["theMarked:TakeCover","theMarked:Determination","theMarked:EnhanceMovement","theMarked:WardOff","theMarked:Parkour"],"picked":"SKIP","floor":14.0},{"not_picked":["theMarked:BiggerThanFate","theMarked:DispelDoubt","theMarked:TakeOffHeels","theMarked:ThrowWeapon"],"picked":"theMarked:Abjuration","floor":16.0},{"not_picked":["theMarked:RepellingDischarge","theMarked:KeepCalmAndFight+1","theMarked:ElectricStrings","theMarked:EmpowerWeapon","theMarked:Generate"],"picked":"SKIP","floor":18.0},{"not_picked":["theMarked:ResourceFulStrike","theMarked:TwofoldDefense","theMarked:CreepingChasm","theMarked:BanishingStrike","theMarked:LightningStrikesTwice"],"picked":"SKIP","floor":21.0},{"not_picked":["theMarked:TheMission","theMarked:Improvise","theMarked:WastefulAttack","theMarked:Seal+1"],"picked":"theMarked:Defy","floor":24.0},{"not_picked":["theMarked:Static+1","theMarked:Improvise","theMarked:RepellingDischarge","theMarked:ResourceFulStrike+1","theMarked:TakeCover+1"],"picked":"Singing Bowl","floor":25.0},{"not_picked":["theMarked:Parkour","theMarked:Generate+1","theMarked:Overthink","theMarked:Aftermath"],"picked":"theMarked:Memento+1","floor":28.0},{"not_picked":["theMarked:MagusForm","theMarked:BindingBlade","theMarked:Toughness","theMarked:UnarmedFury","theMarked:FavorableWinds"],"picked":"Singing Bowl","floor":33},{"not_picked":["theMarked:ParalyzingBlade","theMarked:ChainLightning","theMarked:TwofoldDefense","theMarked:Static","theMarked:Electrocute"],"picked":"Singing Bowl","floor":35},{"not_picked":["theMarked:WastefulAttack","theMarked:ElectricStrings+1","theMarked:TakeCover+1","theMarked:Pokerface","theMarked:Seal"],"picked":"Singing Bowl","floor":36},{"not_picked":["theMarked:RepellingDischarge","theMarked:TakeCover+1","theMarked:ChainLightning+1","theMarked:SwordAndMagic","theMarked:Improvise+1"],"picked":"Singing Bowl","floor":38},{"not_picked":["theMarked:WastefulAttack+1","theMarked:Indomitable","theMarked:Parkour+1","theMarked:ChainLightning","theMarked:ResourceFulStrike+1"],"picked":"Singing Bowl","floor":39},{"not_picked":["theMarked:BanishingWave+1","theMarked:TakeCover+1","theMarked:TurnInvisible+1","theMarked:Parry+1","theMarked:Memento+1"],"picked":"Singing Bowl","floor":41},{"not_picked":["theMarked:HeightenedSenses+1","theMarked:Frustration","theMarked:ShockingTouch","theMarked:Polarize+1","theMarked:EmpowerWeapon+1"],"picked":"Singing Bowl","floor":42},{"not_picked":["theMarked:ChannelForce+1","theMarked:Frustration","theMarked:SwordAndMagic","theMarked:WardOff+1","theMarked:Aftermath+1"],"picked":"Singing Bowl","floor":44},{"not_picked":["theMarked:ChainLightning","theMarked:ParalyzingBlade+1","theMarked:Opportunist+1","theMarked:BanishingStrike+1","theMarked:ThrowWeapon"],"picked":"Singing Bowl","floor":45},{"not_picked":["theMarked:Parkour+1","theMarked:SwordAndMagic","theMarked:WastefulAttack+1","theMarked:TunnelVision","theMarked:TwofoldDefense+1"],"picked":"Singing Bowl","floor":54}],"player_experience":880087,"relics_obtained":[{"floor":1.0,"key":"SynthV:TestCard"},{"floor":6.0,"key":"Meat on the Bone"},{"floor":8.0,"key":"AT_SpeedBoots"},{"floor":9.0,"key":"ImprovedEquipment"},{"floor":14.0,"key":"Centennial Puzzle"},{"floor":14.0,"key":"Bronze Scales"},{"floor":16.0,"key":"Vajra"},{"floor":18.0,"key":"AT_Manta"},{"floor":21.0,"key":"White Beast Statue"},{"floor":24.0,"key":"StrikeDummy"},{"floor":24.0,"key":"Singing Bowl"},{"floor":25.0,"key":"testmod-Antiphasic"},{"floor":28.0,"key":"AT_BellowingDragoncrestRing"},{"floor":28.0,"key":"AT_ArchangelStaff"},{"floor":33,"key":"Matryoshka"},{"floor":35,"key":"AT_EbonyIvory"},{"floor":36,"key":"Ice Cream"},{"floor":38,"key":"testmod-CasingShield"},{"floor":39,"key":"testmod-ArcanaOfDestiny"},{"floor":41,"key":"AT_ForceNature"},{"floor":41,"key":"testmod-EqualTreatment"},{"floor":42,"key":"Smiling Mask"},{"floor":43,"key":"Oddly Smooth Stone"},{"floor":43,"key":"AT_SilvercatRing"},{"floor":44,"key":"PreservedInsect"},{"floor":44,"key":"testmod-RainbowHikingShoes"},{"floor":45,"key":"InkBottle"},{"floor":54,"key":"testmod-TurbochargingSystem"}],"event_choices":[{"damage_healed":0.0,"max_hp_gain":5.0,"max_hp_loss":0.0,"gold_gain":0.0,"event_name":"Big Fish","player_choice":"Donut","floor":2.0,"gold_loss":0.0,"damage_taken":0.0},{"damage_healed":0.0,"max_hp_gain":0.0,"max_hp_loss":0.0,"gold_gain":0.0,"event_name":"给自己的盒子","player_choice":"Swap Relic","floor":3.0,"relics_lost":["DaveBox"],"gold_loss":0.0,"damage_taken":0.0,"relics_obtained":["DaveBox"]},{"damage_healed":0.0,"max_hp_gain":0.0,"max_hp_loss":0.0,"gold_gain":0.0,"event_name":"Drug Dealer","player_choice":"Inject Mutagens","floor":19.0,"gold_loss":0.0,"damage_taken":0.0,"relics_obtained":["MutagenicStrength"]},{"damage_healed":0.0,"max_hp_gain":0.0,"max_hp_loss":0.0,"gold_gain":0.0,"event_name":"Ghosts","player_choice":"Ignored","floor":22.0,"gold_loss":0.0,"damage_taken":0.0},{"damage_healed":0.0,"max_hp_gain":0.0,"max_hp_loss":0.0,"gold_gain":99.0,"event_name":"Nest","player_choice":"Stole From Cult","floor":29.0,"gold_loss":0.0,"damage_taken":0.0},{"damage_healed":0,"gold_gain":0,"player_choice":"Upgraded","damage_taken":0,"max_hp_gain":0,"max_hp_loss":0,"event_name":"Upgrade Shrine","floor":31,"gold_loss":0,"cards_upgraded":["theMarked:Strike"]},{"damage_healed":0,"gold_gain":400,"player_choice":"Sell","damage_taken":0,"max_hp_gain":0,"max_hp_loss":0,"event_name":"恩洛斯的盘子","floor":47,"relics_lost":["DaveBox"],"gold_loss":0},{"damage_healed":0,"gold_gain":0,"player_choice":"Ignored","damage_taken":0,"max_hp_gain":0,"max_hp_loss":0,"event_name":"SecretPortal","floor":48,"gold_loss":0}],"is_beta":false,"boss_relics":[{"not_picked":["EE1DDrone","Fusion Hammer"],"picked":"theMarked:BronzeBlade"},{"not_picked":["RhineCircuit","Velvet Choker"],"picked":"Cursed Key"}],"items_purged_floors":[13,20,30,32,37,46,49,49,52,53],"is_endless":false,"potions_floor_spawned":[8,11,12,14,16,18,24,25,28,33,35,36,38,39,41,42,44,45,54],"ascension_level":2}}