{"host":"ydg0vn0pu4pubmdt","time":1613770411,"event":{"mods":["AchievementEnabler","BaseMod","Colored Map","Minty Spire (QoL Compilation)","Quick Restart","SuperFastMode"],"gold_per_floor":[117,130,130,143,159,159,159,169,169,169,169,204,218,228,228,299,299,299,299],"floor_reached":18,"language":"KOR","playtime":266,"items_purged":[],"score":328,"play_id":"48208530-9c11-43b5-a17d-4ee9c33fb353","local_time":"20210220063331","is_ascension_mode":true,"campfire_choices":[{"data":"Bash","floor":6,"key":"SMITH"},{"data":"Whirlwind","floor":10,"key":"SMITH"},{"data":"Fiend Fire","floor":15,"key":"SMITH"}],"circlet_count":0,"master_deck":["AscendersBane","Bash+1","Pommel Strike","Disarm","Whirlwind+1","Fiend Fire+1","Sentinel","Blood for Blood","Cleave","Bloodletting","Fire Breathing","Uppercut"],"relics":["Burning Blood","Juzu Bracelet","SsserpentHead","Red Skull","Pandora\u0027s Box"],"acts_visited":["Exordium","TheCity"],"potions_floor_usage":[12,12],"damage_taken":[{"damage":7,"enemies":"2 Louse","floor":1,"turns":3},{"damage":11,"enemies":"Jaw Worm","floor":2,"turns":4},{"damage":6,"enemies":"Cultist","floor":4,"turns":3},{"damage":17,"enemies":"Looter","floor":5,"turns":3},{"damage":20,"enemies":"Blue Slaver","floor":8,"turns":4},{"damage":12,"enemies":"Gremlin Nob","floor":12,"turns":4},{"damage":12,"enemies":"Exordium Wildlife","floor":13,"turns":2},{"damage":0,"enemies":"2 Fungi Beasts","floor":14,"turns":2},{"damage":10,"enemies":"Slime Boss","floor":16,"turns":7},{"damage":11,"enemies":"Spheric Guardian","floor":18,"turns":3}],"seed_played":"1685663679366398138","potions_obtained":[{"floor":1,"key":"Block Potion"},{"floor":4,"key":"Weak Potion"},{"floor":14,"key":"Dexterity Potion"}],"is_trial":false,"path_per_floor":["M","M","?","M","M","R","?","M","T","R","?","E","M","M","R","B",null,"M"],"character_chosen":"IRONCLAD","items_purchased":[],"campfire_rested":0,"item_purchase_floors":[],"current_hp_per_floor":[67,62,67,67,56,56,49,35,35,35,35,29,23,29,29,25,61,50,50],"gold":299,"neow_bonus":"REMOVE_TWO","is_daily":false,"chose_seed":false,"campfire_upgraded":3,"win_rate":0.0,"timestamp":1613770411,"path_taken":["M","M","?","M","M","R","?","M","T","R","?","E","M","M","R","BOSS","M"],"items_purchased_type":[],"build_version":"2020-12-22","purchased_purges":0,"victory":false,"max_hp_per_floor":[68,68,73,73,73,73,73,73,73,73,73,73,73,73,73,73,73,73,73],"card_choices":[{"not_picked":["Intimidate","Flex","Iron Wave"],"picked":"SKIP","floor":1},{"not_picked":["Anger","Thunderclap","Heavy Blade"],"picked":"SKIP","floor":2},{"not_picked":["Sever Soul","Thunderclap"],"picked":"Pommel Strike","floor":4},{"not_picked":["Thunderclap","Sword Boomerang"],"picked":"Disarm","floor":5},{"not_picked":["Searing Blow","Havoc"],"picked":"Whirlwind","floor":8},{"not_picked":["Clothesline","Carnage"],"picked":"Fiend Fire","floor":12},{"not_picked":["Pommel Strike","Iron Wave","Thunderclap"],"picked":"SKIP","floor":13},{"not_picked":["Havoc","Entrench","Anger"],"picked":"SKIP","floor":14}],"player_experience":616084,"relics_obtained":[{"floor":9,"key":"Juzu Bracelet"},{"floor":12,"key":"Red Skull"}],"event_choices":[{"damage_healed":0,"gold_gain":0,"player_choice":"Donut","damage_taken":0,"max_hp_gain":5,"max_hp_loss":0,"event_name":"Big Fish","floor":3,"gold_loss":0},{"cards_removed":["Strike_R"],"damage_healed":0,"gold_gain":0,"player_choice":"Card Removal","damage_taken":7,"max_hp_gain":0,"max_hp_loss":0,"event_name":"Golden Wing","floor":7,"gold_loss":0},{"damage_healed":0,"gold_gain":0,"player_choice":"Trade","damage_taken":0,"relics_obtained":["SsserpentHead"],"max_hp_gain":0,"max_hp_loss":0,"event_name":"FaceTrader","floor":11,"gold_loss":0}],"is_beta":false,"boss_relics":[{"not_picked":["Black Blood","Runic Cube"],"picked":"Pandora\u0027s Box"}],"items_purged_floors":[],"is_endless":false,"potions_floor_spawned":[1,4,5,14],"killed_by":"Spheric Guardian","ascension_level":20}}