{"host":"f3zi5bw4of71qj4o","time":1613745024,"event":{"mods":["BaseMod","DeckTracker","Highlight Path","Minty Spire (QoL Compilation)","Relic Stats","StSLib","SuperFastMode"],"gold_per_floor":[110,129,54,54,129,157,82,114,114,132,132,166,166,186,186,261,261,278,278,40,55,55,90,12,12,91,91,91],"floor_reached":27,"language":"ENG","playtime":795,"items_purged":["Defend_R"],"score":544,"play_id":"4ba8094f-f35f-46b9-96bd-728ccb88faf3","local_time":"20210219153024","is_ascension_mode":true,"campfire_choices":[{"data":"Bash","floor":11,"key":"SMITH"},{"floor":13,"key":"REST"},{"data":"Fire Breathing","floor":15,"key":"SMITH"},{"data":"Inflame","floor":25,"key":"SMITH"}],"circlet_count":0,"master_deck":["AscendersBane","Strike_R","Strike_R","Strike_R","Defend_R","Defend_R","Defend_R","Bash+1","Wild Strike","Feel No Pain","Heavy Blade","Clash","Fire Breathing+1","Juggernaut","Immolate","Thunderclap","Seeing Red","Flame Barrier","Writhe","Spot Weakness","Inflame+1"],"relics":["Burning Blood","NeowsBlessing","Shuriken","Tiny Chest","Bronze Scales","Bag of Marbles","Coffee Dripper","PreservedInsect","Bag of Preparation","Mummified Hand","Molten Egg 2"],"acts_visited":["Exordium","TheCity"],"potions_floor_usage":[8,12,21],"damage_taken":[{"damage":0.0,"enemies":"Small Slimes","floor":1.0,"turns":1.0},{"damage":0.0,"enemies":"Cultist","floor":2.0,"turns":1.0},{"damage":0.0,"enemies":"3 Sentries","floor":6.0,"turns":1.0},{"damage":55,"enemies":"Lagavulin","floor":8,"turns":7},{"damage":5,"enemies":"2 Louse","floor":10,"turns":3},{"damage":31,"enemies":"Gremlin Nob","floor":12,"turns":4},{"damage":16,"enemies":"Red Slaver","floor":14,"turns":4},{"damage":35,"enemies":"Slime Boss","floor":16,"turns":6},{"damage":17,"enemies":"Chosen","floor":18,"turns":4},{"damage":21,"enemies":"Shell Parasite","floor":21,"turns":2},{"damage":46,"enemies":"Book of Stabbing","floor":23,"turns":4},{"damage":29,"enemies":"Slavers","floor":27,"turns":1}],"seed_played":"-8529881495693726312","potions_obtained":[{"floor":1.0,"key":"GamblersBrew"},{"floor":10,"key":"Regen Potion"},{"floor":12,"key":"FairyPotion"},{"floor":16,"key":"Fire Potion"}],"is_trial":false,"path_per_floor":["M","M","$","?","?","E","?","E","T","M","R","E","R","M","R","B",null,"M","?","$","M","?","E","$","R","T","E"],"character_chosen":"IRONCLAD","items_purchased":["PreservedInsect","Seeing Red","Inflame"],"campfire_rested":1,"item_purchase_floors":[20,20,24],"current_hp_per_floor":[74,75,75,75,64,70,70,21,21,22,22,9,31,21,21,28,63,52,75,75,60,60,20,20,20,20,0,0],"gold":91,"neow_bonus":"THREE_ENEMY_KILL","is_daily":false,"chose_seed":false,"campfire_upgraded":3,"win_rate":0.0,"timestamp":1613745024,"path_taken":["M","M","$","?","?","E","?","E","T","M","R","E","R","M","R","BOSS","M","?","?","M","?","E","$","R","T","E"],"items_purchased_type":["Relic","Card","Card"],"build_version":"2020-12-22","purchased_purges":1,"victory":false,"max_hp_per_floor":[75,75,75,75,75,75,75,75,75,75,75,75,75,75,75,75,75,75,75,75,75,75,75,75,75,75,75,75],"relic_stats":{"counters":[12,38],"Shuriken":[3],"Mummified Hand":[2],"Bronze Scales":[67],"Tiny Chest":0,"PreservedInsect":83,"Bag of Preparation":[4],"obtain_stats":[{"NeowsBlessing":0,"Shuriken":6,"Mummified Hand":23,"Bronze Scales":9,"Tiny Chest":8,"Molten Egg 2":26,"PreservedInsect":20,"Bag of Marbles":12,"Coffee Dripper":17,"Bag of Preparation":22,"Burning Blood":0},{"NeowsBlessing":0,"Shuriken":3,"Mummified Hand":11,"Bronze Scales":4,"Tiny Chest":4,"Molten Egg 2":11,"PreservedInsect":9,"Bag of Marbles":6,"Coffee Dripper":8,"Bag of Preparation":10,"Burning Blood":0},{"NeowsBlessing":0,"Shuriken":3,"Mummified Hand":37,"Bronze Scales":10,"Tiny Chest":10,"Molten Egg 2":37,"PreservedInsect":31,"Bag of Marbles":17,"Coffee Dripper":27,"Bag of Preparation":33,"Burning Blood":0}],"Burning Blood":61},"card_choices":[{"not_picked":["Dual Wield","Blood for Blood"],"picked":"Wild Strike","floor":1.0},{"not_picked":["Flex","Infernal Blade"],"picked":"Feel No Pain","floor":2.0},{"not_picked":["Armaments","Exhume"],"picked":"Heavy Blade","floor":6.0},{"not_picked":["Twin Strike","Perfected Strike"],"picked":"Sentinel","floor":8},{"not_picked":["Disarm","Heavy Blade"],"picked":"Clash","floor":10},{"not_picked":["Sword Boomerang","Armaments"],"picked":"Fire Breathing","floor":12},{"not_picked":["Heavy Blade","Perfected Strike"],"picked":"Juggernaut","floor":14},{"not_picked":["Juggernaut","Brutality"],"picked":"Immolate","floor":16},{"not_picked":["Heavy Blade","Iron Wave"],"picked":"Thunderclap","floor":18},{"not_picked":["Armaments","Burning Pact"],"picked":"Flame Barrier","floor":21},{"not_picked":["Entrench","Bloodletting"],"picked":"Spot Weakness","floor":23}],"player_experience":2605420,"relics_obtained":[{"floor":6.0,"key":"Shuriken"},{"floor":8,"key":"Tiny Chest"},{"floor":9,"key":"Bronze Scales"},{"floor":12,"key":"Bag of Marbles"},{"floor":23,"key":"Mummified Hand"},{"floor":26,"key":"Molten Egg 2"}],"event_choices":[{"cards_removed":["Strike_R"],"damage_healed":0.0,"max_hp_gain":0.0,"max_hp_loss":0.0,"gold_gain":0.0,"event_name":"Living Wall","player_choice":"Forget","floor":4.0,"gold_loss":0.0,"damage_taken":0.0},{"damage_healed":0.0,"max_hp_gain":0.0,"max_hp_loss":0.0,"gold_gain":75.0,"event_name":"World of Goop","player_choice":"Gather Gold","floor":5.0,"gold_loss":0.0,"damage_taken":11.0},{"cards_removed":["Strike_R"],"damage_healed":0.0,"max_hp_gain":0.0,"max_hp_loss":0.0,"gold_gain":0.0,"event_name":"The Cleric","player_choice":"Card Removal","floor":7.0,"gold_loss":75.0,"damage_taken":0.0},{"cards_removed":["Sentinel"],"damage_healed":23,"gold_gain":0,"player_choice":"Offered Uncommon","damage_taken":0,"max_hp_gain":0,"max_hp_loss":0,"event_name":"Bonfire Elementals","floor":19,"gold_loss":0},{"damage_healed":0,"gold_gain":0,"player_choice":"Opened","damage_taken":0,"relics_obtained":["Bag of Preparation"],"max_hp_gain":0,"max_hp_loss":0,"event_name":"The Mausoleum","floor":22,"gold_loss":0,"cards_obtained":["Writhe"]}],"is_beta":false,"boss_relics":[{"not_picked":["Busted Crown","Astrolabe"],"picked":"Coffee Dripper"}],"items_purged_floors":[3],"is_endless":false,"potions_floor_spawned":[1,10,12,16],"killed_by":"Slavers","ascension_level":20}}