{"host":"ut3q8wc68upnfjmc","time":1613711644,"event":{"mods":["BaseMod","Colored Map","Colored Powertips","Downfall","Minty Spire (QoL Compilation)","StSLib","Unceasing Turn Reminder"],"gold_per_floor":[110,110,121,141,14,39,39,73,73,73,92,92,92,111,111,214,214,232,232,232,232,232,232,262,262,262,262,274,302,322,332,332,332,332],"floor_reached":33,"language":"ENG","playtime":1198,"items_purged":[],"score":334,"play_id":"e3bd7c3b-2c8b-4b49-b6d0-d3394e9ca50d","local_time":"20210218231404","is_ascension_mode":true,"campfire_choices":[{"data":"Storm","floor":10,"key":"SMITH"},{"data":"Capacitor","floor":13,"key":"SMITH"},{"data":"White Noise","floor":15,"key":"SMITH"},{"data":"Streamline","floor":23,"key":"SMITH"},{"data":"Ball Lightning","floor":25,"key":"SMITH"},{"data":"Coolheaded","floor":27,"key":"SMITH"},{"floor":32,"key":"REST"}],"circlet_count":0,"master_deck":["Strike_B","Strike_B","Defend_B","Defend_B","Defend_B","Zap+1","Dualcast","Ball Lightning+1","Sweeping Beam","Self Repair","Storm+1","Coolheaded+1","Seek","Capacitor+1","White Noise+1","White Noise+1","Seek","Scrape+1","Doom and Gloom+1","Machine Learning+1","Streamline+1","Chaos+1","Barrage+1","Storm+1"],"relics":["bronze:MakeshiftBattery","Bottled Flame","Gremlin Horn","Sundial","Astrolabe","Blue Candle","Ancient Tea Set","Anchor","Meat on the Bone","Frozen Egg 2"],"acts_visited":["Exordium","TheCity"],"potions_floor_usage":[6,16,29,30],"damage_taken":[{"damage":1,"enemies":"Jaw Worm","floor":1,"turns":5},{"damage":1,"enemies":"2 Louse","floor":3,"turns":2},{"damage":0,"enemies":"Small Slimes","floor":4,"turns":2},{"damage":13,"enemies":"Lagavulin","floor":6,"turns":6},{"damage":24,"enemies":"Gremlin Nob","floor":8,"turns":4},{"damage":10,"enemies":"Gremlin Gang","floor":11,"turns":4},{"damage":9,"enemies":"2 Fungi Beasts","floor":14,"turns":3},{"damage":15,"enemies":"The Guardian","floor":16,"turns":7},{"damage":0,"enemies":"Spheric Guardian","floor":18,"turns":2},{"damage":0,"enemies":"Gremlin Leader","floor":24,"turns":4},{"damage":0,"enemies":"Chosen","floor":28,"turns":3},{"damage":19,"enemies":"Slavers","floor":29,"turns":3},{"damage":26,"enemies":"Snecko","floor":30,"turns":4},{"damage":24,"enemies":"Snake Plant","floor":31,"turns":3},{"damage":65,"enemies":"Champ","floor":33,"turns":5}],"seed_played":"-1486082985031043458","potions_obtained":[{"floor":1,"key":"Weak Potion"},{"floor":14,"key":"champ:CounterPotion"},{"floor":16,"key":"LiquidMemories"},{"floor":28,"key":"Block Potion"},{"floor":29,"key":"bronze:BurnAndBuffPotion"}],"is_trial":false,"path_per_floor":["M","?","M","M","$","E","?","E","T","R","M","?","R","M","R","B",null,"M","?","?","?","?","R","E","R","T","R","M","E","M","M","R","B"],"character_chosen":"DEFECT","items_purchased":["Storm","Coolheaded"],"campfire_rested":1,"item_purchase_floors":[5,5],"current_hp_per_floor":[74,74,73,73,73,67,72,55,55,55,52,52,52,50,50,42,80,80,75,75,75,75,75,80,80,80,80,80,68,49,37,61,0,0],"gold":332,"neow_bonus":"BOSS_RELIC","is_daily":false,"chose_seed":false,"campfire_upgraded":6,"win_rate":0.0,"timestamp":1613711644,"path_taken":["M","?","M","M","$","E","?","E","T","R","M","?","R","?","R","BOSS","M","?","?","?","?","R","E","R","T","R","M","E","?","M","R","BOSS"],"items_purchased_type":["Card","Card"],"build_version":"2020-12-22","purchased_purges":0,"victory":false,"max_hp_per_floor":[75,75,75,75,75,75,80,80,80,80,80,80,80,80,80,80,80,80,80,80,80,80,80,80,80,80,80,80,80,80,80,80,80,80],"card_choices":[{"not_picked":["Auto Shields","Loop"],"picked":"Ball Lightning","floor":1},{"not_picked":["Stack","Steam"],"picked":"Sweeping Beam","floor":3},{"not_picked":["Gash","Tempest"],"picked":"Self Repair","floor":4},{"not_picked":["Go for the Eyes","Barrage"],"picked":"Seek","floor":6},{"not_picked":["Rebound","Cold Snap"],"picked":"Capacitor","floor":8},{"not_picked":["Steam","Gash"],"picked":"White Noise","floor":11},{"not_picked":["Redo","Rebound"],"picked":"White Noise","floor":14},{"not_picked":["Reboot","Multi-Cast"],"picked":"Seek","floor":16},{"not_picked":["Turbo+1","Cold Snap"],"picked":"Streamline","floor":18},{"not_picked":["Genetic Algorithm","BootSequence"],"picked":"Chaos+1","floor":24},{"not_picked":["Sweeping Beam","Coolheaded+1"],"picked":"Barrage+1","floor":28},{"not_picked":["All For One","Streamline","Sunder"],"picked":"SKIP","floor":29},{"not_picked":["Sunder","Rebound"],"picked":"Storm+1","floor":30},{"not_picked":["Hologram","Fusion","Barrage"],"picked":"SKIP","floor":31}],"player_experience":52386,"relics_obtained":[{"floor":6,"key":"Bottled Flame"},{"floor":8,"key":"Gremlin Horn"},{"floor":9,"key":"Sundial"},{"floor":24,"key":"Anchor"},{"floor":26,"key":"Meat on the Bone"},{"floor":29,"key":"Frozen Egg 2"}],"event_choices":[{"damage_healed":0,"gold_gain":0,"player_choice":"Grow","damage_taken":0,"max_hp_gain":0,"max_hp_loss":0,"event_name":"Living Wall","floor":2,"gold_loss":0,"cards_upgraded":["Zap"]},{"damage_healed":0,"gold_gain":0,"player_choice":"Donut","damage_taken":0,"max_hp_gain":5,"max_hp_loss":0,"event_name":"Big Fish","floor":7,"gold_loss":0},{"damage_healed":0,"gold_gain":0,"player_choice":"Upgraded","damage_taken":0,"max_hp_gain":0,"max_hp_loss":0,"event_name":"Upgrade Shrine","floor":12,"gold_loss":0,"cards_upgraded":["White Noise"]},{"damage_healed":0,"gold_gain":0,"player_choice":"Opened","damage_taken":0,"relics_obtained":["Ancient Tea Set"],"max_hp_gain":0,"max_hp_loss":0,"event_name":"The Mausoleum","floor":20,"gold_loss":0},{"damage_healed":0,"gold_gain":0,"player_choice":"Ignored","damage_taken":0,"max_hp_gain":0,"max_hp_loss":0,"event_name":"Vampires","floor":21,"gold_loss":0},{"damage_healed":0,"gold_gain":0,"player_choice":"Ignored","damage_taken":0,"max_hp_gain":0,"max_hp_loss":0,"event_name":"Ghosts","floor":22,"gold_loss":0}],"is_beta":false,"boss_relics":[{"not_picked":["Fusion Hammer","Velvet Choker"],"picked":"Astrolabe"}],"items_purged_floors":[],"is_endless":false,"potions_floor_spawned":[1,14,16,28,29],"killed_by":"Champ","ascension_level":1}}