{"host":"psh83vqabmtchp5z","time":1613722643,"event":{"mods":["AchievementEnabler","Aspiration","BaseMod","Better Altar","Better Match","Better Skull","Better Third Choice","Better Vampires","BetterRewards","Challenge The Spire","Conspire","Downfall","Gold Saver","Lobotomy","LobotomyExtend","Minty Spire (QoL Compilation)","Quick Restart","Relic Filter","Replay The Spire","Shop Mod","Spicy Shops","StSLib","óô»ðÖ¸ÄÏ"],"gold_per_floor":[238,162,162,162,162,176,193,193,218,238,238,20,20,46,46,93,93,205,205,238,260,260,331,365,402,402,431,431,458,458,501,501,554,554,672,672,743,788,788,820,840,867,916,916,943,943,943,943,989,1015,1015,1043,1043],"floor_reached":54,"language":"ZHS","playtime":27690,"items_purged":[],"score":1263,"play_id":"2d2b23d9-a5d7-42d5-acde-df172299e189","local_time":"20210219161723","is_ascension_mode":true,"campfire_choices":[{"floor":8.0,"key":"REST"},{"floor":51,"key":"DIG"}],"circlet_count":0,"master_deck":["SpecialBullet","SpecialBullet","SpecialBullet","SpecialBullet","DisciplinaryCode","ExtractionCode","Penitence","VoidDream","Spore","MeatLantern","CherryBlossom+1","HappyTeddy","Soda+1","MHz","Christmas+1","Bloodbath","BloodyDesire","Lamp+5","Wellcheers","Twilight","Woodsman","DaCapo","Soda+1","NakedNest","FourthMatchFlame+1","Rudolta","TodaysExpression+1","OSAHOGD","Amita","Lamp+3","SilentOrchestra","Regret_ego+1","BearPaw","DreamingCurrent","GreedKing","GoldRush","RecordCode","Pleasure+1","CENSORED","Spore","BlackSwan","GrinderMk4","SoundOfStar","SpiderBud","TheSmile","Variant","BlackSwan_ego","Wingbeat+1","FourthMatchFlame+1","Ecstasy+1","Regret_ego+1","FieryBird","Amita+1","Regret_ego+1","LifeForTheDareDevil+1","GrinderMk4","TrainingCode","SingingMachine","Soda+1","Regret_ego+1"],"relics":["CogitoBucket","Medical Kit","Frozen Egg 2","LetterFromLob","conspire:TreasureMap","Guardian:PocketSentry","War Paint","Tiny Chest","aspiration:ChemicalBlood","Dream Catcher","Replay:Bandana","AspirationHeart","Boot","aspiration:RandomNobGenerator","Singing Bowl","TreeSap","CaptainsWheel","Pen Nib","Bag of Marbles","Torii","Snecko Heart","ChangeAnything","Gremlin Horn","ReplayTheSpireMod:Lightbulb","Regal Pillow","ReplayTheSpireMod:Ninjato","Bird Faced Urn"],"acts_visited":["Exordium","TheCity","TheBeyond"],"potions_floor_usage":[43,49,52,52,52,52,52,52],"damage_taken":[{"damage":11.0,"enemies":"Jaw Worm","floor":1.0,"turns":3.0},{"damage":15.0,"enemies":"2 Louse","floor":6.0,"turns":3.0},{"damage":1.0,"enemies":"conspire:RoseBush","floor":7.0,"turns":3.0},{"damage":4.0,"enemies":"Replay:BlueRogue","floor":9.0,"turns":5.0},{"damage":6.0,"enemies":"Looter","floor":10.0,"turns":2.0},{"damage":71.0,"enemies":"Exordium Wildlife","floor":14.0,"turns":6.0},{"damage":10.0,"enemies":"3 Sentries","floor":16.0,"turns":4.0},{"damage":12.0,"enemies":"Hexaghost","floor":18.0,"turns":12.0},{"damage":17.0,"enemies":"3 Byrds","floor":20.0,"turns":6.0},{"damage":0.0,"enemies":"Spheric Guardian","floor":21.0,"turns":1.0},{"damage":63.0,"enemies":"Cultist and Chosen","floor":24.0,"turns":8.0},{"damage":10.0,"enemies":"conspire:SneckoGhost","floor":25.0,"turns":5.0},{"damage":39.0,"enemies":"Snake Plant","floor":27.0,"turns":6.0},{"damage":0.0,"enemies":"Snecko","floor":29.0,"turns":3.0},{"damage":22.0,"enemies":"Gremlin Leader","floor":31.0,"turns":7.0},{"damage":0.0,"enemies":"conspire:SneckoGhost","floor":33.0,"turns":2.0},{"damage":28.0,"enemies":"Champ","floor":35.0,"turns":7.0},{"damage":190.0,"enemies":"Orb Walker","floor":37.0,"turns":6.0},{"damage":11.0,"enemies":"conspire:MimicChest","floor":38.0,"turns":8.0},{"damage":41.0,"enemies":"3 Darklings","floor":40.0,"turns":4.0},{"damage":21.0,"enemies":"Spire Growth","floor":41.0,"turns":4.0},{"damage":96.0,"enemies":"Transient","floor":42.0,"turns":5.0},{"damage":23,"enemies":"Giant Head","floor":43,"turns":10},{"damage":25,"enemies":"Maw","floor":49,"turns":6},{"damage":4,"enemies":"Jaw Worm Horde","floor":50,"turns":1},{"damage":229,"enemies":"FixerMidnight","floor":52,"turns":11}],"seed_played":"5574905538951325373","potions_obtained":[{"floor":1.0,"key":"Dexterity Potion"},{"floor":7.0,"key":"LiquidBronze"},{"floor":10.0,"key":"Fire Potion"},{"floor":14.0,"key":"Fire Potion"},{"floor":14.0,"key":"champ:CounterPotion"},{"floor":16.0,"key":"FearPotion"},{"floor":20.0,"key":"Fire Potion"},{"floor":24.0,"key":"Languid Potion"},{"floor":27.0,"key":"Fire Potion"},{"floor":31.0,"key":"Fire Potion"},{"floor":37.0,"key":"champ:CounterPotion"},{"floor":37.0,"key":"Adrenaline Potion"},{"floor":37.0,"key":"Death Potion"},{"floor":39.0,"key":"champ:CounterPotion"},{"floor":39.0,"key":"PowerPotion"},{"floor":42.0,"key":"Milkshake"},{"floor":43,"key":"BlessingOfTheForge"},{"floor":49,"key":"Dexterity Potion"},{"floor":52,"key":"Fire Potion"},{"floor":52,"key":"Strength Potion"},{"floor":52,"key":"SmokeBomb"}],"is_trial":false,"path_per_floor":["M","$","PTL","PTL","?","M","M","R","E","M","T","$","?","M","R","E","R","B",null,"M","M","?","T","M","E","R","M","T","M","R","E","$","E","R","B",null,"M","?","?","M","M","M","E","R","T","T","R","?","M","M","R","B",null,null],"character_chosen":"Angela","items_purchased":["Medical Kit","conspire:TreasureMap","Dream Catcher","Replay:Bandana"],"campfire_rested":1,"item_purchase_floors":[0,2,12,12],"current_hp_per_floor":[59,59,59,59,26,11,10,31,27,22,22,22,80,34,34,29,29,31,90,87,91,98,98,54,69,69,48,48,79,79,124,124,128,128,128,132,84,136,136,136,142,137,141,141,141,141,141,141,152,151,151,137,137],"gold":1043,"neow_bonus":"","is_daily":false,"chose_seed":false,"campfire_upgraded":0,"win_rate":0.0,"timestamp":1613722643,"path_taken":["M","$","PTL","PTL","?","M","M","R","E","M","T","?","?","M","R","E","R","BOSS","M","M","?","?","M","E","R","M","T","M","R","E","$","E","R","BOSS","M","?","?","M","?","M","E","R","T","?","R","?","?","M","R","BOSS"],"items_purchased_type":["Relic","Relic","Relic","Relic"],"build_version":"2020-12-22","purchased_purges":0,"victory":true,"max_hp_per_floor":[70,70,70,70,70,70,70,70,70,70,70,70,80,90,90,90,90,90,90,94,98,98,98,104,110,110,116,116,120,120,124,124,128,128,132,132,136,136,136,138,142,144,144,144,144,144,144,144,152,154,154,154,154],"card_choices":[{"not_picked":["Penitence"],"picked":"SoundOfStar","floor":1.0},{"not_picked":["Hornet","Gaze"],"picked":"SKIP","floor":1.0},{"not_picked":["Lantern"],"picked":"Penitence","floor":6.0},{"not_picked":["Scorched","Murderer"],"picked":"VoidDream","floor":6.0},{"not_picked":["Noise"],"picked":"Spore","floor":6.0},{"not_picked":["BeautyBeast","Bloodbath"],"picked":"MeatLantern","floor":7.0},{"not_picked":["BearPaw"],"picked":"CherryBlossom+1","floor":7.0},{"not_picked":["LaLuna","Freischutz"],"picked":"HappyTeddy","floor":9.0},{"not_picked":["Horn"],"picked":"Soda+1","floor":9.0},{"not_picked":["Discord+1","Adoration"],"picked":"SKIP","floor":9.0},{"not_picked":["Scorched","OSAHOGD"],"picked":"MHz","floor":10.0},{"not_picked":["Ecstasy+1"],"picked":"Christmas+1","floor":10.0},{"not_picked":["Variant","PunishingBird"],"picked":"Bloodbath","floor":14.0},{"not_picked":["FrostShard"],"picked":"BloodyDesire","floor":14.0},{"not_picked":["Hornet","Lantern"],"picked":"SKIP","floor":14.0},{"not_picked":["Adoration"],"picked":"Lamp","floor":16.0},{"not_picked":["PunishingBird","BodiesMountain"],"picked":"Wellcheers","floor":16.0},{"not_picked":["RedEyes","TodaysExpression"],"picked":"SKIP","floor":16.0},{"not_picked":["CENSORED_ego"],"picked":"Twilight","floor":18.0},{"not_picked":["Yin","Laetitia"],"picked":"Woodsman","floor":18.0},{"not_picked":["Pinks"],"picked":"DaCapo","floor":18.0},{"not_picked":["Loneliness"],"picked":"Soda+1","floor":20.0},{"not_picked":["Scarecrow","SpiderBud"],"picked":"NakedNest","floor":20.0},{"not_picked":["Harvest"],"picked":"FourthMatchFlame+1","floor":20.0},{"not_picked":["WallGazer","UniverseFragment"],"picked":"Rudolta","floor":21.0},{"not_picked":["Tough"],"picked":"TodaysExpression+1","floor":21.0},{"not_picked":["Galaxy","Noise"],"picked":"Singing Bowl","floor":24.0},{"not_picked":["OldLady","HeroicMonk"],"picked":"OSAHOGD","floor":24.0},{"not_picked":["Harmony"],"picked":"Amita","floor":24.0},{"not_picked":["Adoration"],"picked":"Lamp","floor":25.0},{"not_picked":["UniverseFragment","BlackArmy"],"picked":"SilentOrchestra","floor":25.0},{"not_picked":["Horn","SomewhereSpear"],"picked":"Singing Bowl","floor":25.0},{"not_picked":["RapturousDream"],"picked":"Regret_ego+1","floor":27.0},{"not_picked":["Noise"],"picked":"BearPaw","floor":27.0},{"not_picked":["Murderer","BigBadWolf"],"picked":"DreamingCurrent","floor":27.0},{"not_picked":["TodaysExpression","CherryBlossom+1"],"picked":"Singing Bowl","floor":27.0},{"not_picked":["LongBird","ShyLook"],"picked":"GreedKing","floor":29.0},{"not_picked":["TodaysExpression"],"picked":"GoldRush","floor":29.0},{"not_picked":["Justitia"],"picked":"Pleasure+1","floor":31.0},{"not_picked":["BeautyBeast","WallGazer"],"picked":"CENSORED","floor":31.0},{"not_picked":["CUTE"],"picked":"Spore","floor":31.0},{"not_picked":["OldLady","Laetitia"],"picked":"BlackSwan","floor":33.0},{"not_picked":["Soda+1"],"picked":"GrinderMk4","floor":33.0},{"not_picked":["Pinks","Justitia"],"picked":"SoundOfStar","floor":35.0},{"not_picked":["Variant","WhitesApple"],"picked":"SpiderBud","floor":35.0},{"not_picked":["Adoration","DaCapo"],"picked":"TheSmile","floor":35.0},{"not_picked":["OldLady","CherryBlossoms"],"picked":"Variant","floor":37.0},{"not_picked":["Tough+1","Beak"],"picked":"BlackSwan_ego","floor":37.0},{"not_picked":["TheSmile","WristCuter"],"picked":"Wingbeat+1","floor":38.0},{"not_picked":["Horn","RapturousDream+1"],"picked":"FourthMatchFlame+1","floor":38.0},{"not_picked":["Beak+1","RapturousDream+1","RedEyes+1"],"picked":"Singing Bowl","floor":40.0},{"not_picked":["BlueScar+1","Wingbeat+1"],"picked":"Ecstasy+1","floor":40.0},{"not_picked":["ScreamingWedge","Lantern"],"picked":"Regret_ego+1","floor":41.0},{"not_picked":["Scarecrow","DespairKnight"],"picked":"FieryBird","floor":41.0},{"not_picked":["FrostShard+1","Moonlight+1"],"picked":"Amita+1","floor":41.0},{"not_picked":["Galaxy","ShedSkin+1"],"picked":"Regret_ego+1","floor":42.0},{"not_picked":["Harvest+1","Twilight","Discord+1"],"picked":"Singing Bowl","floor":42.0},{"not_picked":["Soda+1","Lantern+1"],"picked":"LifeForTheDareDevil+1","floor":43},{"not_picked":["DaCapo","Galaxy"],"picked":"GrinderMk4","floor":43},{"not_picked":["Beak+1","RapturousDream+1","CherryBlossom+1"],"picked":"Singing Bowl","floor":49},{"not_picked":["Yin","GalaxyChild"],"picked":"SingingMachine","floor":49},{"not_picked":["TodaysExpression","Lantern"],"picked":"Soda+1","floor":49},{"not_picked":["Horn+1","RapturousDream+1","WristCuter"],"picked":"Singing Bowl","floor":49},{"not_picked":["MeltingLove","BigBadWolf","HeroicMonk"],"picked":"Singing Bowl","floor":50},{"not_picked":["RedEyes","Horn+1","CrimsonScar"],"picked":"Singing Bowl","floor":50},{"not_picked":["Penitence","CUTE"],"picked":"Regret_ego+1","floor":50}],"player_experience":800301,"relics_obtained":[{"floor":1.0,"key":"LetterFromLob"},{"floor":9.0,"key":"Tiny Chest"},{"floor":11.0,"key":"aspiration:ChemicalBlood"},{"floor":16.0,"key":"Boot"},{"floor":23.0,"key":"Singing Bowl"},{"floor":25.0,"key":"CaptainsWheel"},{"floor":28.0,"key":"Pen Nib"},{"floor":31.0,"key":"Bag of Marbles"},{"floor":33.0,"key":"Torii"},{"floor":38.0,"key":"Gremlin Horn"},{"floor":43,"key":"ReplayTheSpireMod:Lightbulb"},{"floor":45,"key":"Regal Pillow"},{"floor":46,"key":"ReplayTheSpireMod:Ninjato"},{"floor":51,"key":"Bird Faced Urn"}],"event_choices":[{"damage_healed":0.0,"max_hp_gain":0.0,"max_hp_loss":0.0,"gold_gain":0.0,"event_name":"betterSkull:BetterSkull","player_choice":"RE RE ","floor":5.0,"gold_loss":0.0,"damage_taken":37.0,"cards_upgraded":[],"relics_obtained":["Guardian:PocketSentry","War Paint"]},{"cards_removed":["SoundOfStar"],"damage_healed":48.0,"max_hp_gain":10.0,"max_hp_loss":0.0,"gold_gain":0.0,"event_name":"Bonfire Elementals","player_choice":"Offered Rare","floor":13.0,"gold_loss":0.0,"damage_taken":0.0},{"damage_healed":0.0,"max_hp_gain":0.0,"max_hp_loss":0.0,"gold_gain":0.0,"event_name":"Lab","player_choice":"Got Potions","floor":39.0,"gold_loss":0.0,"damage_taken":0.0}],"is_beta":false,"boss_relics":[{"not_picked":["Abe\u0027s Treasure","Replay:Ancient Bell"],"picked":"aspiration:RandomNobGenerator"},{"not_picked":["ReplayTheSpireMod:DimensionalGlitch","Pandora\u0027s Box"],"picked":"Snecko Heart"}],"items_purged_floors":[],"is_endless":false,"potions_floor_spawned":[1,7,10,16,20,24,27,31,37,43,49],"ascension_level":1}}