{"host":"os9owiyb0rak6c8n","time":1613748316,"event":{"mods":["AchievementEnabler","Astrologer","BaseMod","Beaked The Cultist","Better Third Choice","Block Reminder","Colored Map","Colored Powertips","Curses Come First","Dio Mod","Minty Spire (QoL Compilation)","Shapeshifter Mod","Spicy Shops","StSLib","The Death Knight","The Necromancer"],"gold_per_floor":[119,30,30,30,42,42,71,71,94,19,19,31,49,49,49],"floor_reached":14,"language":"ENG","playtime":377,"items_purged":["Strike_G"],"score":145,"play_id":"da188a98-48f1-4950-bbf1-1b0a5181035f","local_time":"20210219162516","is_ascension_mode":true,"campfire_choices":[{"data":"Poisoned Stab","floor":6,"key":"SMITH"}],"circlet_count":0,"master_deck":["AscendersBane","Strike_G","Strike_G","Strike_G","Defend_G","Defend_G","Defend_G","Defend_G","Defend_G","Survivor+1","Neutralize","Flying Knee","Poisoned Stab+1","Sucker Punch","Neutralize","Catalyst"],"relics":["Ring of the Snake","The Specimen","FaceOfCleric","Vajra","Snake Skull","Anchor"],"acts_visited":["Exordium"],"potions_floor_usage":[5],"damage_taken":[{"damage":3,"enemies":"Jaw Worm","floor":1,"turns":7},{"damage":6,"enemies":"Small Slimes","floor":5,"turns":5},{"damage":21,"enemies":"Gremlin Nob","floor":7,"turns":4},{"damage":0,"enemies":"Cultist","floor":12,"turns":3},{"damage":10,"enemies":"2 Fungi Beasts","floor":13,"turns":3},{"damage":25,"enemies":"Lagavulin","floor":14,"turns":3}],"seed_played":"-8487915596034705261","potions_obtained":[{"floor":5,"key":"Fruit Juice"}],"is_trial":false,"path_per_floor":["M","$","?","?","M","R","E","?","T","$","T","M","M","E"],"character_chosen":"THE_SILENT","items_purchased":["The Specimen"],"campfire_rested":0,"item_purchase_floors":[2],"current_hp_per_floor":[60,60,53,53,53,53,33,33,33,33,33,34,25,0,0],"gold":49,"neow_bonus":"UPGRADE_CARD","is_daily":false,"chose_seed":false,"campfire_upgraded":1,"win_rate":0.0,"timestamp":1613748316,"path_taken":["M","$","?","?","?","R","E","?","T","$","?","?","M","E"],"items_purchased_type":["Relic"],"build_version":"2020-12-22","purchased_purges":1,"victory":false,"max_hp_per_floor":[70,70,70,70,76,76,77,77,77,77,77,78,79,79,79],"card_choices":[{"not_picked":["Sucker Punch","Endless Agony"],"picked":"Flying Knee","floor":1},{"not_picked":["Outmaneuver","Backflip"],"picked":"Poisoned Stab","floor":5},{"not_picked":["Deflect","Underhanded Strike"],"picked":"Sucker Punch","floor":7},{"not_picked":["Deflect","Eviscerate","Outmaneuver"],"picked":"SKIP","floor":12},{"not_picked":["Accuracy","Cloak And Dagger"],"picked":"Catalyst","floor":13}],"player_experience":620987,"relics_obtained":[{"floor":7,"key":"Vajra"},{"floor":9,"key":"Snake Skull"},{"floor":11,"key":"Anchor"}],"event_choices":[{"cards_removed":["Strike_G"],"damage_healed":0,"gold_gain":0,"player_choice":"Card Removal","damage_taken":7,"max_hp_gain":0,"max_hp_loss":0,"event_name":"Golden Wing","floor":3,"gold_loss":0},{"damage_healed":0,"gold_gain":0,"player_choice":"Trade","damage_taken":0,"relics_obtained":["FaceOfCleric"],"max_hp_gain":0,"max_hp_loss":0,"event_name":"FaceTrader","floor":4,"gold_loss":0},{"damage_healed":0,"gold_gain":0,"player_choice":"1 cards matched","damage_taken":0,"max_hp_gain":0,"max_hp_loss":0,"event_name":"Match and Keep!","floor":8,"gold_loss":0,"cards_obtained":["Neutralize"]}],"is_beta":false,"boss_relics":[],"items_purged_floors":[10],"is_endless":false,"potions_floor_spawned":[5],"killed_by":"Lagavulin","ascension_level":13}}