{"host":"js2su9tbbk4rmjfl","time":1613728406,"event":{"mods":["AchievementEnabler","BaseMod","Block Reminder","Colored Map","Colored Powertips","Highlight Path","Minty Spire (QoL Compilation)","Relic Stats"],"gold_per_floor":[116,116,134,8,27,27,27,27,52,67,82,82,82,100,100,100,100],"floor_reached":16,"language":"ENG","playtime":1090,"items_purged":[],"score":175,"play_id":"7ab34095-4c6d-499a-89f9-193e7c5e7c40","local_time":"20210219105326","is_ascension_mode":true,"campfire_choices":[{"data":"Clothesline","floor":6,"key":"SMITH"},{"data":"Strike_R","floor":8,"key":"SMITH"},{"floor":15,"key":"REST"}],"circlet_count":0,"master_deck":["AscendersBane","Strike_R+1","Strike_R","Strike_R","Strike_R","Strike_R","Defend_R","Defend_R","Defend_R","Defend_R","Bash","CurseOfTheBell","Evolve","Clothesline+1","Burning Pact","Clash","Reckless Charge","Dual Wield"],"relics":["Calling Bell","Pen Nib","The Courier","Calipers","Golden Idol","Medical Kit","NlothsMask","Pocketwatch"],"acts_visited":["Exordium"],"potions_floor_usage":[14,14,16],"damage_taken":[{"damage":12,"enemies":"Cultist","floor":1,"turns":5},{"damage":16,"enemies":"Jaw Worm","floor":3,"turns":6},{"damage":4,"enemies":"Small Slimes","floor":5,"turns":4},{"damage":12,"enemies":"Blue Slaver","floor":10,"turns":6},{"damage":3,"enemies":"Large Slime","floor":11,"turns":4},{"damage":0,"enemies":"3 Louse","floor":14,"turns":4},{"damage":63,"enemies":"Slime Boss","floor":16,"turns":8}],"seed_played":"-2035522127425357354","potions_obtained":[{"floor":1,"key":"Energy Potion"},{"floor":11,"key":"Fire Potion"},{"floor":14,"key":"EssenceOfSteel"}],"is_trial":false,"path_per_floor":["M","?","M","$","M","R","?","R","T","M","M","?","?","M","R","B"],"character_chosen":"IRONCLAD","items_purchased":["Medical Kit"],"campfire_rested":1,"item_purchase_floors":[4],"current_hp_per_floor":[56,56,40,40,36,36,36,36,36,24,21,16,38,38,58,0,0],"gold":100,"neow_bonus":"BOSS_RELIC","is_daily":false,"chose_seed":false,"campfire_upgraded":2,"win_rate":0.0,"timestamp":1613728406,"path_taken":["M","?","M","$","M","R","?","R","T","M","?","?","?","M","R","BOSS"],"items_purchased_type":["Relic"],"build_version":"2020-12-22","purchased_purges":0,"victory":false,"max_hp_per_floor":[75,68,68,68,68,68,68,68,68,68,68,68,68,68,68,68,68],"relic_stats":{"counters":[7,37],"Golden Idol":18,"Pen Nib":[5],"Medical Kit":[2],"obtain_stats":[{"Calling Bell":0,"Calipers":0,"Golden Idol":2,"Pen Nib":0,"The Courier":0,"Medical Kit":4,"Burning Blood":0,"NlothsMask":7,"Pocketwatch":12},{"Calling Bell":0,"Calipers":0,"Golden Idol":1,"Pen Nib":0,"The Courier":0,"Medical Kit":2,"Burning Blood":0,"NlothsMask":3,"Pocketwatch":5},{"Calling Bell":0,"Calipers":0,"Golden Idol":5,"Pen Nib":0,"The Courier":0,"Medical Kit":11,"Burning Blood":0,"NlothsMask":15,"Pocketwatch":25}],"Pocketwatch":[21]},"card_choices":[{"not_picked":["Pommel Strike","Wild Strike"],"picked":"Evolve","floor":1},{"not_picked":["Flame Barrier","Warcry"],"picked":"Clothesline","floor":3},{"not_picked":["Entrench","Sever Soul"],"picked":"Burning Pact","floor":5},{"not_picked":["Perfected Strike","Pummel"],"picked":"Clash","floor":10},{"not_picked":["Shrug It Off","Flex"],"picked":"Reckless Charge","floor":11},{"not_picked":["Rupture","Havoc"],"picked":"Dual Wield","floor":14}],"player_experience":861681,"relics_obtained":[{"floor":0,"key":"Pen Nib"},{"floor":0,"key":"The Courier"},{"floor":0,"key":"Calipers"}],"event_choices":[{"damage_healed":0,"gold_gain":0,"player_choice":"Lose Max HP","damage_taken":0,"relics_obtained":["Golden Idol"],"max_hp_gain":0,"max_hp_loss":7,"event_name":"Golden Idol","floor":2,"gold_loss":0},{"damage_healed":0,"gold_gain":0,"player_choice":"Trade","damage_taken":0,"relics_obtained":["NlothsMask"],"max_hp_gain":0,"max_hp_loss":0,"event_name":"FaceTrader","floor":7,"gold_loss":0},{"damage_healed":0,"gold_gain":0,"player_choice":"Success","damage_taken":5,"relics_obtained":["Pocketwatch"],"max_hp_gain":0,"max_hp_loss":0,"event_name":"Scrap Ooze","floor":12,"gold_loss":0},{"damage_healed":22,"gold_gain":0,"player_choice":"Banana","damage_taken":0,"max_hp_gain":0,"max_hp_loss":0,"event_name":"Big Fish","floor":13,"gold_loss":0}],"is_beta":false,"boss_relics":[],"items_purged_floors":[],"is_endless":false,"potions_floor_spawned":[1,11,14],"killed_by":"Slime Boss","ascension_level":18}}