{"host":"mwb0clku6crgv6yl","time":1613723604,"event":{"mods":["AchievementEnabler","BaseMod","Highlight Path","Minty Spire (QoL Compilation)","StSLib","The Cursed"],"gold_per_floor":[118,135,310,324,324,350,350,350,418,418,30,101,151,203,203,305,305,349,225,270,145,145,221,233,283,595,607,686,739,751,789,801,813,813],"floor_reached":33,"language":"ZHS","playtime":1743,"items_purged":["Strike_G","Defend_G","Defend_G"],"score":320,"play_id":"51fe9b8a-afad-448c-951a-6ca7f4fe5a4a","local_time":"20210219163324","is_ascension_mode":false,"campfire_choices":[{"data":"Neutralize","floor":7.0,"key":"SMITH"},{"floor":10.0,"key":"REST"},{"data":"HandOfGreed","floor":15.0,"key":"SMITH"},{"data":"Calculated Gamble","floor":24.0,"key":"SMITH"},{"floor":27.0,"key":"REST"},{"floor":32,"key":"REST"}],"circlet_count":0,"master_deck":["Strike_G","Strike_G+1","Strike_G+1","Strike_G","Defend_G+1","Defend_G","Defend_G","Survivor+1","Neutralize+1","HandOfGreed+1","Blur","Dash","Backflip","Calculated Gamble+1","Escape Plan","Dagger Throw"],"relics":["Ring of the Snake","NeowsBlessing","Ancient Tea Set","Sundial","Medical Kit","HoveringKite","Tough Bandages","MawBank","Old Coin","Nloth\u0027s Gift","Unceasing Top"],"acts_visited":["Exordium","TheCity"],"potions_floor_usage":[31,31,31],"damage_taken":[{"damage":0.0,"enemies":"Jaw Worm","floor":1.0,"turns":1.0},{"damage":0.0,"enemies":"Small Slimes","floor":2.0,"turns":1.0},{"damage":0.0,"enemies":"Cultist","floor":4.0,"turns":1.0},{"damage":35.0,"enemies":"3 Sentries","floor":6.0,"turns":16.0},{"damage":0.0,"enemies":"Lots of Slimes","floor":12.0,"turns":7.0},{"damage":17.0,"enemies":"Lagavulin","floor":13.0,"turns":7.0},{"damage":0.0,"enemies":"2 Fungi Beasts","floor":14.0,"turns":6.0},{"damage":11.0,"enemies":"Slime Boss","floor":16.0,"turns":5.0},{"damage":0.0,"enemies":"3 Byrds","floor":18.0,"turns":7.0},{"damage":4.0,"enemies":"Shell Parasite","floor":20.0,"turns":7.0},{"damage":41.0,"enemies":"Slavers","floor":23.0,"turns":9.0},{"damage":0.0,"enemies":"Centurion and Healer","floor":25.0,"turns":6.0},{"damage":0.0,"enemies":"Shelled Parasite and Fungi","floor":28.0,"turns":7.0},{"damage":0.0,"enemies":"Snecko","floor":29.0,"turns":5.0},{"damage":44,"enemies":"Gremlin Leader","floor":31,"turns":12},{"damage":36,"enemies":"Collector","floor":33,"turns":17}],"seed_played":"-2701269179456844903","potions_obtained":[{"floor":4.0,"key":"AttackPotion"},{"floor":6.0,"key":"Block Potion"},{"floor":13.0,"key":"GamblersBrew"},{"floor":14.0,"key":"Fruit Juice"},{"floor":20.0,"key":"LiquidBronze"},{"floor":23.0,"key":"AttackPotion"},{"floor":29.0,"key":"Poison Potion"}],"is_trial":false,"path_per_floor":["M","M","?","M","?","E","R","?","T","R","$","M","E","M","R","B",null,"M","$","M","$","?","E","R","M","T","R","M","M","?","E","R","B"],"character_chosen":"THE_SILENT","items_purchased":["Medical Kit","HandOfGreed","Backflip"],"campfire_rested":3,"item_purchase_floors":[11,11,19],"current_hp_per_floor":[70,70,70,70,56,21,21,21,21,42,42,42,25,30,30,19,75,75,75,71,71,71,30,30,30,30,52,52,52,52,8,30,0,0],"gold":813,"neow_bonus":"THREE_ENEMY_KILL","is_daily":false,"chose_seed":false,"campfire_upgraded":3,"win_rate":0.0,"timestamp":1613723604,"path_taken":["M","M","?","M","?","E","R","?","T","R","$","M","E","M","R","BOSS","M","$","M","$","?","E","R","?","T","R","M","M","?","E","R","BOSS"],"items_purchased_type":["Relic","Card","Card"],"build_version":"2020-12-22","purchased_purges":3,"victory":false,"max_hp_per_floor":[70,70,70,70,70,70,70,70,70,70,70,70,70,75,75,75,75,75,75,75,75,75,75,75,75,75,75,75,75,75,75,75,75,75],"card_choices":[{"not_picked":["Outmaneuver","Dodge and Roll","Deflect"],"picked":"SKIP","floor":1.0},{"not_picked":["Underhanded Strike","Choke","Bane"],"picked":"SKIP","floor":2.0},{"not_picked":["Blade Dance","Bane","Noxious Fumes"],"picked":"SKIP","floor":4.0},{"not_picked":["Noxious Fumes","Caltrops"],"picked":"Dagger Throw","floor":6.0},{"not_picked":["Underhanded Strike","Endless Agony","Concentrate"],"picked":"SKIP","floor":12.0},{"not_picked":["Caltrops","Sucker Punch"],"picked":"Blur","floor":13.0},{"not_picked":["PiercingWail","Eviscerate"],"picked":"Dash","floor":14.0},{"not_picked":["Flying Knee","Slice+1","Cloak And Dagger"],"picked":"SKIP","floor":18.0},{"not_picked":["Masterful Stab","Deflect+1","Riddle With Holes"],"picked":"SKIP","floor":20.0},{"not_picked":["Blade Dance","Catalyst","Calculated Gamble"],"picked":"SKIP","floor":23.0},{"not_picked":["Blade Dance","Catalyst"],"picked":"Calculated Gamble","floor":23.0},{"not_picked":["Dagger Spray","Riddle With Holes"],"picked":"Escape Plan","floor":25.0},{"not_picked":["Blur+1","Predator","Catalyst"],"picked":"SKIP","floor":28.0},{"not_picked":["Quick Slash+1","Cloak And Dagger+1","Dodge and Roll+1"],"picked":"SKIP","floor":29.0},{"not_picked":["Malaise","Infinite Blades"],"picked":"Dagger Throw","floor":31}],"player_experience":353773,"relics_obtained":[{"floor":6.0,"key":"Ancient Tea Set"},{"floor":9.0,"key":"Sundial"},{"floor":13.0,"key":"Whetstone"},{"floor":23.0,"key":"MawBank"},{"floor":26.0,"key":"Old Coin"},{"floor":31,"key":"Unceasing Top"}],"event_choices":[{"damage_healed":0.0,"max_hp_gain":0.0,"max_hp_loss":0.0,"gold_gain":175.0,"event_name":"Liars Game","player_choice":"AGREE","floor":3.0,"gold_loss":0.0,"damage_taken":0.0,"cards_obtained":["Doubt"]},{"damage_healed":0.0,"max_hp_gain":0.0,"max_hp_loss":0.0,"gold_gain":0.0,"event_name":"Shining Light","player_choice":"Entered Light","floor":5.0,"gold_loss":0.0,"damage_taken":14.0,"cards_upgraded":["Defend_G","Survivor"]},{"cards_removed":["Doubt"],"damage_healed":0.0,"max_hp_gain":0.0,"max_hp_loss":0.0,"gold_gain":0.0,"event_name":"Purifier","player_choice":"Purged","floor":8.0,"gold_loss":0.0,"damage_taken":0.0},{"cards_removed":["Dagger Throw"],"damage_healed":0.0,"max_hp_gain":0.0,"max_hp_loss":0.0,"gold_gain":0.0,"event_name":"WeMeetAgain","player_choice":"Gave Card","floor":22.0,"gold_loss":0.0,"damage_taken":0.0,"relics_obtained":["Tough Bandages"]},{"damage_healed":0.0,"max_hp_gain":0.0,"max_hp_loss":0.0,"gold_gain":0.0,"event_name":"N\u0027loth","player_choice":"Traded Relic","floor":30.0,"relics_lost":["Whetstone"],"gold_loss":0.0,"damage_taken":0.0,"relics_obtained":["Nloth\u0027s Gift"]}],"is_beta":false,"boss_relics":[{"not_picked":["Calling Bell","SacredBark"],"picked":"HoveringKite"}],"items_purged_floors":[11,19,21],"is_endless":false,"potions_floor_spawned":[4,6,13,14,20,23,29],"killed_by":"Collector","ascension_level":0}}