{"host":"qgrlfjrqk9z96gfi","time":1613701790,"event":{"mods":["BaseMod","Block Reminder","Colored Map","Custom Start","DeckTracker","Minty Spire (QoL Compilation)"],"gold_per_floor":[112,34,48,48,48,48,75,75,75,75,75,116,41,59,59,153,153,176,176,190,190,208,208,243,243,290,305,21,61,74,74,74],"floor_reached":31,"language":"ENG","playtime":822,"items_purged":["Strike_G"],"score":662,"play_id":"42bc511b-3032-4d22-838d-4222198a28fb","local_time":"20210218162950","is_ascension_mode":true,"campfire_choices":[{"data":"Riddle With Holes","floor":6.0,"key":"SMITH"},{"data":"Neutralize","floor":8.0,"key":"SMITH"},{"data":"Venomology","floor":15.0,"key":"SMITH"},{"data":"J.A.X.","floor":23.0,"key":"SMITH"},{"data":"Phantasmal Killer","floor":25.0,"key":"SMITH"}],"circlet_count":0,"master_deck":["AscendersBane","Defend_G","Defend_G","Defend_G","Defend_G","Defend_G","Survivor","Neutralize+1","Sucker Punch","Finisher","Riddle With Holes+1","PiercingWail","Venomology+1","Well Laid Plans","Adrenaline","All Out Attack+1","All Out Attack+1","Poisoned Stab+1","Prepared+1","Backflip","Infinite Blades+1","J.A.X.+1","Distraction+1","Phantasmal Killer+1","Blade Dance","Dagger Throw","Apotheosis","Blade Dance","Tactician"],"relics":["Ring of the Snake","NeowsBlessing","Bottled Flame","Darkstone Periapt","Golden Idol","Du-Vu Doll","Astrolabe","CaptainsWheel","Bronze Scales","Strawberry"],"acts_visited":["Exordium","TheCity"],"potions_floor_usage":[29,29,30,31,31],"damage_taken":[{"damage":0.0,"enemies":"Jaw Worm","floor":1.0,"turns":1.0},{"damage":0.0,"enemies":"Small Slimes","floor":3.0,"turns":1.0},{"damage":0.0,"enemies":"3 Sentries","floor":7.0,"turns":1.0},{"damage":7.0,"enemies":"Lagavulin","floor":12.0,"turns":5.0},{"damage":0.0,"enemies":"2 Louse","floor":14.0,"turns":2.0},{"damage":27.0,"enemies":"Hexaghost","floor":16.0,"turns":12.0},{"damage":0.0,"enemies":"Chosen","floor":18.0,"turns":3.0},{"damage":3.0,"enemies":"2 Thieves","floor":20.0,"turns":3.0},{"damage":4.0,"enemies":"Snecko","floor":22.0,"turns":4.0},{"damage":3.0,"enemies":"Gremlin Leader","floor":24.0,"turns":3.0},{"damage":26.0,"enemies":"Centurion and Healer","floor":27.0,"turns":5.0},{"damage":8,"enemies":"Slavers","floor":29,"turns":4},{"damage":7,"enemies":"Chosen and Byrds","floor":30,"turns":3},{"damage":7,"enemies":"Snake Plant","floor":31,"turns":1}],"seed_played":"2247498237000124302","potions_obtained":[{"floor":1.0,"key":"SkillPotion"},{"floor":7.0,"key":"EssenceOfSteel"},{"floor":12.0,"key":"PowerPotion"},{"floor":16.0,"key":"CunningPotion"},{"floor":22.0,"key":"Weak Potion"},{"floor":24.0,"key":"Energy Potion"},{"floor":27.0,"key":"FearPotion"},{"floor":30,"key":"Block Potion"}],"is_trial":false,"path_per_floor":["M","$","M","$","?","R","E","R","T","?","?","E","$","M","R","B",null,"M","?","M","?","M","R","E","R","T","M","$","E","M","M"],"character_chosen":"THE_SILENT","items_purchased":["Finisher","Blade Dance","Dagger Throw","Apotheosis"],"campfire_rested":0,"item_purchase_floors":[2,28,28,28],"current_hp_per_floor":[59,59,59,59,59,59,59,59,59,59,59,52,52,52,52,25,51,51,51,48,48,44,44,41,41,41,15,15,14,7,0,0],"gold":74,"neow_bonus":"THREE_ENEMY_KILL","is_daily":false,"chose_seed":false,"campfire_upgraded":5,"win_rate":0.0,"timestamp":1613701790,"path_taken":["M","$","M","$","?","R","E","R","T","?","?","E","$","M","R","BOSS","M","?","M","?","M","R","E","R","T","M","$","E","M","?"],"items_purchased_type":["Card","Card","Card","Card"],"build_version":"2020-12-22","purchased_purges":1,"victory":false,"max_hp_per_floor":[66,66,66,66,66,66,66,66,66,60,60,60,60,60,60,60,60,60,60,60,60,60,60,60,60,60,60,60,67,67,67,67],"card_choices":[{"not_picked":["Noxious Fumes","Outmaneuver"],"picked":"Sucker Punch","floor":1.0},{"not_picked":["Predator","Expertise"],"picked":"Riddle With Holes","floor":3.0},{"not_picked":["Flying Knee","Heel Hook","Infinite Blades"],"picked":"SKIP","floor":7.0},{"not_picked":["Prepared","Slice"],"picked":"Venomology","floor":12.0},{"not_picked":["Outmaneuver","Deflect"],"picked":"Well Laid Plans","floor":14.0},{"not_picked":["Burst","Tools of the Trade"],"picked":"Adrenaline","floor":16.0},{"not_picked":["Sucker Punch","Backflip"],"picked":"Prepared+1","floor":18.0},{"not_picked":["Slice","Acrobatics"],"picked":"Infinite Blades+1","floor":20.0},{"not_picked":["Reflex","Outmaneuver"],"picked":"Distraction+1","floor":22.0},{"not_picked":["Crippling Poison","Slice"],"picked":"Phantasmal Killer","floor":24.0},{"not_picked":["Escape Plan","Flechettes","Deflect"],"picked":"SKIP","floor":27.0},{"not_picked":["Quick Slash","Bane"],"picked":"Blade Dance","floor":29},{"not_picked":["Poisoned Stab+1","Dagger Spray"],"picked":"Tactician","floor":30}],"player_experience":1164749,"relics_obtained":[{"floor":7.0,"key":"Bottled Flame"},{"floor":9.0,"key":"Darkstone Periapt"},{"floor":12.0,"key":"Du-Vu Doll"},{"floor":24.0,"key":"CaptainsWheel"},{"floor":26.0,"key":"Bronze Scales"},{"floor":29,"key":"Strawberry"}],"event_choices":[{"damage_healed":0.0,"max_hp_gain":0.0,"max_hp_loss":0.0,"gold_gain":0.0,"event_name":"The Cleric","player_choice":"Leave","floor":5.0,"gold_loss":0.0,"damage_taken":0.0},{"damage_healed":0.0,"max_hp_gain":0.0,"max_hp_loss":6.0,"gold_gain":0.0,"event_name":"Golden Idol","player_choice":"Lose Max HP","floor":10.0,"gold_loss":0.0,"damage_taken":0.0,"relics_obtained":["Golden Idol"]},{"damage_healed":0.0,"max_hp_gain":0.0,"max_hp_loss":0.0,"gold_gain":0.0,"cards_transformed":["Strike_G"],"event_name":"Transmorgrifier","player_choice":"Transformed","floor":11.0,"gold_loss":0.0,"damage_taken":0.0,"cards_obtained":["PiercingWail"]},{"damage_healed":0.0,"max_hp_gain":0.0,"max_hp_loss":0.0,"gold_gain":0.0,"event_name":"The Library","player_choice":"Read","floor":19.0,"gold_loss":0.0,"damage_taken":0.0,"cards_obtained":["Backflip"]},{"damage_healed":0.0,"max_hp_gain":0.0,"max_hp_loss":0.0,"gold_gain":0.0,"event_name":"Drug Dealer","player_choice":"Obtain J.A.X.","floor":21.0,"gold_loss":0.0,"damage_taken":0.0,"cards_obtained":["J.A.X."]}],"is_beta":false,"boss_relics":[{"not_picked":["Snecko Eye","Runic Pyramid"],"picked":"Astrolabe"}],"items_purged_floors":[13],"is_endless":false,"potions_floor_spawned":[1,7,12,16,22,24,27,30],"killed_by":"Snake Plant","ascension_level":20}}