{"host":"2l5k2wp87eek7qja","time":1613763339,"event":{"mods":["BaseMod","Colored Map","Minty Spire (QoL Compilation)","Relic Stats"],"gold_per_floor":[115,126,138,138,149,149,166,193,193,31,31,57,132,145,145,219,219,232,232,252,270,34,69,69,94,94,94,107,123,135,135,135,206,206,217,60,60,85,95,95,170,170,170,180,214,224,256,256,256,256,256,256,256,47,72,72],"floor_reached":57,"language":"ENG","playtime":2769,"items_purged":["Strike_G","Strike_G"],"score":2849,"play_id":"e84d49ef-982c-4492-ac13-7744cdf03ec0","local_time":"20210219213539","is_ascension_mode":true,"campfire_choices":[{"data":"Dash","floor":6.0,"key":"SMITH"},{"floor":11.0,"key":"REST"},{"data":"Catalyst","floor":15.0,"key":"SMITH"},{"data":"Burst","floor":24.0,"key":"SMITH"},{"data":"Burst","floor":27.0,"key":"SMITH"},{"floor":32.0,"key":"RECALL"},{"data":"A Thousand Cuts","floor":40.0,"key":"SMITH"},{"data":"Catalyst","floor":42.0,"key":"SMITH"},{"data":"Night Terror","floor":49.0,"key":"SMITH"},{"data":"Strike_G","floor":53.0,"key":"PURGE"}],"circlet_count":0,"master_deck":["AscendersBane","Defend_G","Defend_G","Defend_G","Defend_G","Survivor","Neutralize+1","Wraith Form v2+1","Choke+1","Blade Dance+1","Catalyst+1","Infinite Blades","Dash+1","Deadly Poison","Burst+1","Slice","Backstab","Burst+1","Catalyst+1","Wraith Form v2+1","Deflect+1","A Thousand Cuts+1","Accuracy+1","Catalyst+1","Night Terror+1","Well Laid Plans+1","Corpse Explosion"],"relics":["Astrolabe","Ginger","Gambling Chip","Centennial Puzzle","Ornamental Fan","WristBlade","CultistMask","DollysMirror","Peace Pipe","Orichalcum","Pantograph","SacredBark","Oddly Smooth Stone","Prayer Wheel","StoneCalendar","The Courier","Snake Skull","Bag of Preparation"],"acts_visited":["Exordium","TheCity","TheBeyond","TheEnding"],"potions_floor_usage":[55,56],"damage_taken":[{"damage":0.0,"enemies":"Cultist","floor":1.0,"turns":3.0},{"damage":2.0,"enemies":"Jaw Worm","floor":2.0,"turns":3.0},{"damage":0.0,"enemies":"2 Louse","floor":3.0,"turns":3.0},{"damage":0.0,"enemies":"Exordium Wildlife","floor":5.0,"turns":5.0},{"damage":13.0,"enemies":"Exordium Thugs","floor":7.0,"turns":4.0},{"damage":31.0,"enemies":"3 Sentries","floor":8.0,"turns":9.0},{"damage":1.0,"enemies":"Gremlin Nob","floor":12.0,"turns":5.0},{"damage":1.0,"enemies":"Red Slaver","floor":14.0,"turns":4.0},{"damage":1.0,"enemies":"Slime Boss","floor":16.0,"turns":6.0},{"damage":0.0,"enemies":"Chosen","floor":18.0,"turns":3.0},{"damage":0.0,"enemies":"2 Thieves","floor":20.0,"turns":2.0},{"damage":0.0,"enemies":"Snecko","floor":21.0,"turns":2.0},{"damage":1.0,"enemies":"Slavers","floor":23.0,"turns":4.0},{"damage":2.0,"enemies":"Book of Stabbing","floor":25.0,"turns":3.0},{"damage":0.0,"enemies":"Chosen and Byrds","floor":28.0,"turns":5.0},{"damage":0.0,"enemies":"3 Cultists","floor":29.0,"turns":3.0},{"damage":0.0,"enemies":"Snake Plant","floor":30.0,"turns":5.0},{"damage":0.0,"enemies":"Automaton","floor":33.0,"turns":8.0},{"damage":11.0,"enemies":"3 Darklings","floor":35.0,"turns":6.0},{"damage":0.0,"enemies":"Mind Bloom Boss Battle","floor":38.0,"turns":8.0},{"damage":0.0,"enemies":"Orb Walker","floor":39.0,"turns":5.0},{"damage":0.0,"enemies":"Jaw Worm Horde","floor":44.0,"turns":6.0},{"damage":0.0,"enemies":"Giant Head","floor":45.0,"turns":8.0},{"damage":16.0,"enemies":"Maw","floor":46.0,"turns":5.0},{"damage":27.0,"enemies":"Nemesis","floor":47.0,"turns":5.0},{"damage":30.0,"enemies":"Awakened One","floor":50.0,"turns":15.0},{"damage":25.0,"enemies":"Donu and Deca","floor":51.0,"turns":9.0},{"damage":28,"enemies":"Shield and Spear","floor":55,"turns":11},{"damage":60,"enemies":"The Heart","floor":56,"turns":13}],"seed_played":"1268128603525780329","potions_obtained":[{"floor":2.0,"key":"EssenceOfSteel"},{"floor":5.0,"key":"FearPotion"},{"floor":14.0,"key":"Fire Potion"},{"floor":16.0,"key":"Swift Potion"},{"floor":20.0,"key":"Swift Potion"},{"floor":21.0,"key":"CunningPotion"},{"floor":23.0,"key":"Block Potion"},{"floor":28.0,"key":"EntropicBrew"},{"floor":29.0,"key":"DuplicationPotion"},{"floor":39.0,"key":"GhostInAJar"},{"floor":46.0,"key":"Explosive Potion"},{"floor":47.0,"key":"Energy Potion"},{"floor":55,"key":"Swift Potion"}],"is_trial":false,"path_per_floor":["M","M","M","?","M","R","M","E","T","$","R","E","?","M","R","B",null,"M","?","M","M","$","E","R","E","T","R","M","M","M","?","R","B",null,"M","$","?","?","M","R","T","R","T","M","E","M","E","?","R","B","B",null,"R","$","E","B",null],"character_chosen":"THE_SILENT","items_purchased":["Centennial Puzzle","DollysMirror","Oddly Smooth Stone","Ancient Potion","Regen Potion"],"campfire_rested":1,"item_purchase_floors":[10,22,36,54,54],"current_hp_per_floor":[59,57,57,57,57,57,44,13,13,13,32,31,20,19,19,18,54,54,54,54,54,54,53,53,51,51,51,51,51,51,47,47,66,66,55,55,55,63,63,63,63,63,63,63,63,47,39,39,39,33,33,56,56,56,63,3],"gold":72,"neow_bonus":"BOSS_RELIC","is_daily":false,"chose_seed":false,"campfire_upgraded":7,"win_rate":0.0,"timestamp":1613763339,"path_taken":["M","?","M","?","M","R","M","E","T","$","R","E","?","M","R","BOSS","M","?","M","?","?","E","R","E","T","R","M","M","M","?","R","BOSS","M","$","?","?","M","R","?","R","T","M","E","?","E","?","R","BOSS","BOSS","R","$","E","BOSS"],"items_purchased_type":["Relic","Relic","Relic","Potion","Potion"],"build_version":"2020-12-22","purchased_purges":2,"victory":true,"max_hp_per_floor":[66,66,66,66,66,66,66,66,66,66,66,66,66,66,66,66,66,66,66,66,66,66,66,66,66,66,66,66,66,66,66,66,66,66,66,66,63,63,63,63,63,63,63,63,63,63,63,63,63,63,63,63,63,63,63,63],"relic_stats":{"counters":[29,168],"Astrolabe":["Wraith Form v2","Choke","Blade Dance"],"StoneCalendar":[279],"Snake Skull":[29],"Bag of Preparation":[2],"Ginger":[17],"Orichalcum":[426],"Peace Pipe":1,"Centennial Puzzle":[36],"Ornamental Fan":[200],"Gambling Chip":[78],"Pantograph":76,"Prayer Wheel":3,"obtain_stats":[{"Astrolabe":0,"SacredBark":34,"Oddly Smooth Stone":36,"StoneCalendar":43,"The Courier":45,"Snake Skull":47,"Bag of Preparation":55,"Ginger":8,"Orichalcum":25,"Peace Pipe":23,"Centennial Puzzle":10,"WristBlade":17,"Ornamental Fan":12,"DollysMirror":22,"Gambling Chip":9,"Pantograph":26,"Prayer Wheel":38,"CultistMask":19,"Ring of the Snake":0},{"Astrolabe":0,"SacredBark":18,"Oddly Smooth Stone":19,"StoneCalendar":21,"The Courier":23,"Snake Skull":25,"Bag of Preparation":28,"Ginger":6,"Orichalcum":14,"Peace Pipe":13,"Centennial Puzzle":6,"WristBlade":9,"Ornamental Fan":7,"DollysMirror":12,"Gambling Chip":6,"Pantograph":14,"Prayer Wheel":20,"CultistMask":10,"Ring of the Snake":0},{"Astrolabe":0,"SacredBark":77,"Oddly Smooth Stone":83,"StoneCalendar":96,"The Courier":110,"Snake Skull":120,"Bag of Preparation":155,"Ginger":27,"Orichalcum":56,"Peace Pipe":53,"Centennial Puzzle":27,"WristBlade":42,"Ornamental Fan":32,"DollysMirror":49,"Gambling Chip":27,"Pantograph":56,"Prayer Wheel":91,"CultistMask":45,"Ring of the Snake":0}]},"card_choices":[{"not_picked":["Flying Knee","Slice"],"picked":"Catalyst","floor":1.0},{"not_picked":["Dodge and Roll","Acrobatics"],"picked":"Infinite Blades","floor":2.0},{"not_picked":["Prepared","Slice"],"picked":"Dash","floor":3.0},{"not_picked":["Dagger Throw","Blur","Escape Plan"],"picked":"SKIP","floor":5.0},{"not_picked":["Slice","Concentrate"],"picked":"Deadly Poison","floor":7.0},{"not_picked":["Deadly Poison","Slice"],"picked":"Burst","floor":8.0},{"not_picked":["Riddle With Holes","Prepared"],"picked":"Slice","floor":12.0},{"not_picked":["Infinite Blades","Deflect"],"picked":"Backstab","floor":14.0},{"not_picked":["Venomology","Tools of the Trade"],"picked":"Burst","floor":16.0},{"not_picked":["Dagger Throw","Prepared"],"picked":"Catalyst+1","floor":18.0},{"not_picked":["Deadly Poison","Bane+1","Acrobatics"],"picked":"SKIP","floor":20.0},{"not_picked":["Infinite Blades","Sucker Punch","Acrobatics"],"picked":"SKIP","floor":21.0},{"not_picked":["Sucker Punch","Dodge and Roll"],"picked":"Endless Agony","floor":23.0},{"not_picked":["Choke","Endless Agony","Skewer"],"picked":"SKIP","floor":25.0},{"not_picked":["Doppelganger","Distraction","Cloak And Dagger"],"picked":"SKIP","floor":28.0},{"not_picked":["Eviscerate","Distraction+1","Deflect"],"picked":"SKIP","floor":29.0},{"not_picked":["Escape Plan","Underhanded Strike"],"picked":"Deflect+1","floor":30.0},{"not_picked":["Envenom","Tools of the Trade"],"picked":"A Thousand Cuts","floor":33.0},{"not_picked":["Quick Slash+1","Underhanded Strike","Blade Dance"],"picked":"SKIP","floor":35.0},{"not_picked":["PiercingWail","Calculated Gamble"],"picked":"Accuracy+1","floor":38.0},{"not_picked":["Caltrops","Outmaneuver+1"],"picked":"Catalyst","floor":39.0},{"not_picked":["Escape Plan","Infinite Blades","Predator"],"picked":"SKIP","floor":39.0},{"not_picked":["Quick Slash+1","Deflect"],"picked":"Night Terror","floor":44.0},{"not_picked":["Sucker Punch","Quick Slash","Accuracy"],"picked":"SKIP","floor":44.0},{"not_picked":["Dagger Spray+1","Acrobatics","Slice"],"picked":"SKIP","floor":45.0},{"not_picked":["Poisoned Stab","Blade Dance"],"picked":"Well Laid Plans+1","floor":46.0},{"not_picked":["Deadly Poison+1","Distraction","Finisher"],"picked":"SKIP","floor":46.0},{"not_picked":["Blade Dance","Noxious Fumes"],"picked":"Corpse Explosion","floor":47.0},{"not_picked":["Doppelganger","Deadly Poison+1","Bane"],"picked":"SKIP","floor":55}],"player_experience":811491,"relics_obtained":[{"floor":8.0,"key":"Ginger"},{"floor":9.0,"key":"Gambling Chip"},{"floor":12.0,"key":"Ornamental Fan"},{"floor":23.0,"key":"Peace Pipe"},{"floor":25.0,"key":"Orichalcum"},{"floor":26.0,"key":"Pantograph"},{"floor":38.0,"key":"Prayer Wheel"},{"floor":43.0,"key":"StoneCalendar"},{"floor":45.0,"key":"The Courier"},{"floor":47.0,"key":"Snake Skull"},{"floor":55,"key":"Bag of Preparation"}],"event_choices":[{"damage_healed":0.0,"max_hp_gain":0.0,"max_hp_loss":0.0,"gold_gain":0.0,"event_name":"Living Wall","player_choice":"Grow","floor":4.0,"gold_loss":0.0,"damage_taken":0.0,"cards_upgraded":["Neutralize"]},{"damage_healed":0.0,"max_hp_gain":0.0,"max_hp_loss":0.0,"gold_gain":75.0,"event_name":"World of Goop","player_choice":"Gather Gold","floor":13.0,"gold_loss":0.0,"damage_taken":11.0},{"damage_healed":0.0,"max_hp_gain":0.0,"max_hp_loss":0.0,"gold_gain":0.0,"event_name":"FaceTrader","player_choice":"Trade","floor":19.0,"gold_loss":0.0,"damage_taken":0.0,"relics_obtained":["CultistMask"]},{"damage_healed":0.0,"max_hp_gain":0.0,"max_hp_loss":0.0,"gold_gain":0.0,"event_name":"The Woman in Blue","player_choice":"Bought 0 Potions","floor":31.0,"gold_loss":0.0,"damage_taken":0.0},{"damage_healed":0.0,"max_hp_gain":0.0,"max_hp_loss":3.0,"gold_gain":0.0,"event_name":"Winding Halls","player_choice":"Max HP","floor":37.0,"gold_loss":0.0,"damage_taken":0.0},{"damage_healed":0.0,"max_hp_gain":0.0,"max_hp_loss":0.0,"gold_gain":0.0,"event_name":"MindBloom","player_choice":"Fight","floor":38.0,"gold_loss":0.0,"damage_taken":0.0},{"cards_removed":["Endless Agony"],"damage_healed":0.0,"max_hp_gain":0.0,"max_hp_loss":0.0,"gold_gain":0.0,"event_name":"Falling","player_choice":"Removed Attack","floor":48.0,"gold_loss":0.0,"damage_taken":0.0}],"is_beta":false,"boss_relics":[{"not_picked":["Velvet Choker","Coffee Dripper"],"picked":"WristBlade"},{"not_picked":["Runic Dome","Snecko Eye"],"picked":"SacredBark"}],"items_purged_floors":[22,54],"is_endless":false,"potions_floor_spawned":[2,5,14,16,20,21,23,28,29,30,39,46,47,55],"ascension_level":20}}