{"host":"o1wkfo8ppvrprpet","time":1613727148,"event":{"mods":["Aspiration","Astrologer","BaseMod","CapriCore","Colored Powertips","Koishi","Minty Spire (QoL Compilation)","MostiFishMod","Reimu£¨²©ÀöÁéÃÎ£©","Replay The Spire","RumiaBox-Â¶Ã×æ«µÄÉñÃØºÐ×Ó","Spicy Shops","StSLib","The Administrix","The Gatherer","The Immortal","Waifu the Spire","Yakumo Yukari mod"],"gold_per_floor":[116,116,191,191,191,191,191,191,191],"floor_reached":8,"language":"ZHS","playtime":216,"items_purged":[],"score":80,"play_id":"68298a96-cf20-4618-9e21-92a301c72b8c","local_time":"20210219173228","is_ascension_mode":true,"campfire_choices":[{"data":"Bash","floor":6,"key":"SMITH"}],"circlet_count":0,"master_deck":["AscendersBane","Strike_R","Strike_R","Strike_R","Strike_R","Strike_R","Defend_R","Defend_R","Defend_R","Defend_R","Bash+1","Run Through"],"relics":["Burning Blood","DaveBox","aspiration:Nostalgia","Iron Core","SynthV:TestCard","Gremlin Horn","Replay:Arrowhead"],"acts_visited":["Exordium"],"potions_floor_usage":[8],"damage_taken":[{"damage":6,"enemies":"2 Louse","floor":1,"turns":3},{"damage":50,"enemies":"Lagavulin","floor":8,"turns":6}],"seed_played":"6590891707203640582","potions_obtained":[{"floor":1,"key":"LifebloodPotion"}],"is_trial":false,"path_per_floor":["M","?","?","?","?","R","T","E"],"character_chosen":"IRONCLAD","items_purchased":[],"campfire_rested":0,"item_purchase_floors":[],"current_hp_per_floor":[68,68,57,57,31,31,31,0,0],"gold":191,"neow_bonus":"NOSTALGIA","is_daily":false,"chose_seed":false,"campfire_upgraded":1,"win_rate":0.0,"timestamp":1613727148,"path_taken":["M","?","?","?","?","R","?","E"],"items_purchased_type":[],"build_version":"2020-12-22","purchased_purges":0,"victory":false,"max_hp_per_floor":[75,75,75,75,75,75,75,75,75],"card_choices":[{"not_picked":["Blood for Blood","Turbo"],"picked":"Run Through","floor":1}],"player_experience":639434,"relics_obtained":[{"floor":1,"key":"SynthV:TestCard"},{"floor":7,"key":"Replay:Arrowhead"}],"event_choices":[{"damage_healed":0,"gold_gain":75,"player_choice":"Gather Gold","damage_taken":11,"max_hp_gain":0,"max_hp_loss":0,"event_name":"World of Goop","floor":3,"gold_loss":0},{"damage_healed":0,"gold_gain":0,"player_choice":"Ignored","damage_taken":0,"max_hp_gain":0,"max_hp_loss":0,"event_name":"Liars Game","floor":4,"gold_loss":0},{"damage_healed":0,"gold_gain":0,"player_choice":"Success","damage_taken":26,"relics_obtained":["Gremlin Horn"],"max_hp_gain":0,"max_hp_loss":0,"event_name":"Scrap Ooze","floor":5,"gold_loss":0}],"is_beta":false,"boss_relics":[],"items_purged_floors":[],"is_endless":false,"potions_floor_spawned":[1],"killed_by":"Lagavulin","ascension_level":18}}