{"host":"n1v11un6j7y72mz7","time":1613734455,"event":{"mods":["Act Like it!","BaseMod","Downfall","Minty Spire (QoL Compilation)","Reliquary","StSLib","The Animator","Waifu the Spire"],"gold_per_floor":[110,185,27,38,38,38,67,67,92,118,134,134,59,59,59,162,162,143,170,85,97,119,131,162,174,186,298,310,337,367,397,409,518,530,558,171,188,188,106,136,64,84,84,95,95,21,21,36,36,36],"floor_reached":51,"language":"ZHS","playtime":1465,"items_purged":["Strike_G","Strike_G"],"score":860,"play_id":"88527905-02a5-494c-86d5-b14347e0640a","local_time":"20210219193415","is_ascension_mode":true,"campfire_choices":[{"data":"Acrobatics","floor":6,"key":"SMITH"},{"data":"Accuracy","floor":8,"key":"SMITH"},{"data":"Neutralize","floor":15,"key":"SMITH"},{"data":"Adrenaline","floor":23,"key":"SMITH"},{"data":"Cloak And Dagger","floor":28,"key":"SMITH"},{"data":"Accuracy","floor":32,"key":"SMITH"},{"data":"Acrobatics","floor":49,"key":"SMITH"}],"circlet_count":0,"master_deck":["Strike_G","Strike_G","Defend_G","Defend_G","Defend_G","Defend_G","Defend_G","Survivor","Neutralize+1","Escape Plan","Storm of Steel+1","Acrobatics+1","Accuracy+1","Adrenaline+1","Cloak And Dagger+1","Blur","Reflex","Acrobatics+1","Calculated Gamble+1","Accuracy+1","Phantasmal Killer","Terror","Accuracy","Madness","Madness","Accuracy","Sadistic Nature"],"relics":["Ring of the Snake","NeowsBlessing","Molten Egg 2","Art of War","reliquary:PartyBalloon","Sozu","Red Mask","MawBank","Paper Crane","reliquary:QuartzCube","Pocketwatch","Busted Crown","Vajra","TheAbacus","Unceasing Top","Bird Faced Urn"],"acts_visited":["Exordium","TheCity","TheBeyond"],"potions_floor_usage":[16],"damage_taken":[{"damage":0,"enemies":"Jaw Worm","floor":1,"turns":1},{"damage":0,"enemies":"Cultist","floor":4,"turns":1},{"damage":0,"enemies":"3 Sentries","floor":7,"turns":1},{"damage":7,"enemies":"Lagavulin","floor":10,"turns":4},{"damage":0,"enemies":"Small Slimes","floor":11,"turns":1},{"damage":25,"enemies":"The Guardian","floor":16,"turns":9},{"damage":16,"enemies":"2 Thieves","floor":18,"turns":4},{"damage":0,"enemies":"Masked Bandits","floor":19,"turns":3},{"damage":0,"enemies":"Chosen","floor":22,"turns":3},{"damage":0,"enemies":"Centurion and Healer","floor":24,"turns":2},{"damage":0,"enemies":"Colosseum Slavers","floor":27,"turns":2},{"damage":0,"enemies":"Colosseum Nobs","floor":27,"turns":5},{"damage":0,"enemies":"Cultist and Chosen","floor":29,"turns":3},{"damage":0,"enemies":"Chosen and Byrds","floor":30,"turns":3},{"damage":11,"enemies":"Snake Plant","floor":31,"turns":4},{"damage":22,"enemies":"Collector","floor":33,"turns":6},{"damage":0,"enemies":"3 Darklings","floor":35,"turns":3},{"damage":0,"enemies":"3 Shapes","floor":37,"turns":3},{"damage":0,"enemies":"Reptomancer","floor":40,"turns":1},{"damage":6,"enemies":"Writhing Mass","floor":42,"turns":2},{"damage":0,"enemies":"Transient","floor":44,"turns":5},{"damage":11,"enemies":"Sphere and 2 Shapes","floor":48,"turns":4},{"damage":52,"enemies":"Donu and Deca","floor":50,"turns":5}],"seed_played":"-66639829535263965","potions_obtained":[{"floor":4,"key":"LiquidBronze"}],"is_trial":false,"path_per_floor":["M","?","$","M","?","R","E","R","T","E","M","?","$","?","R","B",null,"M","?","?","?","M","R","M","$","T","?","R","M","M","M","R","B",null,"M","$","M","?","$","E","$","M","T","M","?","$","?","M","R","B",null],"character_chosen":"THE_SILENT","items_purchased":["Storm of Steel","Vajra","TheAbacus","Terror","Accuracy","Accuracy"],"campfire_rested":0,"item_purchase_floors":[3,36,36,39,41,46],"current_hp_per_floor":[70,59,59,59,59,59,59,59,59,52,52,45,45,45,45,20,70,54,54,54,54,54,54,54,54,54,54,54,54,54,43,43,21,70,70,70,70,70,70,70,70,64,64,70,61,61,61,59,59,17],"gold":36,"neow_bonus":"THREE_ENEMY_KILL","is_daily":false,"chose_seed":false,"campfire_upgraded":7,"win_rate":0.0,"timestamp":1613734455,"path_taken":["M","?","$","M","?","R","E","R","T","E","?","?","$","?","R","BOSS","M","?","?","?","M","R","M","$","T","?","R","M","M","M","R","BOSS","M","$","M","?","$","E","$","M","T","M","?","?","?","M","R","BOSS"],"items_purchased_type":["Card","Relic","Relic","Card","Card","Card"],"build_version":"2020-12-22","purchased_purges":2,"victory":true,"max_hp_per_floor":[70,70,70,70,70,70,70,70,70,70,70,70,70,70,70,70,70,70,70,70,70,70,70,70,70,70,70,70,70,70,70,70,70,70,70,70,70,70,70,70,70,70,70,70,70,70,70,70,70,70],"card_choices":[{"not_picked":["Slice","Crippling Poison"],"picked":"Escape Plan","floor":1},{"not_picked":["Setup","Flying Knee"],"picked":"Acrobatics","floor":4},{"not_picked":["Backflip","Poisoned Stab+1"],"picked":"Accuracy","floor":7},{"not_picked":["Underhanded Strike+1","Setup","Catalyst"],"picked":"SKIP","floor":10},{"not_picked":["Deflect","Riddle With Holes+1","Flying Knee+1"],"picked":"SKIP","floor":11},{"not_picked":["Die Die Die+1","Storm of Steel"],"picked":"Adrenaline","floor":16},{"not_picked":["Backflip+1","Terror"],"picked":"Cloak And Dagger","floor":18},{"not_picked":["Quick Slash+1","Sucker Punch+1"],"picked":"Blur","floor":19},{"not_picked":["Quick Slash+1","Concentrate"],"picked":"Reflex","floor":22},{"not_picked":["Outmaneuver+1","Catalyst+1"],"picked":"Acrobatics","floor":24},{"not_picked":["Dagger Throw+1","Reflex"],"picked":"Calculated Gamble+1","floor":27},{"not_picked":["Calculated Gamble","Predator+1"],"picked":"Infinite Blades","floor":29},{"not_picked":["Dash+1","Unload+1","Masterful Stab+1"],"picked":"SKIP","floor":30},{"not_picked":["Blade Dance","Outmaneuver"],"picked":"Accuracy","floor":31},{"not_picked":["Adrenaline","Storm of Steel"],"picked":"Phantasmal Killer","floor":33},{"not_picked":["Slice+1"],"picked":"SKIP","floor":35},{"not_picked":["Dash+1"],"picked":"SKIP","floor":37},{"not_picked":["Dodge and Roll"],"picked":"SKIP","floor":40},{"not_picked":["Infinite Blades"],"picked":"SKIP","floor":42},{"not_picked":["Poisoned Stab+1"],"picked":"SKIP","floor":44},{"not_picked":[],"picked":"Sadistic Nature","floor":47},{"not_picked":["All Out Attack+1"],"picked":"SKIP","floor":48}],"player_experience":219219,"relics_obtained":[{"floor":7,"key":"Molten Egg 2"},{"floor":9,"key":"Art of War"},{"floor":10,"key":"reliquary:PartyBalloon"},{"floor":19,"key":"Red Mask"},{"floor":26,"key":"Paper Crane"},{"floor":27,"key":"reliquary:QuartzCube"},{"floor":27,"key":"Pocketwatch"},{"floor":40,"key":"Unceasing Top"},{"floor":43,"key":"Bird Faced Urn"}],"event_choices":[{"damage_healed":0,"gold_gain":75,"player_choice":"Gather Gold","damage_taken":11,"max_hp_gain":0,"max_hp_loss":0,"event_name":"World of Goop","floor":2,"gold_loss":0},{"damage_healed":0,"gold_gain":0,"player_choice":"Upgraded","damage_taken":0,"max_hp_gain":0,"max_hp_loss":0,"event_name":"Upgrade Shrine","floor":5,"gold_loss":0,"cards_upgraded":["Storm of Steel"]},{"cards_removed":["Strike_G"],"damage_healed":0,"gold_gain":0,"player_choice":"Card Removal","damage_taken":7,"max_hp_gain":0,"max_hp_loss":0,"event_name":"Golden Wing","floor":12,"gold_loss":0},{"damage_healed":0,"gold_gain":0,"player_choice":"Ignored","damage_taken":0,"max_hp_gain":0,"max_hp_loss":0,"event_name":"Shining Light","floor":14,"gold_loss":0},{"damage_healed":0,"gold_gain":0,"player_choice":"Fought Bandits","damage_taken":0,"max_hp_gain":0,"max_hp_loss":0,"event_name":"Masked Bandits","floor":19,"gold_loss":0},{"damage_healed":0,"gold_gain":0,"player_choice":"Obtained Relic","damage_taken":0,"relics_obtained":["MawBank"],"max_hp_gain":0,"max_hp_loss":0,"event_name":"Addict","floor":20,"gold_loss":85},{"damage_healed":0,"gold_gain":0,"player_choice":"Ignored","damage_taken":0,"max_hp_gain":0,"max_hp_loss":0,"event_name":"Cursed Tome","floor":21,"gold_loss":0},{"damage_healed":0,"gold_gain":0,"player_choice":"Fight","damage_taken":0,"max_hp_gain":0,"max_hp_loss":0,"event_name":"Colosseum","floor":27,"gold_loss":0},{"damage_healed":0,"gold_gain":0,"player_choice":"Fought Nobs","damage_taken":0,"max_hp_gain":0,"max_hp_loss":0,"event_name":"Colosseum","floor":27,"gold_loss":0},{"cards_removed":["Infinite Blades"],"damage_healed":0,"gold_gain":0,"player_choice":"Removed Power","damage_taken":0,"max_hp_gain":0,"max_hp_loss":0,"event_name":"Falling","floor":38,"gold_loss":0},{"damage_healed":0,"gold_gain":0,"player_choice":"Embrace Madness","damage_taken":9,"max_hp_gain":0,"max_hp_loss":0,"event_name":"Winding Halls","floor":45,"gold_loss":0,"cards_obtained":["Madness","Madness"]},{"damage_healed":0,"gold_gain":0,"player_choice":"Memory 1","damage_taken":0,"max_hp_gain":0,"max_hp_loss":0,"event_name":"SensoryStone","floor":47,"gold_loss":0}],"is_beta":false,"boss_relics":[{"not_picked":["reliquary:KinkedSpring","Ectoplasm"],"picked":"Sozu"},{"not_picked":["bronze:MakeshiftBattery","reliquary:ThirdArm"],"picked":"Busted Crown"}],"items_purged_floors":[13,36],"is_endless":false,"potions_floor_spawned":[4,22,24,27,29,33,44,48],"ascension_level":3}}