{"host":"bwv3g1hezaeonepb","time":1613721894,"event":{"mods":["Aspiration","BaseMod","Colored Powertips","Conspire","KomeijiMod","Minty Spire (QoL Compilation)","Replay The Spire","Shop Mod","StSLib","The Construct","The Cursed","The Runesmith"],"gold_per_floor":[118,43,55,55,55,135,151,151,151,171,171,154,173,185,185,285,285,299,299,299,319,319,319],"floor_reached":22,"language":"ZHS","playtime":7180,"items_purged":["Strike_B"],"score":178,"play_id":"7a5c7b45-9c63-499a-87b4-1ea4e398daa7","local_time":"20210219160454","is_ascension_mode":false,"campfire_choices":[{"floor":15,"key":"REST"}],"circlet_count":0,"master_deck":["Strike_B","Strike_B","Strike_B","Defend_B","Defend_B","Defend_B","Defend_B+1","Zap","Dualcast","Capacitor","Static Discharge","Leap","Scrape","Glacier","Steam","Barrage","Barrage","aspiration:Polymerization","Seek","Creative AI","PerfectMaid+1","Go for the Eyes"],"relics":["Cracked Core","ThirstyCross","Vajra","Dream Catcher","Inserter"],"acts_visited":["Exordium","TheCity"],"potions_floor_usage":[16,16,16],"damage_taken":[{"damage":7,"enemies":"2 Louse","floor":1,"turns":3},{"damage":7,"enemies":"Jaw Worm","floor":3,"turns":6},{"damage":0,"enemies":"Cultist","floor":7,"turns":4},{"damage":15,"enemies":"Large Slime","floor":10,"turns":7},{"damage":10,"enemies":"Exordium Thugs","floor":12,"turns":5},{"damage":8,"enemies":"2 Fungi Beasts","floor":13,"turns":3},{"damage":10,"enemies":"Lots of Slimes","floor":14,"turns":5},{"damage":24,"enemies":"Hexaghost","floor":16,"turns":11},{"damage":54,"enemies":"2 Thieves","floor":18,"turns":4},{"damage":16,"enemies":"Chosen","floor":21,"turns":6},{"damage":20,"enemies":"Centurion and Healer","floor":22,"turns":5}],"seed_played":"-4034616511218663354","potions_obtained":[{"floor":1,"key":"LifebloodPotion"},{"floor":3,"key":"DuplicationPotion"},{"floor":13,"key":"Cursed Concoction"},{"floor":16,"key":"construct:ShiftPotion"}],"is_trial":false,"path_per_floor":["M","$","M","?","?","?","M","?","T","M","T","M","M","M","R","B",null,"M","?","?","M","M"],"character_chosen":"DEFECT","items_purchased":[],"campfire_rested":1,"item_purchase_floors":[],"current_hp_per_floor":[75,75,68,82,82,50,50,50,50,35,35,25,17,7,31,7,82,28,28,36,20,0,0],"gold":319,"neow_bonus":"TEN_PERCENT_HP_BONUS","is_daily":false,"chose_seed":false,"campfire_upgraded":0,"win_rate":0.0,"timestamp":1613721894,"path_taken":["M","$","M","?","?","?","M","?","T","M","?","?","M","M","R","BOSS","M","?","?","?","M"],"items_purchased_type":[],"build_version":"2020-12-22","purchased_purges":1,"victory":false,"max_hp_per_floor":[82,82,82,82,82,82,82,82,82,82,82,82,82,82,82,82,82,82,82,82,82,82,82],"card_choices":[{"not_picked":["ReplayTheSpireMod:GoodbyeWorld","Ball Lightning"],"picked":"Capacitor","floor":1},{"not_picked":["Blizzard","Compile Driver"],"picked":"Static Discharge","floor":3},{"not_picked":["BasicCrystalCard","Darkness"],"picked":"Leap","floor":6},{"not_picked":["ReplayGash","Cold Snap"],"picked":"Scrape","floor":6},{"not_picked":["Reinforced Body","Stack"],"picked":"Glacier","floor":7},{"not_picked":["Hello World","Sweeping Beam"],"picked":"Steam","floor":10},{"not_picked":["ReplayGash","Cold Snap"],"picked":"Barrage","floor":12},{"not_picked":["Compile Driver","Time Bomb"],"picked":"Barrage","floor":13},{"not_picked":["Force Field","Hologram"],"picked":"aspiration:Polymerization","floor":14},{"not_picked":["Skim","Static Discharge"],"picked":"Seek","floor":15},{"not_picked":["Amplify","Seek"],"picked":"Creative AI","floor":16},{"not_picked":["ReplayTheSpireMod:Calculation Training","Ball Lightning","Cold Snap+1"],"picked":"SKIP","floor":18},{"not_picked":["Conserve Battery","Reprogram"],"picked":"Go for the Eyes","floor":21}],"player_experience":7324,"relics_obtained":[{"floor":6,"key":"Vajra"},{"floor":9,"key":"Dream Catcher"}],"event_choices":[],"is_beta":false,"boss_relics":[{"not_picked":["aspiration:FutureDiary","aspiration:RunesmithSkillbook"],"picked":"Inserter"}],"items_purged_floors":[2],"is_endless":false,"potions_floor_spawned":[1,3,13,14,16],"killed_by":"Centurion and Healer","ascension_level":0}}