{"host":"snampf0t8p8psf53","time":1613760509,"event":{"mods":["AchievementEnabler","BaseMod","Bestiary","DeckTracker","Minty Spire (QoL Compilation)","Permanent Neow","SuperFastMode"],"gold_per_floor":[113,113,5,16,33,33,68,68,68,68,78,104,123,148,148,246,246,256,241,255,274,287,287,303,336,382,402,417,123,123,134,134,233,233,247,247,263,263,188,188,234,234,234,20,20,51,66,85,85,85],"floor_reached":51,"language":"ENG","playtime":3970,"items_purged":["Injury","Pain"],"score":796,"play_id":"626523b8-c1fc-4b9c-a588-2402165a1ed7","local_time":"20210219104829","is_ascension_mode":false,"campfire_choices":[{"data":"TalkToTheHand","floor":6,"key":"SMITH"},{"data":"Protect","floor":8,"key":"SMITH"},{"data":"CutThroughFate","floor":10,"key":"SMITH"},{"floor":15,"key":"REST"},{"floor":23,"key":"REST"},{"floor":30,"key":"REST"},{"floor":32,"key":"REST"},{"floor":40,"key":"REST"},{"floor":45,"key":"REST"},{"floor":49,"key":"REST"}],"circlet_count":0,"master_deck":["Strike_P","Strike_P","Strike_P","Strike_P","Defend_P","Defend_P","Defend_P+1","Defend_P","Eruption","Vigilance+1","EmptyMind","TalkToTheHand+1","LikeWater","CutThroughFate+1","Protect+1","Fasting2","Protect","Vault","Protect","Meditate+1","WindmillStrike+1","CutThroughFate","WindmillStrike","FlurryOfBlows+1","WindmillStrike+1","Tantrum+1","ClearTheMind","SandsOfTime","FlurryOfBlows","Ragnarok","WindmillStrike","FlurryOfBlows","FlurryOfBlows","Madness","Madness","Blasphemy","CutThroughFate","SandsOfTime","Parasite","Meditate","Protect","Conclude+1"],"relics":["PureWater","Eternal Feather","Toy Ornithopter","Pantograph","War Paint","CaptainsWheel","Fusion Hammer","Ancient Tea Set","Anchor","Pen Nib","Cursed Key","Strawberry","Prayer Wheel","Frozen Egg 2","Kunai"],"acts_visited":["Exordium","TheCity","TheBeyond"],"potions_floor_usage":[14,16,16,22,24,25,46,48,50,50],"damage_taken":[{"damage":0,"enemies":"Cultist","floor":1,"turns":3},{"damage":6,"enemies":"Jaw Worm","floor":4,"turns":4},{"damage":0,"enemies":"2 Louse","floor":5,"turns":3},{"damage":11,"enemies":"Lagavulin","floor":7,"turns":8},{"damage":0,"enemies":"Large Slime","floor":11,"turns":5},{"damage":13,"enemies":"Gremlin Nob","floor":12,"turns":6},{"damage":8,"enemies":"3 Louse","floor":13,"turns":5},{"damage":43,"enemies":"3 Sentries","floor":14,"turns":9},{"damage":48,"enemies":"The Guardian","floor":16,"turns":15},{"damage":11,"enemies":"3 Byrds","floor":18,"turns":9},{"damage":35,"enemies":"2 Thieves","floor":19,"turns":4},{"damage":8,"enemies":"Snake Plant","floor":20,"turns":7},{"damage":3,"enemies":"Shelled Parasite and Fungi","floor":21,"turns":9},{"damage":6,"enemies":"Centurion and Healer","floor":22,"turns":7},{"damage":38,"enemies":"3 Cultists","floor":24,"turns":8},{"damage":2,"enemies":"Book of Stabbing","floor":25,"turns":7},{"damage":8,"enemies":"Sentry and Sphere","floor":27,"turns":6},{"damage":0,"enemies":"Centurion and Healer","floor":28,"turns":5},{"damage":12,"enemies":"Shelled Parasite and Fungi","floor":31,"turns":5},{"damage":6,"enemies":"Champ","floor":33,"turns":12},{"damage":56,"enemies":"3 Darklings","floor":35,"turns":5},{"damage":8,"enemies":"3 Shapes","floor":37,"turns":4},{"damage":15,"enemies":"2 Orb Walkers","floor":41,"turns":5},{"damage":77,"enemies":"Reptomancer","floor":46,"turns":9},{"damage":5,"enemies":"Writhing Mass","floor":47,"turns":5},{"damage":8,"enemies":"Sphere and 2 Shapes","floor":48,"turns":5},{"damage":67,"enemies":"Awakened One","floor":50,"turns":18}],"seed_played":"-8874375612709607593","potions_obtained":[{"floor":1,"key":"DistilledChaos"},{"floor":4,"key":"EssenceOfSteel"},{"floor":7,"key":"BottledMiracle"},{"floor":19,"key":"BottledMiracle"},{"floor":21,"key":"Dexterity Potion"},{"floor":22,"key":"CultistPotion"},{"floor":24,"key":"DistilledChaos"},{"floor":25,"key":"Ancient Potion"},{"floor":31,"key":"LiquidMemories"},{"floor":35,"key":"Ancient Potion"},{"floor":47,"key":"Swift Potion"}],"is_trial":false,"path_per_floor":["M","?","$","M","M","R","E","R","T","R","M","E","M","E","R","B",null,"M","M","M","M","M","R","M","E","T","M","M","$","R","M","R","B",null,"M","?","M","T","$","R","?","?","T","$","R","E","M","M","R","B",null],"character_chosen":"WATCHER","items_purchased":["TalkToTheHand","LikeWater","Nirvana","Pen Nib","SandsOfTime","Blasphemy","CutThroughFate"],"campfire_rested":7,"item_purchase_floors":[3,3,29,29,29,44,44],"current_hp_per_floor":[79,76,76,70,70,79,68,77,77,79,79,66,58,20,52,35,79,68,33,25,22,21,56,23,26,26,18,18,18,56,44,79,73,79,23,23,15,22,22,65,50,39,39,39,85,13,8,5,54,22],"gold":85,"neow_bonus":"TEN_PERCENT_HP_BONUS","is_daily":false,"chose_seed":false,"campfire_upgraded":3,"win_rate":0.0,"timestamp":1613760509,"path_taken":["M","?","$","M","M","R","E","R","T","R","M","E","M","E","R","BOSS","M","M","M","M","M","R","M","E","T","M","M","$","R","M","R","BOSS","M","?","M","?","$","R","?","?","T","$","R","E","M","M","R","BOSS"],"items_purchased_type":["Card","Card","Card","Relic","Card","Card","Card"],"build_version":"2020-12-22","purchased_purges":2,"victory":true,"max_hp_per_floor":[79,79,79,79,79,79,79,79,79,79,79,79,79,79,79,79,79,79,79,79,79,79,79,79,79,79,79,79,79,79,79,79,79,79,79,79,79,86,86,86,86,86,86,86,86,86,86,86,86,86],"card_choices":[{"not_picked":["SashWhip","EmptyFist"],"picked":"EmptyMind","floor":1},{"not_picked":["Evaluate","FlyingSleeves"],"picked":"CutThroughFate","floor":4},{"not_picked":["Prostrate","FlurryOfBlows"],"picked":"Protect","floor":5},{"not_picked":["WreathOfFlame","DevaForm"],"picked":"Fasting2","floor":7},{"not_picked":["Crescendo","Vengeance","CrushJoints"],"picked":"SKIP","floor":11},{"not_picked":["Swivel","Collect","WreathOfFlame"],"picked":"SKIP","floor":12},{"not_picked":["FlyingSleeves","ReachHeaven"],"picked":"Protect","floor":13},{"not_picked":["EmptyFist","Indignation","Prostrate"],"picked":"SKIP","floor":14},{"not_picked":["Alpha","Establishment"],"picked":"Vault","floor":16},{"not_picked":["PathToVictory","Evaluate"],"picked":"Protect","floor":18},{"not_picked":["Consecrate+1","Prostrate"],"picked":"Meditate+1","floor":19},{"not_picked":["Pray","Indignation+1"],"picked":"WindmillStrike+1","floor":20},{"not_picked":["EmptyBody+1","ThirdEye"],"picked":"CutThroughFate","floor":21},{"not_picked":["BowlingBash","WaveOfTheHand+1"],"picked":"WindmillStrike","floor":22},{"not_picked":["Worship","Swivel"],"picked":"FlurryOfBlows+1","floor":24},{"not_picked":["Swivel+1","BowlingBash"],"picked":"WindmillStrike+1","floor":25},{"not_picked":["Vengeance","Worship+1"],"picked":"Tantrum+1","floor":27},{"not_picked":["DevaForm","FlyingSleeves"],"picked":"ClearTheMind","floor":28},{"not_picked":["Pray","Fasting2+1"],"picked":"FlurryOfBlows","floor":31},{"not_picked":["Brilliance","DeusExMachina"],"picked":"Ragnarok","floor":33},{"not_picked":["ReachHeaven+1","CrushJoints"],"picked":"WindmillStrike","floor":35},{"not_picked":["ClearTheMind+1","PathToVictory+1"],"picked":"FlurryOfBlows","floor":37},{"not_picked":["LikeWater+1","Prostrate"],"picked":"FlurryOfBlows","floor":41},{"not_picked":["CarveReality","Worship"],"picked":"SandsOfTime","floor":46},{"not_picked":["ThirdEye+1","EmptyFist"],"picked":"Meditate","floor":47},{"not_picked":["Adaptation+1","Indignation+1","SashWhip"],"picked":"SKIP","floor":47},{"not_picked":["Halt","PathToVictory+1"],"picked":"Protect","floor":48},{"not_picked":["Omniscience","ClearTheMind+1"],"picked":"Conclude+1","floor":48}],"player_experience":113705,"relics_obtained":[{"floor":7,"key":"Toy Ornithopter"},{"floor":9,"key":"Pantograph"},{"floor":12,"key":"War Paint"},{"floor":14,"key":"CaptainsWheel"},{"floor":25,"key":"Ancient Tea Set"},{"floor":26,"key":"Anchor"},{"floor":38,"key":"Strawberry"},{"floor":41,"key":"Prayer Wheel"},{"floor":43,"key":"Frozen Egg 2"},{"floor":46,"key":"Kunai"}],"event_choices":[{"damage_healed":0,"gold_gain":0,"player_choice":"Success","damage_taken":3,"relics_obtained":["Eternal Feather"],"max_hp_gain":0,"max_hp_loss":0,"event_name":"Scrap Ooze","floor":2,"gold_loss":0},{"cards_removed":["Nirvana"],"damage_healed":0,"gold_gain":0,"player_choice":"Removed Power","damage_taken":0,"max_hp_gain":0,"max_hp_loss":0,"event_name":"Falling","floor":36,"gold_loss":0},{"damage_healed":0,"gold_gain":0,"player_choice":"Fight","damage_taken":0,"max_hp_gain":0,"max_hp_loss":0,"event_name":"Mysterious Sphere","floor":41,"gold_loss":0},{"damage_healed":0,"gold_gain":0,"player_choice":"Embrace Madness","damage_taken":11,"max_hp_gain":0,"max_hp_loss":0,"event_name":"Winding Halls","floor":42,"gold_loss":0,"cards_obtained":["Madness","Madness"]}],"is_beta":false,"boss_relics":[{"not_picked":["Tiny House","Astrolabe"],"picked":"Fusion Hammer"},{"not_picked":["Velvet Choker","VioletLotus"],"picked":"Cursed Key"}],"items_purged_floors":[39,44],"is_endless":false,"potions_floor_spawned":[1,4,7,19,21,22,24,25,31,35,41,47],"ascension_level":0}}