{"host":"121m0oxswv9tg9hk","time":1613773900,"event":{"mods":["BaseMod","Better Altar","Better Third Choice","Hermit","Hubris","Ironclad Rager","Minty Spire (QoL Compilation)","Replay The Spire","Shade Mod","StSLib","The Construct","The Mystic"],"gold_per_floor":[110,124,139,153,133,133,148,148,194,220,231,231,33,33,33,134,134,146,9,9,9,19,51,51,82,82,82,82],"floor_reached":27,"language":"ENG","playtime":1386,"items_purged":["mysticmod:Strike_Mystic","mysticmod:Strike_Mystic"],"score":351,"play_id":"cfe7a468-4c2b-42a7-8bf2-af3e4b47b528","local_time":"20210219233140","is_ascension_mode":true,"campfire_choices":[{"floor":6,"key":"REST"},{"floor":8,"key":"REST"},{"data":"mysticmod:Feint","floor":15,"key":"SMITH"},{"floor":24,"key":"REST"}],"circlet_count":0,"master_deck":["mysticmod:Defend_Mystic","mysticmod:Defend_Mystic","mysticmod:Defend_Mystic","mysticmod:Defend_Mystic","mysticmod:ArcaneDodge","mysticmod:ShockingGrasp","mysticmod:PunishingArmor","mysticmod:Disengage","mysticmod:MirrorStrike","mysticmod:Snowball","mysticmod:Feint+1","mysticmod:BulkUp","hubris:StunningStrike","mysticmod:Dedication","mysticmod:Feint","mysticmod:MagicMissile","Bite","Bite","Bite","Bite","Bite","mysticmod:BulkUp+1","mysticmod:RapidCaster"],"relics":["mysticmod:SpellBook","Orichalcum","Bag of Marbles","Replay:Baseball","Strawberry","Ancient Tea Set","mysticmod:CrystalBall","MutagenicStrength","Replay:Rubber Ducky","Dream Catcher","Question Card"],"acts_visited":["Exordium","TheCity"],"potions_floor_usage":[10,16,16,23,23,25],"damage_taken":[{"damage":1,"enemies":"Jaw Worm","floor":1,"turns":3},{"damage":1,"enemies":"Cultist","floor":2,"turns":3},{"damage":4,"enemies":"Small Slimes","floor":3,"turns":3},{"damage":45,"enemies":"Exordium Thugs","floor":4,"turns":10},{"damage":0,"enemies":"Blue Slaver","floor":7,"turns":4},{"damage":9,"enemies":"Lagavulin","floor":10,"turns":4},{"damage":4,"enemies":"Large Slime","floor":11,"turns":6},{"damage":32,"enemies":"Slime Boss","floor":16,"turns":6},{"damage":23,"enemies":"Shell Parasite","floor":18,"turns":9},{"damage":16,"enemies":"2 Thieves","floor":22,"turns":4},{"damage":39,"enemies":"Book of Stabbing","floor":23,"turns":8},{"damage":21,"enemies":"Gremlin Leader","floor":25,"turns":3},{"damage":22,"enemies":"Slavers","floor":27,"turns":2}],"seed_played":"-1264125822916595727","potions_obtained":[{"floor":4,"key":"PowerPotion"},{"floor":5,"key":"Languid Potion"},{"floor":7,"key":"BlessingOfTheForge"},{"floor":22,"key":"BlessingOfTheForge"},{"floor":23,"key":"AttackPotion"}],"is_trial":false,"path_per_floor":["M","M","M","M","?","R","M","R","T","E","M","?","$","T","R","B",null,"M","$","?","?","M","E","R","E","T","E"],"character_chosen":"MYSTIC_CLASS","items_purchased":["mysticmod:Dedication","FearPotion","mysticmod:MagicMissile"],"campfire_rested":3,"item_purchase_floors":[13,13,19],"current_hp_per_floor":[68,67,63,18,18,41,41,64,64,55,51,42,42,42,42,10,66,43,43,43,43,35,9,26,13,13,0,0],"gold":82,"neow_bonus":"RANDOM_COMMON_RELIC","is_daily":false,"chose_seed":false,"campfire_upgraded":1,"win_rate":0.0,"timestamp":1613773900,"path_taken":["M","M","M","M","?","R","M","R","T","E","?","?","$","?","R","BOSS","M","$","?","?","M","E","R","E","T","E"],"items_purchased_type":["Card","Potion","Card"],"build_version":"2020-12-22","purchased_purges":2,"victory":false,"max_hp_per_floor":[77,77,77,77,77,77,77,77,77,77,77,84,84,84,84,84,84,84,84,58,58,58,58,58,58,58,58,58],"card_choices":[{"not_picked":["mysticmod:SuddenClarity","mysticmod:Shield"],"picked":"mysticmod:PunishingArmor","floor":1},{"not_picked":["mysticmod:IllusionOfCalm","mysticmod:StyleChange"],"picked":"mysticmod:Disengage","floor":2},{"not_picked":["mysticmod:Grease","mysticmod:Stoneskin"],"picked":"mysticmod:MirrorStrike","floor":3},{"not_picked":["mysticmod:Riposte","mysticmod:CorrosiveTouch"],"picked":"mysticmod:Snowball","floor":4},{"not_picked":["mysticmod:EarthenWall","mysticmod:ComponentsPouch"],"picked":"mysticmod:Feint","floor":7},{"not_picked":["mysticmod:ComponentsPouch","mysticmod:Fly","mysticmod:MysticalShield"],"picked":"SKIP","floor":10},{"not_picked":["mysticmod:PowerSlash","mysticmod:CorrosiveTouch"],"picked":"mysticmod:BulkUp","floor":11},{"not_picked":["mysticmod:PureInstinct","mysticmod:Probe+1"],"picked":"mysticmod:Feint","floor":18},{"not_picked":["mysticmod:Fly+1","mysticmod:HeavyStrike"],"picked":"mysticmod:BulkUp+1","floor":22},{"not_picked":["mysticmod:Snowball","mysticmod:Fireball","mysticmod:Grease"],"picked":"SKIP","floor":23},{"not_picked":["mysticmod:Shield","mysticmod:PowerSlash"],"picked":"mysticmod:RapidCaster","floor":25}],"player_experience":2560156,"relics_obtained":[{"floor":9,"key":"Bag of Marbles"},{"floor":10,"key":"Replay:Baseball"},{"floor":14,"key":"Ancient Tea Set"},{"floor":23,"key":"Replay:Rubber Ducky"},{"floor":25,"key":"Dream Catcher"},{"floor":26,"key":"Question Card"}],"event_choices":[{"damage_healed":0,"gold_gain":0,"player_choice":"Bought 1 Potion","damage_taken":0,"max_hp_gain":0,"max_hp_loss":0,"event_name":"The Woman in Blue","floor":5,"gold_loss":0},{"damage_healed":0,"gold_gain":0,"player_choice":"Became a vampire","damage_taken":0,"max_hp_gain":0,"max_hp_loss":26,"event_name":"Vampires","floor":20,"gold_loss":0,"cards_obtained":["Bite","Bite","Bite","Bite","Bite"]},{"damage_healed":0,"gold_gain":0,"player_choice":"Inject Mutagens","damage_taken":0,"relics_obtained":["MutagenicStrength"],"max_hp_gain":0,"max_hp_loss":0,"event_name":"Drug Dealer","floor":21,"gold_loss":0}],"is_beta":false,"boss_relics":[{"not_picked":["mysticmod:DeckOfManyThings","Honey Jar"],"picked":"mysticmod:CrystalBall"}],"items_purged_floors":[13,19],"is_endless":false,"potions_floor_spawned":[4,7,22,23],"killed_by":"Slavers","ascension_level":6}}