{"host":"w5thk1acqacem6ba","time":1613750900,"event":{"mods":["AchievementEnabler","BaseMod","Colored Map","KOR Keyword Fix","Minty Spire (QoL Compilation)","SuperFastMode"],"gold_per_floor":[109,128,128,128,143,143,93,107,180,2,22,36,51,51,51,146,196,212,222,235,235,235,235,235,248,274,294,294,305,332,332,332],"floor_reached":31,"language":"KOR","playtime":1120,"items_purged":["Stack"],"score":300,"play_id":"06ea5cad-62dc-43b8-91da-a59a93857832","local_time":"20210220010820","is_ascension_mode":true,"campfire_choices":[{"data":"Tempest","floor":6.0,"key":"SMITH"},{"floor":15.0,"key":"REST"},{"floor":23.0,"key":"REST"},{"floor":28.0,"key":"REST"}],"circlet_count":0,"master_deck":["Zap+1","Dualcast","Tempest+1","Glacier","Turbo","Redo+1","Thunder Strike","Leap","Sweeping Beam","Redo","Consume","Coolheaded","Ball Lightning","Cold Snap","Chill+1","Reboot","Leap","Static Discharge","Self Repair+1","Reinforced Body","Decay","Loop+1","Aggregate"],"relics":["Pandora\u0027s Box","NlothsMask","Tiny House","Orichalcum","Omamori"],"acts_visited":["Exordium","TheCity"],"potions_floor_usage":[],"damage_taken":[{"damage":0.0,"enemies":"2 Louse","floor":1.0,"turns":3.0},{"damage":0.0,"enemies":"Small Slimes","floor":2.0,"turns":3.0},{"damage":6.0,"enemies":"Cultist","floor":5.0,"turns":3.0},{"damage":16.0,"enemies":"3 Louse","floor":8.0,"turns":3.0},{"damage":0.0,"enemies":"Exordium Wildlife","floor":11.0,"turns":4.0},{"damage":4.0,"enemies":"Blue Slaver","floor":12.0,"turns":2.0},{"damage":0.0,"enemies":"3 Louse","floor":13.0,"turns":3.0},{"damage":5.0,"enemies":"Slime Boss","floor":16.0,"turns":6.0},{"damage":18.0,"enemies":"Chosen","floor":18.0,"turns":5.0},{"damage":15.0,"enemies":"2 Thieves","floor":19.0,"turns":4.0},{"damage":36.0,"enemies":"Chosen and Byrds","floor":20.0,"turns":7.0},{"damage":0.0,"enemies":"Snake Plant","floor":25.0,"turns":4.0},{"damage":37.0,"enemies":"Centurion and Healer","floor":27.0,"turns":6.0},{"damage":16,"enemies":"Snecko","floor":29,"turns":4},{"damage":47,"enemies":"Cultist and Chosen","floor":31,"turns":5}],"seed_played":"2043760537699010629","potions_obtained":[{"floor":1.0,"key":"LiquidMemories"},{"floor":5.0,"key":"ColorlessPotion"},{"floor":19.0,"key":"FocusPotion"},{"floor":20.0,"key":"DistilledChaos"}],"is_trial":false,"path_per_floor":["M","M","?","?","M","R","?","M","T","$","M","M","M","?","R","B",null,"M","M","M","?","?","R","?","M","T","M","R","M","T","M"],"character_chosen":"DEFECT","items_purchased":["Coolheaded","Energy Potion"],"campfire_rested":3,"item_purchase_floors":[10,10],"current_hp_per_floor":[68,68,53,53,47,47,47,31,31,31,31,27,27,27,49,44,72,54,39,13,13,13,37,37,47,47,20,44,38,38,0,0],"gold":332,"neow_bonus":"BOSS_RELIC","is_daily":false,"chose_seed":false,"campfire_upgraded":1,"win_rate":0.0,"timestamp":1613750900,"path_taken":["M","M","?","?","?","R","?","M","T","?","M","M","M","?","R","BOSS","M","M","M","?","?","R","?","M","T","M","R","M","?","?"],"items_purchased_type":["Card","Potion"],"build_version":"2020-12-22","purchased_purges":1,"victory":false,"max_hp_per_floor":[75,75,75,75,75,75,75,75,75,75,75,75,75,75,75,75,80,80,80,80,80,80,80,80,80,80,80,80,80,80,80,80],"card_choices":[{"not_picked":["Hello World","Beam Cell"],"picked":"Sweeping Beam","floor":1.0},{"not_picked":["Compile Driver","Thunder Strike"],"picked":"Redo","floor":2.0},{"not_picked":["Reprogram","Hello World","Beam Cell"],"picked":"SKIP","floor":5.0},{"not_picked":["Redo","Compile Driver"],"picked":"Consume","floor":8.0},{"not_picked":["Genetic Algorithm","BootSequence"],"picked":"Ball Lightning","floor":11.0},{"not_picked":["Go for the Eyes","Force Field"],"picked":"Cold Snap","floor":12.0},{"not_picked":["Streamline","Tempest"],"picked":"Chill","floor":13.0},{"not_picked":["Seek","Rainbow"],"picked":"Reboot","floor":16.0},{"not_picked":["Darkness","Compile Driver"],"picked":"Leap","floor":17.0},{"not_picked":["Chill","Aggregate+1"],"picked":"Static Discharge","floor":18.0},{"not_picked":["Turbo","Redo"],"picked":"Self Repair+1","floor":19.0},{"not_picked":["Darkness","Recycle"],"picked":"Reinforced Body","floor":20.0},{"not_picked":["Barrage","Compile Driver+1"],"picked":"Loop+1","floor":25.0},{"not_picked":["Lockon","Rip and Tear"],"picked":"Aggregate","floor":27.0},{"not_picked":["Tempest","Rebound","Compile Driver"],"picked":"SKIP","floor":29}],"player_experience":435176,"relics_obtained":[{"floor":26.0,"key":"Orichalcum"},{"floor":30,"key":"Omamori"}],"event_choices":[{"damage_healed":0.0,"max_hp_gain":0.0,"max_hp_loss":0.0,"gold_gain":0.0,"event_name":"Shining Light","player_choice":"Entered Light","floor":3.0,"gold_loss":0.0,"damage_taken":15.0,"cards_upgraded":["Zap","Redo"]},{"damage_healed":0.0,"max_hp_gain":0.0,"max_hp_loss":0.0,"gold_gain":0.0,"event_name":"FaceTrader","player_choice":"Trade","floor":4.0,"gold_loss":0.0,"damage_taken":0.0,"relics_obtained":["NlothsMask"]},{"cards_removed":["Amplify"],"damage_healed":0.0,"max_hp_gain":0.0,"max_hp_loss":0.0,"gold_gain":0.0,"event_name":"The Cleric","player_choice":"Card Removal","floor":7.0,"gold_loss":50.0,"damage_taken":0.0},{"damage_healed":0.0,"max_hp_gain":0.0,"max_hp_loss":0.0,"gold_gain":0.0,"event_name":"Golden Wing","player_choice":"Ignored","floor":14.0,"gold_loss":0.0,"damage_taken":0.0},{"damage_healed":0.0,"max_hp_gain":0.0,"max_hp_loss":0.0,"gold_gain":0.0,"event_name":"Ghosts","player_choice":"Ignored","floor":21.0,"gold_loss":0.0,"damage_taken":0.0},{"damage_healed":0.0,"max_hp_gain":0.0,"max_hp_loss":0.0,"gold_gain":0.0,"event_name":"Forgotten Altar","player_choice":"Smashed Altar","floor":22.0,"gold_loss":0.0,"damage_taken":0.0,"cards_obtained":["Decay"]},{"damage_healed":0.0,"max_hp_gain":0.0,"max_hp_loss":0.0,"gold_gain":0.0,"event_name":"Vampires","player_choice":"Ignored","floor":24.0,"gold_loss":0.0,"damage_taken":0.0}],"is_beta":false,"boss_relics":[{"not_picked":["Empty Cage","Philosopher\u0027s Stone"],"picked":"Tiny House"}],"items_purged_floors":[10],"is_endless":false,"potions_floor_spawned":[1,5,11,12,19,20],"killed_by":"Cultist and Chosen","ascension_level":6}}