{"host":"c64dsqyrqv0ei9yn","time":1613718520,"event":{"mods":["BaseMod","Bestiary","Colored Map","Colored Powertips","Curses Come First","Koishi","LagranYue(ùfäiòNÅEåé)","MarisaÅiñ∂âJÅ@ñÇóùçπÅj","Minty Spire (QoL Compilation)","Prisma Mod","Random Character Button","ReimuÅiîé??öÎÅj","RemiliaÅiÂQïƒ‰ª?Åj","StSLib","The Alterego","The Marked","The Saiyan","The Senshi","The Servant 0.9.4","The Wild Card","slay the spire mod where everything is the same but ironclad has a cowboy hat"],"gold_per_floor":[114,114,125,141,155,155,9,19,44,44,60,79,79,79,79,182,182,198,209,228,30,30,30,41,74,74,74,24,36,55,71,71,71,71],"floor_reached":33,"language":"ENG","playtime":1795,"items_purged":["theSenshi:SailorKick","theSenshi:SailorKick"],"score":263,"play_id":"69860e97-bdc4-405c-9012-0176f7c45e32","local_time":"20210219070840","is_ascension_mode":false,"campfire_choices":[{"data":"theSenshi:MoonPrincessHalation","floor":6,"key":"SMITH"},{"data":"theSenshi:MoonTwilightFlash","floor":13,"key":"SMITH"},{"data":"theSenshi:GlimpseOfThePast","floor":15,"key":"SMITH"},{"data":"theSenshi:MoonCrisisMakeUp","floor":23,"key":"SMITH"},{"floor":27,"key":"REST"},{"floor":32,"key":"REST"}],"circlet_count":0,"master_deck":["theSenshi:SailorKick","theSenshi:SailorKick","theSenshi:SailorBlock","theSenshi:SailorBlock","theSenshi:SailorBlock","theSenshi:SailorBlock","theSenshi:RoseThrow","theSenshi:MoonPrismPowerMakeUp","theSenshi:MoonPrincessHalation+1","theSenshi:MoonsReflection","theSenshi:MoonTwilightFlash+1","theSenshi:MoonPunch","theSenshi:MoonTiaraMagic","theSenshi:GlimpseOfThePast+1","theSenshi:IWillPunishYou","theSenshi:Sidestep","theSenshi:MoonTwilightFlash","theSenshi:MoonCosmicPowerMakeUp+1","theSenshi:MoonCrisisMakeUp+1","theSenshi:MoonSpiralHeartAttack+1","theSenshi:TallSilhouette"],"relics":["theSenshi:TransformationBroochRelic","Membership Card","MealTicket","Sozu","Bottled Tornado","Vajra","HornCleat"],"acts_visited":["Exordium","TheCity"],"potions_floor_usage":[12,24,25,25],"damage_taken":[{"damage":0,"enemies":"Small Slimes","floor":1,"turns":4},{"damage":0,"enemies":"2 Louse","floor":3,"turns":3},{"damage":0,"enemies":"Cultist","floor":4,"turns":4},{"damage":9,"enemies":"Red Slaver","floor":5,"turns":3},{"damage":6,"enemies":"2 Fungi Beasts","floor":8,"turns":3},{"damage":1,"enemies":"Looter","floor":11,"turns":2},{"damage":9,"enemies":"Exordium Thugs","floor":12,"turns":4},{"damage":12,"enemies":"Slime Boss","floor":16,"turns":8},{"damage":21,"enemies":"2 Thieves","floor":18,"turns":3},{"damage":12,"enemies":"Spheric Guardian","floor":19,"turns":4},{"damage":8,"enemies":"Chosen and Byrds","floor":20,"turns":6},{"damage":28,"enemies":"Snake Plant","floor":24,"turns":3},{"damage":27,"enemies":"Book of Stabbing","floor":25,"turns":6},{"damage":15,"enemies":"Sentry and Sphere","floor":29,"turns":5},{"damage":11,"enemies":"Snecko","floor":30,"turns":6},{"damage":0,"enemies":"Cultist and Chosen","floor":31,"turns":4},{"damage":38,"enemies":"Collector","floor":33,"turns":6}],"seed_played":"-1179749667043409603","potions_obtained":[{"floor":3,"key":"BlessingOfTheForge"},{"floor":5,"key":"BlessingOfTheForge"},{"floor":8,"key":"Weak Potion"},{"floor":16,"key":"Fire Potion"}],"is_trial":false,"path_per_floor":["M","?","M","M","M","R","$","M","T","?","M","M","R","?","R","B",null,"M","M","M","$","?","R","M","E","T","R","$","M","M","M","R","B"],"character_chosen":"THE_SENSHI","items_purchased":["Membership Card","Bottled Tornado","theSenshi:MoonCrisisMakeUp"],"campfire_rested":2,"item_purchase_floors":[7,21,21],"current_hp_per_floor":[82,82,82,82,73,73,73,67,67,67,66,57,57,57,57,45,82,61,49,41,56,56,56,28,1,1,25,40,25,14,14,38,0,0],"gold":71,"neow_bonus":"TEN_PERCENT_HP_BONUS","is_daily":false,"chose_seed":false,"campfire_upgraded":4,"win_rate":0.0,"timestamp":1613718520,"path_taken":["M","?","M","M","M","R","$","M","T","?","M","M","R","?","R","BOSS","M","M","M","$","?","R","M","E","T","R","$","M","M","?","R","BOSS"],"items_purchased_type":["Relic","Relic","Card"],"build_version":"2020-12-22","purchased_purges":2,"victory":false,"max_hp_per_floor":[82,82,82,82,82,82,82,82,82,82,82,82,82,82,82,82,82,82,82,82,82,82,82,82,82,82,82,82,82,82,82,82,82,82],"card_choices":[{"not_picked":["theSenshi:SailorChibiMoonAssists","theSenshi:TuxedoMaskAssists"],"picked":"theSenshi:MoonPrincessHalation","floor":1},{"not_picked":["theSenshi:SailorStarMakerAssists","theSenshi:SailorChibiMoonAssists"],"picked":"theSenshi:MoonsReflection","floor":3},{"not_picked":["theSenshi:LateForSchool","theSenshi:SailorMercuryAssists","theSenshi:SailorUranusAssists"],"picked":"SKIP","floor":4},{"not_picked":["theSenshi:MoonCosmicPowerMakeUp","theSenshi:Sidestep"],"picked":"theSenshi:MoonTwilightFlash","floor":5},{"not_picked":["theSenshi:MercurysCunning","theSenshi:MoonSpiralHeartAttack"],"picked":"theSenshi:MoonPunch","floor":8},{"not_picked":["theSenshi:TallSilhouette","theSenshi:SailorChibiMoonAssists"],"picked":"theSenshi:MoonTiaraMagic","floor":11},{"not_picked":["theSenshi:MoonPrincessHalation","theSenshi:SailorPlanetPower"],"picked":"theSenshi:GlimpseOfThePast","floor":12},{"not_picked":["theSenshi:LunaSensingAllies","theSenshi:SailorCosmosAssists"],"picked":"theSenshi:IWillPunishYou","floor":16},{"not_picked":["theSenshi:LateForSchool+1","theSenshi:OdangoHead"],"picked":"theSenshi:Sidestep","floor":18},{"not_picked":["theSenshi:LateForSchool+1","theSenshi:SupersonicWaves"],"picked":"theSenshi:MoonTwilightFlash","floor":19},{"not_picked":["theSenshi:MoonTiaraMagic","theSenshi:TuxedoMaskAssists"],"picked":"theSenshi:MoonCosmicPowerMakeUp+1","floor":20},{"not_picked":["theSenshi:MoonPunch","theSenshi:SailorMarsAssists","theSenshi:LateForSchool"],"picked":"SKIP","floor":24},{"not_picked":["theSenshi:SteeledNerves","theSenshi:SailorMercuryAssists"],"picked":"theSenshi:MoonSpiralHeartAttack+1","floor":25},{"not_picked":["theSenshi:LunasBite+1","theSenshi:SailorVenusAssists+1","theSenshi:GatheringStrength"],"picked":"SKIP","floor":29},{"not_picked":["theSenshi:SailorPlanetAttack","theSenshi:SailorNeptuneAssists","theSenshi:SailorMercuryAssists"],"picked":"SKIP","floor":30},{"not_picked":["theSenshi:SupersonicWaves","theSenshi:SailorCosmosAssists"],"picked":"theSenshi:TallSilhouette","floor":31}],"player_experience":98604,"relics_obtained":[{"floor":9,"key":"MealTicket"},{"floor":25,"key":"Vajra"},{"floor":26,"key":"HornCleat"}],"event_choices":[{"damage_healed":0,"gold_gain":0,"player_choice":"Ignored","damage_taken":0,"max_hp_gain":0,"max_hp_loss":0,"event_name":"Golden Idol","floor":2,"gold_loss":0},{"damage_healed":0,"gold_gain":0,"player_choice":"Ignored","damage_taken":0,"max_hp_gain":0,"max_hp_loss":0,"event_name":"Golden Wing","floor":10,"gold_loss":0},{"damage_healed":0,"gold_gain":0,"player_choice":"Got Potions","damage_taken":0,"max_hp_gain":0,"max_hp_loss":0,"event_name":"Lab","floor":22,"gold_loss":0}],"is_beta":false,"boss_relics":[{"not_picked":["Fusion Hammer","Tiny House"],"picked":"Sozu"}],"items_purged_floors":[21,28],"is_endless":false,"potions_floor_spawned":[3,5,8,16,18,20,25,31],"killed_by":"Collector","ascension_level":0}}