{"host":"krw8kyiy0um8ye49","time":1613767224,"event":{"mods":["BaseMod","Minty Spire (QoL Compilation)","StSLib"],"gold_per_floor":[111,111,57,77,97,129,129,143,143,157,184,134,104,127,127,226,226,237,237,250,9,9,9,43,43,112,144,156,185,228,258,270,378,390,421,483,241,241,254,254,280,280,280,280,299,73,91,120,120,120],"floor_reached":51,"language":"ENG","playtime":3205,"items_purged":["Decay"],"score":953,"play_id":"85a466fe-5e6c-4982-8fbd-1c7c3df58fff","local_time":"20210219214024","is_ascension_mode":true,"campfire_choices":[{"data":"Footwork","floor":15,"key":"SMITH"},{"data":"Envenom","floor":23,"key":"SMITH"},{"data":"Poisoned Stab","floor":28,"key":"SMITH"},{"data":"Catalyst","floor":32,"key":"SMITH"},{"data":"Accuracy","floor":40,"key":"SMITH"},{"data":"Crippling Poison","floor":42,"key":"SMITH"},{"data":"Normality","floor":44,"key":"PURGE"},{"data":"Injury","floor":49,"key":"PURGE"}],"circlet_count":0,"master_deck":["Strike_G+1","Strike_G+1","Defend_G+1","Defend_G+1","Defend_G+1","Defend_G+1","Defend_G+1","Survivor","Neutralize+1","Poisoned Stab+1","Sucker Punch","PiercingWail","Backflip","Cloak And Dagger","Crippling Poison+1","Bane","Venomology","Footwork+1","Catalyst+1","Envenom+1","Dagger Spray+1","Heel Hook","Cloak And Dagger+1","Adrenaline+1","Bouncing Flask+1","Blade Dance+1","Accuracy+1","Burst+1","Noxious Fumes+1","Deadly Poison+1","Prepared+1"],"relics":["Ring of the Snake","Potion Belt","Anchor","Meat on the Bone","Odd Mushroom","Cursed Key","Toxic Egg 2","Blood Vial","Paper Crane","Pear","MawBank","Ninja Scroll","FossilizedHelix","PreservedInsect","Ginger","Peace Pipe","Membership Card","Bag of Marbles","Centennial Puzzle"],"acts_visited":["Exordium","TheCity","TheBeyond"],"potions_floor_usage":[13,14,14,14,16,24,24,24,27,27,27,30,30,30,33,33,41,45,45,47,48,48,50,50,50,50,50,50,50,50,50,50],"damage_taken":[{"damage":7,"enemies":"Small Slimes","floor":1,"turns":5},{"damage":1,"enemies":"Jaw Worm","floor":4,"turns":3},{"damage":1,"enemies":"Cultist","floor":5,"turns":3},{"damage":13,"enemies":"Gremlin Nob","floor":6,"turns":5},{"damage":0,"enemies":"2 Fungi Beasts","floor":8,"turns":5},{"damage":5,"enemies":"Large Slime","floor":10,"turns":7},{"damage":10,"enemies":"3 Sentries","floor":11,"turns":13},{"damage":0,"enemies":"Looter","floor":13,"turns":4},{"damage":10,"enemies":"The Mushroom Lair","floor":14,"turns":6},{"damage":18,"enemies":"Hexaghost","floor":16,"turns":10},{"damage":14,"enemies":"3 Byrds","floor":18,"turns":6},{"damage":0,"enemies":"Chosen","floor":20,"turns":6},{"damage":15,"enemies":"Book of Stabbing","floor":24,"turns":5},{"damage":11,"enemies":"Slavers","floor":27,"turns":8},{"damage":4,"enemies":"Centurion and Healer","floor":29,"turns":5},{"damage":0,"enemies":"Gremlin Leader","floor":30,"turns":5},{"damage":0,"enemies":"Snecko","floor":31,"turns":3},{"damage":36,"enemies":"Champ","floor":33,"turns":9},{"damage":11,"enemies":"3 Darklings","floor":35,"turns":3},{"damage":8,"enemies":"Mind Bloom Boss Battle","floor":36,"turns":4},{"damage":0,"enemies":"Orb Walker","floor":39,"turns":3},{"damage":0,"enemies":"Reptomancer","floor":41,"turns":4},{"damage":0,"enemies":"Transient","floor":45,"turns":5},{"damage":2,"enemies":"Spire Growth","floor":47,"turns":3},{"damage":0,"enemies":"Giant Head","floor":48,"turns":4},{"damage":47,"enemies":"Awakened One","floor":50,"turns":9}],"seed_played":"-4919416349885870476","potions_obtained":[{"floor":1,"key":"Dexterity Potion"},{"floor":6,"key":"Dexterity Potion"},{"floor":11,"key":"CultistPotion"},{"floor":14,"key":"SteroidPotion"},{"floor":18,"key":"PowerPotion"},{"floor":29,"key":"CunningPotion"},{"floor":30,"key":"Fire Potion"},{"floor":33,"key":"DuplicationPotion"},{"floor":39,"key":"DistilledChaos"},{"floor":48,"key":"Weak Potion"}],"is_trial":false,"path_per_floor":["M","?","$","M","M","E","?","M","T","M","E","?","M","?","R","B",null,"M","?","M","$","?","R","E","T","T","E","R","M","E","M","R","B",null,"M","?","$","?","M","R","E","R","T","R","M","$","M","E","R","B",null],"character_chosen":"THE_SILENT","items_purchased":["Sucker Punch","Toxic Egg 2","PreservedInsect","Noxious Fumes","Membership Card","Bag of Marbles"],"campfire_rested":0,"item_purchase_floors":[3,21,37,37,46,46],"current_hp_per_floor":[70,70,70,69,68,55,55,55,55,50,40,40,40,42,42,36,77,63,63,63,63,63,63,48,48,58,49,49,47,49,51,51,29,87,76,70,70,70,72,72,74,74,74,74,76,76,76,78,78,45],"gold":120,"neow_bonus":"TEN_PERCENT_HP_BONUS","is_daily":false,"chose_seed":false,"campfire_upgraded":6,"win_rate":0.0,"timestamp":1613767224,"path_taken":["M","?","$","M","M","E","?","?","T","M","E","?","M","?","R","BOSS","M","?","?","$","?","R","E","?","T","E","R","M","E","M","R","BOSS","M","?","$","?","M","R","E","R","T","R","?","$","?","E","R","BOSS"],"items_purchased_type":["Card","Relic","Relic","Card","Relic","Relic"],"build_version":"2020-12-22","purchased_purges":1,"victory":true,"max_hp_per_floor":[77,77,77,77,77,77,77,77,77,77,77,77,77,77,77,77,77,77,77,77,77,77,77,77,77,87,87,87,87,87,87,87,87,87,87,87,87,87,87,87,87,87,87,87,87,87,87,87,87,87],"card_choices":[{"not_picked":["Predator","Flechettes"],"picked":"Poisoned Stab","floor":1},{"not_picked":["Sucker Punch","Poisoned Stab"],"picked":"PiercingWail","floor":4},{"not_picked":["Slice","PiercingWail"],"picked":"Backflip","floor":5},{"not_picked":["Deflect","Tactician"],"picked":"Cloak And Dagger","floor":6},{"not_picked":["Deflect","Finisher"],"picked":"Crippling Poison","floor":8},{"not_picked":["Escape Plan","Acrobatics"],"picked":"Bane","floor":10},{"not_picked":["Concentrate","Terror"],"picked":"Venomology","floor":11},{"not_picked":["Bane","Underhanded Strike"],"picked":"Footwork","floor":13},{"not_picked":["Dagger Throw","PiercingWail"],"picked":"Catalyst","floor":14},{"not_picked":["A Thousand Cuts","Glass Knife"],"picked":"Envenom","floor":16},{"not_picked":["All Out Attack","Outmaneuver"],"picked":"Dagger Spray+1","floor":18},{"not_picked":["Eviscerate","Dagger Throw"],"picked":"Heel Hook","floor":20},{"not_picked":["Endless Agony","Calculated Gamble+1"],"picked":"Cloak And Dagger+1","floor":24},{"not_picked":["Deflect+1","Dagger Throw"],"picked":"Adrenaline+1","floor":27},{"not_picked":["PiercingWail+1","Distraction+1"],"picked":"Bouncing Flask+1","floor":29},{"not_picked":["Underhanded Strike","Terror+1"],"picked":"Blade Dance+1","floor":30},{"not_picked":["Finisher","Calculated Gamble+1"],"picked":"Accuracy","floor":31},{"not_picked":["Adrenaline+1","Tools of the Trade"],"picked":"Burst+1","floor":33},{"not_picked":["Cloak And Dagger+1","All Out Attack","Endless Agony"],"picked":"SKIP","floor":35},{"not_picked":["Underhanded Strike+1","Wraith Form v2","Dodge and Roll+1"],"picked":"SKIP","floor":39},{"not_picked":["Flying Knee+1","Prepared+1","Slice"],"picked":"SKIP","floor":41},{"not_picked":["Outmaneuver+1","Dash+1","Backflip+1"],"picked":"SKIP","floor":45},{"not_picked":["PiercingWail+1","Heel Hook+1"],"picked":"Deadly Poison+1","floor":47},{"not_picked":["Cloak And Dagger+1","Dagger Throw+1"],"picked":"Prepared+1","floor":48}],"player_experience":178983,"relics_obtained":[{"floor":6,"key":"Potion Belt"},{"floor":9,"key":"Anchor"},{"floor":11,"key":"Meat on the Bone"},{"floor":14,"key":"Odd Mushroom"},{"floor":24,"key":"Blood Vial"},{"floor":25,"key":"Paper Crane"},{"floor":26,"key":"Pear"},{"floor":27,"key":"MawBank"},{"floor":30,"key":"Ninja Scroll"},{"floor":36,"key":"FossilizedHelix"},{"floor":41,"key":"Ginger"},{"floor":43,"key":"Peace Pipe"},{"floor":48,"key":"Centennial Puzzle"}],"event_choices":[{"damage_healed":0,"gold_gain":0,"player_choice":"Grow","damage_taken":0,"max_hp_gain":0,"max_hp_loss":0,"event_name":"Living Wall","floor":2,"gold_loss":0,"cards_upgraded":["Neutralize"]},{"cards_removed":["Strike_G"],"damage_healed":0,"gold_gain":0,"player_choice":"Card Removal","damage_taken":0,"max_hp_gain":0,"max_hp_loss":0,"event_name":"Wheel of Change","floor":7,"gold_loss":0},{"cards_removed":["Strike_G"],"damage_healed":0,"gold_gain":0,"player_choice":"Card Removal","damage_taken":0,"max_hp_gain":0,"max_hp_loss":0,"event_name":"The Cleric","floor":12,"gold_loss":50},{"damage_healed":0,"gold_gain":0,"player_choice":"Fought Mushrooms","damage_taken":0,"max_hp_gain":0,"max_hp_loss":0,"event_name":"Mushrooms","floor":14,"gold_loss":0},{"cards_removed":["Strike_G"],"damage_healed":0,"gold_gain":0,"player_choice":"Offered Basic","damage_taken":0,"max_hp_gain":0,"max_hp_loss":0,"event_name":"Bonfire Elementals","floor":19,"gold_loss":0},{"damage_healed":0,"gold_gain":0,"player_choice":"Simplicity","damage_taken":0,"max_hp_gain":0,"max_hp_loss":0,"event_name":"Back to Basics","floor":22,"gold_loss":0,"cards_upgraded":["Strike_G","Strike_G","Defend_G","Defend_G","Defend_G","Defend_G","Defend_G"]},{"damage_healed":0,"gold_gain":0,"player_choice":"Fight","damage_taken":0,"max_hp_gain":0,"max_hp_loss":0,"event_name":"MindBloom","floor":36,"gold_loss":0},{"damage_healed":0,"gold_gain":0,"player_choice":"Upgraded","damage_taken":0,"max_hp_gain":0,"max_hp_loss":0,"event_name":"Upgrade Shrine","floor":38,"gold_loss":0,"cards_upgraded":["Noxious Fumes"]}],"is_beta":false,"boss_relics":[{"not_picked":["Fusion Hammer","HoveringKite"],"picked":"Cursed Key"},{"not_picked":["Sozu","Runic Dome","Snecko Eye"]}],"items_purged_floors":[37],"is_endless":false,"potions_floor_spawned":[1,6,11,14,18,29,30,33,39,47,48],"ascension_level":2}}