{"host":"tlbbab9afexrkdtf","time":1613765645,"event":{"mods":["2.2 Compatiblity","AchievementEnabler","BaseMod","Colored Map","Colored Powertips","Minty Spire (QoL Compilation)","Rare Cards Sparkle","StSLib"],"gold_per_floor":[113,188,188,258,274,308,324,324,351,420,440,440,440,464,464,573,573,593,692,721,766,766,766,766],"floor_reached":23,"language":"ENG","playtime":455,"items_purged":[],"score":395,"play_id":"03e77273-b50c-4621-b2a7-fe9ce72bf333","local_time":"20210219151405","is_ascension_mode":true,"campfire_choices":[{"floor":8,"key":"REST"},{"floor":12,"key":"REST"},{"data":"Electrodynamics","floor":15,"key":"SMITH"}],"circlet_count":0,"master_deck":["Defend_B","Defend_B+1","Defend_B","Defend_B","Zap","Dualcast","Leap+1","Cold Snap","Ball Lightning","Hello World","Electrodynamics+1","Ball Lightning","Conserve Battery","All For One","Consume+1","Consume","Bite","Bite","Bite","Bite","Bite"],"relics":["Cracked Core","NeowsBlessing","Pantograph","Nunchaku","Anchor","CeramicFish","Inserter","StoneCalendar"],"acts_visited":["Exordium","TheCity"],"potions_floor_usage":[10,23,23,23],"damage_taken":[{"damage":0,"enemies":"Jaw Worm","floor":1,"turns":1},{"damage":0,"enemies":"Small Slimes","floor":5,"turns":1},{"damage":0,"enemies":"Gremlin Nob","floor":6,"turns":1},{"damage":0,"enemies":"Cultist","floor":7,"turns":4},{"damage":23,"enemies":"Lagavulin Event","floor":10,"turns":6},{"damage":1,"enemies":"Blue Slaver","floor":11,"turns":3},{"damage":2,"enemies":"Exordium Thugs","floor":14,"turns":2},{"damage":0,"enemies":"Slime Boss","floor":16,"turns":6},{"damage":11,"enemies":"Chosen","floor":18,"turns":5},{"damage":34,"enemies":"Shell Parasite","floor":20,"turns":6},{"damage":34,"enemies":"Gremlin Leader","floor":23,"turns":3}],"seed_played":"7846981693178657183","potions_obtained":[{"floor":6,"key":"LiquidBronze"},{"floor":10,"key":"SkillPotion"},{"floor":14,"key":"SteroidPotion"},{"floor":16,"key":"BlessingOfTheForge"}],"is_trial":false,"path_per_floor":["M","?","?","T","M","E","M","R","T","?","M","R","?","M","R","B",null,"M","?","M","?","T","E"],"character_chosen":"DEFECT","items_purchased":[],"campfire_rested":2,"item_purchase_floors":[],"current_hp_per_floor":[68,57,42,42,42,42,42,64,64,41,40,62,62,60,60,75,75,64,64,30,30,30,0,0],"gold":766,"neow_bonus":"THREE_ENEMY_KILL","is_daily":false,"chose_seed":false,"campfire_upgraded":1,"win_rate":0.0,"timestamp":1613765645,"path_taken":["M","?","?","?","?","E","M","R","T","?","M","R","?","M","R","BOSS","M","?","M","?","?","E"],"items_purchased_type":[],"build_version":"2020-12-22","purchased_purges":0,"victory":false,"max_hp_per_floor":[75,75,75,75,75,75,75,75,75,75,75,75,75,75,75,75,75,75,75,75,52,52,52,52],"card_choices":[{"not_picked":["Compile Driver","Skim"],"picked":"Leap","floor":1},{"not_picked":["Undo","Go for the Eyes"],"picked":"Cold Snap","floor":5},{"not_picked":["Beam Cell","Melter"],"picked":"Ball Lightning","floor":6},{"not_picked":["Barrage","Double Energy"],"picked":"Hello World","floor":7},{"not_picked":["Conserve Battery","Rebound"],"picked":"Electrodynamics","floor":10},{"not_picked":["Steam","Reprogram"],"picked":"Ball Lightning","floor":11},{"not_picked":["Streamline","Go for the Eyes"],"picked":"Conserve Battery","floor":14},{"not_picked":["Seek","Reboot"],"picked":"All For One","floor":16},{"not_picked":["Go for the Eyes+1","Gash"],"picked":"Consume+1","floor":18},{"not_picked":["Storm","Ball Lightning"],"picked":"Consume","floor":20}],"player_experience":331773,"relics_obtained":[{"floor":4,"key":"Pantograph"},{"floor":6,"key":"Nunchaku"},{"floor":9,"key":"Anchor"},{"floor":22,"key":"StoneCalendar"}],"event_choices":[{"damage_healed":0,"gold_gain":75,"player_choice":"Gather Gold","damage_taken":11,"max_hp_gain":0,"max_hp_loss":0,"event_name":"World of Goop","floor":2,"gold_loss":0},{"damage_healed":0,"gold_gain":0,"player_choice":"Entered Light","damage_taken":15,"max_hp_gain":0,"max_hp_loss":0,"event_name":"Shining Light","floor":3,"gold_loss":0,"cards_upgraded":["Defend_B","Leap"]},{"damage_healed":0,"gold_gain":0,"player_choice":"Searched \u00272\u0027 times","damage_taken":0,"relics_obtained":["CeramicFish"],"max_hp_gain":0,"max_hp_loss":0,"event_name":"Dead Adventurer","floor":10,"gold_loss":0},{"cards_removed":["Strike_B"],"damage_healed":0,"gold_gain":0,"player_choice":"Purged","damage_taken":0,"max_hp_gain":0,"max_hp_loss":0,"event_name":"Purifier","floor":13,"gold_loss":0},{"damage_healed":0,"gold_gain":99,"player_choice":"Stole From Cult","damage_taken":0,"max_hp_gain":0,"max_hp_loss":0,"event_name":"Nest","floor":19,"gold_loss":0},{"damage_healed":0,"gold_gain":0,"player_choice":"Became a vampire","damage_taken":0,"max_hp_gain":0,"max_hp_loss":23,"event_name":"Vampires","floor":21,"gold_loss":0,"cards_obtained":["Bite","Bite","Bite","Bite","Bite"]}],"is_beta":false,"boss_relics":[{"not_picked":["Black Star","FrozenCore"],"picked":"Inserter"}],"items_purged_floors":[],"is_endless":false,"potions_floor_spawned":[6,10,14,16],"killed_by":"Gremlin Leader","ascension_level":8}}