{"host":"f7rb14kzcw8hx1r1","time":1613730307,"event":{"mods":["BaseMod","Better Note","Better Third Choice","Colored Map","Curses Come First","Highlight Path","Hubris","Minty Spire (QoL Compilation)","Reliquary","Replay The Spire","StSLib","The Forsaken"],"gold_per_floor":[119,119,44,56,66,97,97,128,206,106,118,118,142,10,10,106,106,117,136,136,8,8,34,87,106,106,106,106,29,29,29,29,124,124,139,149,166,176,104,135,135,135,162,188,206,206,206,218,218,218],"floor_reached":51,"language":"ENG","playtime":2008,"items_purged":["Strike_B","Strike_B","Languid","Strike_B"],"score":856,"play_id":"0630ced0-49c9-424e-ba5e-dd2072ea0e6f","local_time":"20210219112507","is_ascension_mode":false,"campfire_choices":[{"floor":12,"key":"REST"},{"data":"BasicCrystalCard","floor":15,"key":"SMITH"},{"data":"Defragment","floor":28,"key":"SMITH"},{"data":"Barrage","floor":30,"key":"SMITH"},{"floor":32,"key":"REST"},{"data":"Dualcast","floor":41,"key":"SMITH"},{"data":"Defragment","floor":46,"key":"SMITH"},{"data":"Chill","floor":49,"key":"SMITH"}],"circlet_count":0,"master_deck":["Defend_B+1","Defend_B+1","Defend_B+1","Defend_B+1","Zap+1","Dualcast+1","Static Discharge","Skim","Chill+1","BasicCrystalCard+1","Buffer+1","Cold Snap","Barrage+1","Feed+1","Loop+1","Melter","Loop+1","FTL","Defragment+1","Compile Driver","FIFO Queue","Barrage+1","Electrodynamics","Stack+1","Coolheaded+1","Defragment+1","Ball Lightning+1","Conserve Battery+1"],"relics":["Cracked Core","Toy Ornithopter","DataDisk","Dream Catcher","Replay:Bottled Eggs","Bag of Preparation","ReplayTheSpireMod:CursedCoin","reliquary:Spinner","Ring of Chaos","MutagenicStrength","Nunchaku","Ancient Tea Set","Centennial Puzzle","Toxic Egg 2","Guide Book","Replay:Grab Bag","reliquary:RustamsPendant","hubris:RunicObelisk","SlaversCollar","Blue Doll","hubris:TenFootPole","Anchor","hubris:Icosahedron"],"acts_visited":["Exordium","TheCity","TheBeyond"],"potions_floor_usage":[23,40,50,50,50],"damage_taken":[{"damage":2,"enemies":"2 Louse","floor":1,"turns":2},{"damage":8,"enemies":"Jaw Worm","floor":4,"turns":3},{"damage":0,"enemies":"Small Slimes","floor":5,"turns":3},{"damage":28,"enemies":"Gremlin Nob","floor":6,"turns":4},{"damage":15,"enemies":"3 Sentries","floor":8,"turns":7},{"damage":0,"enemies":"2 Fungi Beasts","floor":11,"turns":3},{"damage":13,"enemies":"Hexaghost","floor":16,"turns":13},{"damage":6,"enemies":"3 Byrds","floor":18,"turns":3},{"damage":4,"enemies":"Shell Parasite","floor":19,"turns":6},{"damage":26,"enemies":"Gremlin Leader","floor":23,"turns":7},{"damage":4,"enemies":"Snake Plant","floor":25,"turns":7},{"damage":0,"enemies":"Collector","floor":33,"turns":7},{"damage":2,"enemies":"Orb Walker","floor":35,"turns":3},{"damage":0,"enemies":"3 Shapes","floor":36,"turns":5},{"damage":1,"enemies":"Transient","floor":37,"turns":5},{"damage":0,"enemies":"Sphere and 2 Shapes","floor":38,"turns":5},{"damage":0,"enemies":"R_Hoarder","floor":40,"turns":7},{"damage":8,"enemies":"Nemesis","floor":44,"turns":5},{"damage":0,"enemies":"Maw","floor":45,"turns":6},{"damage":0,"enemies":"4 Shapes","floor":48,"turns":9},{"damage":0,"enemies":"Donu and Deca","floor":50,"turns":5}],"seed_played":"3641598342976080077","potions_obtained":[{"floor":1,"key":"DuplicationPotion"},{"floor":5,"key":"Venom Potion"},{"floor":8,"key":"Elixir"},{"floor":16,"key":"Dexterity Potion"},{"floor":18,"key":"Ancient Potion"},{"floor":23,"key":"Venom Potion"},{"floor":24,"key":"SkillPotion"},{"floor":40,"key":"Regen Potion"}],"is_trial":false,"path_per_floor":["M","?","$","M","M","E","?","E","T","$","M","R","T","$","R","B",null,"M","M","?","$","?","E","?","M","T","T","R","$","R","$","R","B",null,"M","M","M","M","$","E","R","$","T","E","M","R","?","M","R","B",null],"character_chosen":"DEFECT","items_purchased":["ReplayTheSpireMod:CursedCoin","reliquary:Spinner","Loop+1","Melter","FIFO Queue","Guide Book","Defragment"],"campfire_rested":2,"item_purchase_floors":[14,14,21,21,29,31,39],"current_hp_per_floor":[73,73,73,65,65,37,37,22,22,22,22,44,44,44,44,31,75,69,65,65,65,65,44,26,22,22,22,22,22,22,7,29,29,75,73,73,72,76,76,79,79,79,79,75,75,75,75,75,75,83],"gold":218,"neow_bonus":"RANDOM_COMMON_RELIC","is_daily":false,"chose_seed":false,"campfire_upgraded":6,"win_rate":0.0,"timestamp":1613730307,"path_taken":["M","?","?","M","M","E","?","E","T","$","M","R","?","$","R","BOSS","M","M","?","$","?","E","?","?","T","?","R","$","R","?","R","BOSS","M","M","M","?","?","E","R","$","T","E","M","R","?","M","R","BOSS"],"items_purchased_type":["Relic","Relic","Card","Card","Card","Relic","Card"],"build_version":"2020-12-22","purchased_purges":4,"victory":true,"max_hp_per_floor":[75,75,75,75,75,75,75,75,75,75,75,75,75,75,75,75,75,75,75,75,75,75,75,75,75,75,75,75,75,75,75,75,75,75,75,75,75,79,79,79,79,79,79,83,83,83,83,83,83,83],"card_choices":[{"not_picked":["Steam","Turbo"],"picked":"Static Discharge","floor":1},{"not_picked":["Rebound","Panic Button"],"picked":"Skim","floor":4},{"not_picked":["Force Field","Redo","Stack"],"picked":"SKIP","floor":5},{"not_picked":["ReplayTheSpireMod:System Scan","ReplayRNGCard"],"picked":"Chill","floor":6},{"not_picked":["Stack","Panic Button","ReplayTheSpireMod:Repulse"],"picked":"SKIP","floor":8},{"not_picked":["Reinforced Body","Sweeping Beam","Skim"],"picked":"SKIP","floor":11},{"not_picked":["Steam","Turbo"],"picked":"BasicCrystalCard","floor":12},{"not_picked":["Fission","hubris:SpecializedCircuitry"],"picked":"Buffer","floor":16},{"not_picked":["Beam Cell","Crystallizer"],"picked":"Cold Snap","floor":18},{"not_picked":["Steam","Aggregate"],"picked":"Barrage","floor":19},{"not_picked":["ReplayTheSpireMod:GoodbyeWorld","ReplayGash+1"],"picked":"Loop+1","floor":23},{"not_picked":["ReplayTheSpireMod:Repulse","ReplayGash+1"],"picked":"FTL","floor":24},{"not_picked":["Redo","Go for the Eyes"],"picked":"Defragment","floor":24},{"not_picked":["Hello World","Ball Lightning"],"picked":"Compile Driver","floor":25},{"not_picked":["Reinforced Body+1","hubris:Prefetch+1"],"picked":"Barrage+1","floor":32},{"not_picked":["ReplayRNGCard+1","Thunder Strike"],"picked":"Electrodynamics","floor":33},{"not_picked":["Barrage","Recycle+1"],"picked":"Stack+1","floor":35},{"not_picked":["Scrape+1","Leap+1","Lockon+1"],"picked":"SKIP","floor":36},{"not_picked":["Compile Driver","Redo+1","Reinforced Body+1"],"picked":"SKIP","floor":37},{"not_picked":["Fission+1","hubris:PowerSurge+1"],"picked":"Coolheaded+1","floor":38},{"not_picked":["Stack+1","hubris:PowerSurge+1","Rebound"],"picked":"SKIP","floor":40},{"not_picked":["Hello World","Auto Shields+1","Undo+1"],"picked":"SKIP","floor":44},{"not_picked":["Go for the Eyes","Gash+1"],"picked":"Ball Lightning+1","floor":45},{"not_picked":["Go for the Eyes","Compile Driver+1"],"picked":"Conserve Battery+1","floor":48}],"player_experience":981750,"relics_obtained":[{"floor":6,"key":"DataDisk"},{"floor":8,"key":"Dream Catcher"},{"floor":9,"key":"Replay:Bottled Eggs"},{"floor":13,"key":"Bag of Preparation"},{"floor":23,"key":"Nunchaku"},{"floor":24,"key":"Ancient Tea Set"},{"floor":26,"key":"Centennial Puzzle"},{"floor":27,"key":"Toxic Egg 2"},{"floor":40,"key":"Blue Doll"},{"floor":43,"key":"hubris:TenFootPole"},{"floor":44,"key":"Anchor"}],"event_choices":[{"cards_removed":["BasicCrystalCard"],"damage_healed":0,"gold_gain":0,"player_choice":"Take \u0026 Give","damage_taken":0,"max_hp_gain":0,"max_hp_loss":0,"event_name":"betterNote:BetterNote","floor":20,"gold_loss":0,"cards_obtained":["Feed"]},{"damage_healed":0,"gold_gain":0,"player_choice":"Inject Mutagens","damage_taken":0,"relics_obtained":["MutagenicStrength"],"max_hp_gain":0,"max_hp_loss":0,"event_name":"Drug Dealer","floor":22,"gold_loss":0}],"is_beta":false,"boss_relics":[{"not_picked":["hubris:Stopwatch","hubris:BlackHole"],"picked":"Ring of Chaos"},{"not_picked":["Nuclear Battery","reliquary:Ember"],"picked":"Replay:Grab Bag"},{"not_picked":["Velvet Choker","hubris:GrandSneckoEye"],"picked":"reliquary:RustamsPendant"},{"not_picked":["Fusion Hammer","ChewingGum"],"picked":"hubris:RunicObelisk"},{"not_picked":["Replay:Drink Me","Snecko Heart"],"picked":"SlaversCollar"}],"items_purged_floors":[3,10,14,31],"is_endless":false,"potions_floor_spawned":[1,5,8,16,18,23,36,40,44,48],"ascension_level":0}}