{"host":"sc0o2qwpf9j16a4i","time":1613747010,"event":{"mods":["AchievementEnabler","BaseMod","BetterRewards","Block Reminder","Colored Map","Colored Powertips","Custom Start","Highlight Path","Minty Spire (QoL Compilation)","Relic Stats"],"gold_per_floor":[112,112,37,37,37,76,76,117,117,146,186,34,75,99,99,225,225,245,24,24,1,1,37,50,50,50,93,93,137,137,172,172,297,297,351,321,345,255,303,377,450,511,511,542,593,628,628,628],"floor_reached":47,"language":"ENG","playtime":1814,"items_purged":[],"score":943,"play_id":"4962cbff-5511-4b13-a9b8-c66c98ed0341","local_time":"20210219170330","daily_mods":["Heirloom","Time Dilation","Elite Swarm"],"is_ascension_mode":false,"campfire_choices":[{"data":"Blasphemy","floor":7,"key":"SMITH"},{"data":"Ragnarok","floor":15,"key":"SMITH"},{"data":"BattleHymn","floor":25,"key":"SMITH"},{"data":"Establishment","floor":32,"key":"SMITH"}],"circlet_count":0,"master_deck":["Strike_P+1","Strike_P","Strike_P+1","Defend_P+1","Defend_P+1","Defend_P+1","Defend_P+1","Eruption","Vigilance+1","Wireheading","Injury","FlyingSleeves+1","CrushJoints+1","Regret","Blasphemy+1","Ragnarok+1","Wallop+1","BattleHymn+1","ClearTheMind+1","Indignation+1","LessonLearned","Consecrate","Establishment+1","TalkToTheHand+1","Meditate+1","SashWhip+1","J.A.X.+1","Wish+1","ThirdEye+1","DevaForm+1","Omniscience+1","TalkToTheHand+1","Devotion","ThirdEye+1","ThirdEye+1","Protect+1","Scrawl+1","Meditate+1","SpiritShield+1","Scrawl+1"],"relics":["HolyWater","GoldenEye","Golden Idol","Question Card","CloakClasp","Akabeko","Mango","Odd Mushroom","Toxic Egg 2","Mercury Hourglass","OrangePellets","TungstenRod","Gambling Chip","Yang","Ginger","Bronze Scales","Turnip","Busted Crown","Bird Faced Urn","War Paint","Bottled Tornado","HornCleat","Blue Candle"],"acts_visited":["Exordium","TheCity","TheBeyond"],"potions_floor_usage":[11,29,33,35,36,39,40,41],"damage_taken":[{"damage":1,"enemies":"Jaw Worm","floor":1,"turns":4},{"damage":19,"enemies":"Lagavulin","floor":6,"turns":8},{"damage":2,"enemies":"Gremlin Nob","floor":8,"turns":2},{"damage":14,"enemies":"The Mushroom Lair","floor":10,"turns":4},{"damage":4,"enemies":"3 Sentries","floor":11,"turns":4},{"damage":4,"enemies":"Lagavulin","floor":13,"turns":4},{"damage":0,"enemies":"Small Slimes","floor":14,"turns":2},{"damage":0,"enemies":"Slime Boss","floor":16,"turns":2},{"damage":4,"enemies":"Shell Parasite","floor":18,"turns":2},{"damage":21,"enemies":"Gremlin Leader","floor":23,"turns":5},{"damage":2,"enemies":"3 Byrds","floor":24,"turns":2},{"damage":2,"enemies":"Slavers","floor":27,"turns":1},{"damage":9,"enemies":"Book of Stabbing","floor":29,"turns":4},{"damage":0,"enemies":"Slavers","floor":31,"turns":2},{"damage":9,"enemies":"Automaton","floor":33,"turns":8},{"damage":6,"enemies":"3 Darklings","floor":35,"turns":4},{"damage":0,"enemies":"Orb Walker","floor":37,"turns":1},{"damage":8,"enemies":"4 Shapes","floor":39,"turns":4},{"damage":17,"enemies":"Reptomancer","floor":40,"turns":4},{"damage":11,"enemies":"Spire Growth","floor":41,"turns":3},{"damage":6,"enemies":"Nemesis","floor":42,"turns":3},{"damage":2,"enemies":"Reptomancer","floor":44,"turns":1},{"damage":14,"enemies":"Writhing Mass","floor":45,"turns":4},{"damage":4,"enemies":"Giant Head","floor":46,"turns":5}],"seed_played":"2212092839459129005","potions_obtained":[{"floor":1,"key":"Regen Potion"},{"floor":8,"key":"Ancient Potion"},{"floor":11,"key":"FearPotion"},{"floor":14,"key":"FearPotion"},{"floor":23,"key":"ColorlessPotion"},{"floor":24,"key":"PowerPotion"},{"floor":31,"key":"SteroidPotion"},{"floor":35,"key":"Fruit Juice"},{"floor":36,"key":"SneckoOil"},{"floor":36,"key":"DuplicationPotion"},{"floor":40,"key":"GamblersBrew"},{"floor":44,"key":"SpeedPotion"},{"floor":45,"key":"Energy Potion"}],"is_trial":true,"path_per_floor":["M","?","$","?","?","E","R","E","T","?","E","$","E","M","R","B",null,"M","$","?","$","?","E","M","R","T","E","?","E","?","E","R","B",null,"M","?","M","?","M","E","M","E","T","E","M","E","$"],"character_chosen":"WATCHER","items_purchased":["FlyingSleeves","CrushJoints","BattleHymn","ClearTheMind+1","Indignation+1","OrangePellets","Meditate+1","SashWhip"],"campfire_rested":0,"item_purchase_floors":[3,3,12,12,12,19,19,21],"current_hp_per_floor":[71,71,71,71,71,52,52,50,64,50,58,58,54,54,54,54,86,82,82,96,96,96,75,73,73,73,71,71,62,62,62,62,53,96,90,95,95,95,87,70,65,61,61,65,57,63,63,63],"gold":628,"neow_bonus":"","is_daily":false,"chose_seed":false,"campfire_upgraded":4,"win_rate":0.0,"timestamp":1613747010,"path_taken":["M","?","$","?","?","E","R","E","T","?","E","$","E","M","R","BOSS","M","$","?","?","?","E","M","R","T","E","?","E","?","E","R","BOSS","M","?","?","?","M","E","?","E","T","E","M","E","?"],"items_purchased_type":["Card","Card","Card","Card","Card","Relic","Card","Card"],"build_version":"2020-12-22","purchased_purges":0,"victory":false,"max_hp_per_floor":[72,72,72,72,72,72,72,72,86,86,86,86,86,86,86,86,86,86,86,96,96,96,96,96,96,96,96,96,96,96,96,96,96,96,96,101,101,101,101,101,101,101,101,101,101,101,101,101],"relic_stats":{"counters":[24,83],"Golden Idol":181,"Blue Candle":[0],"Yang":[89],"CloakClasp":[157],"Ginger":[5],"War Paint":["Defend_P","Vigilance"],"GoldenEye":[56],"Question Card":23,"Mercury Hourglass":[270],"OrangePellets":[4],"Busted Crown":18,"Gambling Chip":[32],"Bronze Scales":[93],"Bird Faced Urn":[30],"Turnip":[0],"obtain_stats":[{"Golden Idol":2,"Blue Candle":46,"Mango":9,"Yang":27,"CloakClasp":6,"Ginger":28,"Odd Mushroom":10,"War Paint":42,"Bottled Tornado":43,"GoldenEye":0,"Question Card":5,"Akabeko":8,"Mercury Hourglass":13,"OrangePellets":19,"Busted Crown":34,"HornCleat":44,"Gambling Chip":26,"Bronze Scales":29,"Bird Faced Urn":40,"HolyWater":17,"Turnip":31,"PureWater":0,"Toxic Egg 2":11,"TungstenRod":23},{"Golden Idol":1,"Blue Candle":24,"Mango":3,"Yang":12,"CloakClasp":2,"Ginger":12,"Odd Mushroom":4,"War Paint":21,"Bottled Tornado":21,"GoldenEye":0,"Question Card":1,"Akabeko":3,"Mercury Hourglass":6,"OrangePellets":9,"Busted Crown":15,"HornCleat":22,"Gambling Chip":11,"Bronze Scales":13,"Bird Faced Urn":19,"HolyWater":8,"Turnip":14,"PureWater":0,"Toxic Egg 2":5,"TungstenRod":10},{"Golden Idol":4,"Blue Candle":83,"Mango":14,"Yang":40,"CloakClasp":12,"Ginger":40,"Odd Mushroom":18,"War Paint":73,"Bottled Tornado":73,"GoldenEye":0,"Question Card":4,"Akabeko":14,"Mercury Hourglass":26,"OrangePellets":32,"Busted Crown":54,"HornCleat":74,"Gambling Chip":39,"Bronze Scales":44,"Bird Faced Urn":67,"HolyWater":30,"Turnip":46,"PureWater":0,"Toxic Egg 2":22,"TungstenRod":37}],"TungstenRod":25},"card_choices":[{"not_picked":["FlurryOfBlows","FlyingSleeves"],"picked":"Wireheading","floor":1},{"not_picked":["Establishment","DevaForm","Brilliance"],"picked":"Blasphemy","floor":6},{"not_picked":["ConjureBlade","Brilliance","SpiritShield"],"picked":"Ragnarok","floor":8},{"not_picked":["Meditate","Evaluate","Vengeance"],"picked":"Wallop","floor":10},{"not_picked":["DeusExMachina+1","Scrawl+1","MasterReality"],"picked":"Vault+1","floor":11},{"not_picked":["Judgement+1","MasterReality","Blasphemy+1"],"picked":"LessonLearned","floor":13},{"not_picked":["FollowUp","Prostrate+1","EmptyFist"],"picked":"Consecrate","floor":14},{"not_picked":["ConjureBlade+1","Blasphemy+1","Brilliance"],"picked":"Establishment","floor":16},{"not_picked":["SashWhip","Weave","MentalFortress+1"],"picked":"TalkToTheHand+1","floor":18},{"not_picked":["Vault+1","MasterReality","Devotion"],"picked":"Wish+1","floor":23},{"not_picked":["EmptyBody+1","WindmillStrike+1","WaveOfTheHand+1"],"picked":"ThirdEye+1","floor":24},{"not_picked":["DeusExMachina+1","MasterReality","LessonLearned"],"picked":"DevaForm","floor":27},{"not_picked":["Wish+1","Ragnarok","Alpha+1"],"picked":"Omniscience+1","floor":29},{"not_picked":["LessonLearned","Blasphemy+1","MasterReality"],"picked":"Devotion","floor":31},{"not_picked":["PathToVictory+1"],"picked":"ThirdEye+1","floor":35},{"not_picked":["JustLucky"],"picked":"ThirdEye+1","floor":37},{"not_picked":["Weave"],"picked":"Protect+1","floor":39},{"not_picked":["DeusExMachina+1"],"picked":"Scrawl+1","floor":40},{"not_picked":["EmptyFist+1"],"picked":"Meditate+1","floor":41},{"not_picked":["Ragnarok"],"picked":"SpiritShield+1","floor":42},{"not_picked":["LessonLearned","Establishment"],"picked":"SKIP","floor":44},{"not_picked":["EmptyFist+1","Pray+1"],"picked":"SKIP","floor":45},{"not_picked":["MasterReality"],"picked":"Scrawl+1","floor":46}],"player_experience":1477850,"relics_obtained":[{"floor":6,"key":"CloakClasp"},{"floor":8,"key":"Akabeko"},{"floor":9,"key":"Mango"},{"floor":10,"key":"Odd Mushroom"},{"floor":11,"key":"Toxic Egg 2"},{"floor":13,"key":"Mercury Hourglass"},{"floor":23,"key":"TungstenRod"},{"floor":26,"key":"Gambling Chip"},{"floor":27,"key":"Yang"},{"floor":29,"key":"Bronze Scales"},{"floor":31,"key":"Turnip"},{"floor":40,"key":"Bird Faced Urn"},{"floor":42,"key":"War Paint"},{"floor":43,"key":"Bottled Tornado"},{"floor":44,"key":"HornCleat"},{"floor":46,"key":"Blue Candle"}],"event_choices":[{"damage_healed":0,"gold_gain":0,"player_choice":"Take Wound","damage_taken":0,"relics_obtained":["Golden Idol"],"max_hp_gain":0,"max_hp_loss":0,"event_name":"Golden Idol","floor":2,"gold_loss":0,"cards_obtained":["Injury"]},{"damage_healed":0,"gold_gain":0,"player_choice":"Ignored","damage_taken":0,"max_hp_gain":0,"max_hp_loss":0,"event_name":"Golden Wing","floor":4,"gold_loss":0},{"damage_healed":0,"gold_gain":0,"player_choice":"Box","damage_taken":0,"relics_obtained":["Question Card"],"max_hp_gain":0,"max_hp_loss":0,"event_name":"Big Fish","floor":5,"gold_loss":0,"cards_obtained":["Regret"]},{"damage_healed":0,"gold_gain":0,"player_choice":"Fought Mushrooms","damage_taken":0,"max_hp_gain":0,"max_hp_loss":0,"event_name":"Mushrooms","floor":10,"gold_loss":0},{"cards_removed":["Vault"],"damage_healed":4,"gold_gain":0,"player_choice":"Offered Rare","damage_taken":0,"max_hp_gain":10,"max_hp_loss":0,"event_name":"Bonfire Elementals","floor":20,"gold_loss":0},{"damage_healed":0,"gold_gain":0,"player_choice":"Obtain J.A.X.","damage_taken":0,"max_hp_gain":0,"max_hp_loss":0,"event_name":"Drug Dealer","floor":22,"gold_loss":0,"cards_obtained":["J.A.X."]},{"damage_healed":0,"gold_gain":0,"player_choice":"Opened","damage_taken":0,"relics_obtained":["Ginger"],"max_hp_gain":0,"max_hp_loss":0,"event_name":"The Mausoleum","floor":28,"gold_loss":0},{"damage_healed":0,"gold_gain":0,"player_choice":"Read","damage_taken":0,"max_hp_gain":0,"max_hp_loss":0,"event_name":"The Library","floor":30,"gold_loss":0,"cards_obtained":["TalkToTheHand"]},{"damage_healed":0,"gold_gain":0,"player_choice":"Bought 2 Potions","damage_taken":0,"max_hp_gain":0,"max_hp_loss":0,"event_name":"The Woman in Blue","floor":36,"gold_loss":0},{"cards_removed":["Strike_P"],"damage_healed":0,"gold_gain":0,"player_choice":"Upgrade and Remove","damage_taken":0,"max_hp_gain":0,"max_hp_loss":0,"event_name":"Designer","floor":38,"gold_loss":90,"cards_upgraded":["CrushJoints"]}],"is_beta":false,"boss_relics":[{"not_picked":["Tiny House","Sozu"],"picked":"HolyWater"},{"not_picked":["Coffee Dripper","Pandora\u0027s Box"],"picked":"Busted Crown"}],"items_purged_floors":[],"is_endless":false,"potions_floor_spawned":[1,8,11,14,23,24,31,35,40,44,45],"ascension_level":0}}