{"host":"neeznpvpgo0qgfkd","time":1613748913,"event":{"mods":["AchievementEnabler","BaseMod","BetterRewards","Colored Map","Colored Powertips","Exacting","Minty Spire (QoL Compilation)","Permanent Neow","Quick Restart","Shop Mod"],"gold_per_floor":[128,67,67,94,94,129,151,151,151],"floor_reached":8,"language":"ENG","playtime":414,"items_purged":[],"score":78,"play_id":"7be42974-5952-4548-b461-7d17f2ef6191","local_time":"20210219103513","is_ascension_mode":true,"campfire_choices":[],"circlet_count":0,"master_deck":["Strike_R","Strike_R","Strike_R","Strike_R","Strike_R","Defend_R+1","Defend_R+1","Defend_R","Defend_R","Bash","Enlightenment","Cleave","Flex","Berserk","Iron Wave","Shockwave","Armaments"],"relics":["Burning Blood","Magic Flower","Ginger","CeramicFish","Lantern"],"acts_visited":["Exordium"],"potions_floor_usage":[8],"damage_taken":[{"damage":12,"enemies":"Small Slimes","floor":1,"turns":2},{"damage":12,"enemies":"Jaw Worm","floor":4,"turns":3},{"damage":48,"enemies":"3 Sentries","floor":6,"turns":11},{"damage":0,"enemies":"Cultist","floor":7,"turns":2},{"damage":42,"enemies":"Gremlin Nob","floor":8,"turns":5}],"seed_played":"-983443535582075560","potions_obtained":[{"floor":1,"key":"ElixirPotion"},{"floor":1,"key":"LiquidBronze"},{"floor":6,"key":"Dexterity Potion"},{"floor":7,"key":"BloodPotion"}],"is_trial":false,"path_per_floor":["M","$","?","M","?","E","M","E"],"character_chosen":"IRONCLAD","items_purchased":["Magic Flower","Enlightenment","CeramicFish","Cleave","Berserk"],"campfire_rested":0,"item_purchase_floors":[0,0,0,0,2],"current_hp_per_floor":[69,69,53,50,50,11,20,2,2],"gold":151,"neow_bonus":"","is_daily":false,"chose_seed":false,"campfire_upgraded":0,"win_rate":0.0,"timestamp":1613748913,"path_taken":["M","$","?","M","?","E","M","E"],"items_purchased_type":["Relic","Card","Relic","Card","Card"],"build_version":"2020-12-22","purchased_purges":0,"victory":false,"max_hp_per_floor":[80,80,80,80,80,80,80,80,80],"card_choices":[{"not_picked":["Anger","Ghostly Armor"],"picked":"Flex","floor":1},{"not_picked":["Twin Strike","Flex"],"picked":"Iron Wave","floor":4},{"not_picked":["Second Wind","Flex"],"picked":"Shockwave","floor":6},{"not_picked":["Body Slam","Twin Strike"],"picked":"Armaments","floor":7}],"player_experience":1428866,"relics_obtained":[{"floor":6,"key":"Lantern"}],"event_choices":[{"damage_healed":0,"gold_gain":0,"player_choice":"Entered Light","damage_taken":16,"max_hp_gain":0,"max_hp_loss":0,"event_name":"Shining Light","floor":3,"gold_loss":0,"cards_upgraded":["Defend_R","Defend_R"]},{"damage_healed":0,"gold_gain":0,"player_choice":"Ignored","damage_taken":0,"max_hp_gain":0,"max_hp_loss":0,"event_name":"Golden Wing","floor":5,"gold_loss":0}],"is_beta":false,"boss_relics":[],"items_purged_floors":[],"is_endless":false,"potions_floor_spawned":[1,6,7],"killed_by":"Gremlin Nob","ascension_level":8}}