{"host":"1w49m7d9l6qfkfhx","time":1613758273,"event":{"mods":["BaseMod","Colored Map","Conspire","Hermit","Minty Spire (QoL Compilation)","Replay The Spire","StSLib","The Construct","The Cursed","The Disciple","The Servant 0.9.4","egg"],"gold_per_floor":[119,119,46,46,62,95,61,61,61,79,134,153,153,169,169,270,270,285,285,174,188,188,188,206,206,232,232,232,279,279,289,197,210,210,315,315,325,375,429,440,220,555,555,555,555],"floor_reached":44,"language":"ENG","playtime":12400,"items_purged":[],"score":579,"play_id":"1e53adbb-9ab0-4dcf-bff1-e990cfc97ddc","local_time":"20210219131113","is_ascension_mode":false,"campfire_choices":[{"data":"construct:ModeShift","floor":8,"key":"SMITH"},{"floor":15,"key":"REST"},{"floor":25,"key":"REST"},{"data":"construct:ModeShift","floor":27,"key":"SMITH"},{"floor":30,"key":"REST"},{"floor":34,"key":"REST"},{"floor":43,"key":"REST"}],"circlet_count":0,"master_deck":["construct:Strike_Gold","construct:Strike_Gold+1","construct:Strike_Gold+1","construct:Strike_Gold","construct:Strike_Gold","construct:Defend_Gold","construct:Defend_Gold","construct:Defend_Gold","construct:Defend_Gold","construct:Defend_Gold","construct:AttackMode+1","construct:DefenseMode+1","construct:Construct_Overclock+1","construct:PointDefense","construct:FierceBash","construct:ModeShift+1","construct:ModeShift+1","construct:ScrapCannon","construct:MetalShell","construct:ForceCore","construct:SpinDrive","construct:Disrupt","construct:Reserves","construct:Reserves","construct:ModeShift+1","construct:VentSteam","construct:GuardCore","construct:Impenetrable+1","construct:PointDefense","construct:BatteryCore","construct:BatteryCore","construct:ForceCore","construct:MemoryTap","construct:ShiftStrike+1","construct:SyphonStrike+1","construct:Autoturret","Panache","ReplayTheSpireMod:Private Reserves","construct:MetalShell+1"],"relics":["construct:Cogwheel","NeowsBlessing","War Paint","Happy Flower","Replay:Baseball","ReplayTheSpireMod:DimensionalGlitch","The Courier","Pear","Dream Catcher","Black Star","conspire:Boomerang","Replay:Kaleidoscope","Akabeko","Old Coin"],"acts_visited":["Exordium","TheCity","TheBeyond"],"potions_floor_usage":[11,33,33,37,38,39,42],"damage_taken":[{"damage":0,"enemies":"Jaw Worm","floor":1,"turns":1},{"damage":0,"enemies":"conspire:RoseBush","floor":5,"turns":1},{"damage":0,"enemies":"Replay:BlueRogue","floor":6,"turns":2},{"damage":0,"enemies":"Small Slimes","floor":10,"turns":2},{"damage":3,"enemies":"3 Sentries","floor":11,"turns":4},{"damage":6,"enemies":"3 Louse","floor":12,"turns":4},{"damage":20,"enemies":"Lots of Slimes","floor":14,"turns":6},{"damage":46,"enemies":"Fading Forest","floor":16,"turns":11},{"damage":4,"enemies":"Spheric Guardian","floor":18,"turns":3},{"damage":18,"enemies":"Shell Parasite","floor":21,"turns":5},{"damage":12,"enemies":"Cultist and Chosen","floor":24,"turns":7},{"damage":11,"enemies":"Book of Stabbing","floor":26,"turns":6},{"damage":5,"enemies":"3 Cultists","floor":31,"turns":5},{"damage":43,"enemies":"Snake Plant","floor":33,"turns":4},{"damage":0,"enemies":"Champ","floor":35,"turns":8},{"damage":31,"enemies":"Orb Walker","floor":37,"turns":6},{"damage":13,"enemies":"Mind Bloom Boss Battle","floor":38,"turns":6},{"damage":23,"enemies":"2 Orb Walkers","floor":39,"turns":5},{"damage":0,"enemies":"3 Darklings","floor":40,"turns":7},{"damage":8,"enemies":"Giant Head","floor":42,"turns":7},{"damage":60,"enemies":"Reptomancer","floor":44,"turns":3}],"seed_played":"3245029803944455811","potions_obtained":[{"floor":1,"key":"DistilledChaos"},{"floor":5,"key":"FearPotion"},{"floor":11,"key":"ColorlessPotion"},{"floor":16,"key":"Dexterity Potion"},{"floor":24,"key":"Dexterity Potion"},{"floor":29,"key":"Death Potion"},{"floor":33,"key":"SkillPotion"},{"floor":38,"key":"Block Potion"},{"floor":40,"key":"Swift Potion"}],"is_trial":false,"path_per_floor":["M","?","$","?","M","E","$","R","T","M","?","M","$","M","R","B",null,"M","?","$","M","PTL","PTL","M","R","E","R","T","?","R","M","$","M","R_BF","B",null,"M","?","?","M","$","E","R","E"],"character_chosen":"THE_CONSTRUCT_MOD","items_purchased":["construct:PointDefense","construct:ModeShift","construct:Reserves","construct:BatteryCore","Panache","ReplayTheSpireMod:Private Reserves"],"campfire_rested":5,"item_purchase_floors":[3,7,20,32,41,41],"current_hp_per_floor":[85,85,85,68,68,68,68,68,68,68,65,59,59,39,64,48,85,81,81,81,63,63,63,51,76,65,65,75,37,65,60,60,17,45,45,95,64,51,28,28,28,20,48,0,0],"gold":555,"neow_bonus":"THREE_ENEMY_KILL","is_daily":false,"chose_seed":false,"campfire_upgraded":2,"win_rate":0.0,"timestamp":1613758273,"path_taken":["M","?","$","?","M","E","?","R","T","M","?","?","$","M","R","BOSS","M","?","$","M","PTL","PTL","M","R","E","R","T","?","R","?","$","M","R_BF","BOSS","M","?","?","M","$","E","R","E"],"items_purchased_type":["Card","Card","Card","Card","Card","Card"],"build_version":"2020-12-22","purchased_purges":0,"victory":false,"max_hp_per_floor":[85,85,85,85,85,85,85,85,85,85,85,85,85,85,85,85,85,85,85,85,85,85,85,85,85,85,85,95,95,95,95,95,95,95,95,95,95,95,95,95,95,95,95,95,95],"card_choices":[{"not_picked":["construct:BatteryAcid","construct:HeavyBolt"],"picked":"construct:Construct_Overclock","floor":1},{"not_picked":["construct:FocusedBeam","construct:Reinforce"],"picked":"construct:FierceBash","floor":5},{"not_picked":["construct:BatteryAcid","construct:ClusterMines","construct:ShiftGuard"],"picked":"SKIP","floor":6},{"not_picked":["construct:ClusterMines","construct:PowerUp"],"picked":"construct:ScrapCannon","floor":10},{"not_picked":["construct:ReactiveShield","construct:PowerUp"],"picked":"construct:MetalShell","floor":12},{"not_picked":["construct:Backfire","construct:ChargeShot"],"picked":"construct:ForceCore","floor":14},{"not_picked":["construct:GatlingGun","construct:LongRangeLance"],"picked":"construct:SpinDrive","floor":16},{"not_picked":["construct:Boost+1","construct:FlakBarrage"],"picked":"construct:Disrupt","floor":18},{"not_picked":["construct:VentSteam","construct:SyphonStrike"],"picked":"construct:ModeShift+1","floor":21},{"not_picked":["construct:SyphonStrike","construct:ShiftStrike"],"picked":"construct:VentSteam","floor":24},{"not_picked":["construct:FierceBash+1","construct:MetalShell"],"picked":"construct:GuardCore","floor":26},{"not_picked":["construct:Reinforce","construct:ModeShift"],"picked":"construct:Impenetrable+1","floor":29},{"not_picked":["construct:Anticipate+1","construct:ScopeCore+1"],"picked":"construct:PointDefense","floor":31},{"not_picked":["construct:ClusterMines","construct:HeavyBolt","construct:GatlingGun"],"picked":"SKIP","floor":33},{"not_picked":["construct:Versatility","construct:FlameCore"],"picked":"construct:ForceCore","floor":34},{"not_picked":["construct:ClockworkEgg","construct:HastyRepair"],"picked":"construct:MemoryTap","floor":35},{"not_picked":["construct:Accumulate","construct:Backfire"],"picked":"construct:ShiftStrike+1","floor":37},{"not_picked":["construct:SweepLaser","construct:Boost"],"picked":"construct:SyphonStrike+1","floor":38},{"not_picked":["construct:FocusedBeam","construct:LaserCore+1"],"picked":"construct:Autoturret","floor":40},{"not_picked":["construct:Backfire+1","construct:BatteryAcid"],"picked":"construct:MetalShell+1","floor":42}],"player_experience":348310,"relics_obtained":[{"floor":6,"key":"War Paint"},{"floor":9,"key":"Happy Flower"},{"floor":11,"key":"Replay:Baseball"},{"floor":26,"key":"The Courier"},{"floor":28,"key":"Pear"},{"floor":29,"key":"Dream Catcher"},{"floor":38,"key":"conspire:Boomerang"},{"floor":39,"key":"Replay:Kaleidoscope"},{"floor":42,"key":"Akabeko"},{"floor":42,"key":"Old Coin"}],"event_choices":[{"damage_healed":0,"gold_gain":0,"player_choice":"Grow","damage_taken":0,"max_hp_gain":0,"max_hp_loss":0,"event_name":"Living Wall","floor":2,"gold_loss":0,"cards_upgraded":["construct:Construct_Overclock"]},{"damage_healed":0,"gold_gain":0,"player_choice":"Entered Light","damage_taken":17,"max_hp_gain":0,"max_hp_loss":0,"event_name":"Shining Light","floor":4,"gold_loss":0,"cards_upgraded":["construct:Strike_Gold","construct:Strike_Gold"]},{"damage_healed":0,"gold_gain":0,"player_choice":"Searched \u00271\u0027 times","damage_taken":0,"max_hp_gain":0,"max_hp_loss":0,"event_name":"Dead Adventurer","floor":11,"gold_loss":0},{"damage_healed":0,"gold_gain":0,"player_choice":"Fight","damage_taken":0,"max_hp_gain":0,"max_hp_loss":0,"event_name":"MindBloom","floor":38,"gold_loss":0},{"damage_healed":0,"gold_gain":0,"player_choice":"Fight","damage_taken":0,"max_hp_gain":0,"max_hp_loss":0,"event_name":"Mysterious Sphere","floor":39,"gold_loss":0}],"is_beta":false,"boss_relics":[{"not_picked":["SacredBark","conspire:RoyalGoblet"],"picked":"ReplayTheSpireMod:DimensionalGlitch"},{"not_picked":["Philosopher\u0027s Stone","Coffee Dripper"],"picked":"Black Star"}],"items_purged_floors":[],"is_endless":false,"potions_floor_spawned":[1,5,11,16,24,26,33,38,40],"killed_by":"Reptomancer","ascension_level":0}}