{"host":"z609fbm6pkeriks8","time":1613711301,"event":{"mods":["AchievementEnabler","BaseMod","Colored Map","Colored Powertips","Highlight Path","Minty Spire (QoL Compilation)","StSLib"],"gold_per_floor":[109,109,119,133,147,147,161,190,190,46,116,116,141,41,41,137,137,150,162,252,102,118,146,146,164,164,197,209,209,209],"floor_reached":29,"language":"ZHS","playtime":1065,"items_purged":["Strike_R","Strike_R","Strike_R"],"score":399,"play_id":"c760d66a-a19b-41ec-8f43-fdfc08608de6","local_time":"20210219130821","is_ascension_mode":true,"campfire_choices":[{"data":"Demon Form","floor":6,"key":"SMITH"},{"data":"Havoc","floor":15,"key":"SMITH"},{"data":"Heavy Blade","floor":24,"key":"SMITH"}],"circlet_count":0,"master_deck":["Strike_R","Strike_R","Defend_R","Defend_R","Defend_R","Defend_R","Bash","Demon Form+1","Twin Strike","Havoc+1","Burning Pact","Headbutt","Heavy Blade+1","Bloodletting","Intimidate","Reaper","Shockwave+1","Warcry+1","Thunderclap","Pommel Strike","Pummel","Feed","Headbutt"],"relics":["Black Blood","Charon\u0027s Ashes","Shuriken","Mercury Hourglass","Mummified Hand","InkBottle","Darkstone Periapt"],"acts_visited":["Exordium","TheCity"],"potions_floor_usage":[5,19,19,22,22,27,29,29],"damage_taken":[{"damage":21,"enemies":"Jaw Worm","floor":1,"turns":4},{"damage":1,"enemies":"Cultist","floor":3,"turns":4},{"damage":7,"enemies":"Small Slimes","floor":4,"turns":4},{"damage":35,"enemies":"Gremlin Gang","floor":5,"turns":7},{"damage":0,"enemies":"Large Slime","floor":7,"turns":5},{"damage":15,"enemies":"Lagavulin","floor":8,"turns":5},{"damage":11,"enemies":"Gremlin Nob","floor":13,"turns":3},{"damage":45,"enemies":"The Guardian","floor":16,"turns":7},{"damage":29,"enemies":"2 Thieves","floor":18,"turns":3},{"damage":18,"enemies":"Shell Parasite","floor":19,"turns":5},{"damage":22,"enemies":"Snake Plant","floor":22,"turns":5},{"damage":44,"enemies":"Book of Stabbing","floor":23,"turns":4},{"damage":21,"enemies":"Centurion and Healer","floor":25,"turns":5},{"damage":47,"enemies":"Gremlin Leader","floor":27,"turns":9},{"damage":52,"enemies":"Sentry and Sphere","floor":28,"turns":6},{"damage":44,"enemies":"Slavers","floor":29,"turns":3}],"seed_played":"5585663151893200759","potions_obtained":[{"floor":1,"key":"FairyPotion"},{"floor":4,"key":"Block Potion"},{"floor":7,"key":"Energy Potion"},{"floor":12,"key":"Energy Potion"},{"floor":27,"key":"BloodPotion"},{"floor":28,"key":"ColorlessPotion"}],"is_trial":false,"path_per_floor":["M","?","M","M","M","R","M","E","T","$","?","?","E","$","R","B",null,"M","M","?","$","M","E","R","M","T","E","M","E"],"character_chosen":"IRONCLAD","items_purchased":["Bloodletting","Thunderclap"],"campfire_rested":0,"item_purchase_floors":[10,21],"current_hp_per_floor":[36,80,80,79,50,50,56,47,47,47,47,47,42,42,42,27,67,64,73,40,40,54,37,37,47,47,57,26,0,0],"gold":209,"neow_bonus":"THREE_RARE_CARDS","is_daily":false,"chose_seed":false,"campfire_upgraded":3,"win_rate":0.0,"timestamp":1613711301,"path_taken":["M","?","M","M","?","R","M","E","T","?","?","?","E","$","R","BOSS","M","?","?","$","?","E","R","M","T","E","M","E"],"items_purchased_type":["Card","Card"],"build_version":"2020-12-22","purchased_purges":3,"victory":false,"max_hp_per_floor":[80,80,80,80,80,80,80,80,80,80,80,80,80,80,80,80,80,80,80,80,80,80,80,80,80,80,80,83,83,83],"card_choices":[{"not_picked":["Impervious","Limit Break"],"picked":"Demon Form","floor":0},{"not_picked":["Fire Breathing","Sword Boomerang"],"picked":"Flame Barrier","floor":1},{"not_picked":["Pommel Strike","Rage"],"picked":"Twin Strike","floor":3},{"not_picked":["Burning Pact","Sentinel"],"picked":"Havoc","floor":4},{"not_picked":["Rage","Heavy Blade"],"picked":"Burning Pact","floor":5},{"not_picked":["Cleave","Heavy Blade"],"picked":"Headbutt","floor":7},{"not_picked":["Flex","Reaper"],"picked":"Heavy Blade","floor":8},{"not_picked":["Juggernaut","True Grit"],"picked":"Intimidate","floor":13},{"not_picked":["Fiend Fire","Juggernaut"],"picked":"Reaper","floor":16},{"not_picked":["Warcry","Hemokinesis"],"picked":"Shockwave+1","floor":18},{"not_picked":["Hemokinesis","Clothesline"],"picked":"Warcry+1","floor":19},{"not_picked":["Heavy Blade","Clothesline"],"picked":"Pommel Strike","floor":22},{"not_picked":["Armaments","Fiend Fire","Clothesline"],"picked":"SKIP","floor":23},{"not_picked":["Cleave","Sever Soul"],"picked":"Pummel","floor":25},{"not_picked":["Flex","Clash+1"],"picked":"Feed","floor":27},{"not_picked":["Body Slam","Clash"],"picked":"Headbutt","floor":28}],"player_experience":129487,"relics_obtained":[{"floor":8,"key":"Charon\u0027s Ashes"},{"floor":9,"key":"Shuriken"},{"floor":13,"key":"Mercury Hourglass"},{"floor":23,"key":"Mummified Hand"},{"floor":26,"key":"InkBottle"},{"floor":27,"key":"Darkstone Periapt"}],"event_choices":[{"cards_removed":["Flame Barrier"],"damage_healed":44,"gold_gain":0,"player_choice":"Offered Uncommon","damage_taken":0,"max_hp_gain":0,"max_hp_loss":0,"event_name":"Bonfire Elementals","floor":2,"gold_loss":0},{"damage_healed":0,"gold_gain":70,"player_choice":"Gained Gold","damage_taken":0,"max_hp_gain":0,"max_hp_loss":0,"event_name":"Golden Wing","floor":11,"gold_loss":0},{"damage_healed":0,"gold_gain":0,"player_choice":"Got Potions","damage_taken":0,"max_hp_gain":0,"max_hp_loss":0,"event_name":"Lab","floor":12,"gold_loss":0},{"damage_healed":0,"gold_gain":90,"player_choice":"POTION POTION POTION GOLD ","damage_taken":33,"max_hp_gain":0,"max_hp_loss":0,"event_name":"Knowing Skull","floor":20,"potions_obtained":["Weak Potion","Regen Potion","SkillPotion"],"gold_loss":0,"cards_obtained":[]}],"is_beta":false,"boss_relics":[{"not_picked":["Coffee Dripper","Busted Crown"],"picked":"Black Blood"}],"items_purged_floors":[10,14,21],"is_endless":false,"potions_floor_spawned":[1,4,7,13,27,28],"killed_by":"Slavers","ascension_level":9}}