{"host":"8f5cu9y0fpol72qs","time":1613770751,"event":{"mods":["AlwaysNeverKeys","BaseMod","Colored Map","Colored Powertips","Curses Come First","Highlight Path","Key Reminder","Minty Spire (QoL Compilation)","StSLib"],"gold_per_floor":[110,129,129,143,158,196,196,196,196,29,29,49,82,106,106,205,205,223,244,2,52,68,68,111,129,129,152,152,187,26,39,39,137,137,162,226,226,252,270,270,313,313,313,313,347,372,413,313,313,313,313,313,313,54,97,97],"floor_reached":57,"language":"ENG","playtime":4231,"items_purged":["Strike_R","Strike_R","Strike_R"],"score":2855,"play_id":"179df706-60e9-428f-82db-80c28b6ee4a4","local_time":"20210219133911","is_ascension_mode":true,"campfire_choices":[{"floor":7.0,"key":"REST"},{"data":"Demon Form","floor":11.0,"key":"SMITH"},{"data":"Whirlwind","floor":15.0,"key":"SMITH"},{"data":"Evolve","floor":23.0,"key":"SMITH"},{"data":"Shrug It Off","floor":28.0,"key":"SMITH"},{"data":"Pommel Strike","floor":32.0,"key":"SMITH"},{"data":"Burning Pact","floor":40.0,"key":"SMITH"},{"data":"Impervious","floor":42.0,"key":"SMITH"},{"floor":49.0,"key":"RECALL"},{"data":"Demon Form","floor":53.0,"key":"SMITH"}],"circlet_count":0,"master_deck":["AscendersBane","Strike_R","Strike_R","Defend_R","Defend_R","Defend_R","Defend_R","Bash","Rampage","Whirlwind+1","Shrug It Off+1","Iron Wave","Demon Form+1","Pommel Strike+1","Ghostly Armor","Reaper+1","Sword Boomerang+1","Evolve+1","Uppercut+1","Fiend Fire+1","Ghostly Armor","Impervious+1","Feed+1","Burning Pact+1","Pommel Strike+1","Shrug It Off+1","Dark Embrace","Demon Form+1","Limit Break","Heavy Blade+1"],"relics":["Burning Blood","Golden Idol","Torii","Ice Cream","Molten Egg 2","Mark of Pain","Ornamental Fan","Strawberry","Charon\u0027s Ashes","Lee\u0027s Waffle","Snecko Eye","FossilizedHelix","Bag of Marbles","Paper Frog","Mummified Hand","Blue Candle","Meat on the Bone","Pocketwatch","Blood Vial"],"acts_visited":["Exordium","TheCity","TheBeyond","TheEnding"],"potions_floor_usage":[55],"damage_taken":[{"damage":7.0,"enemies":"Cultist","floor":1.0,"turns":4.0},{"damage":12.0,"enemies":"Jaw Worm","floor":2.0,"turns":3.0},{"damage":7.0,"enemies":"Small Slimes","floor":4.0,"turns":3.0},{"damage":18.0,"enemies":"Gremlin Gang","floor":5.0,"turns":7.0},{"damage":51.0,"enemies":"Gremlin Nob","floor":6.0,"turns":5.0},{"damage":3.0,"enemies":"Looter","floor":12.0,"turns":4.0},{"damage":23.0,"enemies":"3 Sentries","floor":13.0,"turns":6.0},{"damage":9.0,"enemies":"Blue Slaver","floor":14.0,"turns":3.0},{"damage":1.0,"enemies":"Hexaghost","floor":16.0,"turns":9.0},{"damage":22.0,"enemies":"3 Byrds","floor":18.0,"turns":5.0},{"damage":28.0,"enemies":"Chosen","floor":19.0,"turns":7.0},{"damage":22.0,"enemies":"Centurion and Healer","floor":22.0,"turns":5.0},{"damage":44.0,"enemies":"Slavers","floor":24.0,"turns":4.0},{"damage":29.0,"enemies":"Cultist and Chosen","floor":25.0,"turns":6.0},{"damage":27.0,"enemies":"Chosen and Byrds","floor":27.0,"turns":6.0},{"damage":33.0,"enemies":"Gremlin Leader","floor":29.0,"turns":6.0},{"damage":24.0,"enemies":"Snake Plant","floor":31.0,"turns":3.0},{"damage":19.0,"enemies":"Champ","floor":33.0,"turns":7.0},{"damage":1.0,"enemies":"3 Darklings","floor":35.0,"turns":3.0},{"damage":64.0,"enemies":"2 Orb Walkers","floor":36.0,"turns":5.0},{"damage":0.0,"enemies":"3 Shapes","floor":39.0,"turns":1.0},{"damage":26.0,"enemies":"Giant Head","floor":41.0,"turns":7.0},{"damage":0.0,"enemies":"Reptomancer","floor":45.0,"turns":4.0},{"damage":10.0,"enemies":"Maw","floor":46.0,"turns":6.0},{"damage":0.0,"enemies":"Nemesis","floor":47.0,"turns":5.0},{"damage":11.0,"enemies":"Time Eater","floor":50.0,"turns":5.0},{"damage":58.0,"enemies":"Awakened One","floor":51.0,"turns":9.0},{"damage":12,"enemies":"Shield and Spear","floor":55,"turns":4},{"damage":53,"enemies":"The Heart","floor":56,"turns":7}],"seed_played":"-3880219629607434646","potions_obtained":[{"floor":2.0,"key":"Energy Potion"},{"floor":12.0,"key":"Ancient Potion"},{"floor":14.0,"key":"PowerPotion"},{"floor":22.0,"key":"Explosive Potion"},{"floor":25.0,"key":"DistilledChaos"},{"floor":27.0,"key":"DistilledChaos"},{"floor":33.0,"key":"Ancient Potion"},{"floor":36.0,"key":"Strength Potion"},{"floor":45.0,"key":"PowerPotion"},{"floor":46.0,"key":"GamblersBrew"}],"is_trial":false,"path_per_floor":["M","M","?","M","M","E","R","T","T","$","R","M","E","M","R","B",null,"M","M","$","?","M","R","E","M","T","M","R","E","$","M","R","B",null,"M","?","?","T","M","R","E","R","T","?","E","M","E","$","R","B","B",null,"R","$","E","B",null],"character_chosen":"IRONCLAD","items_purchased":["Demon Form","Evolve","Uppercut+1","Lee\u0027s Waffle","Limit Break","Heavy Blade+1"],"campfire_rested":1,"item_purchase_floors":[10,20,20,30,54,54],"current_hp_per_floor":[74,68,68,67,55,10,32,32,32,32,32,35,18,15,15,20,61,50,38,38,38,49,49,35,28,35,29,29,10,88,70,70,57,80,88,44,44,44,71,71,72,72,72,72,92,93,100,100,100,100,101,103,103,103,104,74],"gold":97,"neow_bonus":"TEN_PERCENT_HP_BONUS","is_daily":false,"chose_seed":false,"campfire_upgraded":8,"win_rate":0.0,"timestamp":1613770751,"path_taken":["M","M","?","M","M","E","R","?","T","$","R","M","E","M","R","BOSS","M","M","$","?","M","R","E","?","T","M","R","E","$","M","R","BOSS","M","?","?","?","M","R","E","R","T","?","E","?","E","?","R","BOSS","BOSS","R","$","E","BOSS"],"items_purchased_type":["Card","Card","Card","Relic","Card","Card"],"build_version":"2020-12-22","purchased_purges":3,"victory":true,"max_hp_per_floor":[82,82,74,74,74,74,74,74,74,74,74,74,74,74,74,74,74,74,74,74,74,74,74,74,74,81,81,81,81,88,88,88,88,88,88,88,88,88,88,88,92,92,92,92,92,96,100,100,100,100,104,104,104,104,104,104],"card_choices":[{"not_picked":["Sword Boomerang","Body Slam"],"picked":"Rampage","floor":1.0},{"not_picked":["Havoc","True Grit"],"picked":"Whirlwind","floor":2.0},{"not_picked":["Cleave","Heavy Blade"],"picked":"Shrug It Off","floor":4.0},{"not_picked":["True Grit","Clash"],"picked":"Iron Wave","floor":5.0},{"not_picked":["Seeing Red","Wild Strike","Warcry"],"picked":"SKIP","floor":6.0},{"not_picked":["Armaments","Searing Blow"],"picked":"Pommel Strike","floor":12.0},{"not_picked":["Juggernaut","Body Slam+1","Flex"],"picked":"SKIP","floor":13.0},{"not_picked":["Iron Wave+1","Armaments"],"picked":"Ghostly Armor","floor":14.0},{"not_picked":["Immolate+1","Juggernaut"],"picked":"Reaper+1","floor":16.0},{"not_picked":["Cleave+1","Dark Embrace","Perfected Strike+1"],"picked":"SKIP","floor":18.0},{"not_picked":["Headbutt+1","Havoc+1"],"picked":"Sword Boomerang+1","floor":19.0},{"not_picked":["Wild Strike+1","Shrug It Off"],"picked":"Fiend Fire+1","floor":22.0},{"not_picked":["Armaments","Cleave+1"],"picked":"Ghostly Armor","floor":24.0},{"not_picked":["Metallicize","Cleave+1","Sword Boomerang+1"],"picked":"SKIP","floor":25.0},{"not_picked":["Sword Boomerang+1","Anger+1","Dropkick+1"],"picked":"SKIP","floor":27.0},{"not_picked":["Warcry+1","Wild Strike+1"],"picked":"Impervious","floor":29.0},{"not_picked":["Armaments","Sentinel+1","Perfected Strike+1"],"picked":"SKIP","floor":31.0},{"not_picked":["Corruption","Bludgeon+1"],"picked":"Feed+1","floor":33.0},{"not_picked":["Body Slam+1","Thunderclap+1"],"picked":"Burning Pact","floor":35.0},{"not_picked":["Flex","Rampage+1"],"picked":"Pommel Strike+1","floor":36.0},{"not_picked":["Cleave+1","Thunderclap+1","Warcry"],"picked":"SKIP","floor":39.0},{"not_picked":["Warcry","Armaments"],"picked":"Shrug It Off+1","floor":41.0},{"not_picked":["Burning Pact","Thunderclap+1"],"picked":"Dark Embrace","floor":45.0},{"not_picked":["Sever Soul+1","Anger+1","Sword Boomerang+1"],"picked":"SKIP","floor":46.0},{"not_picked":["Armaments","Cleave+1"],"picked":"Demon Form","floor":47.0},{"not_picked":["Blood for Blood+1","Sword Boomerang+1","Dark Embrace"],"picked":"SKIP","floor":55}],"player_experience":1117325,"relics_obtained":[{"floor":6.0,"key":"Torii"},{"floor":9.0,"key":"Ice Cream"},{"floor":13.0,"key":"Molten Egg 2"},{"floor":24.0,"key":"Ornamental Fan"},{"floor":26.0,"key":"Strawberry"},{"floor":29.0,"key":"Charon\u0027s Ashes"},{"floor":36.0,"key":"FossilizedHelix"},{"floor":38.0,"key":"Bag of Marbles"},{"floor":41.0,"key":"Paper Frog"},{"floor":43.0,"key":"Mummified Hand"},{"floor":45.0,"key":"Meat on the Bone"},{"floor":47.0,"key":"Pocketwatch"},{"floor":55,"key":"Blood Vial"}],"event_choices":[{"damage_healed":0.0,"max_hp_gain":0.0,"max_hp_loss":8.0,"gold_gain":0.0,"event_name":"Golden Idol","player_choice":"Lose Max HP","floor":3.0,"gold_loss":0.0,"damage_taken":0.0,"relics_obtained":["Golden Idol"]},{"damage_healed":0.0,"max_hp_gain":0.0,"max_hp_loss":0.0,"gold_gain":50.0,"event_name":"Golden Shrine","player_choice":"Pray","floor":21.0,"gold_loss":0.0,"damage_taken":0.0},{"damage_healed":0.0,"max_hp_gain":0.0,"max_hp_loss":0.0,"gold_gain":0.0,"event_name":"Mysterious Sphere","player_choice":"Fight","floor":36.0,"gold_loss":0.0,"damage_taken":0.0},{"damage_healed":0.0,"max_hp_gain":0.0,"max_hp_loss":0.0,"gold_gain":0.0,"event_name":"Tomb of Lord Red Mask","player_choice":"Ignored","floor":37.0,"gold_loss":0.0,"damage_taken":0.0},{"damage_healed":0.0,"max_hp_gain":0.0,"max_hp_loss":0.0,"gold_gain":0.0,"event_name":"WeMeetAgain","player_choice":"Gave Potion","floor":44.0,"gold_loss":0.0,"damage_taken":0.0,"relics_obtained":["Blue Candle"]}],"is_beta":false,"boss_relics":[{"not_picked":["Runic Pyramid","Philosopher\u0027s Stone"],"picked":"Mark of Pain"},{"not_picked":["Runic Dome","Black Star"],"picked":"Snecko Eye"}],"items_purged_floors":[20,48,54],"is_endless":false,"potions_floor_spawned":[2,12,14,22,25,27,33,36,45,46],"ascension_level":20}}