{"host":"u7lm8z2rvb4dg2oo","time":1613773601,"event":{"mods":["AchievementEnabler","BaseMod","Bestiary","Block Reminder","Colored Map","Colored Powertips","Curses Come First","DeckTracker","Googly Eyes","Highlight Path","Minty Spire (QoL Compilation)","Quick Restart","StSLib"],"gold_per_floor":[113,113,133,133,148,148,179,179,179,189,204,204,234,250,250,250,250],"floor_reached":16,"language":"ENG","playtime":867,"items_purged":[],"score":207,"play_id":"f767e07b-ab3d-49aa-8a1f-9ce3debbb6b0","local_time":"20210219172641","is_ascension_mode":true,"campfire_choices":[{"data":"Distraction","floor":6.0,"key":"SMITH"},{"floor":8.0,"key":"REST"},{"data":"Neutralize","floor":12.0,"key":"SMITH"},{"data":"Blade Dance","floor":15.0,"key":"SMITH"}],"circlet_count":0,"master_deck":["AscendersBane","Strike_G","Strike_G","Strike_G","Strike_G","Defend_G","Defend_G","Defend_G","Defend_G","Defend_G","Survivor","Neutralize+1","Malaise+1","Cloak And Dagger","Distraction+1","Blade Dance+1","Endless Agony"],"relics":["Ring of the Snake","The Courier","Meat on the Bone","Eternal Feather"],"acts_visited":["Exordium"],"potions_floor_usage":[],"damage_taken":[{"damage":1.0,"enemies":"2 Louse","floor":1.0,"turns":4.0},{"damage":0.0,"enemies":"Cultist","floor":3.0,"turns":5.0},{"damage":0.0,"enemies":"Small Slimes","floor":5.0,"turns":5.0},{"damage":39.0,"enemies":"Gremlin Nob","floor":7.0,"turns":7.0},{"damage":4.0,"enemies":"Red Slaver","floor":10.0,"turns":4.0},{"damage":0.0,"enemies":"Blue Slaver","floor":11.0,"turns":7.0},{"damage":33.0,"enemies":"3 Sentries","floor":13.0,"turns":18.0},{"damage":1.0,"enemies":"2 Fungi Beasts","floor":14.0,"turns":4.0},{"damage":0,"enemies":"The Guardian","floor":16,"turns":1}],"seed_played":"8778991609946592971","potions_obtained":[{"floor":5.0,"key":"PowerPotion"},{"floor":11.0,"key":"DuplicationPotion"}],"is_trial":false,"path_per_floor":["M","?","M","?","M","R","E","R","T","M","M","R","E","M","R","B"],"character_chosen":"THE_SILENT","items_purchased":[],"campfire_rested":1,"item_purchase_floors":[],"current_hp_per_floor":[58,58,58,58,58,58,19,38,38,34,34,34,13,24,33,33,33],"gold":250,"neow_bonus":"ONE_RANDOM_RARE_CARD","is_daily":false,"chose_seed":false,"campfire_upgraded":3,"win_rate":0.0,"timestamp":1613773601,"path_taken":["M","?","?","?","M","R","E","R","T","M","M","R","E","M","R","BOSS"],"items_purchased_type":[],"build_version":"2020-12-22","purchased_purges":0,"victory":false,"max_hp_per_floor":[66,66,66,66,66,66,66,66,66,66,66,66,66,66,66,66,66],"card_choices":[{"not_picked":["Flying Knee","Sucker Punch"],"picked":"Cloak And Dagger","floor":1.0},{"not_picked":["Outmaneuver","Heel Hook"],"picked":"Distraction","floor":3.0},{"not_picked":["Dodge and Roll","Sucker Punch","Dagger Spray"],"picked":"SKIP","floor":5.0},{"not_picked":["Distraction","Outmaneuver","Backflip"],"picked":"SKIP","floor":7.0},{"not_picked":["Prepared","Sucker Punch","Calculated Gamble"],"picked":"SKIP","floor":10.0},{"not_picked":["Prepared","Sucker Punch","Poisoned Stab"],"picked":"SKIP","floor":11.0},{"not_picked":["Backflip","Predator"],"picked":"Blade Dance","floor":13.0},{"not_picked":["Deflect","Slice"],"picked":"Endless Agony","floor":14.0}],"player_experience":1116185,"relics_obtained":[{"floor":7.0,"key":"The Courier"},{"floor":9.0,"key":"Meat on the Bone"},{"floor":13.0,"key":"Eternal Feather"}],"event_choices":[{"damage_healed":0.0,"max_hp_gain":0.0,"max_hp_loss":0.0,"gold_gain":0.0,"event_name":"Upgrade Shrine","player_choice":"Upgraded","floor":2.0,"gold_loss":0.0,"damage_taken":0.0,"cards_upgraded":["Malaise"]},{"cards_removed":["Strike_G"],"damage_healed":0.0,"max_hp_gain":0.0,"max_hp_loss":0.0,"gold_gain":0.0,"event_name":"Purifier","player_choice":"Purged","floor":4.0,"gold_loss":0.0,"damage_taken":0.0}],"is_beta":false,"boss_relics":[],"items_purged_floors":[],"is_endless":false,"potions_floor_spawned":[5,11],"killed_by":"The Guardian","ascension_level":17}}