{"host":"51f0ad793vly1w6u","time":1613712617,"event":{"mods":["BaseMod","Colored Map","DeckTracker","Minty Spire (QoL Compilation)","StSLib","SuperFastMode"],"gold_per_floor":[115,133,146,146,159,159,169,94,94,94,113,124,150,162,162,267,267,283,183,163,177,190,190,190,214,214,214,226,254,254,264,264,360,360,379,390,442,442,442,442,475,475,526,576,576,576,576,56,56,56],"floor_reached":51,"language":"KOR","playtime":940,"items_purged":["Strike_R","Strike_R","Strike_R+1"],"score":1088,"play_id":"6df67feb-c21f-4328-a9fd-c92a3d3d3f43","local_time":"20210219143017","is_ascension_mode":true,"campfire_choices":[{"data":"Whirlwind","floor":6,"key":"SMITH"},{"data":"Shockwave","floor":10,"key":"SMITH"},{"data":"Inflame","floor":15,"key":"SMITH"},{"data":"Demon Form","floor":23,"key":"SMITH"},{"data":"Evolve","floor":27,"key":"SMITH"},{"data":"Power Through","floor":30,"key":"SMITH"},{"data":"Sword Boomerang","floor":32,"key":"SMITH"},{"data":"Impervious","floor":40,"key":"SMITH"},{"data":"Heavy Blade","floor":42,"key":"SMITH"},{"floor":47,"key":"RECALL"},{"data":"Bloodletting","floor":49,"key":"SMITH"}],"circlet_count":0,"master_deck":["Strike_R+1","Defend_R+1","Defend_R+1","Defend_R+1","Defend_R+1","Bash+1","Whirlwind+1","Sword Boomerang+1","Flame Barrier+1","Shockwave+1","Inflame+1","Impervious+1","Evolve+1","Demon Form+1","Feel No Pain+1","Dark Embrace+1","Power Through+1","Offering+1","True Grit+1","Writhe","Heavy Blade+1","Bloodletting+1"],"relics":["Burning Blood","Happy Flower","Bag of Preparation","Tiny Chest","Snecko Eye","Pen Nib","Blood Vial","Meat on the Bone","Velvet Choker","WingedGreaves","Juzu Bracelet","Oddly Smooth Stone","Regal Pillow","Mark of the Bloom","Potion Belt"],"acts_visited":["Exordium","TheCity","TheBeyond"],"potions_floor_usage":[21,31,33,35,37,46,50,50,50,50,50],"damage_taken":[{"damage":3,"enemies":"Small Slimes","floor":1,"turns":3},{"damage":6,"enemies":"Cultist","floor":2,"turns":3},{"damage":7,"enemies":"2 Louse","floor":3,"turns":3},{"damage":25,"enemies":"Large Slime","floor":5,"turns":7},{"damage":9,"enemies":"2 Fungi Beasts","floor":7,"turns":2},{"damage":4,"enemies":"Red Slaver","floor":11,"turns":4},{"damage":5,"enemies":"Blue Slaver","floor":12,"turns":5},{"damage":24,"enemies":"Gremlin Nob","floor":13,"turns":4},{"damage":7,"enemies":"Large Slime","floor":14,"turns":4},{"damage":7,"enemies":"Hexaghost","floor":16,"turns":10},{"damage":0,"enemies":"3 Byrds","floor":18,"turns":3},{"damage":0,"enemies":"2 Thieves","floor":21,"turns":2},{"damage":11,"enemies":"Snecko","floor":22,"turns":5},{"damage":13,"enemies":"Centurion and Healer","floor":28,"turns":4},{"damage":30,"enemies":"Gremlin Leader","floor":29,"turns":4},{"damage":23,"enemies":"Shelled Parasite and Fungi","floor":31,"turns":6},{"damage":23,"enemies":"Automaton","floor":33,"turns":7},{"damage":5,"enemies":"Orb Walker","floor":35,"turns":4},{"damage":6,"enemies":"3 Darklings","floor":36,"turns":2},{"damage":36,"enemies":"2 Orb Walkers","floor":37,"turns":3},{"damage":6,"enemies":"Reptomancer","floor":41,"turns":5},{"damage":28,"enemies":"Donu and Deca","floor":50,"turns":5}],"seed_played":"-1980479303148745571","potions_obtained":[{"floor":3,"key":"FearPotion"},{"floor":4,"key":"LiquidMemories"},{"floor":4,"key":"GamblersBrew"},{"floor":13,"key":"BloodPotion"},{"floor":28,"key":"BloodPotion"},{"floor":31,"key":"SneckoOil"},{"floor":35,"key":"BlessingOfTheForge"},{"floor":37,"key":"Energy Potion"},{"floor":41,"key":"Dexterity Potion"}],"is_trial":false,"path_per_floor":["M","M","M","?","M","R","M","$","T","R","M","M","E","M","R","B",null,"M","$","?","M","M","R","?","T","T","R","M","E","R","M","R","B",null,"M","M","?","?","?","R","E","R","T","T","?","?","R","$","R","B",null],"character_chosen":"IRONCLAD","items_purchased":["Potion Belt","Bloodletting","AttackPotion","Weak Potion","DuplicationPotion"],"campfire_rested":0,"item_purchase_floors":[48,48,48,48,48],"current_hp_per_floor":[75,75,74,74,55,55,52,52,52,52,54,55,37,36,36,35,69,75,75,75,80,75,75,60,60,60,60,55,33,33,47,47,44,75,78,80,52,73,73,73,75,75,75,75,75,85,85,85,85,57],"gold":56,"neow_bonus":"RANDOM_COMMON_RELIC","is_daily":false,"chose_seed":false,"campfire_upgraded":10,"win_rate":0.0,"timestamp":1613712617,"path_taken":["M","M","M","?","M","R","M","$","T","R","?","?","E","M","R","BOSS","M","$","?","?","M","R","?","?","T","R","M","E","R","M","R","BOSS","M","M","?","?","?","R","E","R","T","?","?","?","R","$","R","BOSS"],"items_purchased_type":["Relic","Card","Potion","Potion","Potion"],"build_version":"2020-12-22","purchased_purges":3,"victory":true,"max_hp_per_floor":[80,80,80,80,80,80,80,80,80,80,80,80,80,80,80,80,80,80,80,80,80,80,80,85,85,85,85,85,85,85,85,85,85,85,85,85,85,85,85,85,85,85,85,85,85,85,85,85,85,85],"card_choices":[{"not_picked":["Cleave","Clothesline"],"picked":"Whirlwind","floor":1},{"not_picked":["Iron Wave","Combust","Wild Strike"],"picked":"SKIP","floor":2},{"not_picked":["Clothesline","Thunderclap"],"picked":"Sword Boomerang","floor":3},{"not_picked":["Twin Strike","Pommel Strike"],"picked":"Flame Barrier","floor":5},{"not_picked":["Havoc","Cleave"],"picked":"Shockwave","floor":7},{"not_picked":["Sever Soul","Shockwave","Wild Strike"],"picked":"SKIP","floor":11},{"not_picked":["Clothesline","Infernal Blade"],"picked":"Inflame","floor":12},{"not_picked":["Armaments","Shrug It Off"],"picked":"Impervious","floor":13},{"not_picked":["Rampage","Warcry"],"picked":"Evolve","floor":14},{"not_picked":["Exhume","Feed"],"picked":"Demon Form","floor":16},{"not_picked":["Anger+1","Headbutt"],"picked":"Feel No Pain+1","floor":18},{"not_picked":["Rampage","Armaments"],"picked":"Dark Embrace","floor":21},{"not_picked":["Heavy Blade","Sword Boomerang","Armaments"],"picked":"SKIP","floor":22},{"not_picked":["Hemokinesis","Headbutt","Body Slam+1"],"picked":"SKIP","floor":28},{"not_picked":["Rupture+1","Clash"],"picked":"Power Through","floor":29},{"not_picked":["Armaments","Cleave","Clash"],"picked":"SKIP","floor":31},{"not_picked":["Bludgeon","Feed"],"picked":"Offering","floor":33},{"not_picked":["Cleave+1","Iron Wave+1","Clash+1"],"picked":"SKIP","floor":35},{"not_picked":["Havoc","Rage+1","Feed"],"picked":"SKIP","floor":36},{"not_picked":["Thunderclap","Perfected Strike"],"picked":"True Grit+1","floor":37},{"not_picked":["Flame Barrier","Thunderclap+1"],"picked":"Heavy Blade","floor":41}],"player_experience":1463434,"relics_obtained":[{"floor":9,"key":"Bag of Preparation"},{"floor":13,"key":"Tiny Chest"},{"floor":25,"key":"Pen Nib"},{"floor":26,"key":"Blood Vial"},{"floor":29,"key":"Meat on the Bone"},{"floor":37,"key":"WingedGreaves"},{"floor":41,"key":"Juzu Bracelet"},{"floor":43,"key":"Oddly Smooth Stone"},{"floor":44,"key":"Regal Pillow"}],"event_choices":[{"damage_healed":0,"gold_gain":0,"player_choice":"Got Potions","damage_taken":0,"max_hp_gain":0,"max_hp_loss":0,"event_name":"Lab","floor":4,"gold_loss":0},{"damage_healed":0,"gold_gain":0,"player_choice":"Bought 1 Potion","damage_taken":0,"max_hp_gain":0,"max_hp_loss":0,"event_name":"The Woman in Blue","floor":20,"gold_loss":0},{"damage_healed":0,"gold_gain":0,"player_choice":"Shed Blood","damage_taken":20,"max_hp_gain":5,"max_hp_loss":0,"event_name":"Forgotten Altar","floor":24,"gold_loss":0},{"damage_healed":0,"gold_gain":0,"player_choice":"Fight","damage_taken":0,"max_hp_gain":0,"max_hp_loss":0,"event_name":"Mysterious Sphere","floor":37,"gold_loss":0},{"damage_healed":21,"gold_gain":0,"player_choice":"Writhe","damage_taken":0,"max_hp_gain":0,"max_hp_loss":0,"event_name":"Winding Halls","floor":38,"gold_loss":0,"cards_obtained":["Writhe"]},{"damage_healed":0,"gold_gain":0,"player_choice":"Ignored","damage_taken":0,"max_hp_gain":0,"max_hp_loss":0,"event_name":"Tomb of Lord Red Mask","floor":39,"gold_loss":0},{"cards_removed":["Strike_R"],"damage_healed":0,"gold_gain":0,"player_choice":"Removed Attack","damage_taken":0,"max_hp_gain":0,"max_hp_loss":0,"event_name":"Falling","floor":45,"gold_loss":0},{"damage_healed":0,"gold_gain":0,"player_choice":"Upgrade","damage_taken":0,"relics_obtained":["Mark of the Bloom"],"max_hp_gain":0,"max_hp_loss":0,"event_name":"MindBloom","floor":46,"gold_loss":0,"cards_upgraded":["Strike_R","Strike_R","Defend_R","Defend_R","Defend_R","Defend_R","Bash","Flame Barrier","Dark Embrace","Offering"]}],"is_beta":false,"boss_relics":[{"not_picked":["Cursed Key","Runic Dome"],"picked":"Snecko Eye"},{"not_picked":["Astrolabe","Black Star"],"picked":"Velvet Choker"}],"items_purged_floors":[8,19,48],"is_endless":false,"potions_floor_spawned":[3,12,13,14,28,31,35,37,41],"ascension_level":7}}