{"host":"b9id4afcchnn1rfb","time":1613748130,"event":{"mods":["Act Like it!","BaseMod","Better Note","Colored Map","Colored Powertips","Hallownest","Hermit","Infinite Spire","Minty Spire (QoL Compilation)","StSLib","SuperFastMode","The Death Knight","The Necromancer"],"gold_per_floor":[110,110,36,36,55,55,83,83,137,137,0,120,120,153,153,254,254,269,269,235,235,250,250,276,276,276,276,306,50,67,67,67,164,164,178,178,178,198,214,214,241,60,87,115,127,127,167,193,193,289,289,287,287,287,289,296,298,298,296,296,296,296,314,314,55,55,133,133,135,128,128,38,38,38,48,48,48,25,28,24,28,69,69,140,140,139,220,220,213,210,210,212,196,196],"floor_reached":93,"language":"ENG","playtime":3051,"items_purged":["Defend_W","Strike_W"],"score":2156,"play_id":"4c917afa-58cd-47a0-b52a-6942b1222602","local_time":"20210219162210","is_ascension_mode":true,"campfire_choices":[{"data":"Uncharnel","floor":6,"key":"SMITH"},{"data":"Summon_Lich","floor":8,"key":"SMITH"},{"data":"Stop_Heart","floor":10,"key":"SMITH"},{"floor":15,"key":"RECALL"},{"floor":23,"key":"REST"},{"floor":25,"key":"REST"},{"data":"Summon_Undead_Army","floor":27,"key":"SMITH"},{"floor":32,"key":"REST"},{"floor":40,"key":"REST"},{"data":"Bone_Armory","floor":46,"key":"SMITH"},{"data":"Skeleton_Dragon","floor":49,"key":"SMITH"},{"data":"infinitespire:Collect","floor":58,"key":"SMITH"},{"floor":61,"key":"REST"},{"data":"infinitespire:Collect","floor":64,"key":"SMITH"},{"data":"Siphon_Strength","floor":66,"key":"SMITH"},{"data":"Bone_Armory","floor":74,"key":"SMITH"},{"data":"Hallownest:skillLeafShield","floor":76,"key":"SMITH"},{"data":"Bones_to_Steel","floor":83,"key":"SMITH"},{"floor":91,"key":"REST"}],"circlet_count":0,"master_deck":["Strike_W+1","Negative_Energy_Arrows+1","Bone_Wall","Uncharnel+1","Summon_Lich+1","Stop_Heart+1","Cloudkill","Summon_Undead_Army+1","Summon_Lich","Life_Drain","Hellfire","Skeleton_Dragon+1","Bone_Armor","CurseOfTheBell","infinitespire:Collect+1","Summon_Vampire_Lady","infinitespire:Collect+1","Bone_Armory+1","Spectral_Walk+1","Spectral_Armor+1","Grasp_Heart","Hallownest:skillLeafShield","Hallownest:skillLeafShield","Hallownest:skillLeafShield","Hallownest:skillLeafShield","Hallownest:skillLeafShield+1","Siphon_Strength+1","Bone_Armory+1","Summon_Vampire_Lady","Bones_to_Steel+1","Summon_Lich"],"relics":["Vampire_Amulet","NeowsBlessing","Hallownest:TeacherSealRelic","Hallownest:SalubrasBlessingRelic","Darkstone Periapt","Whetstone","Hallownest:BankAccountRelic","Turnip","SlaversCollar","MealTicket","Centennial Puzzle","DeathKnight:SindragosasSkull","Nunchaku","Strange Spoon","Oddly Smooth Stone","Sozu","infinitespire:Beetle Shell","Calling Bell","Mummified Hand","Calipers","Lantern","Bird Faced Urn","DollysMirror","Boot","Singing Bowl","Philosopher\u0027s Stone","Hallownest:DreamNailRelic","infinitespire:Golems Mask","MealTicket","Bottled Tornado","Strawberry","Black Star","Hallownest:StagBellRelic1","Omamori","infinitespire:EmpoweringShard","Blue Candle","Happy Flower","Bag of Marbles","infinitespire:Satchel","infinitespire:ShieldingShard","Busted Crown","Hallownest:GodTamersBeastRelic","Hallownest:KingsIdolRelic","Juzu Bracelet","Mango"],"acts_visited":["Exordium","Hallownest:Greenpath","TheBeyond","TheBeyond","Hallownest:Greenpath","Hallownest:CityofTears"],"potions_floor_usage":[16,24,33,39,39],"damage_taken":[{"damage":0,"enemies":"Hallownest:monsterHuskWarrior","floor":1,"turns":1},{"damage":0,"enemies":"2_ Uuma","floor":5,"turns":1},{"damage":1,"enemies":"Hallownest:eliteCrystalGuardian","floor":7,"turns":1},{"damage":18,"enemies":"Hallownest:monsterMarmu","floor":13,"turns":5},{"damage":3,"enemies":"Hallownest:eliteVengeflyKing","floor":14,"turns":5},{"damage":45,"enemies":"Hallownest:BossFalseKnight","floor":16,"turns":10},{"damage":36,"enemies":"Hallownest:Guard_and_Sentry","floor":18,"turns":4},{"damage":36,"enemies":"Hallownest:3_Youths","floor":22,"turns":5},{"damage":26,"enemies":"Hallownest:eliteSoulWarrior","floor":24,"turns":5},{"damage":17,"enemies":"Nightmare","floor":28,"turns":6},{"damage":16,"enemies":"Hallownest:2_Husk_Sentries","floor":30,"turns":6},{"damage":23,"enemies":"Hallownest:BossGrimm","floor":33,"turns":8},{"damage":8,"enemies":"3 Shapes","floor":35,"turns":4},{"damage":19,"enemies":"Orb Walker","floor":38,"turns":3},{"damage":6,"enemies":"Jaw Worm Horde","floor":39,"turns":2},{"damage":95,"enemies":"Reptomancer","floor":41,"turns":4},{"damage":47,"enemies":"Giant Head","floor":44,"turns":7},{"damage":0,"enemies":"Transient","floor":45,"turns":5},{"damage":10,"enemies":"Nemesis","floor":48,"turns":5},{"damage":70,"enemies":"Donu and Deca","floor":50,"turns":8},{"damage":0,"enemies":"Hallownest:monsterHuskGuard","floor":52,"turns":2},{"damage":0,"enemies":"Hallownest:2_Tiktiks_and_1_Crawlid","floor":55,"turns":3},{"damage":0,"enemies":"Hallownest:2_MossCreeps","floor":56,"turns":2},{"damage":2,"enemies":"Hallownest:eliteCrystalGuardian","floor":57,"turns":5},{"damage":28,"enemies":"Hallownest:monsterFoolEater","floor":59,"turns":3},{"damage":0,"enemies":"Hallownest:eliteMossKnight","floor":63,"turns":4},{"damage":22,"enemies":"Hallownest:BossFalseKnight","floor":67,"turns":5},{"damage":8,"enemies":"Hallownest:3_Youths","floor":69,"turns":3},{"damage":0,"enemies":"Hallownest:Guard_and_Sentry","floor":70,"turns":4},{"damage":11,"enemies":"Hallownest:2_Husk_Sentries","floor":73,"turns":3},{"damage":0,"enemies":"Hallownest:Nosk","floor":75,"turns":5},{"damage":69,"enemies":"Hallownest:eliteWatcherKnight","floor":78,"turns":9},{"damage":31,"enemies":"Hallownest:2_Flukemon","floor":79,"turns":4},{"damage":0,"enemies":"Hallownest:3_Mistakes","floor":80,"turns":3},{"damage":11,"enemies":"Hallownest:Nosk","floor":81,"turns":5},{"damage":0,"enemies":"Hallownest:Glutton_and_Coward","floor":82,"turns":2},{"damage":19,"enemies":"Hallownest:BossGrimm","floor":84,"turns":6},{"damage":0,"enemies":"Hallownest:2_Littles","floor":86,"turns":2},{"damage":11,"enemies":"Hallownest:2_Littles","floor":87,"turns":3},{"damage":41,"enemies":"Hallownest:2_Littles","floor":87,"turns":3},{"damage":0,"enemies":"Hallownest:2_Littles","floor":87,"turns":4},{"damage":0,"enemies":"Hallownest:2_Littles","floor":87,"turns":2},{"damage":29,"enemies":"Hallownest:3_Siblings","floor":89,"turns":3},{"damage":48,"enemies":"Hallownest:monsterPrimalAspid","floor":90,"turns":3},{"damage":21,"enemies":"Hallownest:eliteCollector","floor":92,"turns":5},{"damage":161,"enemies":"Hallownest:2_Primals","floor":93,"turns":2}],"seed_played":"6624643067974590349","potions_obtained":[{"floor":5,"key":"BlessingOfTheForge"},{"floor":7,"key":"ColorlessPotion"},{"floor":14,"key":"FairyPotion"},{"floor":18,"key":"SkillPotion"},{"floor":28,"key":"LiquidBronze"},{"floor":33,"key":"EssenceOfSteel"}],"is_trial":false,"path_per_floor":["M","?","$","?","M","R","E","R","T","R","?","?","?","E","R","B",null,"M","?","$","?","M","R","E","R","T","R","NM","$","M","?","R","B",null,"M","AVR","?","M","M","R","E","$","T","E","M","R","$","E","R","B",null,"M","?","?","M","M","E","R","M","T","R","?","E","R","$","R","B",null,"M","M","?","?","M","R","E","R","T","E","M","M","E","M","R","B",null,"M","?","?","M","M","R","E","?"],"character_chosen":"NECROMANCER","items_purchased":["Summon_Lich","Summon_Lich","Strange Spoon","Oddly Smooth Stone","DollysMirror","Bone_Armory","Bone_Armory","Strawberry"],"campfire_rested":6,"item_purchase_floors":[3,20,29,29,42,42,65,65],"current_hp_per_floor":[75,75,75,75,75,75,75,75,75,75,75,75,59,64,64,21,62,30,30,45,45,15,39,15,40,40,40,35,50,44,40,65,56,75,79,85,63,52,52,80,50,65,65,50,74,74,89,89,89,53,80,91,91,91,93,95,97,97,75,75,101,92,101,101,108,108,106,108,110,112,112,112,114,114,116,116,116,106,112,120,122,124,124,125,126,126,126,122,114,94,132,148,0,0],"gold":196,"neow_bonus":"THREE_ENEMY_KILL","is_daily":false,"chose_seed":false,"campfire_upgraded":12,"win_rate":0.0,"timestamp":1613748130,"path_taken":["M","?","$","?","M","R","E","R","T","R","?","?","?","E","R","BOSS","M","?","$","?","?","R","E","R","T","R","NM","$","M","?","R","BOSS","M","AVR","?","M","M","R","E","?","T","E","M","R","$","E","R","BOSS","M","?","?","M","M","E","R","?","T","R","?","E","R","$","R","BOSS","M","M","?","?","M","R","E","R","T","E","M","M","E","M","R","BOSS","M","?","?","M","M","R","E","?"],"items_purchased_type":["Card","Card","Relic","Relic","Relic","Card","Card","Relic"],"build_version":"2020-12-22","purchased_purges":2,"victory":false,"max_hp_per_floor":[75,75,75,75,75,75,75,75,75,75,75,75,75,75,75,75,75,75,75,75,75,75,77,77,79,79,79,79,79,79,79,81,81,81,81,87,87,87,87,89,89,89,89,89,89,89,89,89,89,89,89,91,91,91,93,95,97,97,99,99,101,101,101,101,108,108,108,108,110,112,112,112,114,114,116,116,116,118,118,120,122,124,124,126,126,126,126,126,128,130,132,148,148,148],"card_choices":[{"not_picked":["Bone_Spikes","Exploit"],"picked":"Uncharnel","floor":1},{"not_picked":["Scare","Death_Coil","Bone_Shift"],"picked":"SKIP","floor":5},{"not_picked":["Violent_Necrosis","Vampiric_Strike"],"picked":"Stop_Heart","floor":7},{"not_picked":["Blood_Shield","Negative_Energy_Mist","Death_Coil"],"picked":"SKIP","floor":14},{"not_picked":["Requiem","Blood_Magic"],"picked":"Cloudkill","floor":16},{"not_picked":["Consume_Illness","Blood_Shield"],"picked":"Summon_Undead_Army","floor":18},{"not_picked":["Bone_Armor","Epidemic","Deaths_Shadow"],"picked":"SKIP","floor":22},{"not_picked":["Blood_Magic","Epidemic+1"],"picked":"Life_Drain","floor":24},{"not_picked":["Bone_Bullets","Deaths_Shadow"],"picked":"Hellfire","floor":28},{"not_picked":["Bone_Spikes","Blood_Curse","Chill_Blood+1"],"picked":"SKIP","floor":30},{"not_picked":["Cloudkill","Blood_Wake"],"picked":"Skeleton_Dragon","floor":33},{"not_picked":["Exploit+1","Negative_Energy_Shield+1"],"picked":"Bone_Armor","floor":35},{"not_picked":["infinitespire:Fortify","infinitespire:NeuralNetwork"],"picked":"infinitespire:Collect","floor":37},{"not_picked":["Bone_Spikes+1","Negative_Energy_Shield","Negative_Energy_Mist"],"picked":"SKIP","floor":38},{"not_picked":["Blood_Curse","Bone_Spikes+1","Strike_from_Beyond"],"picked":"SKIP","floor":39},{"not_picked":["Bone_Shift","Necromantic_Selection+1"],"picked":"Summon_Vampire_Lady","floor":41},{"not_picked":["Toxic_Smoke_Screen","Consume_Illness","Necrotic_Claws+1"],"picked":"SKIP","floor":44},{"not_picked":["Negative_Energy_Javelin","Stop_Heart+1"],"picked":"Spectral_Walk+1","floor":45},{"not_picked":["Negative_Energy_Bomb","Blood_Whip+1"],"picked":"Spectral_Armor+1","floor":48},{"not_picked":["Blood_Wake","Reap_The_Weak"],"picked":"Grasp_Heart","floor":50},{"not_picked":["Finger_Of_Death","Blood_Whip","Blood_for_Blood"],"picked":"Singing Bowl","floor":52},{"not_picked":["Finger_Of_Death","Toxic_Smoke_Screen","Bone_Shift"],"picked":"Singing Bowl","floor":55},{"not_picked":["Bone_Shift","Strike_from_Beyond","Negative_Energy_Mist"],"picked":"Singing Bowl","floor":56},{"not_picked":["Pandemic","Negative_Energy_Mist","Thousand_Bone_Knives"],"picked":"Singing Bowl","floor":57},{"not_picked":["Life_Drain","Bone_Spikes","Negative_Energy_Shield"],"picked":"Singing Bowl","floor":59},{"not_picked":["Stop_Heart","Death_Coil"],"picked":"Siphon_Strength","floor":63},{"not_picked":["Blood_Magic","Skeleton_Dragon"],"picked":"Summon_Vampire_Lady","floor":67},{"not_picked":["Corrupt+1","Death_March_Dance","Uncharnel"],"picked":"Singing Bowl","floor":69},{"not_picked":["Death_Coil","Death_March_Dance","Negative_Energy_Mist+1"],"picked":"Singing Bowl","floor":70},{"not_picked":["Death_Coil","Hellfire","Consume_Illness"],"picked":"Singing Bowl","floor":73},{"not_picked":["Toxic_Smoke_Screen+1","Consume_Illness","Blood_for_Blood"],"picked":"Singing Bowl","floor":75},{"not_picked":["Flesh_Made_Foul","Death_March_Dance+1","Bone_Bullets"],"picked":"Singing Bowl","floor":78},{"not_picked":["Scare","Death_March_Dance"],"picked":"Bones_to_Steel","floor":79},{"not_picked":["Chill_Blood+1","Consume_Illness","Blood_Shield"],"picked":"Singing Bowl","floor":80},{"not_picked":["Chill_Blood","Acid_Javelin+1","Negative_Energy_Javelin"],"picked":"Singing Bowl","floor":81},{"not_picked":["Vampiric_Strike+1","Slay_Living+1","Death_Knell"],"picked":"Singing Bowl","floor":82},{"not_picked":["Requiem","Grasp_Heart","Hellfire"],"picked":"Singing Bowl","floor":84},{"not_picked":[],"picked":"Summon_Lich","floor":86},{"not_picked":["Blood_Whip"],"picked":"Singing Bowl","floor":89},{"not_picked":["Negative_Energy_Shield+1"],"picked":"Singing Bowl","floor":90},{"not_picked":["Death_Coil"],"picked":"Singing Bowl","floor":92}],"player_experience":491294,"relics_obtained":[{"floor":7,"key":"Darkstone Periapt"},{"floor":9,"key":"Whetstone"},{"floor":14,"key":"Turnip"},{"floor":24,"key":"Centennial Puzzle"},{"floor":26,"key":"DeathKnight:SindragosasSkull"},{"floor":28,"key":"Nunchaku"},{"floor":36,"key":"Mummified Hand"},{"floor":36,"key":"Calipers"},{"floor":36,"key":"Lantern"},{"floor":41,"key":"Bird Faced Urn"},{"floor":44,"key":"Boot"},{"floor":48,"key":"Singing Bowl"},{"floor":57,"key":"infinitespire:Golems Mask"},{"floor":60,"key":"MealTicket"},{"floor":63,"key":"Bottled Tornado"},{"floor":75,"key":"Omamori"},{"floor":75,"key":"infinitespire:EmpoweringShard"},{"floor":77,"key":"Blue Candle"},{"floor":78,"key":"Happy Flower"},{"floor":78,"key":"Bag of Marbles"},{"floor":81,"key":"infinitespire:Satchel"},{"floor":81,"key":"infinitespire:ShieldingShard"},{"floor":92,"key":"Juzu Bracelet"},{"floor":92,"key":"Mango"}],"event_choices":[],"is_beta":false,"boss_relics":[{"not_picked":["Pandora\u0027s Box","Astrolabe"],"picked":"SlaversCollar"},{"not_picked":["Runic Pyramid","infinitespire:Cupcake"],"picked":"Sozu"},{"not_picked":["Tiny House","Fusion Hammer"],"picked":"Philosopher\u0027s Stone"},{"not_picked":["Empty Cage","Velvet Choker"],"picked":"Black Star"},{"not_picked":["Coffee Dripper","Snecko Eye"],"picked":"Busted Crown"}],"items_purged_floors":[36,65],"is_endless":true,"potions_floor_spawned":[5,7,14,18,28,33,39,41,48,50,52,57,67,70,75,78,79,87,87,87],"killed_by":"Hallownest:2_Primals","ascension_level":5}}