{"host":"9ndbo4kgsfoemf7y","time":1613739008,"event":{"mods":["AchievementEnabler","BaseMod","Colored Map","DeckTracker","Keyboard Shortcuts","Minty Spire (QoL Compilation)","Permanent Neow","Quick Restart","Relic Stats","StSLib","SuperFastMode"],"gold_per_floor":[113,113,127,142,162,162,162,162],"floor_reached":7,"language":"KOR","playtime":167,"items_purged":[],"score":86,"play_id":"e33543ee-eb6c-45ee-9100-7e92f8f6605c","local_time":"20210219215008","is_ascension_mode":true,"campfire_choices":[{"data":"Eruption","floor":6,"key":"SMITH"}],"circlet_count":0,"master_deck":["AscendersBane","Strike_P","Strike_P","Strike_P","Strike_P","Defend_P","Defend_P","Defend_P","Defend_P","Eruption+1","Vigilance","SandsOfTime"],"relics":["PureWater","TungstenRod"],"acts_visited":["Exordium"],"potions_floor_usage":[],"damage_taken":[{"damage":18.0,"enemies":"Small Slimes","floor":1.0,"turns":3.0},{"damage":1.0,"enemies":"Jaw Worm","floor":3.0,"turns":4.0},{"damage":0.0,"enemies":"2 Louse","floor":4.0,"turns":3.0},{"damage":18,"enemies":"Red Slaver","floor":5,"turns":4},{"damage":71,"enemies":"Gremlin Nob","floor":7,"turns":3}],"seed_played":"-4641384242646992465","potions_obtained":[{"floor":1.0,"key":"Dexterity Potion"}],"is_trial":false,"path_per_floor":["M","?","M","M","M","R","E"],"character_chosen":"WATCHER","items_purchased":[],"campfire_rested":0,"item_purchase_floors":[],"current_hp_per_floor":[43,48,47,47,29,29,0,0],"gold":162,"neow_bonus":"ONE_RARE_RELIC","is_daily":false,"chose_seed":false,"campfire_upgraded":1,"win_rate":0.0,"timestamp":1613739008,"path_taken":["M","?","M","M","M","R","E"],"items_purchased_type":[],"build_version":"2020-12-22","purchased_purges":0,"victory":false,"max_hp_per_floor":[62,67,67,67,67,67,67,67],"relic_stats":{"counters":[5,17],"obtain_stats":[{"PureWater":0,"TungstenRod":0},{"PureWater":0,"TungstenRod":0},{"PureWater":0,"TungstenRod":0}],"TungstenRod":8},"card_choices":[{"not_picked":["Perseverance","DeceiveReality","FollowUp"],"picked":"SKIP","floor":1.0},{"not_picked":["Crescendo","Protect"],"picked":"SandsOfTime","floor":3.0},{"not_picked":["LikeWater","EmptyMind","CarveReality"],"picked":"SKIP","floor":4.0},{"not_picked":["FollowUp","Evaluate","CrushJoints"],"picked":"SKIP","floor":5}],"player_experience":871524,"relics_obtained":[],"event_choices":[{"damage_healed":0.0,"max_hp_gain":5.0,"max_hp_loss":0.0,"gold_gain":0.0,"event_name":"Big Fish","player_choice":"Donut","floor":2.0,"gold_loss":0.0,"damage_taken":0.0}],"is_beta":false,"boss_relics":[],"items_purged_floors":[],"is_endless":false,"potions_floor_spawned":[1],"killed_by":"Gremlin Nob","ascension_level":20}}