{"host":"9pm4ffml2aj85aj7","time":1613720273,"event":{"mods":["Act Like it!","BaseMod","BetterRewards","Bossed Relics","Gensokyo","GifTheSpireLib","Lobotomy","LobotomyExtend","Minty Spire (QoL Compilation)","Relic Filter Mod","Remilia£®¿Ÿ√◊¿Ú—«£©","Replay The Spire","Ruina","Shop Mod","StSLib","The Jungle","Wide Potions"],"gold_per_floor":[116,116,129,129,129,157,157,2,25,58,58,21,21,21,21,127,127,145,154,172,172,18,18,18,18,18,18,37,37,66,92,92,203,203,219,177,177,177,177,211,229,229,229,242,301,301,301,301,363,363],"floor_reached":51,"language":"ZHS","playtime":1530,"items_purged":[],"score":709,"play_id":"e55513e6-96b2-4a6c-a2bf-e5d80a14d0e7","local_time":"20210219153753","daily_mods":["SealedDeck","Vintage","Heirloom","Time Dilation","Flight"],"is_ascension_mode":false,"campfire_choices":[{"data":"BombardNight","floor":7.0,"key":"SMITH"},{"data":"VampireKiss","floor":13.0,"key":"SMITH"},{"data":"VampireClaw","floor":15.0,"key":"SMITH"},{"data":"HeartBreak","floor":23.0,"key":"SMITH"},{"data":"MastersStateliness","floor":24.0,"key":"SMITH"},{"data":"ScarletDevil","floor":25.0,"key":"SMITH"},{"data":"StarOfDavid","floor":27.0,"key":"SMITH"},{"data":"Stigmanizer","floor":32.0,"key":"SMITH"},{"data":"MastersStateliness","floor":42,"key":"SMITH"},{"data":"RedMoon","floor":47,"key":"PURGE"}],"circlet_count":0,"master_deck":["MastersStateliness+1","BlasphemousPunishment+1","BombardNight+1","VampireClaw+1","ScarletDevil+1","StarOfDavid+1","Stigmanizer+1","VampireKiss+1","HeartBreak+1","KillingBlow+1","StarOfDavid+1","VampireSweep+1","ScarletImprint+1"],"relics":["ScarletHat","Du-Vu Doll","LetterFromLob","PreservedInsect","NeowsBlessing","Anchor","Strawberry","Regal Pillow","CeramicFish","HonorFeather","Heaven_r","Philosopher\u0027s Stone","Nunchaku","Ring of Peace","Replay:Multitool","Lantern","Bottled Tornado","Bag of Marbles","NeowsBlessing","Ornamental Fan","Matryoshka","Empty Cage","Golden Egg","Replay:Wax Seal","NeowsBlessing","Pondfish Scales","Oddly Smooth Stone","Quantum Egg","StrikeDummy"],"acts_visited":["Exordium","theJungle:Jungle","TheBeyond"],"potions_floor_usage":[50,50],"damage_taken":[{"damage":20.0,"enemies":"2 Louse","floor":1.0,"turns":1.0},{"damage":18.0,"enemies":"Small Slimes","floor":3.0,"turns":1.0},{"damage":0.0,"enemies":"3 Sentries","floor":6.0,"turns":1.0},{"damage":0.0,"enemies":"Lagavulin","floor":10.0,"turns":1.0},{"damage":0.0,"enemies":"Lagavulin","floor":14.0,"turns":1.0},{"damage":21.0,"enemies":"Lagavulin","floor":14.0,"turns":2.0},{"damage":69.0,"enemies":"Hexaghost","floor":16.0,"turns":3.0},{"damage":0.0,"enemies":"Shell Parasite","floor":18.0,"turns":2.0},{"damage":0.0,"enemies":"theJungle:GiantWrat","floor":20.0,"turns":2.0},{"damage":0.0,"enemies":"theJungle:JungleHuntersEncounter","floor":28.0,"turns":2.0},{"damage":0.0,"enemies":"theJungle:2_Phrogs","floor":30.0,"turns":1.0},{"damage":0.0,"enemies":"theJungle:Cassacara","floor":31.0,"turns":1.0},{"damage":0.0,"enemies":"theJungle:FunGuy","floor":33.0,"turns":1.0},{"damage":0.0,"enemies":"3 Darklings","floor":35.0,"turns":2.0},{"damage":0.0,"enemies":"R_Hoarder","floor":40.0,"turns":1.0},{"damage":0,"enemies":"Orb Walker","floor":44,"turns":1},{"damage":0,"enemies":"Mind Bloom Boss Battle","floor":45,"turns":1},{"damage":78,"enemies":"Awakened One","floor":50,"turns":6}],"seed_played":"-4304900689717940417","potions_obtained":[{"floor":1.0,"key":"Weak Potion"},{"floor":6.0,"key":"Strength Potion"},{"floor":20.0,"key":"Dexterity Potion"},{"floor":30.0,"key":"Weak Potion"},{"floor":44,"key":"Energy Potion"}],"is_trial":true,"path_per_floor":["M","?","M","WH","WH","E","R","$","T","E","?","$","R","?","R","B",null,"M","?","M","?","$","R","R","R","T","R","M","WH","E","E","R","B",null,"M","$","WH","WH","WH","E","?","R","T","M","?","R","R","?","R","B",null],"character_chosen":"REMILIA","items_purchased":["Strawberry","VampireKiss","Lantern","StarOfDavid"],"campfire_rested":0,"item_purchase_floors":[8,12,22,36],"current_hp_per_floor":[55,55,37,37,37,37,37,44,44,44,44,44,44,65,82,32,86,86,86,86,86,86,86,86,86,86,86,86,86,86,86,86,86,86,86,86,86,86,86,86,86,86,86,86,90,90,90,90,90,40],"gold":363,"neow_bonus":"THREE_ENEMY_KILL","is_daily":false,"chose_seed":false,"campfire_upgraded":9,"win_rate":0.0,"timestamp":1613720273,"path_taken":["M","?","M","WH","WH","E","R","$","T","E","?","$","R","?","R","BOSS","M","?","M","?","$","R","R","R","T","R","?","WH","E","E","R","BOSS","M","$","WH","WH","WH","E","WH","R","T","?","?","R","R","?","R","BOSS"],"items_purchased_type":["Relic","Card","Card","Card"],"build_version":"2020-12-22","purchased_purges":0,"victory":true,"max_hp_per_floor":[75,75,75,75,75,75,75,82,82,82,82,82,82,82,82,86,86,86,86,86,86,86,86,86,86,86,86,86,86,86,86,86,86,86,86,86,86,86,86,86,86,86,86,86,90,90,90,90,90,90],"card_choices":[{"not_picked":["BloodyTrap","MastersStateliness","GlobalNightmare"],"picked":"SKIP","floor":6.0},{"not_picked":["RedRainbow","CharismaGuard","Ultimatum"],"picked":"SKIP","floor":10.0},{"not_picked":["BloodySeventeenLaser","ChaoticDestiny"],"picked":"HeartBreak","floor":16.0},{"not_picked":["ChainGang","ScarletNetherworld+1","Septette"],"picked":"SKIP","floor":30.0},{"not_picked":["BloodyMagicSquare","FavorOfDestiny","MastersStateliness"],"picked":"SKIP","floor":31.0},{"not_picked":["BloodyCatastrophe","TransientEternity"],"picked":"KillingBlow","floor":33.0},{"not_picked":["LeisurelyOfLord","ScarletDream+1"],"picked":"VampireSweep+1","floor":40.0},{"not_picked":["EmergencyRegeneration","BlasphemousPunishment"],"picked":"ScarletImprint+1","floor":45}],"player_experience":52159,"relics_obtained":[{"floor":1.0,"key":"LetterFromLob"},{"floor":3.0,"key":"PreservedInsect"},{"floor":6.0,"key":"Anchor"},{"floor":9.0,"key":"Regal Pillow"},{"floor":10.0,"key":"CeramicFish"},{"floor":18.0,"key":"Nunchaku"},{"floor":19.0,"key":"Ring of Peace"},{"floor":20.0,"key":"Replay:Multitool"},{"floor":26.0,"key":"Bottled Tornado"},{"floor":28.0,"key":"Bag of Marbles"},{"floor":30.0,"key":"Ornamental Fan"},{"floor":31.0,"key":"Matryoshka"},{"floor":35.0,"key":"Golden Egg"},{"floor":40.0,"key":"Pondfish Scales"},{"floor":43,"key":"Oddly Smooth Stone"},{"floor":43,"key":"Quantum Egg"},{"floor":44,"key":"StrikeDummy"}],"event_choices":[{"damage_healed":0.0,"max_hp_gain":0.0,"max_hp_loss":0.0,"gold_gain":0.0,"event_name":"Living Wall","player_choice":"Grow","floor":2.0,"gold_loss":0.0,"damage_taken":0.0,"cards_upgraded":["BlasphemousPunishment"]},{"damage_healed":0.0,"max_hp_gain":0.0,"max_hp_loss":0.0,"gold_gain":0.0,"event_name":"Golden Idol","player_choice":"Ignored","floor":11.0,"gold_loss":0.0,"damage_taken":0.0},{"cards_removed":["CommonCold"],"damage_healed":0.0,"max_hp_gain":0.0,"max_hp_loss":0.0,"gold_gain":0.0,"event_name":"Purifier","player_choice":"Purged","floor":21.0,"gold_loss":0.0,"damage_taken":0.0},{"damage_healed":0,"gold_gain":0,"player_choice":"2 cards matched","damage_taken":0,"max_hp_gain":0,"max_hp_loss":0,"event_name":"Match and Keep!","floor":41,"gold_loss":0,"cards_obtained":["MastersStateliness","RedMoon"]},{"damage_healed":0,"gold_gain":0,"player_choice":"Fight","damage_taken":0,"max_hp_gain":0,"max_hp_loss":0,"event_name":"MindBloom","floor":45,"gold_loss":0},{"cards_removed":["MastersStateliness"],"damage_healed":0,"gold_gain":0,"player_choice":"Removed Power","damage_taken":0,"max_hp_gain":0,"max_hp_loss":0,"event_name":"Falling","floor":48,"gold_loss":0}],"is_beta":false,"boss_relics":[{"not_picked":["Ring of Chaos","Runic Pyramid"],"picked":"Philosopher\u0027s Stone"},{"not_picked":["Astrolabe","Snecko Eye"],"picked":"Empty Cage"}],"items_purged_floors":[],"is_endless":false,"potions_floor_spawned":[1,6,14,20,30,33,44],"ascension_level":0}}