{"host":"CottonTail234","time":1613766988,"event":{"mods":["BaseMod","Colored Map","Minty Spire (QoL Compilation)","StSLib"],"gold_per_floor":[113,125,125,125,145,180,195,80,132,132,132,132],"floor_reached":11,"language":"ENG","playtime":552,"items_purged":["Strike_P"],"score":131,"play_id":"925a4821-ed36-43fe-a850-012bedc6a40c","local_time":"20210219133628","is_ascension_mode":true,"campfire_choices":[{"floor":10,"key":"REST"}],"circlet_count":0,"master_deck":["AscendersBane","Strike_P","Strike_P","Strike_P","Defend_P","Defend_P","Defend_P","Eruption","Vigilance","PathToVictory+1","ThirdEye","Evaluate","DeceiveReality","Consecrate","LikeWater"],"relics":["Velvet Choker","TeardropLocket","Akabeko"],"acts_visited":["Exordium"],"potions_floor_usage":[6,11],"damage_taken":[{"damage":4,"enemies":"2 Louse","floor":1,"turns":3},{"damage":0,"enemies":"Jaw Worm","floor":2,"turns":3},{"damage":0,"enemies":"Cultist","floor":5,"turns":3},{"damage":47,"enemies":"3 Sentries","floor":6,"turns":13},{"damage":4,"enemies":"3 Louse","floor":7,"turns":3},{"damage":38,"enemies":"Gremlin Nob","floor":11,"turns":4}],"seed_played":"-1371386011744039616","potions_obtained":[{"floor":1,"key":"LiquidBronze"},{"floor":2,"key":"SneckoOil"},{"floor":7,"key":"SpeedPotion"}],"is_trial":false,"path_per_floor":["M","M","?","?","M","E","M","$","T","R","E"],"character_chosen":"WATCHER","items_purchased":["LikeWater"],"campfire_rested":1,"item_purchase_floors":[8],"current_hp_per_floor":[57,57,57,57,57,10,6,6,6,26,0,0],"gold":132,"neow_bonus":"BOSS_RELIC","is_daily":false,"chose_seed":false,"campfire_upgraded":0,"win_rate":0.0,"timestamp":1613766988,"path_taken":["M","M","?","?","M","E","?","$","T","R","E"],"items_purchased_type":["Card"],"build_version":"2020-12-18","purchased_purges":1,"victory":false,"max_hp_per_floor":[68,68,68,68,68,68,68,68,68,68,68,68],"card_choices":[{"not_picked":["InnerPeace","SignatureMove"],"picked":"PathToVictory","floor":1},{"not_picked":["Weave","Study"],"picked":"ThirdEye","floor":2},{"not_picked":["Halt","ForeignInfluence"],"picked":"Evaluate","floor":5},{"not_picked":["Protect","SignatureMove"],"picked":"DeceiveReality","floor":6},{"not_picked":["Adaptation","CutThroughFate"],"picked":"Consecrate","floor":7}],"player_experience":2208064,"relics_obtained":[{"floor":6,"key":"TeardropLocket"},{"floor":9,"key":"Akabeko"}],"event_choices":[{"damage_healed":0,"gold_gain":0,"player_choice":"Grow","damage_taken":0,"max_hp_gain":0,"max_hp_loss":0,"event_name":"Living Wall","floor":3,"gold_loss":0,"cards_upgraded":["PathToVictory"]},{"cards_removed":["Defend_P"],"damage_healed":0,"gold_gain":0,"player_choice":"Offered Basic","damage_taken":0,"max_hp_gain":0,"max_hp_loss":0,"event_name":"Bonfire Elementals","floor":4,"gold_loss":0}],"is_beta":true,"boss_relics":[],"items_purged_floors":[8],"is_endless":false,"potions_floor_spawned":[1,2,7],"killed_by":"Gremlin Nob","ascension_level":16}}