{"host":"bzq0skgbben6khkk","time":1613712025,"event":{"mods":["Act Like it!","BaseMod","Minty Spire (QoL Compilation)","MostiFishMod","StSLib","Swap Starting Deck Mod"],"gold_per_floor":[109,34,34,34,59,100,100,114,114,114,152,152,152,168,168,297,297,316,329,350,364,196,236,236,274,320,338,372,3,41,57,57,185,185,200,533,543,593,608,638,658,693,693,725,725,725,725,760,760,760,760,760,236,266,266],"floor_reached":56,"language":"ZHS","playtime":2680,"items_purged":["Strike_G","Defend_G","Defend_G","Strike_G"],"score":2522,"play_id":"b3798d6f-4919-4067-8982-cd7abfe2efc0","local_time":"20210219132025","is_ascension_mode":true,"campfire_choices":[{"data":"Strike_G","floor":10.0,"key":"PURGE"},{"data":"Phantasmal Killer","floor":13.0,"key":"SMITH"},{"data":"Defend_G","floor":15.0,"key":"PURGE"},{"data":"Strike_G","floor":24.0,"key":"PURGE"},{"data":"MostiFishMod:VineMother","floor":32.0,"key":"SMITH"},{"floor":45.0,"key":"RECALL"},{"data":"MostiFishMod:SparklingWater","floor":49,"key":"SMITH"},{"data":"MostiFishMod:FantasySummer","floor":52,"key":"SMITH"}],"circlet_count":0,"master_deck":["AscendersBane","Strike_G","Defend_G","Defend_G","Survivor","Neutralize","Blade Dance","Terror","Backflip","Phantasmal Killer+1","MostiFishMod:Opportunism","MostiFishMod:Neptune","MostiFishMod:TheEndOfMoonlight","MostiFishMod:SparklingWater+1","MostiFishMod:FantasySummer+1","MostiFishMod:NightSea","Dash","Well Laid Plans","Dash","Blade Dance","MostiFishMod:VineMother+1","Bullet Time","Accuracy+1","MostiFishMod:ThornCasing","MostiFishMod:ThornCasing+1"],"relics":["Ring of the Snake","DaveBox","NeowsBlessing","RhineSuit","SynthV:TestCard","Pocketwatch","Peace Pipe","DianDianMeat","Singing Bowl","Meat on the Bone","MoonlightInvasionPlan","Orichalcum","Thread and Needle","MawBank","Kunai","StoneCalendar","Empty Cage","WingedGreaves","Prayer Wheel","Vajra","Anchor","Toy Ornithopter","Blood Vial","Centennial Puzzle","Oddly Smooth Stone","Mercury Hourglass"],"acts_visited":["Exordium","TheCity","TheBeyond","TheEnding"],"potions_floor_usage":[],"damage_taken":[{"damage":0.0,"enemies":"Jaw Worm","floor":1.0,"turns":1.0},{"damage":0.0,"enemies":"Small Slimes","floor":5.0,"turns":1.0},{"damage":0.0,"enemies":"3 Sentries","floor":6.0,"turns":1.0},{"damage":0.0,"enemies":"2 Louse","floor":8.0,"turns":3.0},{"damage":0.0,"enemies":"Lagavulin","floor":11.0,"turns":5.0},{"damage":0.0,"enemies":"Exordium Thugs","floor":14.0,"turns":3.0},{"damage":0.0,"enemies":"Hexaghost","floor":16.0,"turns":6.0},{"damage":5.0,"enemies":"3 Byrds","floor":18.0,"turns":3.0},{"damage":0.0,"enemies":"Shell Parasite","floor":19.0,"turns":2.0},{"damage":0.0,"enemies":"Sentry and Sphere","floor":20.0,"turns":3.0},{"damage":1.0,"enemies":"Centurion and Healer","floor":21.0,"turns":2.0},{"damage":5.0,"enemies":"Book of Stabbing","floor":23.0,"turns":4.0},{"damage":14.0,"enemies":"Slavers","floor":25.0,"turns":5.0},{"damage":0.0,"enemies":"Snake Plant","floor":27.0,"turns":2.0},{"damage":0.0,"enemies":"Book of Stabbing","floor":28.0,"turns":3.0},{"damage":0.0,"enemies":"Slavers","floor":30.0,"turns":3.0},{"damage":0.0,"enemies":"Cultist and Chosen","floor":31.0,"turns":3.0},{"damage":0.0,"enemies":"Collector","floor":33.0,"turns":5.0},{"damage":6.0,"enemies":"3 Shapes","floor":35.0,"turns":2.0},{"damage":26.0,"enemies":"3 Darklings","floor":37.0,"turns":4.0},{"damage":0.0,"enemies":"Mind Bloom Boss Battle","floor":38.0,"turns":2.0},{"damage":0.0,"enemies":"Maw","floor":39.0,"turns":6.0},{"damage":0.0,"enemies":"Reptomancer","floor":40.0,"turns":6.0},{"damage":5.0,"enemies":"Jaw Worm Horde","floor":41.0,"turns":3.0},{"damage":0.0,"enemies":"Nemesis","floor":42.0,"turns":3.0},{"damage":24.0,"enemies":"Reptomancer","floor":44.0,"turns":4.0},{"damage":2,"enemies":"Giant Head","floor":48,"turns":4},{"damage":30,"enemies":"Awakened One","floor":50,"turns":7},{"damage":0,"enemies":"Shield and Spear","floor":54,"turns":3},{"damage":51,"enemies":"The Heart","floor":55,"turns":7}],"seed_played":"5898695997683014510","potions_obtained":[{"floor":6.0,"key":"Dexterity Potion"},{"floor":8.0,"key":"GamblersBrew"},{"floor":19.0,"key":"Energy Potion"},{"floor":27.0,"key":"AttackPotion"},{"floor":39.0,"key":"Regen Potion"},{"floor":41.0,"key":"Regen Potion"},{"floor":42.0,"key":"CunningPotion"}],"is_trial":false,"path_per_floor":["M","$","?","?","M","E","?","M","T","R","E","T","R","M","R","B",null,"M","M","M","M","$","E","R","E","T","M","E","$","E","M","R","B",null,"M","?","M","?","M","E","M","E","T","E","R","?","?","E","R","B",null,"R","$","E","B",null],"character_chosen":"THE_SILENT","items_purchased":["Dash","Kunai","MostiFishMod:ThornCasing","Centennial Puzzle","Oddly Smooth Stone"],"campfire_rested":0,"item_purchase_floors":[22,29,53,53,53],"current_hp_per_floor":[63,63,63,63,63,63,30,30,30,30,31,31,31,45,45,47,89,86,88,90,91,99,103,103,99,99,110,122,122,135,137,137,151,174,183,183,159,161,163,165,164,166,166,144,144,144,144,144,144,116,182,182,198,217,168],"gold":266,"neow_bonus":"THREE_ENEMY_KILL","is_daily":false,"chose_seed":false,"campfire_upgraded":4,"win_rate":0.0,"timestamp":1613712025,"path_taken":["M","$","?","?","M","E","?","M","T","R","E","?","R","?","R","BOSS","M","?","M","M","$","E","R","E","T","M","E","?","E","M","R","BOSS","M","?","M","?","M","E","M","E","T","E","R","?","?","E","R","BOSS","R","$","E","BOSS"],"items_purchased_type":["Card","Relic","Card","Relic","Relic"],"build_version":"2020-12-22","purchased_purges":4,"victory":true,"max_hp_per_floor":[70,70,65,65,65,65,65,65,65,65,66,66,66,68,68,70,95,97,99,101,103,111,120,120,130,130,141,153,153,166,168,168,182,182,197,197,199,201,203,205,209,211,211,213,213,202,202,204,204,204,204,204,220,237,237],"card_choices":[{"not_picked":["PiercingWail","Acrobatics"],"picked":"Tactician","floor":1.0},{"not_picked":["Terror","MostiFishMod:ThornCasing","Quick Slash","Malaise"],"picked":"Blade Dance","floor":5.0},{"not_picked":["Deadly Poison","Blade Dance","Bane","Deflect"],"picked":"Terror","floor":6.0},{"not_picked":["Outmaneuver","Endless Agony","Noxious Fumes","Terror"],"picked":"Backflip","floor":8.0},{"not_picked":["Quick Slash","Masterful Stab","Eviscerate","Blade Dance"],"picked":"Phantasmal Killer","floor":11.0},{"not_picked":["Bane","Underhanded Strike","Choke","Flying Knee","Riddle With Holes"],"picked":"Singing Bowl","floor":14.0},{"not_picked":["Adrenaline","Glass Knife","Grand Finale","MostiFishMod:Wind"],"picked":"MostiFishMod:Opportunism","floor":16.0},{"not_picked":["Outmaneuver","Deadly Poison+1","Blade Dance","Eviscerate","Quick Slash"],"picked":"Singing Bowl","floor":18.0},{"not_picked":["Backstab","Poisoned Stab+1","Escape Plan","Sucker Punch+1","Eviscerate"],"picked":"Singing Bowl","floor":19.0},{"not_picked":["Prepared","Bane","Underhanded Strike+1","Outmaneuver","PiercingWail"],"picked":"Singing Bowl","floor":20.0},{"not_picked":["Quick Slash","Acrobatics","Bane","Dodge and Roll+1","Cloak And Dagger"],"picked":"Singing Bowl","floor":21.0},{"not_picked":["Unload","Leg Sweep","Deflect","Poisoned Stab+1"],"picked":"Well Laid Plans","floor":23.0},{"not_picked":["Well Laid Plans","Accuracy","Distraction","Prepared"],"picked":"Infinite Blades","floor":25.0},{"not_picked":["Blur","Concentrate","Choke+1","Prepared"],"picked":"Dash","floor":27.0},{"not_picked":["Finisher","Cloak And Dagger","Bane+1","Well Laid Plans"],"picked":"Blade Dance","floor":28.0},{"not_picked":["Endless Agony","MostiFishMod:PerfectParry","Dagger Throw","Flechettes+1"],"picked":"MostiFishMod:VineMother","floor":30.0},{"not_picked":["Infinite Blades","Riddle With Holes","Cloak And Dagger","Deflect","Underhanded Strike+1"],"picked":"Singing Bowl","floor":31.0},{"not_picked":["MostiFishMod:GrandStart","Doppelganger","MostiFishMod:SpreadingSpore","Tools of the Trade"],"picked":"Bullet Time","floor":33.0},{"not_picked":["PiercingWail","Underhanded Strike","Expertise+1","Dagger Throw+1"],"picked":"Accuracy+1","floor":35.0},{"not_picked":["Deadly Poison+1","All Out Attack","MostiFishMod:PerfectParry+1","Bane+1","PiercingWail"],"picked":"Singing Bowl","floor":37.0},{"not_picked":["Noxious Fumes","Cloak And Dagger","Deflect+1","Flechettes+1","MostiFishMod:PreservedThorns+1"],"picked":"Singing Bowl","floor":38.0},{"not_picked":["Bouncing Flask","Bane","MostiFishMod:Opportunism","Acrobatics","MostiFishMod:VineMother+1"],"picked":"Singing Bowl","floor":39.0},{"not_picked":["Distraction+1","Finisher+1","Deadly Poison+1","Acrobatics","Corpse Explosion"],"picked":"Singing Bowl","floor":40.0},{"not_picked":["Sucker Punch+1","Deadly Poison","Noxious Fumes","Acrobatics","MostiFishMod:PerfectParry+1"],"picked":"Singing Bowl","floor":41.0},{"not_picked":["Deflect","Finisher+1","Bane","MostiFishMod:InvigoratingSolution","Dagger Throw+1"],"picked":"Singing Bowl","floor":41.0},{"not_picked":["Footwork+1","Slice+1","Infinite Blades","Backstab","Underhanded Strike+1"],"picked":"Singing Bowl","floor":42.0},{"not_picked":["Terror","Acrobatics+1","Deadly Poison","MostiFishMod:HiddenBlade","Quick Slash+1"],"picked":"Singing Bowl","floor":44.0},{"not_picked":["Blade Dance","Deflect","Cloak And Dagger","MostiFishMod:Wind","Bane"],"picked":"Singing Bowl","floor":48},{"not_picked":["Slice","All Out Attack","Quick Slash+1","MostiFishMod:Wind"],"picked":"MostiFishMod:ThornCasing+1","floor":54}],"player_experience":460549,"relics_obtained":[{"floor":1.0,"key":"SynthV:TestCard"},{"floor":6.0,"key":"Pocketwatch"},{"floor":9.0,"key":"DianDianMeat"},{"floor":11.0,"key":"Singing Bowl"},{"floor":12.0,"key":"Meat on the Bone"},{"floor":23.0,"key":"Orichalcum"},{"floor":25.0,"key":"Thread and Needle"},{"floor":28.0,"key":"MawBank"},{"floor":30.0,"key":"StoneCalendar"},{"floor":38.0,"key":"WingedGreaves"},{"floor":40.0,"key":"Prayer Wheel"},{"floor":42.0,"key":"Vajra"},{"floor":43.0,"key":"Anchor"},{"floor":44.0,"key":"Toy Ornithopter"},{"floor":48,"key":"Blood Vial"},{"floor":54,"key":"Mercury Hourglass"}],"event_choices":[{"damage_healed":0.0,"max_hp_gain":0.0,"max_hp_loss":5.0,"gold_gain":0.0,"event_name":"Golden Idol","player_choice":"Lose Max HP","floor":3.0,"gold_loss":0.0,"damage_taken":0.0,"relics_obtained":["Golden Idol"]},{"damage_healed":0.0,"max_hp_gain":0.0,"max_hp_loss":0.0,"gold_gain":0.0,"event_name":"Liars Game","player_choice":"Ignored","floor":4.0,"gold_loss":0.0,"damage_taken":0.0},{"damage_healed":0.0,"max_hp_gain":0.0,"max_hp_loss":0.0,"gold_gain":0.0,"event_name":"Scrap Ooze","player_choice":"Success","floor":7.0,"gold_loss":0.0,"damage_taken":33.0,"relics_obtained":["Peace Pipe"]},{"damage_healed":0.0,"max_hp_gain":0.0,"max_hp_loss":0.0,"gold_gain":333.0,"event_name":"The Moai Head","player_choice":"Gave Idol","floor":36.0,"relics_lost":["Golden Idol"],"gold_loss":0.0,"damage_taken":0.0},{"damage_healed":0.0,"max_hp_gain":0.0,"max_hp_loss":0.0,"gold_gain":0.0,"event_name":"MindBloom","player_choice":"Fight","floor":38.0,"gold_loss":0.0,"damage_taken":0.0},{"damage_healed":0.0,"max_hp_gain":0.0,"max_hp_loss":11.0,"gold_gain":0.0,"event_name":"Winding Halls","player_choice":"Max HP","floor":46.0,"gold_loss":0.0,"damage_taken":0.0},{"damage_healed":0.0,"max_hp_gain":0.0,"max_hp_loss":0.0,"gold_gain":0.0,"event_name":"Tomb of Lord Red Mask","player_choice":"Ignored","floor":47.0,"gold_loss":0.0,"damage_taken":0.0}],"is_beta":false,"boss_relics":[{"not_picked":["FixedStarFall","NightmareShop"],"picked":"MoonlightInvasionPlan"},{"not_picked":["Coffee Dripper","Cursed Key"],"picked":"Empty Cage"}],"items_purged_floors":[2,22,29,53],"is_endless":false,"potions_floor_spawned":[6,8,11,19,27,28,31,37,39,41,42,48,54],"ascension_level":11}}