{"host":"ifvrsrzj00f2ebkn","time":1613729556,"event":{"mods":["BaseMod","Colored Map","Colored Powertips","Minty Spire (QoL Compilation)","Random Character Button","Replay The Spire","Shapeshifter Mod","Shop Mod","StSLib"],"gold_per_floor":[110,110,110,210,210,210,227,227,272,81,81,58,58,58,78,78,78,175,175,188,188,128,140,140,140,140,140,140,67,101,101,101,115,115,216,216,226,226,226,150,150,150,199,199,199,199,199,175,175,188,188,188],"floor_reached":53,"language":"ENG","playtime":1632,"items_purged":[],"score":551,"play_id":"c772b7c2-4ee0-4371-9669-ae346cbc65c8","local_time":"20210219181236","daily_mods":["Shiny","Vintage","Heirloom","Time Dilation","Flight"],"is_ascension_mode":false,"campfire_choices":[{"data":"StSShapeShifter:MysticalSeed","floor":6,"key":"SMITH"},{"data":"StSShapeShifter:HydraForm","floor":8,"key":"SMITH"},{"floor":25,"key":"DIG"},{"data":"StSShapeShifter:HydraForm","floor":26,"key":"SMITH"},{"floor":31,"key":"REST"},{"data":"StSShapeShifter:BurstOfLifeEscapeDeath","floor":32,"key":"PURGE"},{"floor":34,"key":"REST"},{"data":"StSShapeShifter:WolfsBane","floor":42,"key":"PURGE"},{"floor":44,"key":"REST"},{"data":"StSShapeShifter:Forgiveness","floor":46,"key":"SMITH"},{"data":"StSShapeShifter:Autumn","floor":49,"key":"PURGE"},{"floor":51,"key":"REST"}],"circlet_count":0,"master_deck":["StSShapeShifter:MysticalSeed+1","StSShapeShifter:HydraForm+1","StSShapeShifter:LionForm","StSShapeShifter:Earthquake","StSShapeShifter:PhoenixForm","StSShapeShifter:Flood","StSShapeShifter:RestoreBalance","StSShapeShifter:RitualOfTheExtinct","StSShapeShifter:Summon_Mountains","StSShapeShifter:Sap_Burst","StSShapeShifter:Tornado","StSShapeShifter:Blossom2","StSShapeShifter:Spring","StSShapeShifter:RhinoCalfForm","StSShapeShifter:Pounce","StSShapeShifter:Vengeance","StSShapeShifter:DragonForm","StSShapeShifter:Summer","StSShapeShifter:MooseForm","StSShapeShifter:Forgiveness+1","StSShapeShifter:MammothForm","StSShapeShifter:SkullBash","StSShapeShifter:BurrBomb","StSShapeShifter:Uproot_Redwood","StSShapeShifter:PowerShifter","StSShapeShifter:DeerForm","StSShapeShifter:RockSlide","StSShapeShifter:BurstingSpore","StSShapeShifter:ThrashAbout","StSShapeShifter:HydraForm+1","StSShapeShifter:OakBlade","StSShapeShifter:RitualOfTheElders","StSShapeShifter:DeepWound","StSShapeShifter:Guard+1","StSShapeShifter:BarkSkin+1","StSShapeShifter:Summer+1","StSShapeShifter:UnicornForm","StSShapeShifter:Ensconce+1","StSShapeShifter:BarkSkin","StSShapeShifter:BloomingSlash+1"],"relics":["StSShapeShifter:AnimalHeart","StSShapeShifter:TheShapeShiftersMagnolia","StoneCalendar","Vajra","Pear","Potion Belt","Membership Card","Replay:Mystery Machine","SacredBark","StSShapeShifter:WristwrapsOfDiscovery","Replay:Multitool","Frozen Egg 2","Unceasing Top","Bronze Scales","Dream Catcher","Smiling Mask","Blood Vial","Replay:Baseball","Counterbalance","Question Card","Lizard Tail"],"acts_visited":["Exordium","TheCity","TheBeyond"],"potions_floor_usage":[35,35,37,43,52,52],"damage_taken":[{"damage":10,"enemies":"Small Slimes","floor":1,"turns":4},{"damage":0,"enemies":"Cultist","floor":7,"turns":2},{"damage":14,"enemies":"Jaw Worm","floor":15,"turns":2},{"damage":0,"enemies":"Slime Boss","floor":18,"turns":7},{"damage":0,"enemies":"Spheric Guardian","floor":20,"turns":2},{"damage":25,"enemies":"2 Thieves","floor":23,"turns":3},{"damage":61,"enemies":"Book of Stabbing","floor":30,"turns":4},{"damage":21,"enemies":"Snake Plant","floor":33,"turns":3},{"damage":54,"enemies":"Collector","floor":35,"turns":7},{"damage":17,"enemies":"3 Darklings","floor":37,"turns":3},{"damage":70,"enemies":"2 Orb Walkers","floor":43,"turns":5},{"damage":27,"enemies":"3 Shapes","floor":50,"turns":3},{"damage":158,"enemies":"Time Eater","floor":52,"turns":12}],"seed_played":"-1726543478974575919","potions_obtained":[{"floor":7,"key":"Block Potion"},{"floor":18,"key":"Swift Potion"},{"floor":20,"key":"Toxic Potion"},{"floor":30,"key":"Adrenaline Potion"},{"floor":33,"key":"Dexterity Potion"},{"floor":50,"key":"FearPotion"}],"is_trial":true,"path_per_floor":["M","WH","WH","?","WH","R","M","R","T","$","WH","$","PTL","PTL","M","WH","R_BF","B",null,"M","WH","?","M","$","R","R","R","T","$","E","R","R","M","R","B",null,"M","?","WH","$","WH","R","?","R","T","R","?","$","R","M","R","B",null],"character_chosen":"SHAPESHIFTER","items_purchased":["Membership Card","StSShapeShifter:DeerForm","StSShapeShifter:RockSlide","StSShapeShifter:BurstingSpore","Bronze Scales","Replay:Baseball","StSShapeShifter:BarkSkin"],"campfire_rested":4,"item_purchase_floors":[10,10,10,12,29,40,48],"current_hp_per_floor":[70,78,86,86,95,95,107,107,107,107,118,118,118,118,104,116,116,118,140,140,154,154,129,129,129,129,129,129,129,68,113,113,96,141,97,152,135,135,150,150,166,166,100,154,154,154,154,154,154,141,174,33],"gold":188,"neow_bonus":"TEN_PERCENT_HP_BONUS","is_daily":false,"chose_seed":false,"campfire_upgraded":4,"win_rate":0.0,"timestamp":1613729556,"path_taken":["M","WH","WH","?","WH","R","M","R","T","$","WH","?","PTL","PTL","M","WH","R_BF","BOSS","M","WH","?","?","$","R","R","R","T","$","E","R","R","?","R","BOSS","M","?","WH","$","WH","R","?","R","T","R","?","$","R","M","R","BOSS"],"items_purchased_type":["Relic","Card","Card","Card","Relic","Relic","Card"],"build_version":"2020-12-22","purchased_purges":0,"victory":true,"max_hp_per_floor":[80,88,96,96,105,105,117,117,117,117,128,128,128,128,128,140,140,140,140,140,154,154,152,152,152,152,152,152,152,152,152,152,152,152,152,152,152,152,167,167,183,183,183,183,183,183,174,174,174,174,174,172],"card_choices":[{"not_picked":["StSShapeShifter:SkullBash","StSShapeShifter:RestoreBalance"],"picked":"StSShapeShifter:HydraForm","floor":18},{"not_picked":["StSShapeShifter:SpiritOfTheEarth+1","StSShapeShifter:FoxForm"],"picked":"StSShapeShifter:DeepWound","floor":30},{"not_picked":["StSShapeShifter:MonkeyForm","StSShapeShifter:SunflowerShuriken"],"picked":"StSShapeShifter:Guard+1","floor":31},{"not_picked":["StSShapeShifter:OakBlade","StSShapeShifter:Roar"],"picked":"StSShapeShifter:BarkSkin+1","floor":34},{"not_picked":["StSShapeShifter:PowerShifter+1","StSShapeShifter:DragonForm"],"picked":"StSShapeShifter:Summer+1","floor":35},{"not_picked":["StSShapeShifter:RatForm+1","StSShapeShifter:ClimbTree"],"picked":"StSShapeShifter:Ensconce+1","floor":43},{"not_picked":["StSShapeShifter:FallingLeaves+1","StSShapeShifter:OwlForm+1","StSShapeShifter:EagleForm"],"picked":"StSShapeShifter:BloomingSlash+1","floor":51}],"player_experience":134125,"relics_obtained":[{"floor":1,"key":"Vajra"},{"floor":7,"key":"Pear"},{"floor":9,"key":"Potion Belt"},{"floor":15,"key":"Replay:Mystery Machine"},{"floor":20,"key":"StSShapeShifter:WristwrapsOfDiscovery"},{"floor":23,"key":"Replay:Multitool"},{"floor":25,"key":"Frozen Egg 2"},{"floor":28,"key":"Unceasing Top"},{"floor":30,"key":"Dream Catcher"},{"floor":33,"key":"Smiling Mask"},{"floor":37,"key":"Blood Vial"},{"floor":43,"key":"Counterbalance"},{"floor":45,"key":"Question Card"},{"floor":50,"key":"Lizard Tail"}],"event_choices":[{"damage_healed":0,"gold_gain":100,"player_choice":"Pray","damage_taken":0,"max_hp_gain":0,"max_hp_loss":0,"event_name":"Golden Shrine","floor":4,"gold_loss":0},{"damage_healed":0,"gold_gain":0,"cards_transformed":["StSShapeShifter:Winter","StSShapeShifter:RitualOfTheElders"],"player_choice":"Transformed Cards","damage_taken":0,"max_hp_gain":0,"max_hp_loss":0,"event_name":"Designer","floor":22,"gold_loss":60,"cards_obtained":["StSShapeShifter:OakBlade","StSShapeShifter:WolfsBane"]},{"damage_healed":0,"gold_gain":0,"player_choice":"Fight","damage_taken":0,"max_hp_gain":0,"max_hp_loss":0,"event_name":"Mysterious Sphere","floor":43,"gold_loss":0},{"damage_healed":0,"gold_gain":0,"player_choice":"Max HP","damage_taken":0,"max_hp_gain":0,"max_hp_loss":9,"event_name":"Winding Halls","floor":47,"gold_loss":0}],"is_beta":false,"boss_relics":[{"not_picked":["Runic Dome","Replay:Bronze Core"],"picked":"SacredBark"},{"not_picked":["Painkiller Herb","Cursed Key","Fusion Hammer"]}],"items_purged_floors":[],"is_endless":false,"potions_floor_spawned":[7,18,20,30,33,50],"ascension_level":0}}