{"host":"ydg0vn0pu4pubmdt","time":1613748063,"event":{"mods":["AchievementEnabler","BaseMod","Colored Map","Minty Spire (QoL Compilation)","Quick Restart","SuperFastMode"],"gold_per_floor":[117,135,60,79,24,24,53,53,53,73,73,73,99,119,119,119,119],"floor_reached":16,"language":"KOR","playtime":333,"items_purged":["Strike_G"],"score":220,"play_id":"1a65bb9d-a5ce-4f9f-a6c2-c406b4331140","local_time":"20210220002103","is_ascension_mode":true,"campfire_choices":[{"data":"Cloak And Dagger","floor":6,"key":"SMITH"},{"data":"Strike_G","floor":12,"key":"PURGE"},{"data":"Defend_G","floor":15,"key":"PURGE"}],"circlet_count":0,"master_deck":["AscendersBane","Strike_G","Strike_G","Defend_G","Defend_G","Survivor","Neutralize","Cloak And Dagger","Terror","Blade Dance","Cloak And Dagger+1","Dagger Spray","Calculated Gamble","Backflip","Finisher"],"relics":["Ring of the Snake","Lizard Tail","Peace Pipe","MealTicket"],"acts_visited":["Exordium"],"potions_floor_usage":[7],"damage_taken":[{"damage":0,"enemies":"Cultist","floor":1,"turns":4},{"damage":1,"enemies":"2 Louse","floor":2,"turns":5},{"damage":0,"enemies":"Jaw Worm","floor":4,"turns":3},{"damage":4,"enemies":"3 Sentries","floor":7,"turns":6},{"damage":0,"enemies":"2 Fungi Beasts","floor":10,"turns":2},{"damage":5,"enemies":"Gremlin Nob","floor":13,"turns":3},{"damage":2,"enemies":"Looter","floor":14,"turns":2},{"damage":81,"enemies":"Slime Boss","floor":16,"turns":13}],"seed_played":"-4965827205778526839","potions_obtained":[{"floor":1,"key":"LiquidMemories"},{"floor":4,"key":"SpeedPotion"},{"floor":10,"key":"LiquidBronze"}],"is_trial":false,"path_per_floor":["M","M","$","M","$","R","E","?","T","M","?","R","E","M","R","B"],"character_chosen":"THE_SILENT","items_purchased":["Dagger Spray"],"campfire_rested":0,"item_purchase_floors":[5],"current_hp_per_floor":[59,58,58,58,58,58,54,47,47,47,52,52,47,45,45,0,0],"gold":119,"neow_bonus":"TRANSFORM_TWO_CARDS","is_daily":false,"chose_seed":false,"campfire_upgraded":1,"win_rate":0.0,"timestamp":1613748063,"path_taken":["M","M","$","M","?","R","E","?","T","M","?","R","E","M","R","BOSS"],"items_purchased_type":["Card"],"build_version":"2020-12-22","purchased_purges":1,"victory":false,"max_hp_per_floor":[60,60,60,60,60,60,60,60,60,60,65,65,65,65,65,65,65],"card_choices":[{"not_picked":["Infinite Blades","PiercingWail","Outmaneuver"],"picked":"SKIP","floor":1},{"not_picked":["Blur","Footwork"],"picked":"Blade Dance","floor":2},{"not_picked":["Backflip","Dodge and Roll"],"picked":"Cloak And Dagger","floor":4},{"not_picked":["Phantasmal Killer","Prepared"],"picked":"Calculated Gamble","floor":7},{"not_picked":["Distraction","Dodge and Roll","Dagger Spray"],"picked":"SKIP","floor":10},{"not_picked":["Slice","Calculated Gamble"],"picked":"Backflip","floor":13},{"not_picked":["Choke","Predator"],"picked":"Finisher","floor":14}],"player_experience":614572,"relics_obtained":[{"floor":7,"key":"Lizard Tail"},{"floor":9,"key":"Peace Pipe"},{"floor":13,"key":"MealTicket"}],"event_choices":[{"cards_removed":["Defend_G"],"damage_healed":0,"gold_gain":0,"player_choice":"Card Removal","damage_taken":7,"max_hp_gain":0,"max_hp_loss":0,"event_name":"Golden Wing","floor":8,"gold_loss":0},{"damage_healed":0,"gold_gain":0,"player_choice":"Donut","damage_taken":0,"max_hp_gain":5,"max_hp_loss":0,"event_name":"Big Fish","floor":11,"gold_loss":0}],"is_beta":false,"boss_relics":[],"items_purged_floors":[3],"is_endless":false,"potions_floor_spawned":[1,4,10],"killed_by":"Slime Boss","ascension_level":20}}