{"host":"y4a3sxyjdefykvlo","time":1613717003,"event":{"mods":["AchievementEnabler","BaseMod","Colored Map","Colored Powertips","Googly Eyes","Highlight Path","Minty Spire (QoL Compilation)","StSLib"],"gold_per_floor":[110,125,125,125,137,166,185,211,211,211,229,212,212,98,98,196,196,215,215,235,38,54,79,79,104,104,139,139,153,183,202,202,303,303,323,334,334,334,352,352,381,43,122,24,59,79,106,118,118,118],"floor_reached":51,"language":"ENG","playtime":3878,"items_purged":["Strike_B","Strike_B"],"score":904,"play_id":"9f35b634-9fd7-47e6-8fb2-faaf0ceb1df5","local_time":"20210219004323","is_ascension_mode":true,"campfire_choices":[{"floor":10.0,"key":"REST"},{"data":"Gash","floor":13.0,"key":"SMITH"},{"data":"Scrape","floor":15.0,"key":"SMITH"},{"data":"Glacier","floor":24.0,"key":"SMITH"},{"floor":28.0,"key":"REST"},{"floor":32.0,"key":"REST"},{"data":"Hologram","floor":40.0,"key":"SMITH"},{"floor":49.0,"key":"REST"}],"circlet_count":0,"master_deck":["Strike_B","Defend_B","Defend_B","Defend_B","Zap","Dualcast","Gash+1","Coolheaded","Scrape+1","Glacier+1","Beam Cell+1","Conserve Battery","Sunder+1","Hyperbeam+1","Cold Snap+1","Gash+1","Beam Cell+1","Blizzard+1","Sunder+1","Hologram+1","Beam Cell+1","Machine Learning","Gash+1","Conserve Battery+1","Flash of Steel+1","Rebound+1","Parasite","Glacier+1","Coolheaded+1","Hologram"],"relics":["Cracked Core","FaceOfCleric","Ginger","InkBottle","Molten Egg 2","Nuclear Battery","Bag of Marbles","Bottled Lightning","Sundial","Toy Ornithopter","Blood Vial","Anchor","Philosopher\u0027s Stone","Spirit Poop","Kunai","Pantograph","Meat on the Bone","White Beast Statue","Ice Cream"],"acts_visited":["Exordium","TheCity","TheBeyond"],"potions_floor_usage":[50],"damage_taken":[{"damage":2.0,"enemies":"Jaw Worm","floor":1.0,"turns":4.0},{"damage":10.0,"enemies":"2 Louse","floor":2.0,"turns":2.0},{"damage":0.0,"enemies":"Cultist","floor":5.0,"turns":4.0},{"damage":39.0,"enemies":"3 Sentries","floor":6.0,"turns":10.0},{"damage":26.0,"enemies":"Lots of Slimes","floor":7.0,"turns":4.0},{"damage":1.0,"enemies":"Gremlin Nob","floor":8.0,"turns":5.0},{"damage":3.0,"enemies":"Large Slime","floor":11.0,"turns":11.0},{"damage":17.0,"enemies":"Exordium Thugs","floor":12.0,"turns":5.0},{"damage":9.0,"enemies":"Hexaghost","floor":16.0,"turns":13.0},{"damage":8.0,"enemies":"3 Byrds","floor":18.0,"turns":3.0},{"damage":4.0,"enemies":"Chosen","floor":20.0,"turns":3.0},{"damage":3.0,"enemies":"Centurion and Healer","floor":22.0,"turns":3.0},{"damage":45.0,"enemies":"Gremlin Leader","floor":23.0,"turns":6.0},{"damage":19.0,"enemies":"Book of Stabbing","floor":25.0,"turns":5.0},{"damage":8.0,"enemies":"Slavers","floor":27.0,"turns":2.0},{"damage":18.0,"enemies":"Shelled Parasite and Fungi","floor":29.0,"turns":5.0},{"damage":16.0,"enemies":"Gremlin Leader","floor":30.0,"turns":4.0},{"damage":8.0,"enemies":"Snecko","floor":31.0,"turns":4.0},{"damage":28.0,"enemies":"Collector","floor":33.0,"turns":8.0},{"damage":3.0,"enemies":"Orb Walker","floor":35.0,"turns":3.0},{"damage":0.0,"enemies":"3 Shapes","floor":36.0,"turns":1.0},{"damage":24.0,"enemies":"Jaw Worm Horde","floor":39.0,"turns":4.0},{"damage":37.0,"enemies":"Nemesis","floor":41.0,"turns":5.0},{"damage":28.0,"enemies":"Reptomancer","floor":45.0,"turns":5.0},{"damage":0.0,"enemies":"Writhing Mass","floor":46.0,"turns":3.0},{"damage":10.0,"enemies":"Giant Head","floor":47.0,"turns":7.0},{"damage":13.0,"enemies":"4 Shapes","floor":48.0,"turns":2.0},{"damage":22,"enemies":"Awakened One","floor":50,"turns":11}],"seed_played":"9101370937895164884","potions_obtained":[{"floor":1.0,"key":"DuplicationPotion"},{"floor":11.0,"key":"Explosive Potion"},{"floor":18.0,"key":"SkillPotion"},{"floor":23.0,"key":"DuplicationPotion"},{"floor":27.0,"key":"SteroidPotion"},{"floor":31.0,"key":"EssenceOfDarkness"},{"floor":33.0,"key":"Strength Potion"},{"floor":39.0,"key":"SpeedPotion"},{"floor":46.0,"key":"FocusPotion"},{"floor":47.0,"key":"Regen Potion"}],"is_trial":false,"path_per_floor":["M","M","?","?","M","E","M","E","T","R","M","M","R","$","R","B",null,"M","?","M","$","M","E","R","E","T","E","R","M","E","M","R","B",null,"M","M","?","?","M","R","E","$","T","$","E","M","E","M","R","B",null],"character_chosen":"DEFECT","items_purchased":["Sunder+1","Bag of Marbles","Beam Cell+1","Pantograph","Flash of Steel+1"],"campfire_rested":4,"item_purchase_floors":[14,21,21,42,44],"current_hp_per_floor":[80,70,70,70,71,33,8,8,8,33,31,15,15,15,15,7,89,82,82,79,79,77,33,33,15,15,13,41,26,13,8,37,22,99,97,100,100,100,78,78,49,49,49,49,36,51,56,58,90,86],"gold":118,"neow_bonus":"TEN_PERCENT_HP_BONUS","is_daily":false,"chose_seed":false,"campfire_upgraded":4,"win_rate":0.0,"timestamp":1613717003,"path_taken":["M","M","?","?","?","E","?","E","T","R","M","M","R","$","R","BOSS","M","?","M","?","M","E","R","E","T","E","R","M","E","?","R","BOSS","M","M","?","?","M","R","E","$","T","$","E","M","E","?","R","BOSS"],"items_purchased_type":["Card","Relic","Card","Relic","Card"],"build_version":"2020-12-22","purchased_purges":2,"victory":true,"max_hp_per_floor":[82,82,82,82,83,84,85,86,86,86,87,88,88,88,88,89,89,90,90,91,91,92,93,93,94,94,95,95,96,97,98,98,99,99,100,101,101,101,102,102,103,103,103,103,104,105,106,107,107,108],"card_choices":[{"not_picked":["Hello World","Leap"],"picked":"Gash","floor":1.0},{"not_picked":["Ball Lightning","Go for the Eyes"],"picked":"Coolheaded","floor":2.0},{"not_picked":["Beam Cell","Ball Lightning"],"picked":"Scrape","floor":5.0},{"not_picked":["Consume","Compile Driver","Redo"],"picked":"SKIP","floor":6.0},{"not_picked":["White Noise","Lockon"],"picked":"Glacier","floor":7.0},{"not_picked":["Doom and Gloom","Static Discharge","Sunder"],"picked":"SKIP","floor":8.0},{"not_picked":["Rip and Tear+1","Leap"],"picked":"Beam Cell+1","floor":11.0},{"not_picked":["Static Discharge","Compile Driver+1"],"picked":"Conserve Battery","floor":12.0},{"not_picked":["Buffer","Electrodynamics"],"picked":"Hyperbeam+1","floor":16.0},{"not_picked":["Redo","Genetic Algorithm"],"picked":"Cold Snap+1","floor":18.0},{"not_picked":["Capacitor","Coolheaded+1"],"picked":"Gash+1","floor":20.0},{"not_picked":["Barrage+1","Static Discharge+1"],"picked":"Blizzard+1","floor":22.0},{"not_picked":["Conserve Battery","Barrage+1","Hello World"],"picked":"SKIP","floor":23.0},{"not_picked":["Doom and Gloom+1","Stack"],"picked":"Sunder+1","floor":25.0},{"not_picked":["Consume","Aggregate","Recycle"],"picked":"SKIP","floor":27.0},{"not_picked":["Ball Lightning+1","Consume"],"picked":"Hologram","floor":29.0},{"not_picked":["Stack","Steam","Ball Lightning+1"],"picked":"SKIP","floor":30.0},{"not_picked":["Ball Lightning+1","Skim+1"],"picked":"Beam Cell+1","floor":31.0},{"not_picked":["Electrodynamics","Amplify"],"picked":"Machine Learning","floor":33.0},{"not_picked":["Hologram","Chill","Leap"],"picked":"SKIP","floor":35.0},{"not_picked":["Self Repair+1","Capacitor+1"],"picked":"Gash+1","floor":36.0},{"not_picked":["Genetic Algorithm+1","Self Repair+1","Glacier"],"picked":"SKIP","floor":39.0},{"not_picked":["Undo+1","Leap+1"],"picked":"Conserve Battery+1","floor":41.0},{"not_picked":["Consume","Capacitor"],"picked":"Rebound+1","floor":45.0},{"not_picked":["Barrage+1","Rip and Tear+1"],"picked":"Glacier+1","floor":46.0},{"not_picked":["Chill","Force Field"],"picked":"Coolheaded+1","floor":47.0},{"not_picked":["Compile Driver+1","Leap+1"],"picked":"Hologram","floor":48.0}],"player_experience":114968,"relics_obtained":[{"floor":6.0,"key":"Ginger"},{"floor":8.0,"key":"InkBottle"},{"floor":9.0,"key":"Molten Egg 2"},{"floor":23.0,"key":"Bottled Lightning"},{"floor":25.0,"key":"Sundial"},{"floor":26.0,"key":"Toy Ornithopter"},{"floor":27.0,"key":"Blood Vial"},{"floor":30.0,"key":"Anchor"},{"floor":41.0,"key":"Kunai"},{"floor":43.0,"key":"Meat on the Bone"},{"floor":45.0,"key":"White Beast Statue"},{"floor":47.0,"key":"Ice Cream"}],"event_choices":[{"cards_removed":["Strike_B"],"damage_healed":0.0,"max_hp_gain":0.0,"max_hp_loss":0.0,"gold_gain":0.0,"event_name":"Living Wall","player_choice":"Forget","floor":3.0,"gold_loss":0.0,"damage_taken":0.0},{"damage_healed":0.0,"max_hp_gain":0.0,"max_hp_loss":0.0,"gold_gain":0.0,"event_name":"FaceTrader","player_choice":"Trade","floor":4.0,"gold_loss":0.0,"damage_taken":0.0,"relics_obtained":["FaceOfCleric"]},{"damage_healed":0.0,"max_hp_gain":0.0,"max_hp_loss":0.0,"gold_gain":0.0,"event_name":"Wheel of Change","player_choice":"Cursed","floor":19.0,"gold_loss":0.0,"damage_taken":0.0,"cards_obtained":["Decay"]},{"cards_removed":["Defend_B"],"damage_healed":0.0,"max_hp_gain":0.0,"max_hp_loss":0.0,"gold_gain":0.0,"event_name":"Falling","player_choice":"Removed Skill","floor":37.0,"gold_loss":0.0,"damage_taken":0.0},{"cards_removed":["Decay"],"damage_healed":0.0,"max_hp_gain":0.0,"max_hp_loss":0.0,"gold_gain":0.0,"event_name":"Bonfire Elementals","player_choice":"Offered Curse","floor":38.0,"gold_loss":0.0,"damage_taken":0.0,"relics_obtained":["Spirit Poop"]}],"is_beta":false,"boss_relics":[{"not_picked":["Velvet Choker","Runic Dome"],"picked":"Nuclear Battery"},{"not_picked":["Coffee Dripper","Fusion Hammer"],"picked":"Philosopher\u0027s Stone"}],"items_purged_floors":[14,42],"is_endless":false,"potions_floor_spawned":[1,11,18,23,27,31,33,39,46,47,48],"ascension_level":2}}