{"host":"miejrq8yypas90n2","time":1613733941,"event":{"mods":["Act Like it!","BaseMod","Colored Powertips","Gensokyo","Marisa£®ÏF”Í°°ƒß¿Ì…≥£©","Minty Spire (QoL Compilation)","StSLib"],"gold_per_floor":[112,112,112,112,131,161,161,179,179,211,211,59,79,94,94,94,192,192,212,65,65,84,84,112,112,112,112,132,160,160,160],"floor_reached":30,"language":"ZHS","playtime":1021,"items_purged":[],"score":422,"play_id":"65edd514-eea9-4975-a2ba-e3e8df830ea6","local_time":"20210219192541","is_ascension_mode":true,"campfire_choices":[{"data":"MilkyWay","floor":7.0,"key":"SMITH"},{"data":"MilkyWay","floor":11.0,"key":"SMITH"},{"floor":16.0,"key":"REST"},{"data":"DarkSpark","floor":25.0,"key":"SMITH"}],"circlet_count":0,"master_deck":["AscendersBane","Strike_MRS+1","Strike_MRS+1","Strike_MRS+1","Strike_MRS+1","Defend_MRS","Defend_MRS","Defend_MRS+1","Defend_MRS","MasterSpark+1","UpSweep","6A","Gensokyo:MarisaTwilightSpark+1","Acceleration+1","MilkyWay+1","MilkyWay+1","Acceleration","SprinkleStarSeal+1","MaximisePower","DarkSpark+1","OrrerysSun","EscapeVelocity","ShootTheMoon"],"relics":["MiniHakkero","Nunchaku","TungstenRod","War Paint","White Beast Statue","Oddly Smooth Stone","Medical Kit","RampagingMagicTools","Frozen Eye","Mummified Hand","Gensokyo:MosesMiracle","Bottled Flame","InkBottle","Turnip"],"acts_visited":["Gensokyo:Gensokyo","Gensokyo:Gensokyoer"],"potions_floor_usage":[],"damage_taken":[{"damage":12.0,"enemies":"Gensokyo:Gryphon","floor":1.0,"turns":3.0},{"damage":0.0,"enemies":"Gensokyo:3_Fairies","floor":5.0,"turns":2.0},{"damage":9.0,"enemies":"Gensokyo:Mamizou","floor":6.0,"turns":7.0},{"damage":0.0,"enemies":"Gensokyo:2_Kodama","floor":8.0,"turns":4.0},{"damage":7.0,"enemies":"Gensokyo:Aya","floor":10.0,"turns":5.0},{"damage":6.0,"enemies":"Gensokyo:Gryphon_and_Rabbit","floor":13.0,"turns":3.0},{"damage":10.0,"enemies":"Gensokyo:3_Kodama","floor":14.0,"turns":3.0},{"damage":3.0,"enemies":"Gensokyo:Kokoro","floor":17.0,"turns":6.0},{"damage":2.0,"enemies":"Gensokyo:Chomper","floor":19.0,"turns":3.0},{"damage":13.0,"enemies":"Gensokyo:AngelMirror","floor":22.0,"turns":3.0},{"damage":7.0,"enemies":"Gensokyo:Reisen","floor":24.0,"turns":5.0},{"damage":15.0,"enemies":"Gensokyo:Wraith","floor":28.0,"turns":2.0},{"damage":12.0,"enemies":"Gensokyo:Koishi","floor":29.0,"turns":5.0},{"damage":13,"enemies":"Gensokyo:Slime_Group","floor":30,"turns":1}],"seed_played":"-8116765338786117017","potions_obtained":[{"floor":8.0,"key":"GamblersBrew"},{"floor":10.0,"key":"LiquidBronze"},{"floor":13.0,"key":"Weak Potion"},{"floor":17.0,"key":"Block Potion"},{"floor":29.0,"key":"CultistPotion"}],"is_trial":false,"path_per_floor":["M","?","?","T","M","E","R","M","T","E","R","$","M","M","?","R","B",null,"M","$","?","M","?","E","R","?","T","M","E","M"],"character_chosen":"MARISA","items_purchased":["Medical Kit","Frozen Eye"],"campfire_rested":1,"item_purchase_floors":[12,20],"current_hp_per_floor":[56,56,34,34,34,25,25,25,25,18,18,18,12,2,2,24,21,62,60,60,60,47,47,40,40,40,40,25,13,0,0],"gold":160,"neow_bonus":"RANDOM_COMMON_RELIC","is_daily":false,"chose_seed":false,"campfire_upgraded":3,"win_rate":0.0,"timestamp":1613733941,"path_taken":["M","?","?","?","?","E","R","?","T","E","R","$","M","?","?","R","BOSS","M","$","?","?","?","E","R","?","T","M","E","M"],"items_purchased_type":["Relic","Relic"],"build_version":"2020-12-22","purchased_purges":0,"victory":false,"max_hp_per_floor":[75,75,75,75,75,75,75,75,75,75,75,75,75,75,75,75,75,75,75,75,69,69,69,69,69,69,69,69,69,69,69],"card_choices":[{"not_picked":["ShootingEcho","LuminesStrike"],"picked":"6A","floor":1.0},{"not_picked":["SporeBomb","PropBag"],"picked":"Acceleration","floor":5.0},{"not_picked":["OortCloud","MysteriousBeam"],"picked":"MilkyWay","floor":6.0},{"not_picked":["ShootTheMoon","WitchLeyline"],"picked":"PulseMagic","floor":8.0},{"not_picked":["GrandCross","DC"],"picked":"MilkyWay","floor":10.0},{"not_picked":["MilkyWay","AlicesGift"],"picked":"Acceleration","floor":13.0},{"not_picked":["GasGiant","DarkMatter"],"picked":"SprinkleStarSeal","floor":14.0},{"not_picked":["BigCrunch","FinalSpark"],"picked":"MaximisePower","floor":17.0},{"not_picked":["MilkyWay+1","FairyDestructionRay"],"picked":"DarkSpark","floor":19.0},{"not_picked":["OrrerysSun","Robbery","AsteroidBelt"],"picked":"SKIP","floor":22.0},{"not_picked":["Robbery","AsteroidBelt"],"picked":"OrrerysSun","floor":22.0},{"not_picked":["MachineGunSpark","PropBag","IllusionStar"],"picked":"SKIP","floor":24.0},{"not_picked":["StarlightTyphoon+1","DeepEcoloBomb"],"picked":"ShootTheMoon","floor":28.0},{"not_picked":["DC","6A","SporeBomb+1"],"picked":"SKIP","floor":29.0}],"player_experience":369689,"relics_obtained":[{"floor":4.0,"key":"TungstenRod"},{"floor":6.0,"key":"War Paint"},{"floor":9.0,"key":"White Beast Statue"},{"floor":10.0,"key":"Oddly Smooth Stone"},{"floor":24.0,"key":"Bottled Flame"},{"floor":27.0,"key":"InkBottle"},{"floor":29.0,"key":"Gensokyo:MosesMiracle"},{"floor":29.0,"key":"Turnip"}],"event_choices":[],"is_beta":false,"boss_relics":[{"not_picked":["Cursed Key","Sozu"],"picked":"RampagingMagicTools"}],"items_purged_floors":[],"is_endless":false,"potions_floor_spawned":[8,10,13,14,17,19,22,24,28,29],"killed_by":"Gensokyo:Slime_Group","ascension_level":10}}