{"host":"bx8e8mpro7fea2qq","time":1613714408,"event":{"mods":["BaseMod","Better Third Choice","Colored Map","Hermit","Marisa????????","Minty Spire (QoL Compilation)","Rare Cards Sparkle","Reliquary","StSLib","The Cursed","The Servant 0.9.4"],"gold_per_floor":[111,37,37,37,13,24,55,68,68,68,83,102,127,139,139,238,238,254,254,254,272,73,73,99,110,133,133,133,133,1,1,1],"floor_reached":31,"language":"ENG","playtime":1864,"items_purged":[],"score":315,"play_id":"219f3272-70de-41e3-ba11-d8f7b47b8005","local_time":"20210219000008","is_ascension_mode":false,"campfire_choices":[{"data":"Backstab","floor":10,"key":"SMITH"},{"data":"Terror","floor":15,"key":"SMITH"},{"floor":23,"key":"REST"}],"circlet_count":0,"master_deck":["Strike_G","Strike_G","Strike_G","Strike_G","Strike_G","Defend_G","Defend_G","Defend_G","Defend_G","Defend_G","Survivor","Neutralize","Dash","Finisher","Quick Slash","Choke","Terror+1","Backstab+1","Dash","Poisoned Stab","Predator","Flying Knee","Die Die Die","Distraction","Eviscerate","Blade Dance","Dagger Throw","Dodge and Roll","Eviscerate","Sucker Punch","Backflip"],"relics":["Ring of the Snake","NeowsBlessing","reliquary:BoilingFlask","reliquary:PartyBalloon","reliquary:GummyVitamins","Blood Vial","Snecko Eye","Sling","Calipers","reliquary:Stiletto"],"acts_visited":["Exordium","TheCity"],"potions_floor_usage":[16,16,27,31,31],"damage_taken":[{"damage":0,"enemies":"Jaw Worm","floor":1,"turns":1},{"damage":0,"enemies":"2 Louse","floor":6,"turns":1},{"damage":0,"enemies":"Lagavulin","floor":7,"turns":1},{"damage":0,"enemies":"Cultist","floor":8,"turns":2},{"damage":4,"enemies":"2 Fungi Beasts","floor":11,"turns":3},{"damage":0,"enemies":"Blue Slaver","floor":12,"turns":2},{"damage":0,"enemies":"Gremlin Nob","floor":13,"turns":3},{"damage":0,"enemies":"Lots of Slimes","floor":14,"turns":3},{"damage":22,"enemies":"Slime Boss","floor":16,"turns":8},{"damage":10,"enemies":"2 Thieves","floor":18,"turns":4},{"damage":5,"enemies":"Shell Parasite","floor":21,"turns":4},{"damage":14,"enemies":"Gremlin Leader","floor":24,"turns":4},{"damage":37,"enemies":"Sentry and Sphere","floor":25,"turns":6},{"damage":0,"enemies":"Cultist and Chosen","floor":27,"turns":1},{"damage":55,"enemies":"Centurion and Healer","floor":31,"turns":6}],"seed_played":"1345567532178767737","potions_obtained":[{"floor":1,"key":"Explosive Potion"},{"floor":6,"key":"Swift Potion"},{"floor":8,"key":"SteroidPotion"},{"floor":12,"key":"AttackPotion"},{"floor":16,"key":"Swift Potion"},{"floor":20,"key":"SmokeBomb"}],"is_trial":false,"path_per_floor":["M","$","?","?","$","M","E","M","T","R","M","M","E","M","R","B",null,"M","?","?","M","$","R","E","M","T","M","?","?","$","M"],"character_chosen":"THE_SILENT","items_purchased":["Finisher","Quick Slash","Sling","Blade Dance","Eviscerate","Sucker Punch","Backflip"],"campfire_rested":1,"item_purchase_floors":[2,5,22,22,30,30,30],"current_hp_per_floor":[70,70,75,75,75,75,75,75,75,75,71,71,71,73,73,53,75,65,51,51,48,48,72,60,25,25,27,53,53,53,0,0],"gold":1,"neow_bonus":"THREE_ENEMY_KILL","is_daily":false,"chose_seed":false,"campfire_upgraded":2,"win_rate":0.0,"timestamp":1613714408,"path_taken":["M","$","?","?","$","?","E","M","T","R","M","M","E","M","R","BOSS","M","?","?","M","$","R","E","?","T","M","?","?","?","?"],"items_purchased_type":["Card","Card","Relic","Card","Card","Card","Card"],"build_version":"2020-12-22","purchased_purges":0,"victory":false,"max_hp_per_floor":[70,70,75,75,75,75,75,75,75,75,75,75,75,75,75,75,75,75,80,80,80,80,80,80,80,80,80,80,80,80,80,80],"card_choices":[{"not_picked":["Dodge and Roll","Acrobatics"],"picked":"Dash","floor":1},{"not_picked":["Expertise","Reflex"],"picked":"Choke","floor":6},{"not_picked":["Caltrops","Quick Slash"],"picked":"Terror","floor":7},{"not_picked":["Calculated Gamble","Blur"],"picked":"Backstab","floor":8},{"not_picked":["Bane","Underhanded Strike"],"picked":"Dash","floor":11},{"not_picked":["Footwork","Acrobatics"],"picked":"Poisoned Stab","floor":12},{"not_picked":["Acrobatics","Sucker Punch"],"picked":"Predator","floor":13},{"not_picked":["Wraith Form v2","Infinite Blades"],"picked":"Flying Knee","floor":14},{"not_picked":["After Image","Tools of the Trade"],"picked":"Die Die Die","floor":16},{"not_picked":["Calculated Gamble","Prepared"],"picked":"Distraction","floor":18},{"not_picked":["Infinite Blades","Bane"],"picked":"Eviscerate","floor":21},{"not_picked":["All Out Attack+1","Bouncing Flask"],"picked":"Dagger Throw","floor":24},{"not_picked":["Catalyst","Caltrops"],"picked":"Dodge and Roll","floor":25}],"player_experience":48169,"relics_obtained":[{"floor":7,"key":"reliquary:PartyBalloon"},{"floor":9,"key":"reliquary:GummyVitamins"},{"floor":13,"key":"Blood Vial"},{"floor":24,"key":"Calipers"},{"floor":26,"key":"reliquary:Stiletto"}],"event_choices":[{"damage_healed":0,"gold_gain":0,"player_choice":"Donut","damage_taken":0,"max_hp_gain":5,"max_hp_loss":0,"event_name":"Big Fish","floor":3,"gold_loss":0},{"damage_healed":0,"gold_gain":0,"player_choice":"Gave Potion","damage_taken":0,"relics_obtained":["reliquary:BoilingFlask"],"max_hp_gain":0,"max_hp_loss":0,"event_name":"WeMeetAgain","floor":4,"gold_loss":0},{"damage_healed":0,"gold_gain":0,"player_choice":"Shed Blood","damage_taken":19,"max_hp_gain":5,"max_hp_loss":0,"event_name":"Forgotten Altar","floor":19,"gold_loss":0},{"damage_healed":0,"gold_gain":0,"player_choice":"Got Potions","damage_taken":0,"max_hp_gain":0,"max_hp_loss":0,"event_name":"Lab","floor":20,"gold_loss":0},{"damage_healed":26,"gold_gain":0,"player_choice":"Heal","damage_taken":0,"max_hp_gain":0,"max_hp_loss":0,"event_name":"The Library","floor":28,"gold_loss":0},{"damage_healed":0,"gold_gain":0,"player_choice":"Ignored","damage_taken":0,"max_hp_gain":0,"max_hp_loss":0,"event_name":"Beggar","floor":29,"gold_loss":0}],"is_beta":false,"boss_relics":[{"not_picked":["Tiny House","HoveringKite"],"picked":"Snecko Eye"}],"items_purged_floors":[],"is_endless":false,"potions_floor_spawned":[1,6,8,12,14,16,24,25],"killed_by":"Centurion and Healer","ascension_level":0}}