{"host":"wg33yb1rgt3nbe17","time":1613704464,"event":{"mods":["AchievementEnabler","BaseMod","Colored Map","Minty Spire (QoL Compilation)","Permanent Neow","Relic Stats","StSLib"],"gold_per_floor":[112,127,138,11,11,11,11,23,94,119,119,119,119,147,147,147,147],"floor_reached":16,"language":"ENG","playtime":633,"items_purged":["Defend_G"],"score":142,"play_id":"90739377-420a-4b4e-bb1a-f760dcff0a57","local_time":"20210218221424","is_ascension_mode":true,"campfire_choices":[{"data":"Deadly Poison","floor":7,"key":"SMITH"},{"data":"Neutralize","floor":11,"key":"SMITH"},{"floor":13,"key":"REST"},{"floor":15,"key":"REST"}],"circlet_count":0,"master_deck":["Strike_G","Strike_G","Strike_G","Strike_G","Strike_G","Defend_G","Defend_G","Defend_G","Defend_G","Survivor","Neutralize+1","Deadly Poison+1","Poisoned Stab","Quick Slash+1","Bane","Bane"],"relics":["Ring of the Snake","MealTicket","Tiny Chest","Kunai","Odd Mushroom","Singing Bowl"],"acts_visited":["Exordium"],"potions_floor_usage":[8,10],"damage_taken":[{"damage":0,"enemies":"Small Slimes","floor":1,"turns":4},{"damage":3,"enemies":"Jaw Worm","floor":2,"turns":5},{"damage":0,"enemies":"Cultist","floor":3,"turns":3},{"damage":11,"enemies":"Lots of Slimes","floor":8,"turns":4},{"damage":18,"enemies":"The Mushroom Lair","floor":10,"turns":3},{"damage":33,"enemies":"3 Sentries","floor":14,"turns":6},{"damage":54,"enemies":"Slime Boss","floor":16,"turns":13}],"seed_played":"-8700849363372073970","potions_obtained":[{"floor":1,"key":"AttackPotion"},{"floor":8,"key":"CunningPotion"}],"is_trial":false,"path_per_floor":["M","M","M","$","?","$","R","M","T","?","R","?","R","E","R","B"],"character_chosen":"THE_SILENT","items_purchased":["Bane"],"campfire_rested":2,"item_purchase_floors":[4],"current_hp_per_floor":[63,60,60,70,67,70,70,59,59,41,41,41,62,31,52,0,0],"gold":147,"neow_bonus":"RANDOM_COMMON_RELIC","is_daily":false,"chose_seed":false,"campfire_upgraded":2,"win_rate":0.0,"timestamp":1613704464,"path_taken":["M","M","M","$","?","$","R","M","T","?","R","?","R","E","R","BOSS"],"items_purchased_type":["Card"],"build_version":"2020-12-22","purchased_purges":1,"victory":false,"max_hp_per_floor":[70,70,70,70,70,70,70,70,70,70,70,70,70,72,72,72,72],"relic_stats":{"Singing Bowl":2,"counters":[7,38],"MealTicket":13,"Tiny Chest":0,"Kunai":[8],"obtain_stats":[{"Singing Bowl":14,"MealTicket":0,"Tiny Chest":5,"Kunai":9,"Odd Mushroom":10,"Ring of the Snake":0},{"Singing Bowl":6,"MealTicket":0,"Tiny Chest":3,"Kunai":4,"Odd Mushroom":5,"Ring of the Snake":0},{"Singing Bowl":25,"MealTicket":0,"Tiny Chest":12,"Kunai":16,"Odd Mushroom":19,"Ring of the Snake":0}],"Ring of the Snake":[14]},"card_choices":[{"not_picked":["Choke","Acrobatics"],"picked":"Deadly Poison","floor":1},{"not_picked":["Underhanded Strike","Bane"],"picked":"Poisoned Stab","floor":2},{"not_picked":["A Thousand Cuts","Finisher"],"picked":"Quick Slash","floor":3},{"not_picked":["Concentrate","Blur"],"picked":"Bane","floor":8},{"not_picked":["All Out Attack","Sucker Punch","Tactician"],"picked":"Singing Bowl","floor":14}],"player_experience":563271,"relics_obtained":[{"floor":9,"key":"Kunai"},{"floor":10,"key":"Odd Mushroom"},{"floor":14,"key":"Singing Bowl"}],"event_choices":[{"damage_healed":0,"gold_gain":0,"player_choice":"Success","damage_taken":3,"relics_obtained":["Tiny Chest"],"max_hp_gain":0,"max_hp_loss":0,"event_name":"Scrap Ooze","floor":5,"gold_loss":0},{"damage_healed":0,"gold_gain":0,"player_choice":"Fought Mushrooms","damage_taken":0,"max_hp_gain":0,"max_hp_loss":0,"event_name":"Mushrooms","floor":10,"gold_loss":0},{"damage_healed":0,"gold_gain":0,"player_choice":"Forge","damage_taken":0,"max_hp_gain":0,"max_hp_loss":0,"event_name":"Accursed Blacksmith","floor":12,"gold_loss":0,"cards_upgraded":["Quick Slash"]}],"is_beta":false,"boss_relics":[],"items_purged_floors":[4],"is_endless":false,"potions_floor_spawned":[1,8],"killed_by":"Slime Boss","ascension_level":9}}