{"host":"bwv3g1hezaeonepb","time":1613725661,"event":{"mods":["Aspiration","BaseMod","Colored Powertips","Conspire","KomeijiMod","Minty Spire (QoL Compilation)","Replay The Spire","Shop Mod","StSLib","The Construct","The Cursed","The Runesmith"],"gold_per_floor":[110,285,100000,100020,100020,100020,100032,100032,100078,100078,100093,100110,100110,99361,99361,99462,99462,99477,99512,99525,99542,99552,99552,99552,99566,99566,99566,99566],"floor_reached":27,"language":"ZHS","playtime":1142,"items_purged":["Defend_R"],"score":257,"play_id":"3b09ece7-01e4-4cb7-9ec3-87bb4389e44a","local_time":"20210219170741","is_ascension_mode":false,"campfire_choices":[{"data":"Clash","floor":6,"key":"SMITH"},{"data":"Twin Strike","floor":8,"key":"SMITH"},{"data":"Demonic Infusion","floor":10,"key":"SMITH"},{"data":"Cleave","floor":15,"key":"SMITH"},{"floor":24,"key":"REST"}],"circlet_count":0,"master_deck":["Strike_R","Strike_R","Strike_R","Strike_R","Defend_R","Defend_R","Defend_R","Bash","Clash+1","conspire:Charge+1","Twin Strike+1","Demonic Infusion+1","Cleave+1","Heavy Blade","Life Link","Juggernaut","Armaments","Hemokinesis+1","conspire:Charge"],"relics":["Burning Blood","Bag of Marbles","aspiration:SeaSaltIceCream","aspiration:Nostalgia","MusicBox","Frozen Eye","Toy Ornithopter","Gremlin Food","MerchantsRug","construct:ClawGrip","aspiration:ChemicalBlood","aspiration:StickyExplosives_weak"],"acts_visited":["Exordium","TheCity"],"potions_floor_usage":[16,16,16,19,19,21,21,22,27],"damage_taken":[{"damage":13,"enemies":"Jaw Worm","floor":1,"turns":4},{"damage":0,"enemies":"Small Slimes","floor":3,"turns":3},{"damage":6,"enemies":"Cultist","floor":4,"turns":3},{"damage":3,"enemies":"Red Slaver","floor":7,"turns":3},{"damage":6,"enemies":"Exordium Wildlife","floor":11,"turns":2},{"damage":1,"enemies":"Lots of Slimes","floor":12,"turns":4},{"damage":0,"enemies":"Slime Boss","floor":16,"turns":3},{"damage":32,"enemies":"Shell Parasite","floor":18,"turns":4},{"damage":29,"enemies":"conspire:MimicChest","floor":19,"turns":7},{"damage":32,"enemies":"2 Thieves","floor":20,"turns":3},{"damage":7,"enemies":"Sentry and Sphere","floor":21,"turns":3},{"damage":30,"enemies":"Snake Plant","floor":22,"turns":2},{"damage":29,"enemies":"Centurion and Healer","floor":25,"turns":4},{"damage":26,"enemies":"Sentry and Sphere","floor":27,"turns":3}],"seed_played":"212173389349856120","potions_obtained":[{"floor":4,"key":"Regen Potion"},{"floor":7,"key":"LiquidMemories"},{"floor":12,"key":"SteroidPotion"},{"floor":16,"key":"Dexterity Potion"},{"floor":18,"key":"SpeedPotion"},{"floor":19,"key":"Strength Potion"},{"floor":21,"key":"LiquidBronze"}],"is_trial":false,"path_per_floor":["M","?","M","M","?","R","M","R","T","R","M","M","T","$","R","B",null,"M","?","M","M","M","?","R","M","T","M"],"character_chosen":"IRONCLAD","items_purchased":["Frozen Eye","Toy Ornithopter","Gremlin Food","Life Link","MerchantsRug"],"campfire_rested":1,"item_purchase_floors":[14,14,14,14,14],"current_hp_per_floor":[81,81,87,87,80,80,83,83,83,83,83,88,88,88,88,88,88,62,49,23,32,13,13,39,16,16,0,0],"gold":99566,"neow_bonus":"TEN_PERCENT_HP_BONUS","is_daily":false,"chose_seed":false,"campfire_upgraded":4,"win_rate":0.0,"timestamp":1613725661,"path_taken":["M","?","M","M","?","R","M","R","T","R","?","M","?","$","R","BOSS","M","?","?","M","M","?","R","M","T","M"],"items_purchased_type":["Relic","Relic","Relic","Card","Relic"],"build_version":"2020-12-22","purchased_purges":1,"victory":false,"max_hp_per_floor":[88,88,88,88,88,88,88,88,88,88,88,88,88,88,88,88,88,88,88,88,88,88,88,88,88,88,88,88],"card_choices":[{"not_picked":["Clothesline","Reckless Charge"],"picked":"Clash","floor":1},{"not_picked":["ReplayTheSpireMod:Stacked","Heavy Blade"],"picked":"conspire:Charge","floor":3},{"not_picked":["Warcry","ReplayTheSpireMod:Corrosion Curse"],"picked":"Twin Strike","floor":4},{"not_picked":["Clothesline","Sword Boomerang"],"picked":"Demonic Infusion","floor":7},{"not_picked":["Anger","Body Slam"],"picked":"Cleave","floor":11},{"not_picked":["Warcry","Thunderclap"],"picked":"Heavy Blade","floor":12},{"not_picked":["Bludgeon","Limit Break"],"picked":"Juggernaut","floor":16},{"not_picked":["Whirlwind","Defy Death"],"picked":"Armaments","floor":18},{"not_picked":["Iron Wave","Ghostly Armor"],"picked":"Hemokinesis+1","floor":19},{"not_picked":["Disarm","Feel No Pain+1","Thunderclap"],"picked":"SKIP","floor":20},{"not_picked":["Shockwave","Body Slam","ReplayTheSpireMod:Strike From Hell"],"picked":"SKIP","floor":21},{"not_picked":["Spot Weakness+1","Rupture","Run Through"],"picked":"SKIP","floor":22},{"not_picked":["Perfected Strike","Rupture"],"picked":"conspire:Charge","floor":25}],"player_experience":16959,"relics_obtained":[{"floor":9,"key":"Bag of Marbles"},{"floor":13,"key":"aspiration:SeaSaltIceCream"},{"floor":19,"key":"aspiration:ChemicalBlood"},{"floor":26,"key":"aspiration:StickyExplosives_weak"}],"event_choices":[{"damage_healed":0,"gold_gain":175,"player_choice":"AGREE","damage_taken":0,"max_hp_gain":0,"max_hp_loss":0,"event_name":"Liars Game","floor":2,"gold_loss":0,"cards_obtained":["Doubt"]},{"cards_removed":["Doubt"],"damage_healed":0,"gold_gain":0,"player_choice":"Card Removal","damage_taken":7,"max_hp_gain":0,"max_hp_loss":0,"event_name":"Golden Wing","floor":5,"gold_loss":0},{"cards_removed":["Strike_R"],"damage_healed":0,"gold_gain":0,"player_choice":"Offered Basic","damage_taken":0,"max_hp_gain":0,"max_hp_loss":0,"event_name":"Bonfire Elementals","floor":23,"gold_loss":0}],"is_beta":false,"boss_relics":[{"not_picked":["Ring of Chaos","ReplayTheSpireMod:DimensionalGlitch"],"picked":"construct:ClawGrip"}],"items_purged_floors":[14],"is_endless":false,"potions_floor_spawned":[4,7,12,16,18,19,21],"killed_by":"Sentry and Sphere","ascension_level":0}}