{"host":"dx8mnueonnkh60qu","time":1613709646,"event":{"mods":["AchievementEnabler","Act Like it!","Aspiration","BaseMod","Better Silent Start","Better Third Choice","Bossed Relics","CCEM2","Conspire","Defuse TimeMaze Blight","Dota2Spire","Downfall","Hubris","Infinite Spire","Marked Mod","Minty Spire (QoL Compilation)","Quarter Circle Forward PUNCH!","Rare Cards Sparkle","Relic Stats","Reliquary","Robot Space Explorer","Spicy Shops","Spikes Relics","StSLib","SuperFastMode","The Blue Laboratory","The Caster"],"gold_per_floor":[114,114,124,12,24,58,69,69,69,101,119,139,168,168,168,263,263,275,275,121,121,48,81,81,110,110,136,136,149,161,186,186,287,287,303,303,316,106,117,117,143,163,239,271,281,281,281,281,281,281,281,281,54,80,80],"floor_reached":56,"language":"ENG","playtime":9846,"items_purged":[],"score":1463,"play_id":"aed65006-2ee0-482c-88fb-4a2332215d61","local_time":"20210218234046","is_ascension_mode":true,"campfire_choices":[{"data":"Judgement","floor":8.0,"key":"SMITH"},{"floor":15.0,"key":"REST"},{"floor":32,"key":"REST"},{"floor":40,"key":"RECALL"},{"floor":49,"key":"REST"},{"data":"Establishment","floor":52,"key":"SMITH"}],"circlet_count":0,"master_deck":["Strike_P+1","Strike_P","Defend_P","Defend_P","Defend_P","Defend_P","Eruption","Vigilance","DevaForm","CrushJoints","WindmillStrike","Protect","Judgement+1","CutThroughFate","Perseverance","JustLucky","BowlingBash","Halt","DeusExMachina","EmptyMind+1","MarkedMod:PinPointDefense+1","Consecrate","MentalFortress+1","FlurryOfBlows","LessonLearned","CarveReality+1","LessonLearned","Establishment+1","CutThroughFate","ConjureBlade","WindmillStrike","DevaForm","ReachHeaven","Wish","Protect+1","Nirvana+1","CutThroughFate","infinitespire:Starlight","Writhe","WreathOfFlame"],"relics":["PureWater","Dota2Spire:MantaStyle","Dota2Spire:UrnOfShadows","Bottled Lightning","hubris:MedicalManual","reliquary:Aerogel","Turnip","Dota2Spire:Bloodstone","CCEMRelics:JestersCrown","Enchiridion","Art of War","aspiration:HiddenCompartment","Sundial","hexamod:CandleOfCauterizing","Runic Pyramid","aspiration:HatOfInfinitePower","CCEMRelics:FiftyFTOfRope","reliquary:Firecrackers","conspire:SpecialSausage","Bird Faced Urn","CCEMRelics:PowerPill","Oddly Smooth Stone","Centennial Puzzle"],"acts_visited":["Exordium","TheCity","TheBeyond","TheEnding"],"potions_floor_usage":[23,23,27,27,39,50,55],"damage_taken":[{"damage":3.0,"enemies":"2 Louse","floor":1.0,"turns":5.0},{"damage":7.0,"enemies":"Cultist","floor":3.0,"turns":3.0},{"damage":7.0,"enemies":"Small Slimes","floor":5.0,"turns":3.0},{"damage":3.0,"enemies":"Lagavulin","floor":6.0,"turns":9.0},{"damage":0.0,"enemies":"Blue Slaver","floor":7.0,"turns":1.0},{"damage":20.0,"enemies":"Gremlin Nob","floor":10.0,"turns":4.0},{"damage":0.0,"enemies":"Exordium Thugs","floor":11.0,"turns":3.0},{"damage":0.0,"enemies":"Looter","floor":12.0,"turns":1.0},{"damage":1.0,"enemies":"3 Sentries","floor":13.0,"turns":5.0},{"damage":0.0,"enemies":"Slime Boss","floor":16.0,"turns":4.0},{"damage":0.0,"enemies":"Chosen","floor":18.0,"turns":4.0},{"damage":13,"enemies":"Book of Stabbing","floor":23,"turns":4},{"damage":3,"enemies":"2 Thieves","floor":24,"turns":3},{"damage":0,"enemies":"Slavers","floor":25,"turns":4},{"damage":0,"enemies":"Book of Stabbing","floor":27,"turns":4},{"damage":0,"enemies":"Centurion and Healer","floor":29,"turns":4},{"damage":15,"enemies":"Snake Plant","floor":30,"turns":7},{"damage":9,"enemies":"Gremlin Leader","floor":31,"turns":7},{"damage":1,"enemies":"conspire:MysteriousRune","floor":33,"turns":7},{"damage":13,"enemies":"3 Darklings","floor":35,"turns":5},{"damage":15,"enemies":"3 Shapes","floor":37,"turns":3},{"damage":0,"enemies":"3 Darklings","floor":39,"turns":5},{"damage":8,"enemies":"Giant Head","floor":41,"turns":6},{"damage":36,"enemies":"Maw","floor":42,"turns":6},{"damage":30,"enemies":"Reptomancer","floor":44,"turns":5},{"damage":3,"enemies":"Spire Growth","floor":45,"turns":4},{"damage":71,"enemies":"Donu and Deca","floor":50,"turns":12},{"damage":49,"enemies":"Shield and Spear","floor":54,"turns":7},{"damage":81,"enemies":"The Heart","floor":55,"turns":9}],"seed_played":"8315421553636903613","potions_obtained":[{"floor":10.0,"key":"SteroidPotion"},{"floor":12.0,"key":"PowerPotion"},{"floor":13.0,"key":"SkillPotion"},{"floor":16.0,"key":"sneckomod:MuddlingPotion"},{"floor":23,"key":"ColorlessPotion"},{"floor":25,"key":"Weak Potion"},{"floor":35,"key":"blueLaboratory:PhilterOfMotion"},{"floor":44,"key":"champ:CounterPotion"},{"floor":54,"key":"blueLaboratory:BottledHope"}],"is_trial":false,"path_per_floor":["M","?","M","$","M","E","M","R","T","E","M","M","E","T","R","B",null,"M","?","$","?","$","E","M","E","T","E","T","M","M","E","R","B",null,"M","?","M","$","M","R","E","M","T","E","M","AVR","T","?","R","B",null,"R","$","E","B",null],"character_chosen":"WATCHER","items_purchased":["WindmillStrike","CCEMRelics:JestersCrown","MarkedMod:PinPointDefense","DevaForm","CCEMRelics:PowerPill","Oddly Smooth Stone"],"campfire_rested":3,"item_purchase_floors":[4,20,22,38,53,53],"current_hp_per_floor":[69,69,62,62,55,52,52,52,52,32,32,32,31,31,52,52,72,72,72,72,56,56,43,40,40,40,40,40,40,25,34,55,66,72,59,59,47,47,47,47,51,44,44,17,14,14,14,32,53,19,72,72,72,43,16],"gold":80,"neow_bonus":"TRANSFORM_CARD","is_daily":false,"chose_seed":false,"campfire_upgraded":2,"win_rate":0.0,"timestamp":1613709646,"path_taken":["M","?","M","$","M","E","M","R","T","E","M","?","E","?","R","BOSS","M","?","$","?","?","E","M","E","T","E","?","?","M","E","R","BOSS","M","?","M","$","?","R","E","M","T","E","M","AVR","?","?","R","BOSS","R","$","E","BOSS"],"items_purchased_type":["Card","Relic","Card","Card","Relic","Relic"],"build_version":"2020-12-22","purchased_purges":0,"victory":true,"max_hp_per_floor":[72,72,72,72,72,72,72,72,72,72,72,72,72,72,72,72,72,72,72,72,72,72,72,72,72,72,72,72,72,72,72,72,72,72,72,72,72,72,72,72,72,72,72,72,72,72,72,72,72,72,72,72,72,72,72],"relic_stats":{"Centennial Puzzle":[3],"counters":[29,144],"Sundial":[8],"Bird Faced Urn":[30],"Turnip":[15],"Art of War":[9],"obtain_stats":[{"Dota2Spire:MantaStyle":2,"hexamod:CandleOfCauterizing":31,"Dota2Spire:UrnOfShadows":6,"reliquary:Aerogel":13,"reliquary:Firecrackers":44,"Enchiridion":21,"Oddly Smooth Stone":53,"conspire:SpecialSausage":46,"hubris:MedicalManual":10,"Dota2Spire:Bloodstone":17,"aspiration:HiddenCompartment":27,"reliquary:FerryPass":25,"Centennial Puzzle":54,"CCEMRelics:PowerPill":53,"Sundial":28,"Bird Faced Urn":47,"Turnip":14,"Art of War":23,"Bottled Lightning":9,"PureWater":0,"aspiration:HatOfInfinitePower":41,"CCEMRelics:FiftyFTOfRope":43,"CCEMRelics:JestersCrown":20,"Runic Pyramid":34},{"Dota2Spire:MantaStyle":1,"hexamod:CandleOfCauterizing":18,"Dota2Spire:UrnOfShadows":4,"reliquary:Aerogel":9,"reliquary:Firecrackers":25,"Enchiridion":11,"Oddly Smooth Stone":27,"conspire:SpecialSausage":26,"hubris:MedicalManual":6,"Dota2Spire:Bloodstone":10,"aspiration:HiddenCompartment":15,"reliquary:FerryPass":14,"Centennial Puzzle":28,"CCEMRelics:PowerPill":27,"Sundial":15,"Bird Faced Urn":26,"Turnip":9,"Art of War":12,"Bottled Lightning":5,"PureWater":0,"aspiration:HatOfInfinitePower":23,"CCEMRelics:FiftyFTOfRope":24,"CCEMRelics:JestersCrown":11,"Runic Pyramid":19},{"Dota2Spire:MantaStyle":5,"hexamod:CandleOfCauterizing":75,"Dota2Spire:UrnOfShadows":20,"reliquary:Aerogel":34,"reliquary:Firecrackers":112,"Enchiridion":42,"Oddly Smooth Stone":128,"conspire:SpecialSausage":116,"hubris:MedicalManual":25,"Dota2Spire:Bloodstone":38,"aspiration:HiddenCompartment":57,"reliquary:FerryPass":53,"Centennial Puzzle":135,"CCEMRelics:PowerPill":128,"Sundial":57,"Bird Faced Urn":116,"Turnip":34,"Art of War":46,"Bottled Lightning":21,"PureWater":0,"aspiration:HatOfInfinitePower":101,"CCEMRelics:FiftyFTOfRope":107,"CCEMRelics:JestersCrown":42,"Runic Pyramid":82}]},"card_choices":[{"not_picked":["Wireheading","Prostrate"],"picked":"ReachHeaven","floor":1.0},{"not_picked":["LikeWater","Crescendo"],"picked":"CrushJoints","floor":3.0},{"not_picked":["FlyingSleeves","FearNoEvil"],"picked":"Protect","floor":5.0},{"not_picked":["CarveReality","Fasting2"],"picked":"Judgement","floor":6.0},{"not_picked":["CarveReality","Prostrate"],"picked":"CutThroughFate","floor":7.0},{"not_picked":["MarkedMod:Acupuncture","Meditate"],"picked":"Perseverance","floor":10.0},{"not_picked":["PathToVictory","Protect"],"picked":"JustLucky","floor":11.0},{"not_picked":["Vault","ClearTheMind"],"picked":"BowlingBash","floor":12.0},{"not_picked":["Crescendo","MarkedMod:NorthStar"],"picked":"Halt","floor":13.0},{"not_picked":["ConjureBlade","Wish"],"picked":"DeusExMachina","floor":16.0},{"not_picked":["SandsOfTime","LikeWater"],"picked":"EmptyMind+1","floor":18.0},{"not_picked":["EmptyFist","Study+1"],"picked":"Consecrate","floor":23},{"not_picked":["BowlingBash+1","Protect"],"picked":"MentalFortress+1","floor":24},{"not_picked":["Evaluate+1","EmptyBody"],"picked":"FlurryOfBlows","floor":25},{"not_picked":["DeceiveReality","Halt","CrushJoints"],"picked":"SKIP","floor":27},{"not_picked":["EmptyMind","BowlingBash"],"picked":"LessonLearned","floor":29},{"not_picked":["CutThroughFate","MarkedMod:Acupuncture"],"picked":"CarveReality+1","floor":30},{"not_picked":["WheelKick","ThirdEye"],"picked":"LessonLearned","floor":31},{"not_picked":["LessonLearned","Ragnarok"],"picked":"Establishment","floor":33},{"not_picked":["SashWhip","FlurryOfBlows"],"picked":"CutThroughFate","floor":35},{"not_picked":["Crescendo+1","Evaluate"],"picked":"WindmillStrike","floor":37},{"not_picked":["Collect+1","Indignation+1"],"picked":"ReachHeaven","floor":39},{"not_picked":["Indignation+1","MarkedMod:GracefulMovements+1"],"picked":"Wish","floor":41},{"not_picked":["Evaluate","Crescendo+1"],"picked":"Protect+1","floor":42},{"not_picked":["Judgement","Prostrate+1"],"picked":"Nirvana+1","floor":44},{"not_picked":["Consecrate","Wallop"],"picked":"CutThroughFate","floor":45},{"not_picked":["FlyingSleeves","SashWhip+1"],"picked":"WreathOfFlame","floor":54}],"player_experience":644549,"relics_obtained":[{"floor":6.0,"key":"Dota2Spire:UrnOfShadows"},{"floor":9.0,"key":"Bottled Lightning"},{"floor":10.0,"key":"hubris:MedicalManual"},{"floor":13.0,"key":"reliquary:Aerogel"},{"floor":14.0,"key":"Turnip"},{"floor":21.0,"key":"Enchiridion"},{"floor":23,"key":"Art of War"},{"floor":25,"key":"reliquary:FerryPass"},{"floor":27,"key":"aspiration:HiddenCompartment"},{"floor":28,"key":"Sundial"},{"floor":31,"key":"hexamod:CandleOfCauterizing"},{"floor":41,"key":"aspiration:HatOfInfinitePower"},{"floor":43,"key":"CCEMRelics:FiftyFTOfRope"},{"floor":44,"key":"reliquary:Firecrackers"},{"floor":47,"key":"Bird Faced Urn"},{"floor":54,"key":"Centennial Puzzle"}],"event_choices":[{"cards_removed":["ReachHeaven"],"damage_healed":0.0,"max_hp_gain":0.0,"max_hp_loss":0.0,"gold_gain":0.0,"event_name":"WeMeetAgain","player_choice":"Gave Card","floor":2.0,"gold_loss":0.0,"damage_taken":0.0,"relics_obtained":["Dota2Spire:MantaStyle"]},{"damage_healed":0.0,"max_hp_gain":0.0,"max_hp_loss":0.0,"gold_gain":0.0,"event_name":"Vampires","player_choice":"Ignored","floor":19.0,"gold_loss":0.0,"damage_taken":0.0},{"damage_healed":0.0,"max_hp_gain":0.0,"max_hp_loss":0.0,"gold_gain":0.0,"event_name":"Cursed Tome","player_choice":"Obtained Book","floor":21.0,"gold_loss":0.0,"damage_taken":16.0},{"damage_healed":0,"gold_gain":0,"cards_transformed":["Strike_P"],"player_choice":"Transformed","damage_taken":0,"max_hp_gain":0,"max_hp_loss":0,"event_name":"Transmorgrifier","floor":36,"gold_loss":0,"cards_obtained":["ConjureBlade"]},{"damage_healed":18,"gold_gain":0,"player_choice":"Writhe","damage_taken":0,"max_hp_gain":0,"max_hp_loss":0,"event_name":"Winding Halls","floor":48,"gold_loss":0,"cards_obtained":["Writhe"]}],"is_beta":false,"boss_relics":[{"not_picked":["Cursed Key","Snecko Eye"],"picked":"Dota2Spire:Bloodstone"},{"not_picked":["reliquary:WritOfMandamus","Calling Bell"],"picked":"Runic Pyramid"}],"items_purged_floors":[],"is_endless":false,"potions_floor_spawned":[1,10,12,13,16,23,24,25,35,44,54],"ascension_level":2}}