{"host":"kiehjq3lc4w5t4uc","time":1613732212,"event":{"mods":["AchievementEnabler","BaseMod","BetterRewards","Colored Map","Colored Powertips","DeckTracker","Good Game Mod","Infinite Spire","Keyboard Shortcuts","Minty Spire (QoL Compilation)","Permanent Neow","Quick Restart","Rare Cards Sparkle","Relic Stats","StSLib","SuperFastMode"],"gold_per_floor":[136,171,214,289,389,389,408,408,434,434,474,484,484,264,264,341,341,381,381,365,365],"floor_reached":20,"language":"KOR","playtime":1681,"items_purged":["Strike_R","Strike_R"],"score":282,"play_id":"4e8cdeea-6313-4a03-a836-7648a14db909","local_time":"20210219195652","is_ascension_mode":true,"campfire_choices":[{"data":"Pommel Strike","floor":6,"key":"SMITH"},{"floor":8,"key":"REST"},{"data":"Wish","floor":10,"key":"SMITH"},{"data":"Feed","floor":13,"key":"SMITH"},{"floor":15,"key":"REST"}],"circlet_count":0,"master_deck":["AscendersBane","Defend_R","Defend_R","Defend_R","Defend_R","Bash","Wish+1","Offering","Offering","Pommel Strike+1","Dark Embrace+1","Pummel","Feed+1","Body Slam","Double Tap","Power Through+1","Sword Boomerang+1","Power Through+1","infinitespire:Gouge"],"relics":["Burning Blood","REME:ComplimentaryCards","Frozen Egg 2","Kunai","DollysMirror","Art of War","Orichalcum","Astrolabe","Prayer Wheel"],"acts_visited":["Exordium","TheCity"],"potions_floor_usage":[7,7,16],"damage_taken":[{"damage":24,"enemies":"Small Slimes","floor":1,"turns":3},{"damage":14,"enemies":"Jaw Worm","floor":2,"turns":3},{"damage":12,"enemies":"Cultist","floor":3,"turns":3},{"damage":14,"enemies":"Gremlin Gang","floor":7,"turns":4},{"damage":14,"enemies":"Large Slime","floor":11,"turns":6},{"damage":20,"enemies":"3 Louse","floor":12,"turns":4},{"damage":21,"enemies":"Slime Boss","floor":16,"turns":14},{"damage":27,"enemies":"Shell Parasite","floor":18,"turns":6},{"damage":14,"enemies":"2 Thieves","floor":20,"turns":4}],"seed_played":"1830118115318873799","potions_obtained":[{"floor":3,"key":"PowerPotion"},{"floor":12,"key":"HeartOfIron"},{"floor":18,"key":"Energy Potion"}],"is_trial":false,"path_per_floor":["M","M","M","?","?","R","M","R","T","R","M","M","R","$","R","B",null,"M","AVR","M"],"character_chosen":"IRONCLAD","items_purchased":["Offering","Frozen Egg 2","Kunai","DollysMirror","SkillPotion","Orichalcum"],"campfire_rested":2,"item_purchase_floors":[0,0,0,0,0,14],"current_hp_per_floor":[50,42,36,25,25,25,17,39,39,39,31,20,20,20,43,28,66,49,49,41,41],"gold":365,"neow_bonus":"","is_daily":false,"chose_seed":false,"campfire_upgraded":3,"win_rate":0.0,"timestamp":1613732212,"path_taken":["M","M","M","?","?","R","?","R","T","R","M","M","R","$","R","BOSS","M","AVR","?"],"items_purchased_type":["Card","Relic","Relic","Relic","Potion","Relic"],"build_version":"2020-12-22","purchased_purges":2,"victory":false,"max_hp_per_floor":[75,75,75,75,75,75,75,75,75,75,75,78,78,78,78,78,78,82,82,82,82],"relic_stats":{"counters":[9,47],"Astrolabe":["Power Through","Sword Boomerang","Power Through"],"Prayer Wheel":1,"Art of War":[7],"Kunai":[17],"Orichalcum":[72],"obtain_stats":[{"REME:ComplimentaryCards":0,"DollysMirror":0,"Astrolabe":17,"Prayer Wheel":19,"Art of War":9,"Kunai":0,"Frozen Egg 2":0,"Orichalcum":14,"Burning Blood":0},{"REME:ComplimentaryCards":0,"DollysMirror":0,"Astrolabe":7,"Prayer Wheel":8,"Art of War":4,"Kunai":0,"Frozen Egg 2":0,"Orichalcum":6,"Burning Blood":0},{"REME:ComplimentaryCards":0,"DollysMirror":0,"Astrolabe":37,"Prayer Wheel":43,"Art of War":13,"Kunai":0,"Frozen Egg 2":0,"Orichalcum":23,"Burning Blood":0}],"Burning Blood":54},"card_choices":[{"not_picked":["Pummel","Perfected Strike"],"picked":"Pommel Strike","floor":1},{"not_picked":["Clash","Iron Wave","Thunderclap"],"picked":"SKIP","floor":2},{"not_picked":["Seeing Red","Cleave"],"picked":"Dark Embrace+1","floor":3},{"not_picked":["Flex","Wild Strike"],"picked":"Pummel","floor":7},{"not_picked":["Pummel","Clash"],"picked":"Feed","floor":11},{"not_picked":["Sentinel","Seeing Red"],"picked":"Body Slam","floor":12},{"not_picked":["Berserk+1","Demon Form+1"],"picked":"Double Tap","floor":16},{"not_picked":["Wild Strike","Pummel","True Grit"],"picked":"SKIP","floor":18}],"player_experience":202274,"relics_obtained":[{"floor":9,"key":"Art of War"}],"event_choices":[{"damage_healed":0,"gold_gain":75,"player_choice":"Gather Gold","damage_taken":11,"max_hp_gain":0,"max_hp_loss":0,"event_name":"World of Goop","floor":4,"gold_loss":0},{"damage_healed":0,"gold_gain":100,"player_choice":"Gold","damage_taken":0,"max_hp_gain":0,"max_hp_loss":0,"event_name":"Wheel of Change","floor":5,"gold_loss":0}],"is_beta":false,"boss_relics":[{"not_picked":["infinitespire:Burning Sword","Mark of Pain"],"picked":"Astrolabe"}],"items_purged_floors":[14,19],"is_endless":false,"potions_floor_spawned":[3,12,18],"killed_by":"2 Thieves","ascension_level":14}}