{"host":"tjicewryrzew529r","time":1613722383,"event":{"mods":["AchievementEnabler","BaseMod","Block Reminder","Colored Map","Highlight Path","Minty Spire (QoL Compilation)","StSLib"],"gold_per_floor":[116,96,107,119,132,132,151,171,171,171,190,217,217,217,217,291,291,301,320,335,345,72,72,72],"floor_reached":23,"language":"ENG","playtime":1335,"items_purged":["Deadly Poison"],"score":420,"play_id":"fec375fb-d820-4983-bd0f-033ad8cd0816","local_time":"20210219161303","is_ascension_mode":true,"campfire_choices":[{"data":"Bouncing Flask","floor":6,"key":"SMITH"},{"data":"Prepared","floor":10,"key":"SMITH"},{"floor":13,"key":"REST"},{"data":"Noxious Fumes","floor":15,"key":"SMITH"}],"circlet_count":0,"master_deck":["AscendersBane","Survivor+1","Neutralize+1","Finesse","Bouncing Flask+1","Infinite Blades","Prepared+1","PiercingWail","Unload+1","Noxious Fumes+1","Dodge and Roll","Corpse Explosion","Night Terror","Wraith Form v2","Slice+1","Backflip","Footwork","Leg Sweep","Distraction","Distraction","Tools of the Trade","Crippling Poison","Heel Hook+1","Footwork"],"relics":["Ring of the Snake","Molten Egg 2","War Paint","Pandora\u0027s Box","Whetstone"],"acts_visited":["Exordium","TheCity"],"potions_floor_usage":[5,12,12,16,16,23,23],"damage_taken":[{"damage":0,"enemies":"Jaw Worm","floor":1,"turns":6},{"damage":1,"enemies":"Cultist","floor":3,"turns":4},{"damage":2,"enemies":"2 Louse","floor":4,"turns":3},{"damage":15,"enemies":"Lots of Slimes","floor":5,"turns":8},{"damage":9,"enemies":"Exordium Thugs","floor":7,"turns":9},{"damage":0,"enemies":"2 Fungi Beasts","floor":8,"turns":5},{"damage":5,"enemies":"3 Louse","floor":11,"turns":4},{"damage":18,"enemies":"Gremlin Nob","floor":12,"turns":4},{"damage":0,"enemies":"Hexaghost","floor":16,"turns":8},{"damage":2,"enemies":"Chosen","floor":18,"turns":5},{"damage":14,"enemies":"3 Byrds","floor":19,"turns":5},{"damage":4,"enemies":"Centurion and Healer","floor":20,"turns":6},{"damage":18,"enemies":"Snake Plant","floor":21,"turns":6},{"damage":19,"enemies":"Book of Stabbing","floor":23,"turns":6}],"seed_played":"2994844326287332920","potions_obtained":[{"floor":1,"key":"Ancient Potion"},{"floor":2,"key":"LiquidBronze"},{"floor":3,"key":"CultistPotion"},{"floor":11,"key":"Strength Potion"},{"floor":14,"key":"BlessingOfTheForge"},{"floor":14,"key":"PowerPotion"},{"floor":20,"key":"LiquidMemories"}],"is_trial":false,"path_per_floor":["M","?","M","M","M","R","M","M","T","R","M","E","R","?","R","B",null,"M","M","M","M","$","E"],"character_chosen":"THE_SILENT","items_purchased":["Whetstone","BlessingOfTheForge"],"campfire_rested":1,"item_purchase_floors":[22,22],"current_hp_per_floor":[59,59,58,56,41,41,32,32,32,32,27,9,28,28,28,28,57,55,41,37,19,19,0,0],"gold":72,"neow_bonus":"RANDOM_COLORLESS","is_daily":false,"chose_seed":false,"campfire_upgraded":3,"win_rate":0.0,"timestamp":1613722383,"path_taken":["M","?","M","?","M","R","M","M","T","R","M","E","R","?","R","BOSS","M","M","?","M","$","E"],"items_purchased_type":["Relic","Potion"],"build_version":"2020-12-22","purchased_purges":1,"victory":false,"max_hp_per_floor":[66,66,66,66,66,66,66,66,66,66,66,66,66,66,66,66,66,66,66,66,66,66,66,66],"card_choices":[{"not_picked":["Deep Breath","Mind Blast"],"picked":"Finesse","floor":0},{"not_picked":["Acrobatics","Prepared"],"picked":"Bouncing Flask","floor":1},{"not_picked":["Deadly Poison","Underhanded Strike","Accuracy"],"picked":"SKIP","floor":3},{"not_picked":["Slice","Outmaneuver"],"picked":"Infinite Blades","floor":4},{"not_picked":["Deadly Poison","Sucker Punch"],"picked":"Prepared","floor":5},{"not_picked":["Bane","Poisoned Stab"],"picked":"PiercingWail","floor":7},{"not_picked":["Underhanded Strike","Slice"],"picked":"Unload","floor":8},{"not_picked":["Bane+1","PiercingWail"],"picked":"Noxious Fumes","floor":11},{"not_picked":["Outmaneuver","PiercingWail"],"picked":"Dodge and Roll","floor":12},{"not_picked":["Wraith Form v2","Tools of the Trade"],"picked":"Corpse Explosion","floor":16},{"not_picked":["Blade Dance","Riddle With Holes+1"],"picked":"Crippling Poison","floor":18},{"not_picked":["Poisoned Stab+1","Catalyst","Underhanded Strike+1"],"picked":"SKIP","floor":19},{"not_picked":["Accuracy","Blade Dance+1"],"picked":"Heel Hook+1","floor":20},{"not_picked":["Sucker Punch+1","Unload+1"],"picked":"Footwork","floor":21}],"player_experience":373451,"relics_obtained":[{"floor":9,"key":"Molten Egg 2"},{"floor":12,"key":"War Paint"}],"event_choices":[{"damage_healed":0,"gold_gain":0,"player_choice":"Bought 1 Potion","damage_taken":0,"max_hp_gain":0,"max_hp_loss":0,"event_name":"The Woman in Blue","floor":2,"gold_loss":0},{"damage_healed":0,"gold_gain":0,"player_choice":"Got Potions","damage_taken":0,"max_hp_gain":0,"max_hp_loss":0,"event_name":"Lab","floor":14,"gold_loss":0}],"is_beta":false,"boss_relics":[{"not_picked":["Snecko Eye","Tiny House"],"picked":"Pandora\u0027s Box"}],"items_purged_floors":[22],"is_endless":false,"potions_floor_spawned":[1,3,11,20],"killed_by":"Book of Stabbing","ascension_level":14}}