{"host":"6xsbn6ynqlzwllfm","time":1613754067,"event":{"mods":["2.2 Compatiblity","BaseMod","Bestiary","Colored Map","Colored Powertips","Curses Come First","Highlight Path","Keyboard Shortcuts","Minty Spire (QoL Compilation)","Quick Restart","Relic Stats","Slay the Relics Exporter","StSLib","SuperFastMode"],"gold_per_floor":[367,9,29,0,10,10,39,39,63,63,63],"floor_reached":10,"language":"ENG","playtime":569,"items_purged":["Strike_R"],"score":132,"play_id":"29ec93aa-c043-4255-bdd6-d1420ae0efe7","local_time":"20210219120107","is_ascension_mode":true,"campfire_choices":[{"data":"Bash","floor":6,"key":"SMITH"},{"floor":8,"key":"REST"}],"circlet_count":0,"master_deck":["AscendersBane","Strike_R","Strike_R","Strike_R","Strike_R","Defend_R","Defend_R","Defend_R","Defend_R","Bash+1","Heavy Blade","Disarm","Headbutt","Bloodletting","Iron Wave","Blood for Blood"],"relics":["Burning Blood","OrangePellets","PreservedInsect","Nunchaku"],"acts_visited":["Exordium"],"potions_floor_usage":[7,7],"damage_taken":[{"damage":15,"enemies":"Jaw Worm","floor":1,"turns":8},{"damage":4,"enemies":"Small Slimes","floor":3,"turns":3},{"damage":5,"enemies":"2 Louse","floor":5,"turns":4},{"damage":36,"enemies":"Lagavulin","floor":7,"turns":10},{"damage":41,"enemies":"3 Sentries","floor":10,"turns":7}],"seed_played":"-2609877982025788013","potions_obtained":[{"floor":3,"key":"FearPotion"},{"floor":5,"key":"SpeedPotion"}],"is_trial":false,"path_per_floor":["M","$","M","?","M","R","E","R","T","E"],"character_chosen":"IRONCLAD","items_purchased":["OrangePellets","Disarm","Headbutt"],"campfire_rested":1,"item_purchase_floors":[2,2,2],"current_hp_per_floor":[41,41,43,43,44,44,14,36,36,0,0],"gold":63,"neow_bonus":"TWO_FIFTY_GOLD","is_daily":false,"chose_seed":false,"campfire_upgraded":1,"win_rate":0.0,"timestamp":1613754067,"path_taken":["M","$","M","?","M","R","E","R","T","E"],"items_purchased_type":["Relic","Card","Card"],"build_version":"2020-12-22","purchased_purges":1,"victory":false,"max_hp_per_floor":[75,75,75,75,75,75,75,75,75,75,75],"relic_stats":{"OrangePellets":[0],"Nunchaku":[1],"counters":[5,32],"PreservedInsect":34,"obtain_stats":[{"OrangePellets":2,"Nunchaku":9,"PreservedInsect":7,"Burning Blood":0},{"OrangePellets":1,"Nunchaku":4,"PreservedInsect":4,"Burning Blood":0},{"OrangePellets":8,"Nunchaku":25,"PreservedInsect":25,"Burning Blood":0}],"Burning Blood":24},"card_choices":[{"not_picked":["Clash","Second Wind"],"picked":"Heavy Blade","floor":1},{"not_picked":["Perfected Strike","Reckless Charge"],"picked":"Bloodletting","floor":3},{"not_picked":["Anger","Warcry"],"picked":"Iron Wave","floor":5},{"not_picked":["Warcry","Clash"],"picked":"Blood for Blood","floor":7}],"player_experience":1477229,"relics_obtained":[{"floor":7,"key":"PreservedInsect"},{"floor":9,"key":"Nunchaku"}],"event_choices":[{"damage_healed":0,"gold_gain":0,"player_choice":"Left Gold","damage_taken":0,"max_hp_gain":0,"max_hp_loss":0,"event_name":"World of Goop","floor":4,"gold_loss":29}],"is_beta":false,"boss_relics":[],"items_purged_floors":[2],"is_endless":false,"potions_floor_spawned":[3,5],"killed_by":"3 Sentries","ascension_level":20}}