{"host":"k85tjwrh7mjrrc9a","time":1613759001,"event":{"mods":["AchievementEnabler","BaseMod","Colored Powertips","Highlight Path","Minty Spire (QoL Compilation)","Rare Cards Sparkle","StSLib"],"gold_per_floor":[115,265,265,281,281,312,329,152,152,152,108,125,159,174,174,250,250,265,278,278,278,278],"floor_reached":21,"language":"ENG","playtime":1087,"items_purged":["Regret"],"score":407,"play_id":"08d7a2cf-2bec-4aec-9e8d-df3195a48fbf","local_time":"20210219132321","is_ascension_mode":true,"campfire_choices":[{"data":"Armaments","floor":10.0,"key":"SMITH"},{"floor":15.0,"key":"REST"}],"circlet_count":0,"master_deck":["AscendersBane","Strike_R","Strike_R","Strike_R","Strike_R","Strike_R","Defend_R","Defend_R","Defend_R","Defend_R","Bash","Doubt","Shrug It Off","Body Slam","Pommel Strike","Evolve","Armaments+1","Reckless Charge","Burning Pact","Impervious","Wild Strike","Offering","CurseOfTheBell","Body Slam","Reckless Charge"],"relics":["Burning Blood","NeowsBlessing","Lantern","Incense Burner","Centennial Puzzle","Letter Opener","Calipers","Calling Bell","MealTicket","Shuriken","Girya"],"acts_visited":["Exordium","TheCity"],"potions_floor_usage":[19,21],"damage_taken":[{"damage":0.0,"enemies":"Jaw Worm","floor":1.0,"turns":1.0},{"damage":0.0,"enemies":"Cultist","floor":4.0,"turns":1.0},{"damage":0.0,"enemies":"3 Sentries","floor":6.0,"turns":2.0},{"damage":6.0,"enemies":"Small Slimes","floor":7.0,"turns":4.0},{"damage":1.0,"enemies":"Looter","floor":12.0,"turns":2.0},{"damage":72.0,"enemies":"Gremlin Nob","floor":13.0,"turns":7.0},{"damage":2.0,"enemies":"Gremlin Gang","floor":14.0,"turns":4.0},{"damage":32.0,"enemies":"Hexaghost","floor":16.0,"turns":12.0},{"damage":14.0,"enemies":"3 Byrds","floor":18.0,"turns":5.0},{"damage":27,"enemies":"Spheric Guardian","floor":19,"turns":6},{"damage":42,"enemies":"Snecko","floor":21,"turns":4}],"seed_played":"-2863697326393573867","potions_obtained":[{"floor":4.0,"key":"Strength Potion"},{"floor":14.0,"key":"Fire Potion"},{"floor":16.0,"key":"SneckoOil"},{"floor":18.0,"key":"SkillPotion"}],"is_trial":false,"path_per_floor":["M","?","?","M","?","E","M","$","T","R","$","M","E","M","R","B",null,"M","M","?","M"],"character_chosen":"IRONCLAD","items_purchased":["Evolve","Armaments","Reckless Charge"],"campfire_rested":1,"item_purchase_floors":[8,8,11],"current_hp_per_floor":[74,74,74,75,75,75,75,75,75,75,75,75,9,13,35,9,59,51,30,30,0,0],"gold":278,"neow_bonus":"THREE_ENEMY_KILL","is_daily":false,"chose_seed":false,"campfire_upgraded":1,"win_rate":0.0,"timestamp":1613759001,"path_taken":["M","?","?","?","?","E","M","$","T","R","?","M","E","?","R","BOSS","M","M","?","M"],"items_purchased_type":["Card","Card","Card"],"build_version":"2020-12-22","purchased_purges":1,"victory":false,"max_hp_per_floor":[75,75,75,75,75,75,75,75,75,75,75,75,75,75,75,75,75,75,75,75,75,75],"card_choices":[{"not_picked":["Anger","Clash"],"picked":"Clothesline","floor":1.0},{"not_picked":["Sword Boomerang","Dropkick"],"picked":"Shrug It Off","floor":4.0},{"not_picked":["Pummel","Sentinel"],"picked":"Body Slam","floor":6.0},{"not_picked":["Warcry","Clothesline"],"picked":"Pommel Strike","floor":7.0},{"not_picked":["Entrench","Hemokinesis"],"picked":"Burning Pact","floor":12.0},{"not_picked":["Anger","Clothesline"],"picked":"Impervious","floor":13.0},{"not_picked":["Combust","Body Slam"],"picked":"Wild Strike","floor":14.0},{"not_picked":["Double Tap","Impervious"],"picked":"Offering","floor":16.0},{"not_picked":["Iron Wave","Disarm"],"picked":"Body Slam","floor":18.0},{"not_picked":["Metallicize","Sword Boomerang"],"picked":"Reckless Charge","floor":19}],"player_experience":257146,"relics_obtained":[{"floor":6.0,"key":"Centennial Puzzle"},{"floor":9.0,"key":"Letter Opener"},{"floor":13.0,"key":"Calipers"},{"floor":17.0,"key":"MealTicket"},{"floor":17.0,"key":"Shuriken"},{"floor":17.0,"key":"Girya"}],"event_choices":[{"damage_healed":0.0,"max_hp_gain":0.0,"max_hp_loss":0.0,"gold_gain":150.0,"event_name":"Liars Game","player_choice":"AGREE","floor":2.0,"gold_loss":0.0,"damage_taken":0.0,"cards_obtained":["Doubt"]},{"cards_removed":["Clothesline"],"damage_healed":0.0,"max_hp_gain":0.0,"max_hp_loss":0.0,"gold_gain":0.0,"event_name":"WeMeetAgain","player_choice":"Gave Card","floor":3.0,"gold_loss":0.0,"damage_taken":0.0,"relics_obtained":["Lantern"]},{"damage_healed":0.0,"max_hp_gain":0.0,"max_hp_loss":0.0,"gold_gain":0.0,"event_name":"Big Fish","player_choice":"Box","floor":5.0,"gold_loss":0.0,"damage_taken":0.0,"relics_obtained":["Incense Burner"],"cards_obtained":["Regret"]},{"damage_healed":0,"gold_gain":0,"player_choice":"Ignored","damage_taken":0,"max_hp_gain":0,"max_hp_loss":0,"event_name":"Ghosts","floor":20,"gold_loss":0}],"is_beta":false,"boss_relics":[{"not_picked":["Pandora\u0027s Box","Astrolabe"],"picked":"Calling Bell"}],"items_purged_floors":[8],"is_endless":false,"potions_floor_spawned":[4,14,16,18],"killed_by":"Snecko","ascension_level":18}}