{"host":"15f3wpiimhe5yrng","time":1613748955,"event":{"mods":["Act Like it!","BaseMod","Better Altar","Better Match","Better Note","Better Sensory Stone","Better Skull","Better Third Choice","BetterRewards","Bossed Relics","Colored Map","Downfall","GifTheSpireLib","Good Game Mod","Lobotomy","Minty Spire (QoL Compilation)","Permanent Neow","Ruina","Spire Arcade","StSLib","The Marked","The Servant 0.9.4"],"gold_per_floor":[114,130,148,164,176,209,224,258,258,258,25,25,39,39,39,39,39],"floor_reached":16,"language":"ENG","playtime":1367,"items_purged":[],"score":114,"play_id":"39189051-694d-4e96-8b77-c8a054bd1a75","local_time":"20210219163555","is_ascension_mode":false,"campfire_choices":[{"floor":12,"key":"DIG"},{"floor":15,"key":"DIG"}],"circlet_count":0,"master_deck":["Strike_P+1","Strike_P","Strike_P","Strike_P+1","Defend_P","Defend_P","Defend_P","Defend_P","Eruption","Vigilance","Alpha","ShyLook","Study","VoidDream","OldLady","EmptyBody","Conclude","OSAHOGD","LessonLearned+1","ThirdEye","FairyFestival","LessonLearned","SashWhip"],"relics":["PureWater","REME:ComplimentaryCards","CogitoBucket","Shovel","ResearcherNote","Blood Vial","HornCleat","Membership Card","Du-Vu Doll","Golden Idol","Regal Pillow"],"acts_visited":["Exordium"],"potions_floor_usage":[8],"damage_taken":[{"damage":2,"enemies":"Cultist","floor":1,"turns":3},{"damage":0,"enemies":"Small Slimes","floor":2,"turns":4},{"damage":16,"enemies":"2 Louse","floor":3,"turns":4},{"damage":6,"enemies":"Blue Slaver","floor":4,"turns":3},{"damage":0,"enemies":"2 Fungi Beasts","floor":5,"turns":4},{"damage":11,"enemies":"Lagavulin","floor":6,"turns":6},{"damage":13,"enemies":"Red Slaver","floor":7,"turns":6},{"damage":58,"enemies":"3 Sentries","floor":8,"turns":16},{"damage":9,"enemies":"Blue Slaver","floor":13,"turns":6},{"damage":29,"enemies":"The Guardian","floor":16,"turns":2}],"seed_played":"-915598267142692503","potions_obtained":[{"floor":3,"key":"Dexterity Potion"},{"floor":4,"key":"FairyPotion"},{"floor":8,"key":"sneckomod:MuddlingPotion"}],"is_trial":false,"path_per_floor":["M","M","M","M","M","E","M","E","T","?","$","R","M","?","R","B"],"character_chosen":"WATCHER","items_purchased":["Membership Card","LessonLearned"],"campfire_rested":0,"item_purchase_floors":[11,11],"current_hp_per_floor":[70,70,54,48,48,37,24,2,2,26,26,26,21,21,21,0,0],"gold":39,"neow_bonus":"","is_daily":false,"chose_seed":false,"campfire_upgraded":0,"win_rate":0.0,"timestamp":1613748955,"path_taken":["M","?","M","M","M","E","M","E","T","?","$","R","M","?","R","BOSS"],"items_purchased_type":["Relic","Card"],"build_version":"2020-12-22","purchased_purges":0,"victory":false,"max_hp_per_floor":[72,72,72,72,72,72,72,72,72,72,72,72,72,67,67,67,67],"card_choices":[{"not_picked":["UniverseFragment","LittlePrince"],"picked":"ShyLook","floor":1},{"not_picked":["CrushJoints","WaveOfTheHand"],"picked":"Study","floor":1},{"not_picked":["MeatLantern","MHz"],"picked":"VoidDream","floor":2},{"not_picked":["CrushJoints","PathToVictory","Swivel"],"picked":"SKIP","floor":2},{"not_picked":["LittleHelper","BeautyBeast"],"picked":"OldLady","floor":3},{"not_picked":["JustLucky","Meditate"],"picked":"EmptyBody","floor":3},{"not_picked":["Crescendo","Protect"],"picked":"Conclude","floor":4},{"not_picked":["CrumblingArmor","Wellcheers"],"picked":"OSAHOGD","floor":5},{"not_picked":["BowlingBash","CutThroughFate"],"picked":"LessonLearned","floor":5},{"not_picked":["CutThroughFate","JustLucky"],"picked":"ThirdEye","floor":6},{"not_picked":["PunishingBird","Murderer"],"picked":"FairyFestival","floor":7},{"not_picked":["CutThroughFate","JustLucky","Vengeance"],"picked":"SKIP","floor":7},{"not_picked":["CutThroughFate","JustLucky","Vengeance"],"picked":"SKIP","floor":7},{"not_picked":["SashWhip","Halt","Consecrate"],"picked":"SKIP","floor":8},{"not_picked":["SashWhip","Halt","Consecrate"],"picked":"SKIP","floor":8},{"not_picked":["WaveOfTheHand","Conclude"],"picked":"SashWhip","floor":13}],"player_experience":159119,"relics_obtained":[{"floor":6,"key":"Shovel"},{"floor":8,"key":"Blood Vial"},{"floor":9,"key":"HornCleat"},{"floor":12,"key":"Du-Vu Doll"},{"floor":15,"key":"Regal Pillow"}],"event_choices":[{"damage_healed":24,"gold_gain":0,"player_choice":"Banana","damage_taken":0,"max_hp_gain":0,"max_hp_loss":0,"event_name":"Big Fish","floor":10,"gold_loss":0},{"damage_healed":0,"gold_gain":0,"player_choice":"Lose Max HP","damage_taken":0,"relics_obtained":["Golden Idol"],"max_hp_gain":0,"max_hp_loss":5,"event_name":"Golden Idol","floor":14,"gold_loss":0}],"is_beta":false,"boss_relics":[],"items_purged_floors":[],"is_endless":false,"potions_floor_spawned":[3,4,8],"killed_by":"The Guardian","ascension_level":0}}