{"host":"6vtgmkkqqeew181q","time":1613700531,"event":{"mods":["100% Spire Juice","BaseMod","Better Skull","Better Third Choice","BetterRewards","Colored Powertips","Downfall","Faster Ascension Climbing","Highlight Path","Minty Spire (QoL Compilation)","Reliquary","Replay The Spire","Spire Birthday Party","StSLib","The IronCluck","The Jungle"],"gold_per_floor":[118,118,138,148,148,148,178,191,191,71,89,117,136,161,161,266,266,282,302,104,104,104,133,13,42,92,92,104,124,124,124,124,4,4,108,108,119,119,173,173,190,190,208,239,239,239,239,17,42,92,92,92],"floor_reached":53,"language":"ENG","playtime":3454,"items_purged":["Moonworks:Strike"],"score":2044,"play_id":"ae4a9906-d86b-4d36-8254-2fd8ba871185","local_time":"20210218180851","is_ascension_mode":true,"campfire_choices":[{"data":"Moonworks:BigBangBell","floor":6,"key":"SMITH"},{"data":"Moonworks:FinalSurgery","floor":10,"key":"SMITH"},{"floor":15,"key":"REST"},{"data":"Moonworks:Heat300Percent","floor":24,"key":"SMITH"},{"data":"Moonworks:RocketCannon","floor":27,"key":"SMITH"},{"data":"Moonworks:Encore","floor":30,"key":"SMITH"},{"data":"Moonworks:LongDistanceShot","floor":34,"key":"SMITH"},{"data":"1","floor":42,"key":"LIFT"},{"data":"2","floor":46,"key":"LIFT"},{"data":"3","floor":51,"key":"LIFT"}],"circlet_count":0,"master_deck":["AscendersBane","Moonworks:Strike","Moonworks:Defend+1","Moonworks:Defend+1","Moonworks:Defend+1","Moonworks:Defend+1","Moonworks:Ambush+1","Moonworks:LongDistanceShot+1","Moonworks:BigBangBell+1","Moonworks:WindyEnchantment","Moonworks:DevilHand","Moonworks:FinalSurgery+1","Moonworks:NicePresent","Moonworks:TacticalRetreat","Moonworks:MiracleRedBeanIceCream","Moonworks:SakisCookie","Moonworks:RocketCannon+1","Moonworks:ShieldCounter","Moonworks:Heat300Percent+1","Moonworks:ScrambledEve","Moonworks:SakisCookie+1","Moonworks:NicePresent","Moonworks:Encore+1","Moonworks:SinkOrSwim","Moonworks:NicePresent+1","Poisoned Strike","Moonworks:CompletionReward+1"],"relics":["Moonworks:BrokenBomb","Moonworks:Homemark","Membership Card","Centennial Puzzle","Du-Vu Doll","TungstenRod","Ginger","Dead Branch","sneckomod:SneckoTalon","Lantern","Nilry\u0027s Codex","Meat on the Bone","Guardian:GemstoneGun","reliquary:Stiletto","Coffee Dripper","Girya","Replay:Bottled Eggs","Anchor","Replay:Accelerometer","bronze:DecasWashers","Moonworks:GoldenDie","PreservedInsect","hexamod:Sixitude"],"acts_visited":["Exordium","TheCity","TheBeyond"],"potions_floor_usage":[7,7,8,11,12,14,14,35,35,35,52,52],"damage_taken":[{"damage":5,"enemies":"Small Slimes","floor":1,"turns":3},{"damage":1,"enemies":"Cultist","floor":3,"turns":3},{"damage":2,"enemies":"2 Louse","floor":4,"turns":3},{"damage":10,"enemies":"Lagavulin","floor":7,"turns":4},{"damage":10,"enemies":"Exordium Wildlife","floor":8,"turns":5},{"damage":0,"enemies":"3 Louse","floor":11,"turns":3},{"damage":0,"enemies":"3 Sentries","floor":12,"turns":4},{"damage":1,"enemies":"Large Slime","floor":13,"turns":4},{"damage":18,"enemies":"Gremlin Nob","floor":14,"turns":3},{"damage":22,"enemies":"Fading Forest","floor":16,"turns":11},{"damage":19,"enemies":"2 Thieves","floor":18,"turns":3},{"damage":2,"enemies":"3 Byrds","floor":19,"turns":3},{"damage":0,"enemies":"Slavers","floor":23,"turns":6},{"damage":11,"enemies":"Gremlin Leader","floor":25,"turns":4},{"damage":2,"enemies":"Shelled Parasite and Fungi","floor":28,"turns":3},{"damage":4,"enemies":"Snake Plant","floor":29,"turns":3},{"damage":0,"enemies":"Pondfish","floor":35,"turns":5},{"damage":5,"enemies":"3 Darklings","floor":37,"turns":3},{"damage":22,"enemies":"2 Orb Walkers","floor":39,"turns":5},{"damage":1,"enemies":"Orb Walker","floor":41,"turns":2},{"damage":20,"enemies":"4 Shapes","floor":43,"turns":3},{"damage":0,"enemies":"Reptomancer","floor":44,"turns":2},{"damage":2,"enemies":"Giant Head","floor":49,"turns":3},{"damage":0,"enemies":"Mind Bloom Boss Battle","floor":50,"turns":3},{"damage":2,"enemies":"Time Eater","floor":52,"turns":4}],"seed_played":"6028987075084755363","potions_obtained":[{"floor":2,"key":"Flashbang"},{"floor":2,"key":"Guardian:BlockOnCardUsePotion"},{"floor":2,"key":"Energy Potion"},{"floor":7,"key":"bronze:BurnAndBuffPotion"},{"floor":8,"key":"Strength Potion"},{"floor":11,"key":"SpeedPotion"},{"floor":12,"key":"bronze:BurnAndBuffPotion"},{"floor":19,"key":"Languid Potion"},{"floor":23,"key":"AttackPotion"},{"floor":29,"key":"hexamod:SoulburnPotion"},{"floor":35,"key":"sneckomod:MuddlingPotion"},{"floor":44,"key":"GamblersBrew"},{"floor":50,"key":"Strength Potion"}],"is_trial":false,"path_per_floor":["M","?","M","M","?","R","E","M","T","R","M","E","M","E","R","B",null,"M","M","$","?","?","E","R","E","T","R","M","M","R","PTL","PTL","?","R","B",null,"M","$","?","T","M","R","M","E","T","R","?","$","E","?","R","B",null],"character_chosen":"THE_STARBREAKER","items_purchased":["Membership Card","Centennial Puzzle","Lantern","Moonworks:ShieldCounter","bronze:DecasWashers","Moonworks:GoldenDie","Explosive Potion"],"campfire_rested":1,"item_purchase_floors":[0,0,20,20,48,48,48],"current_hp_per_floor":[49,49,48,46,46,46,36,26,26,26,26,26,25,12,30,33,53,41,46,46,34,34,41,41,40,40,40,48,53,53,53,53,53,53,60,60,60,60,59,59,60,60,43,43,43,43,43,43,49,57,57,60],"gold":92,"neow_bonus":"","is_daily":false,"chose_seed":false,"campfire_upgraded":6,"win_rate":0.0,"timestamp":1613700531,"path_taken":["M","?","?","M","?","R","E","M","T","R","M","E","?","E","R","BOSS","M","M","$","?","?","E","R","E","T","R","M","M","R","PTL","PTL","?","R","BOSS","M","$","?","?","M","R","M","E","T","R","?","$","E","?","R","BOSS"],"items_purchased_type":["Relic","Relic","Relic","Card","Relic","Relic","Potion"],"build_version":"2020-12-22","purchased_purges":1,"victory":true,"max_hp_per_floor":[60,60,60,60,60,60,60,60,60,60,60,60,60,60,60,60,60,60,60,60,60,60,60,60,60,60,60,60,60,60,60,60,60,60,60,60,60,60,60,60,60,60,60,60,60,60,60,60,60,60,60,60],"card_choices":[{"not_picked":["Moonworks:Dash","Moonworks:ReproductionOfRecords"],"picked":"Moonworks:BigBangBell","floor":1},{"not_picked":["Moonworks:MiracleRedBeanIceCream","Moonworks:Heat300Percent"],"picked":"Moonworks:WindyEnchantment","floor":3},{"not_picked":["Moonworks:NicePresent","Moonworks:SakisCookie"],"picked":"Moonworks:DevilHand","floor":4},{"not_picked":["Moonworks:SelfDestruct","Moonworks:IntelligenceOfficer","Moonworks:DeployBits"],"picked":"SKIP","floor":7},{"not_picked":["Moonworks:NicePresent","Moonworks:CloudOfSeagulls"],"picked":"Moonworks:FinalSurgery","floor":8},{"not_picked":["Moonworks:LulusLuckyEgg","Moonworks:ImOnFire"],"picked":"Moonworks:NicePresent","floor":11},{"not_picked":["Moonworks:AngelHand","Moonworks:BackdoorTrade"],"picked":"Moonworks:TacticalRetreat","floor":12},{"not_picked":["Moonworks:BindingChains","Moonworks:EvilSpyWorkPreparation"],"picked":"Moonworks:MiracleRedBeanIceCream","floor":13},{"not_picked":["Moonworks:RedAndBlue","Moonworks:DevilHand"],"picked":"Moonworks:SakisCookie","floor":14},{"not_picked":["Moonworks:PlushieMaster","Moonworks:CrystalBarrier"],"picked":"Moonworks:RocketCannon","floor":16},{"not_picked":["Moonworks:TacticalRetreat","Moonworks:BigMagnum","Moonworks:CloudOfSeagulls"],"picked":"SKIP","floor":18},{"not_picked":["Moonworks:BigMagnum","Moonworks:DeployBits","Moonworks:Bloodlust"],"picked":"SKIP","floor":19},{"not_picked":["Moonworks:BigMagnum+1","Moonworks:RagingMadness"],"picked":"Moonworks:SakisCookie+1","floor":23},{"not_picked":["Moonworks:Bloodlust","Moonworks:JonathanRush+1"],"picked":"Moonworks:NicePresent","floor":25},{"not_picked":["Moonworks:RagingMadness","Moonworks:SakisCookie"],"picked":"Moonworks:Encore","floor":28},{"not_picked":["Moonworks:JonathanRush","Moonworks:CloudOfSeagulls","Moonworks:CookingTime"],"picked":"SKIP","floor":29},{"not_picked":["Moonworks:OutOfAmmo","Moonworks:HolyNight"],"picked":"Moonworks:SinkOrSwim","floor":35},{"not_picked":["Moonworks:ExtendedPhotonRifle","Moonworks:DeployBits"],"picked":"Moonworks:NicePresent+1","floor":37},{"not_picked":["Moonworks:DeployBits","Moonworks:LulusLuckyEgg+1","Moonworks:EvilSpyWorkPreparation+1"],"picked":"SKIP","floor":41},{"not_picked":["Moonworks:RedAndBlue+1","Moonworks:LulusLuckyEgg+1","Moonworks:DeployBits"],"picked":"SKIP","floor":43},{"not_picked":["Moonworks:x16BigRocket+1","Moonworks:AngelHand+1","Moonworks:BigBangBell"],"picked":"SKIP","floor":44},{"not_picked":["Sadistic Nature","Violence"],"picked":"Poisoned Strike","floor":47},{"not_picked":["Moonworks:FinalBattle","Moonworks:DevilHand","Moonworks:LulusLuckyEgg+1"],"picked":"SKIP","floor":49},{"not_picked":["Moonworks:ImOnFire","Moonworks:ForcedRevival+1"],"picked":"Moonworks:CompletionReward+1","floor":50}],"player_experience":671170,"relics_obtained":[{"floor":7,"key":"Du-Vu Doll"},{"floor":9,"key":"TungstenRod"},{"floor":12,"key":"Ginger"},{"floor":14,"key":"Dead Branch"},{"floor":21,"key":"Nilry\u0027s Codex"},{"floor":23,"key":"Meat on the Bone"},{"floor":25,"key":"Guardian:GemstoneGun"},{"floor":26,"key":"reliquary:Stiletto"},{"floor":39,"key":"Girya"},{"floor":40,"key":"Replay:Bottled Eggs"},{"floor":44,"key":"Anchor"},{"floor":45,"key":"Replay:Accelerometer"},{"floor":49,"key":"PreservedInsect"},{"floor":50,"key":"hexamod:Sixitude"}],"event_choices":[{"damage_healed":0,"gold_gain":0,"player_choice":"Got Potions","damage_taken":0,"max_hp_gain":0,"max_hp_loss":0,"event_name":"Lab","floor":2,"gold_loss":0},{"damage_healed":0,"gold_gain":0,"player_choice":"Upgraded","damage_taken":0,"max_hp_gain":0,"max_hp_loss":0,"event_name":"Upgrade Shrine","floor":5,"gold_loss":0,"cards_upgraded":["Moonworks:Ambush"]},{"damage_healed":0,"gold_gain":0,"player_choice":"Obtained Book","damage_taken":16,"max_hp_gain":0,"max_hp_loss":0,"event_name":"Cursed Tome","floor":21,"gold_loss":0},{"damage_healed":0,"gold_gain":0,"cards_transformed":["Moonworks:Strike","Moonworks:Strike"],"player_choice":"Became Test Subject","damage_taken":0,"max_hp_gain":0,"max_hp_loss":0,"event_name":"Drug Dealer","floor":22,"gold_loss":0,"cards_obtained":["Moonworks:Heat300Percent","Moonworks:ScrambledEve"]},{"damage_healed":0,"gold_gain":0,"player_choice":"Fight","damage_taken":0,"max_hp_gain":0,"max_hp_loss":0,"event_name":"Mysterious Sphere","floor":39,"gold_loss":0},{"damage_healed":0,"gold_gain":0,"player_choice":"Memory 1","damage_taken":0,"max_hp_gain":0,"max_hp_loss":0,"event_name":"SensoryStone","floor":47,"gold_loss":0},{"damage_healed":0,"gold_gain":0,"player_choice":"Fight","damage_taken":0,"max_hp_gain":0,"max_hp_loss":0,"event_name":"MindBloom","floor":50,"gold_loss":0}],"is_beta":false,"boss_relics":[{"not_picked":["reliquary:KinkedSpring","bronze:MakeshiftBattery"],"picked":"sneckomod:SneckoTalon"},{"not_picked":["reliquary:Craggleroot","reliquary:RedPaperclip"],"picked":"Coffee Dripper"}],"items_purged_floors":[20],"is_endless":false,"potions_floor_spawned":[7,8,11,12,19,23,29,35,44,50],"ascension_level":10}}