{"host":"f5gffvlv6a66yqkd","time":1613728602,"event":{"mods":["2.2 Compatiblity","BaseMod","Colored Map","Custom Start","DeckTracker","Keyboard Shortcuts","Minty Spire (QoL Compilation)","Permanent Neow","Quick Restart","Relic Stats","StSLib","SuperFastMode"],"gold_per_floor":[113,113,130,130,55,55,67,84,158,177,188,188,7,39,39,115,115,130,45,58,58,3,3,71,85,85,85,11,23,23,36,36,112,112,125,125,125,38,52,52,52],"floor_reached":40,"language":"KOR","playtime":1222,"items_purged":["Defend_P","Defend_P"],"score":753,"play_id":"272e75a4-e9a8-491e-a074-580c202b0f60","local_time":"20210219185642","is_ascension_mode":true,"campfire_choices":[{"data":"Eruption","floor":6,"key":"SMITH"},{"data":"Halt","floor":12,"key":"SMITH"},{"data":"CrushJoints","floor":15,"key":"SMITH"},{"data":"Study","floor":23,"key":"SMITH"},{"data":"MentalFortress","floor":27,"key":"SMITH"},{"data":"TalkToTheHand","floor":30,"key":"SMITH"},{"data":"MentalFortress","floor":32,"key":"SMITH"}],"circlet_count":0,"master_deck":["AscendersBane","Eruption+1","Vigilance","CutThroughFate+1","EmptyMind","Halt+1","TalkToTheHand+1","CrushJoints+1","LessonLearned","Evaluate","Meditate+1","Vault","Study+1","MentalFortress+1","MentalFortress+1","Vault","Blasphemy+1","Conclude+1","Ragnarok+1","Madness","Madness","FearNoEvil"],"relics":["PureWater","Pantograph","Boot","Pandora\u0027s Box","Anchor","Potion Belt","Astrolabe"],"acts_visited":["Exordium","TheCity","TheBeyond"],"potions_floor_usage":[8,16,20,31,31,33,35],"damage_taken":[{"damage":0,"enemies":"Cultist","floor":1,"turns":3},{"damage":2,"enemies":"Small Slimes","floor":3,"turns":4},{"damage":9,"enemies":"Jaw Worm","floor":7,"turns":4},{"damage":0,"enemies":"Looter","floor":8,"turns":2},{"damage":1,"enemies":"Blue Slaver","floor":10,"turns":2},{"damage":12,"enemies":"3 Louse","floor":11,"turns":3},{"damage":17,"enemies":"3 Sentries","floor":14,"turns":8},{"damage":4,"enemies":"Hexaghost","floor":16,"turns":9},{"damage":3,"enemies":"Spheric Guardian","floor":18,"turns":3},{"damage":9,"enemies":"Shell Parasite","floor":20,"turns":4},{"damage":2,"enemies":"Snecko","floor":25,"turns":4},{"damage":0,"enemies":"Centurion and Healer","floor":29,"turns":7},{"damage":0,"enemies":"Cultist and Chosen","floor":31,"turns":4},{"damage":8,"enemies":"Champ","floor":33,"turns":9},{"damage":0,"enemies":"3 Darklings","floor":35,"turns":3},{"damage":0,"enemies":"3 Shapes","floor":39,"turns":4},{"damage":55,"enemies":"Nemesis","floor":40,"turns":3}],"seed_played":"4352572213782007773","potions_obtained":[{"floor":3,"key":"LiquidMemories"},{"floor":7,"key":"Block Potion"},{"floor":8,"key":"Regen Potion"},{"floor":18,"key":"EssenceOfSteel"},{"floor":29,"key":"Weak Potion"},{"floor":33,"key":"DistilledChaos"}],"is_trial":false,"path_per_floor":["M","?","M","?","$","R","M","M","T","M","M","R","$","E","R","B",null,"M","?","M","?","$","R","T","M","T","R","$","M","R","M","R","B",null,"M","?","?","$","M","E"],"character_chosen":"WATCHER","items_purchased":["TalkToTheHand","AttackPotion","MentalFortress","FearNoEvil"],"campfire_rested":0,"item_purchase_floors":[13,22,28,38],"current_hp_per_floor":[61,61,59,52,52,52,43,43,43,42,30,30,30,13,13,49,63,60,60,51,51,51,51,51,49,49,49,49,49,49,49,49,60,66,66,54,54,54,54,0,0],"gold":52,"neow_bonus":"THREE_CARDS","is_daily":false,"chose_seed":false,"campfire_upgraded":7,"win_rate":0.0,"timestamp":1613728602,"path_taken":["M","?","M","?","?","R","M","M","T","M","M","R","$","E","R","BOSS","M","?","M","?","$","R","?","M","T","R","?","M","R","M","R","BOSS","M","?","?","?","M","E"],"items_purchased_type":["Card","Potion","Card","Card"],"build_version":"2020-12-22","purchased_purges":2,"victory":false,"max_hp_per_floor":[68,68,68,68,68,68,68,68,68,68,68,68,68,68,68,68,68,68,68,68,68,68,68,68,68,68,68,68,68,68,68,68,68,68,68,68,68,68,68,68,68],"relic_stats":{"counters":[17,76],"Pantograph":44,"Astrolabe":["Blasphemy","Conclude","Ragnarok"],"Pandora\u0027s Box":["Evaluate","Collect","Meditate","Vault","ReachHeaven"],"Boot":[5],"obtain_stats":[{"Potion Belt":26,"Anchor":19,"Pantograph":9,"Astrolabe":34,"Pandora\u0027s Box":17,"PureWater":0,"Boot":14},{"Potion Belt":11,"Anchor":9,"Pantograph":4,"Astrolabe":14,"Pandora\u0027s Box":8,"PureWater":0,"Boot":7},{"Potion Belt":46,"Anchor":38,"Pantograph":13,"Astrolabe":66,"Pandora\u0027s Box":35,"PureWater":0,"Boot":26}]},"card_choices":[{"not_picked":["PathToVictory","BowlingBash"],"picked":"FollowUp","floor":0},{"not_picked":["Prostrate","PathToVictory"],"picked":"CutThroughFate","floor":1},{"not_picked":["ReachHeaven","PathToVictory","Fasting2"],"picked":"SKIP","floor":3},{"not_picked":["Crescendo","ThirdEye"],"picked":"EmptyMind","floor":7},{"not_picked":["CrushJoints","Evaluate"],"picked":"Halt","floor":8},{"not_picked":["Protect","EmptyMind","BowlingBash"],"picked":"SKIP","floor":10},{"not_picked":["ClearTheMind","Protect","WindmillStrike"],"picked":"SKIP","floor":11},{"not_picked":["Halt","Crescendo"],"picked":"CrushJoints","floor":14},{"not_picked":["Scrawl","ConjureBlade"],"picked":"LessonLearned","floor":16},{"not_picked":["Halt","CrushJoints"],"picked":"Study","floor":18},{"not_picked":["EmptyBody","Vengeance"],"picked":"MentalFortress","floor":20},{"not_picked":["SandsOfTime","Perseverance","EmptyFist"],"picked":"SKIP","floor":25},{"not_picked":["FollowUp","Vengeance","Weave"],"picked":"SKIP","floor":29},{"not_picked":["EmptyBody","Prostrate","ThirdEye"],"picked":"SKIP","floor":31},{"not_picked":["Devotion","SpiritShield"],"picked":"Vault","floor":33},{"not_picked":["Weave","EmptyBody","Consecrate"],"picked":"SKIP","floor":35},{"not_picked":["Perseverance+1","EmptyFist+1","SashWhip"],"picked":"SKIP","floor":39}],"player_experience":1510868,"relics_obtained":[{"floor":9,"key":"Pantograph"},{"floor":14,"key":"Boot"},{"floor":26,"key":"Potion Belt"}],"event_choices":[{"damage_healed":0,"gold_gain":0,"player_choice":"Ignored","damage_taken":0,"max_hp_gain":0,"max_hp_loss":0,"event_name":"Liars Game","floor":2,"gold_loss":0},{"cards_removed":["Strike_P"],"damage_healed":0,"gold_gain":0,"player_choice":"Card Removal","damage_taken":7,"max_hp_gain":0,"max_hp_loss":0,"event_name":"Golden Wing","floor":4,"gold_loss":0},{"damage_healed":0,"gold_gain":0,"player_choice":"Obtained Relic","damage_taken":0,"relics_obtained":["Anchor"],"max_hp_gain":0,"max_hp_loss":0,"event_name":"Addict","floor":19,"gold_loss":85},{"damage_healed":0,"gold_gain":0,"player_choice":"Ignored","damage_taken":0,"max_hp_gain":0,"max_hp_loss":0,"event_name":"Vampires","floor":21,"gold_loss":0},{"damage_healed":0,"gold_gain":0,"player_choice":"Embrace Madness","damage_taken":12,"max_hp_gain":0,"max_hp_loss":0,"event_name":"Winding Halls","floor":36,"gold_loss":0,"cards_obtained":["Madness","Madness"]},{"damage_healed":0,"gold_gain":0,"player_choice":"Ignored","damage_taken":0,"max_hp_gain":0,"max_hp_loss":0,"event_name":"Tomb of Lord Red Mask","floor":37,"gold_loss":0}],"is_beta":false,"boss_relics":[{"not_picked":["SacredBark","Velvet Choker"],"picked":"Pandora\u0027s Box"},{"not_picked":["Cursed Key","Runic Pyramid"],"picked":"Astrolabe"}],"items_purged_floors":[5,13],"is_endless":false,"potions_floor_spawned":[3,7,8,18,29,33],"killed_by":"Nemesis","ascension_level":19}}