{"host":"hw9lt6p3yhr90vz0","time":1613694383,"event":{"mods":["BaseMod","DeckTracker","Minty Spire (QoL Compilation)","Relic Stats"],"gold_per_floor":[18,35,55,70,87,112,112,147,147,147,147],"floor_reached":10,"language":"ENG","playtime":668,"items_purged":[],"score":104,"play_id":"639f68f1-beb8-48e5-b932-0eec393862ec","local_time":"20210218192623","is_ascension_mode":true,"campfire_choices":[{"floor":7,"key":"REST"}],"circlet_count":0,"master_deck":["Strike_R","Strike_R","Strike_R","Strike_R","Defend_R","Defend_R","Defend_R","Bash","Battle Trance","Seeing Red","Whirlwind"],"relics":["Burning Blood","Lantern","Bag of Marbles"],"acts_visited":["Exordium"],"potions_floor_usage":[6,6],"damage_taken":[{"damage":3.0,"enemies":"2 Louse","floor":1.0,"turns":3.0},{"damage":3.0,"enemies":"Small Slimes","floor":2.0,"turns":3.0},{"damage":1.0,"enemies":"Cultist","floor":3.0,"turns":3.0},{"damage":23.0,"enemies":"Large Slime","floor":4.0,"turns":6.0},{"damage":0.0,"enemies":"2 Fungi Beasts","floor":5.0,"turns":2.0},{"damage":39,"enemies":"Lagavulin","floor":6,"turns":8},{"damage":42,"enemies":"Gremlin Nob","floor":8,"turns":4},{"damage":30,"enemies":"3 Sentries","floor":10,"turns":5}],"seed_played":"-7031740908582372254","potions_obtained":[{"floor":2.0,"key":"SteroidPotion"},{"floor":4.0,"key":"Dexterity Potion"},{"floor":6,"key":"GamblersBrew"}],"is_trial":false,"path_per_floor":["M","M","M","M","M","E","R","E","T","E"],"character_chosen":"IRONCLAD","items_purchased":[],"campfire_rested":1,"item_purchase_floors":[],"current_hp_per_floor":[75,78,80,63,69,36,60,24,24,0,0],"gold":147,"neow_bonus":"REMOVE_TWO","is_daily":false,"chose_seed":false,"campfire_upgraded":0,"win_rate":0.0,"timestamp":1613694383,"path_taken":["M","M","M","M","M","E","R","E","T","E"],"items_purchased_type":[],"build_version":"2020-12-22","purchased_purges":0,"victory":false,"max_hp_per_floor":[80,80,80,80,80,80,80,80,80,80,80],"relic_stats":{"counters":[8,34],"obtain_stats":[{"Lantern":6,"Bag of Marbles":8,"Burning Blood":0},{"Lantern":6,"Bag of Marbles":7,"Burning Blood":0},{"Lantern":25,"Bag of Marbles":29,"Burning Blood":0}],"Burning Blood":39},"card_choices":[{"not_picked":["Havoc","Headbutt"],"picked":"Battle Trance","floor":1.0},{"not_picked":["Pummel","Flex"],"picked":"Seeing Red","floor":2.0},{"not_picked":["Wild Strike","Shrug It Off","Clothesline"],"picked":"SKIP","floor":3.0},{"not_picked":["Offering","Clothesline"],"picked":"Whirlwind","floor":4.0},{"not_picked":["Thunderclap","Warcry","Sever Soul"],"picked":"SKIP","floor":5.0},{"not_picked":["Berserk","Shrug It Off","Flame Barrier"],"picked":"SKIP","floor":6},{"not_picked":["Headbutt","Anger","Whirlwind"],"picked":"SKIP","floor":8}],"player_experience":1459054,"relics_obtained":[{"floor":6,"key":"Lantern"},{"floor":8,"key":"Bag of Marbles"}],"event_choices":[],"is_beta":false,"boss_relics":[],"items_purged_floors":[],"is_endless":false,"potions_floor_spawned":[2,4,6],"killed_by":"3 Sentries","ascension_level":6}}