{"host":"t1puqh5lxz8sp6fn","time":1613775277,"event":{"mods":["AchievementEnabler","BaseMod","Colored Powertips","Minty Spire (QoL Compilation)","Rare Cards Sparkle","Relic Stats","StSLib"],"gold_per_floor":[210,222,232,13,33,59,59,7,7,33,33,98,98,117,117,193,193,208,224,249,174,193,220,220,72,72,89,89,39,64,64,64,64,64],"floor_reached":33,"playtime":1054,"items_purged":["Strike_B+1"],"score":513,"play_id":"7b41a124-990d-4233-bdab-cba9ebe0c448","local_time":"20210219195437","is_ascension_mode":true,"campfire_choices":[{"floor":7.0,"key":"REST"},{"data":"The Bomb","floor":11.0,"key":"SMITH"},{"data":"Ball Lightning","floor":15.0,"key":"SMITH"},{"floor":24,"key":"REST"},{"data":"Biased Cognition","floor":28,"key":"SMITH"},{"data":"Biased Cognition","floor":32,"key":"SMITH"}],"circlet_count":0,"master_deck":["AscendersBane","Strike_B+1","Defend_B","Defend_B","Defend_B","Zap","Dualcast","Barrage","Aggregate","Biased Cognition+1","The Bomb+1","Conserve Battery","Coolheaded","Ball Lightning+1","Hologram","Sweeping Beam","Electrodynamics","Recycle+1","Thunder Strike+1","Static Discharge+1","Go for the Eyes","Biased Cognition+1","Capacitor","Reinforced Body","FTL+1","Decay"],"relics":["Cracked Core","Whetstone","HornCleat","Eternal Feather","Boot","Astrolabe","Strawberry","Lantern","PreservedInsect","Mummified Hand","Regal Pillow"],"acts_visited":["Exordium","TheCity"],"potions_floor_usage":[23,23,30],"damage_taken":[{"damage":4.0,"enemies":"2 Louse","floor":1.0,"turns":2.0},{"damage":7.0,"enemies":"Jaw Worm","floor":2.0,"turns":3.0},{"damage":6.0,"enemies":"Cultist","floor":3.0,"turns":3.0},{"damage":9.0,"enemies":"Red Slaver","floor":5.0,"turns":5.0},{"damage":32.0,"enemies":"Gremlin Nob","floor":6.0,"turns":4.0},{"damage":21.0,"enemies":"Lagavulin","floor":10.0,"turns":4.0},{"damage":1.0,"enemies":"Gremlin Nob","floor":12.0,"turns":3.0},{"damage":0.0,"enemies":"Exordium Thugs","floor":14.0,"turns":4.0},{"damage":28.0,"enemies":"The Guardian","floor":16.0,"turns":10.0},{"damage":21.0,"enemies":"Shell Parasite","floor":18.0,"turns":4.0},{"damage":11.0,"enemies":"2 Thieves","floor":19.0,"turns":3.0},{"damage":15,"enemies":"Shelled Parasite and Fungi","floor":22,"turns":3},{"damage":22,"enemies":"Gremlin Leader","floor":23,"turns":4},{"damage":32,"enemies":"Snake Plant","floor":27,"turns":4},{"damage":7,"enemies":"Slavers","floor":30,"turns":4},{"damage":39,"enemies":"Collector","floor":33,"turns":3}],"seed_played":"5653273348155641171","potions_obtained":[{"floor":1.0,"key":"FearPotion"},{"floor":5.0,"key":"EntropicBrew"},{"floor":6.0,"key":"Fruit Juice"},{"floor":16.0,"key":"Regen Potion"},{"floor":19.0,"key":"DuplicationPotion"}],"is_trial":false,"path_per_floor":["M","M","M","$","M","E","R","$","T","E","R","?","?","M","R","B",null,"M","M","T","$","M","E","R","$","T","M","R","$","E","?","R","B"],"character_chosen":"DEFECT","items_purchased":["The Bomb","Conserve Battery","SteroidPotion","PreservedInsect","Block Potion"],"campfire_rested":2,"item_purchase_floors":[4,4,8,25,29],"current_hp_per_floor":[60,53,47,47,38,6,33,33,33,12,21,20,20,20,32,4,58,37,26,33,33,18,8,44,44,44,12,24,24,17,17,32,0,0],"gold":64,"neow_bonus":"HUNDRED_GOLD","is_daily":false,"chose_seed":false,"campfire_upgraded":4,"win_rate":0.0,"timestamp":1613775277,"path_taken":["M","M","M","$","M","E","R","$","T","E","R","?","?","?","R","BOSS","M","?","?","$","M","E","R","?","T","M","R","$","E","?","R","BOSS"],"items_purchased_type":["Card","Card","Potion","Relic","Potion"],"build_version":"2020-12-13","purchased_purges":1,"victory":false,"max_hp_per_floor":[71,71,71,71,71,71,76,76,76,76,76,76,76,76,76,76,76,76,76,83,83,83,83,83,83,83,83,83,83,83,83,83,83,83],"relic_stats":{"Regal Pillow":0,"counters":[16,63],"Mummified Hand":[10],"Astrolabe":["Recycle","Thunder Strike","Static Discharge"],"Eternal Feather":60,"PreservedInsect":42,"Whetstone":["Strike_B","Strike_B"],"Boot":[22],"obtain_stats":[{"Lantern":23,"Regal Pillow":30,"HornCleat":9,"Mummified Hand":26,"Astrolabe":17,"Strawberry":20,"Eternal Feather":10,"PreservedInsect":25,"Whetstone":6,"Cracked Core":0,"Boot":12},{"Lantern":13,"Regal Pillow":15,"HornCleat":5,"Mummified Hand":13,"Astrolabe":9,"Strawberry":11,"Eternal Feather":6,"PreservedInsect":13,"Whetstone":5,"Cracked Core":0,"Boot":7},{"Lantern":52,"Regal Pillow":60,"HornCleat":17,"Mummified Hand":52,"Astrolabe":38,"Strawberry":45,"Eternal Feather":21,"PreservedInsect":52,"Whetstone":17,"Cracked Core":0,"Boot":24}]},"card_choices":[{"not_picked":["Tempest","Stack"],"picked":"Barrage","floor":1.0},{"not_picked":["Barrage","Loop"],"picked":"Aggregate","floor":2.0},{"not_picked":["Compile Driver","Chill"],"picked":"Biased Cognition","floor":3.0},{"not_picked":["Static Discharge","Rebound"],"picked":"Coolheaded","floor":5.0},{"not_picked":["Gash","Compile Driver"],"picked":"Ball Lightning","floor":6.0},{"not_picked":["Gash","Static Discharge"],"picked":"Hologram","floor":10.0},{"not_picked":["Fission","Force Field"],"picked":"Sweeping Beam","floor":14.0},{"not_picked":["Machine Learning","Core Surge"],"picked":"Electrodynamics","floor":16.0},{"not_picked":["Barrage+1","Rebound"],"picked":"Go for the Eyes","floor":18.0},{"not_picked":["Redo","Scrape"],"picked":"Biased Cognition","floor":19.0},{"not_picked":["Chaos","Leap"],"picked":"Capacitor","floor":22},{"not_picked":["Hologram","Conserve Battery","Redo"],"picked":"SKIP","floor":23},{"not_picked":["Sweeping Beam","Redo+1"],"picked":"Reinforced Body","floor":27},{"not_picked":["Compile Driver","Sweeping Beam"],"picked":"FTL+1","floor":30}],"player_experience":544122,"relics_obtained":[{"floor":6.0,"key":"Whetstone"},{"floor":9.0,"key":"HornCleat"},{"floor":10.0,"key":"Eternal Feather"},{"floor":12.0,"key":"Boot"},{"floor":20.0,"key":"Strawberry"},{"floor":23,"key":"Lantern"},{"floor":26,"key":"Mummified Hand"},{"floor":30,"key":"Regal Pillow"}],"event_choices":[{"damage_healed":0.0,"max_hp_gain":0.0,"max_hp_loss":0.0,"gold_gain":30.0,"event_name":"Dead Adventurer","player_choice":"Searched \u00272\u0027 times","floor":12.0,"gold_loss":0.0,"damage_taken":0.0},{"damage_healed":0.0,"max_hp_gain":0.0,"max_hp_loss":0.0,"gold_gain":0.0,"event_name":"Shining Light","player_choice":"Ignored","floor":13.0,"gold_loss":0.0,"damage_taken":0.0},{"damage_healed":0,"gold_gain":0,"player_choice":"Smashed Altar","damage_taken":0,"max_hp_gain":0,"max_hp_loss":0,"event_name":"Forgotten Altar","floor":31,"gold_loss":0,"cards_obtained":["Decay"]}],"is_beta":false,"boss_relics":[{"not_picked":["Tiny House","Runic Pyramid"],"picked":"Astrolabe"}],"items_purged_floors":[21],"is_endless":false,"potions_floor_spawned":[1,5,6,10,16,19,22],"killed_by":"Collector","ascension_level":15}}