{"host":"dpbezu80jg8zk7un","time":1613772544,"event":{"mods":["BaseMod","Colored Map","Colored Powertips","Custom Start","DeckTracker","Minty Spire (QoL Compilation)","Quick Restart","StSLib","SuperFastMode"],"gold_per_floor":[119,130,148,164,180,180,190,190,190,224,224,253,253,267,267,344,344,358,283,295,195,208,208,236,49,49,49,60,93,119,136,136,211,211,222,1221,1268,1282,691,717,717,750,750,766,781,799,830,608,608,608,608,608,608,143,177,177],"floor_reached":57,"language":"KOR","playtime":2179,"items_purged":["Defend_P","Defend_P","Strike_P","Strike_P","Writhe","Defend_P"],"score":3463,"play_id":"14dbf452-d70a-48af-a624-853c90b2a3ae","local_time":"20210220070904","is_ascension_mode":true,"campfire_choices":[{"data":"Eruption","floor":6.0,"key":"SMITH"},{"data":"CrushJoints","floor":8.0,"key":"SMITH"},{"data":"Meditate","floor":11.0,"key":"SMITH"},{"data":"InnerPeace","floor":15.0,"key":"SMITH"},{"floor":23.0,"key":"REST"},{"data":"Adaptation","floor":27.0,"key":"SMITH"},{"data":"MentalFortress","floor":32.0,"key":"SMITH"},{"floor":41.0,"key":"RECALL"},{"data":"Vault","floor":49.0,"key":"SMITH"},{"data":"Scrawl","floor":53,"key":"SMITH"}],"circlet_count":0,"master_deck":["AscendersBane","Eruption+1","Vigilance","EmptyFist","Meditate+1","CrushJoints+1","MentalFortress+1","FlurryOfBlows","InnerPeace+1","Establishment","Adaptation+1","Adaptation+1","Scrawl+1","Vault+1"],"relics":["PureWater","Singing Bowl","CloakClasp","Shuriken","Black Star","Pear","MawBank","Mummified Hand","Lantern","Unceasing Top","Omamori","Cursed Key","Bird Faced Urn","Membership Card","Thread and Needle","Letter Opener","Vajra","Dream Catcher","Gremlin Horn","Mango","Ancient Tea Set","Bottled Tornado","Sundial","Bronze Scales","StoneCalendar","Melange","Blue Candle","Bottled Lightning"],"acts_visited":["Exordium","TheCity","TheBeyond","TheEnding"],"potions_floor_usage":[56,56],"damage_taken":[{"damage":0.0,"enemies":"Cultist","floor":1.0,"turns":2.0},{"damage":0.0,"enemies":"Jaw Worm","floor":2.0,"turns":2.0},{"damage":2.0,"enemies":"Small Slimes","floor":3.0,"turns":3.0},{"damage":8.0,"enemies":"Blue Slaver","floor":4.0,"turns":3.0},{"damage":8.0,"enemies":"2 Fungi Beasts","floor":5.0,"turns":3.0},{"damage":6.0,"enemies":"Exordium Thugs","floor":7.0,"turns":2.0},{"damage":15.0,"enemies":"3 Sentries","floor":10.0,"turns":5.0},{"damage":0.0,"enemies":"Lagavulin","floor":12.0,"turns":3.0},{"damage":3.0,"enemies":"Gremlin Gang","floor":14.0,"turns":4.0},{"damage":18.0,"enemies":"Slime Boss","floor":16.0,"turns":4.0},{"damage":5.0,"enemies":"Chosen","floor":18.0,"turns":3.0},{"damage":4.0,"enemies":"3 Byrds","floor":20.0,"turns":4.0},{"damage":21.0,"enemies":"Shelled Parasite and Fungi","floor":22.0,"turns":3.0},{"damage":11.0,"enemies":"Book of Stabbing","floor":24.0,"turns":3.0},{"damage":6.0,"enemies":"Centurion and Healer","floor":28.0,"turns":3.0},{"damage":0.0,"enemies":"Gremlin Leader","floor":29.0,"turns":3.0},{"damage":0.0,"enemies":"Sentry and Sphere","floor":31.0,"turns":3.0},{"damage":0.0,"enemies":"Automaton","floor":33.0,"turns":2.0},{"damage":0.0,"enemies":"3 Shapes","floor":35.0,"turns":1.0},{"damage":12.0,"enemies":"2 Orb Walkers","floor":37.0,"turns":3.0},{"damage":0.0,"enemies":"Orb Walker","floor":38.0,"turns":2.0},{"damage":0.0,"enemies":"Reptomancer","floor":40.0,"turns":1.0},{"damage":0.0,"enemies":"Nemesis","floor":42.0,"turns":1.0},{"damage":0.0,"enemies":"Spire Growth","floor":44.0,"turns":2.0},{"damage":0.0,"enemies":"4 Shapes","floor":45.0,"turns":1.0},{"damage":0.0,"enemies":"Jaw Worm Horde","floor":46.0,"turns":2.0},{"damage":0.0,"enemies":"Giant Head","floor":47.0,"turns":2.0},{"damage":0,"enemies":"Donu and Deca","floor":50,"turns":3},{"damage":13,"enemies":"Time Eater","floor":51,"turns":5},{"damage":0,"enemies":"Shield and Spear","floor":55,"turns":2},{"damage":10,"enemies":"The Heart","floor":56,"turns":5}],"seed_played":"8635980086309664694","potions_obtained":[{"floor":3.0,"key":"SpeedPotion"},{"floor":5.0,"key":"LiquidMemories"},{"floor":10.0,"key":"PowerPotion"},{"floor":16.0,"key":"Strength Potion"},{"floor":20.0,"key":"DuplicationPotion"},{"floor":28.0,"key":"ColorlessPotion"},{"floor":29.0,"key":"Swift Potion"},{"floor":38.0,"key":"BottledMiracle"}],"is_trial":false,"path_per_floor":["M","M","M","M","M","R","M","R","T","E","R","E","?","M","R","B",null,"M","$","M","$","M","R","E","$","T","R","M","E","T","M","R","B",null,"M","?","?","M","$","E","R","E","T","M","M","M","E","$","R","B","B",null,"R","$","E","B",null],"character_chosen":"WATCHER","items_purchased":["Adaptation","Membership Card","Thread and Needle","Letter Opener","GamblersBrew","Sundial","Bronze Scales","StoneCalendar","Melange","Dexterity Potion"],"campfire_rested":1,"item_purchase_floors":[25,39,39,39,39,48,54,54,54,54],"current_hp_per_floor":[61,61,59,51,43,43,37,37,37,22,22,24,24,23,23,5,51,46,46,44,44,25,46,47,47,47,47,43,45,45,47,47,47,78,80,80,70,80,80,90,90,112,112,114,116,118,118,118,118,118,109,116,116,116,120,118],"gold":177,"neow_bonus":"REMOVE_TWO","is_daily":false,"chose_seed":false,"campfire_upgraded":8,"win_rate":0.0,"timestamp":1613772544,"path_taken":["M","M","M","M","M","R","?","R","T","E","R","E","?","M","R","BOSS","M","$","M","$","M","R","E","$","T","R","M","E","?","M","R","BOSS","M","?","?","M","$","E","R","E","T","M","M","M","E","$","R","BOSS","BOSS","R","$","E","BOSS"],"items_purchased_type":["Card","Relic","Relic","Relic","Potion","Relic","Relic","Relic","Relic","Potion"],"build_version":"2020-12-22","purchased_purges":6,"victory":true,"max_hp_per_floor":[62,62,62,62,62,62,62,62,62,62,62,64,64,66,66,66,66,66,66,68,68,70,70,82,82,82,82,84,86,86,88,88,88,88,90,90,92,94,94,96,96,112,112,114,116,118,118,118,118,118,118,118,118,118,120,120],"card_choices":[{"not_picked":["FollowUp","EmptyMind"],"picked":"EmptyFist","floor":1.0},{"not_picked":["MentalFortress","EmptyFist"],"picked":"Meditate","floor":2.0},{"not_picked":["Wallop","FollowUp"],"picked":"CrushJoints","floor":3.0},{"not_picked":["Meditate","Indignation"],"picked":"MentalFortress","floor":4.0},{"not_picked":["Weave","Protect"],"picked":"FlurryOfBlows","floor":5.0},{"not_picked":["Omniscience","Fasting2","FollowUp"],"picked":"SKIP","floor":7.0},{"not_picked":["EmptyFist","Crescendo"],"picked":"InnerPeace","floor":10.0},{"not_picked":["ClearTheMind","Pray","DeceiveReality"],"picked":"Singing Bowl","floor":12.0},{"not_picked":["Crescendo","PathToVictory","EmptyMind"],"picked":"Singing Bowl","floor":14.0},{"not_picked":["SpiritShield","Omniscience"],"picked":"Establishment","floor":16.0},{"not_picked":["SashWhip","ForeignInfluence"],"picked":"Adaptation+1","floor":18.0},{"not_picked":["BowlingBash","CutThroughFate","Prostrate"],"picked":"Singing Bowl","floor":20.0},{"not_picked":["LikeWater","ThirdEye","CutThroughFate"],"picked":"Singing Bowl","floor":22.0},{"not_picked":["EmptyBody+1","EmptyMind","PathToVictory+1"],"picked":"Singing Bowl","floor":24.0},{"not_picked":["Wallop","SashWhip","EmptyFist"],"picked":"Singing Bowl","floor":28.0},{"not_picked":["Brilliance","BowlingBash","Perseverance"],"picked":"Singing Bowl","floor":29.0},{"not_picked":["DeceiveReality","Wallop","Collect+1"],"picked":"Singing Bowl","floor":31.0},{"not_picked":["Vault","DeusExMachina"],"picked":"Scrawl","floor":33.0},{"not_picked":["Tantrum","WaveOfTheHand","Pray"],"picked":"Singing Bowl","floor":35.0},{"not_picked":["Crescendo+1","EmptyFist+1","CutThroughFate"],"picked":"Singing Bowl","floor":37.0},{"not_picked":["LikeWater","FlyingSleeves","SandsOfTime+1"],"picked":"Singing Bowl","floor":38.0},{"not_picked":["FollowUp","Conclude","FlurryOfBlows"],"picked":"Singing Bowl","floor":40.0},{"not_picked":["ReachHeaven+1","FlurryOfBlows","MentalFortress+1"],"picked":"Singing Bowl","floor":42.0},{"not_picked":["Prostrate","FlurryOfBlows","Evaluate+1"],"picked":"Singing Bowl","floor":44.0},{"not_picked":["MentalFortress","Meditate","CutThroughFate"],"picked":"Singing Bowl","floor":45.0},{"not_picked":["Evaluate+1","TalkToTheHand","Prostrate"],"picked":"Singing Bowl","floor":46.0},{"not_picked":["DeceiveReality","EmptyFist"],"picked":"Vault","floor":47.0},{"not_picked":["ThirdEye+1","ClearTheMind","EmptyBody"],"picked":"Singing Bowl","floor":55}],"player_experience":2984886,"relics_obtained":[{"floor":9.0,"key":"Singing Bowl"},{"floor":10.0,"key":"CloakClasp"},{"floor":12.0,"key":"Shuriken"},{"floor":24.0,"key":"Pear"},{"floor":24.0,"key":"MawBank"},{"floor":26.0,"key":"Mummified Hand"},{"floor":29.0,"key":"Lantern"},{"floor":29.0,"key":"Unceasing Top"},{"floor":30.0,"key":"Omamori"},{"floor":37.0,"key":"Bird Faced Urn"},{"floor":40.0,"key":"Vajra"},{"floor":40.0,"key":"Dream Catcher"},{"floor":42.0,"key":"Gremlin Horn"},{"floor":42.0,"key":"Mango"},{"floor":47.0,"key":"Ancient Tea Set"},{"floor":47.0,"key":"Bottled Tornado"},{"floor":55,"key":"Blue Candle"},{"floor":55,"key":"Bottled Lightning"}],"event_choices":[{"cards_removed":["Strike_P"],"damage_healed":0.0,"max_hp_gain":0.0,"max_hp_loss":0.0,"gold_gain":0.0,"event_name":"Bonfire Elementals","player_choice":"Offered Basic","floor":13.0,"gold_loss":0.0,"damage_taken":0.0},{"damage_healed":0.0,"max_hp_gain":0.0,"max_hp_loss":0.0,"gold_gain":999.0,"event_name":"MindBloom","player_choice":"Gold","floor":36.0,"gold_loss":0.0,"damage_taken":0.0,"cards_obtained":["Normality","Normality"]},{"damage_healed":0.0,"max_hp_gain":0.0,"max_hp_loss":0.0,"gold_gain":0.0,"event_name":"Mysterious Sphere","player_choice":"Fight","floor":37.0,"gold_loss":0.0,"damage_taken":0.0}],"is_beta":false,"boss_relics":[{"not_picked":["SlaversCollar","Sozu"],"picked":"Black Star"},{"not_picked":["Tiny House","SacredBark"],"picked":"Cursed Key"}],"items_purged_floors":[19,21,25,39,48,54],"is_endless":false,"potions_floor_spawned":[3,5,10,16,20,28,29,35,38,45,55],"ascension_level":20}}