{"host":"gaqyve1328ta0etl","time":1613728163,"event":{"mods":["BaseMod","Colored Map","Colored Powertips","Duelist Mod","Googly Eyes","Hero for Fun","Minty Spire (QoL Compilation)","Shop Mod","StSLib","SuperFastMode","The Hierophant","The Runesmith"],"gold_per_floor":[140,140,152,77,93,93,105,138,138,38,38,38,65,65,65,143,143,83,83,97,114,130,130,149,169,169,196,196,18,18,37,37,37,37],"floor_reached":33,"language":"ENG","playtime":1359,"items_purged":["theDuelist:CastleWalls","theDuelist:InjectionFairy","theDuelist:NeoMagic"],"score":446,"play_id":"4a184805-6b46-4ab8-9988-1abdbca62068","local_time":"20210219014923","is_ascension_mode":true,"campfire_choices":[{"data":"theDuelist:RainbowKuriboh","floor":6,"key":"SMITH"},{"floor":11,"key":"REST"},{"floor":15,"key":"REST"},{"floor":23,"key":"REST"},{"floor":30,"key":"REST"},{"floor":32,"key":"REST"}],"circlet_count":0,"master_deck":["AscendersBane","theDuelist:CastleWalls","theDuelist:DarkMagician","theDuelist:MysticalElf","theDuelist:MysticalElf","theDuelist:NeoMagic","theDuelist:PowerKaishin","theDuelist:ThousandEyesIdol","theDuelist:ExodiaRL","theDuelist:RainbowKuriboh+1","theDuelist:MagiciansRod","theDuelist:IrisEarthMother","theDuelist:IrisEarthMother","theDuelist:ExodiaNecross+1","theDuelist:ExodiaLL"],"relics":["theDuelist:MillenniumPuzzle","theDuelist:CardPoolRelic","theDuelist:CardPoolBasicRelic","theDuelist:BoosterPackPoolRelic","theDuelist:CardPoolAddRelic","theDuelist:CardPoolMinusRelic","theDuelist:CardPoolSaveRelic","theDuelist:CardPoolOptionsRelic","Bronze Scales","Ancient Tea Set","Paper Crane","Philosopher\u0027s Stone","Sundial","PreservedInsect","theDuelist:CursedHealer"],"acts_visited":["Exordium","TheCity"],"potions_floor_usage":[13,16,24,31,33],"damage_taken":[{"damage":0,"enemies":"Jaw Worm","floor":1,"turns":3},{"damage":0,"enemies":"Cultist","floor":3,"turns":4},{"damage":0,"enemies":"2 Louse","floor":5,"turns":3},{"damage":27,"enemies":"Gremlin Gang","floor":7,"turns":3},{"damage":9,"enemies":"Gremlin Nob","floor":8,"turns":4},{"damage":10,"enemies":"3 Sentries","floor":13,"turns":6},{"damage":30,"enemies":"Hexaghost","floor":16,"turns":9},{"damage":1,"enemies":"2 Thieves","floor":18,"turns":4},{"damage":27,"enemies":"Chosen","floor":20,"turns":6},{"damage":15,"enemies":"Centurion and Healer","floor":21,"turns":7},{"damage":0,"enemies":"Snecko","floor":22,"turns":5},{"damage":24,"enemies":"Shelled Parasite and Fungi","floor":24,"turns":8},{"damage":12,"enemies":"Snake Plant","floor":25,"turns":6},{"damage":45,"enemies":"3 Cultists","floor":31,"turns":5},{"damage":37,"enemies":"Collector","floor":33,"turns":3}],"seed_played":"582717745039382608","potions_obtained":[{"floor":1,"key":"theDuelist:TokenPotion"},{"floor":3,"key":"Strength Potion"},{"floor":20,"key":"theDuelist:SealedPackE"},{"floor":22,"key":"LiquidBronze"},{"floor":24,"key":"theDuelist:TokenPotionB"},{"floor":31,"key":"SpeedPotion"}],"is_trial":false,"path_per_floor":["M","?","M","$","M","R","M","E","T","$","R","?","E","?","R","B",null,"M","$","M","M","M","R","M","M","T","T","?","$","R","M","R","B"],"character_chosen":"THE_DUELIST","items_purchased":["theDuelist:ExodiaLL"],"campfire_rested":5,"item_purchase_floors":[29],"current_hp_per_floor":[45,45,45,45,53,53,26,25,25,25,46,46,36,36,57,27,59,58,58,31,16,16,37,13,1,1,1,26,26,47,2,23,0,0],"gold":37,"neow_bonus":"TRANSFORM_TWO_CARDS","is_daily":false,"chose_seed":false,"campfire_upgraded":1,"win_rate":0.0,"timestamp":1613728163,"path_taken":["M","?","M","$","?","R","M","E","T","$","R","?","E","?","R","BOSS","M","$","?","?","M","R","M","M","T","?","?","$","R","M","R","BOSS"],"items_purchased_type":["Card"],"build_version":"2020-12-22","purchased_purges":3,"victory":false,"max_hp_per_floor":[70,70,70,70,70,70,70,70,70,70,70,70,70,70,70,70,70,70,70,70,70,70,70,70,70,70,70,70,70,70,70,70,70,70],"card_choices":[{"not_picked":["theDuelist:NeoMagic","theDuelist:DarkMagician","theDuelist:GeminiElf","theDuelist:Mudballman"],"picked":"theDuelist:ExodiaRL","floor":1},{"not_picked":["theDuelist:DarkMagician","theDuelist:FlyingSaucer","theDuelist:Mudballman","theDuelist:CosmicHorrorGangiel"],"picked":"theDuelist:InjectionFairy","floor":3},{"not_picked":["theDuelist:BlueBloodedOni","theDuelist:GreenGraveOni","theDuelist:GreyGreedOni","theDuelist:PurplePainOni"],"picked":"theDuelist:RainbowKuriboh","floor":5},{"not_picked":["theDuelist:SilentDoom","theDuelist:OnslaughtFireKings","theDuelist:MagiciansRobe","theDuelist:VoidExpansion"],"picked":"theDuelist:MagiciansRod","floor":7},{"not_picked":["theDuelist:RainbowDarkDragon","theDuelist:RainbowMagician","theDuelist:RainbowKuriboh","theDuelist:RainbowOverdragon"],"picked":"theDuelist:IrisEarthMother","floor":8},{"not_picked":["theDuelist:NeoMagic","theDuelist:CallAtlanteans","theDuelist:ThousandEyesIdol","theDuelist:DarkMagician","theDuelist:WitchBlackRose"],"picked":"SKIP","floor":13},{"not_picked":["theDuelist:RainbowDarkDragon","theDuelist:RainbowMagician","theDuelist:RainbowKuriboh","theDuelist:RainbowOverdragon"],"picked":"theDuelist:IrisEarthMother","floor":16},{"not_picked":["theDuelist:ExodiaHead","theDuelist:QueenDragunDjinn"],"picked":"theDuelist:ExodiaNecross+1","floor":18},{"not_picked":["theDuelist:InjectionFairy","theDuelist:DarkMagicianGirl","theDuelist:LordD+1","theDuelist:CallAtlanteans","theDuelist:SkilledDarkMagician"],"picked":"SKIP","floor":20},{"not_picked":["theDuelist:SangaThunder","theDuelist:Illusionist","theDuelist:NeoMagic+1","theDuelist:ExodiaRL","theDuelist:DoomShaman"],"picked":"SKIP","floor":21},{"not_picked":["theDuelist:Sangan","theDuelist:PotAvarice","theDuelist:DarkCreator","theDuelist:Fissure","theDuelist:PotGreed"],"picked":"SKIP","floor":22},{"not_picked":["theDuelist:ApprenticeIllusionMagician","theDuelist:Cloning","theDuelist:Hinotama+1","theDuelist:LightningDarts+1","theDuelist:OneForOne+1"],"picked":"SKIP","floor":24},{"not_picked":["theDuelist:NeoMagic+1","theDuelist:SangaEarth","theDuelist:MythicalBeast","theDuelist:BlizzardPrincess","theDuelist:ExodiaNecross"],"picked":"SKIP","floor":25},{"not_picked":["theDuelist:BlizzardWarrior","theDuelist:SangaThunder","theDuelist:FlyingSaucer","theDuelist:LordD","theDuelist:AlienTelepath"],"picked":"SKIP","floor":31}],"player_experience":2217246,"relics_obtained":[{"floor":8,"key":"Bronze Scales"},{"floor":9,"key":"Ancient Tea Set"},{"floor":13,"key":"Paper Crane"},{"floor":26,"key":"Sundial"},{"floor":27,"key":"PreservedInsect"}],"event_choices":[{"cards_removed":["theDuelist:Sparks"],"damage_healed":0,"gold_gain":0,"player_choice":"Offered Basic","damage_taken":0,"max_hp_gain":0,"max_hp_loss":0,"event_name":"Bonfire Elementals","floor":2,"gold_loss":0},{"damage_healed":0,"gold_gain":0,"player_choice":"Ignored","damage_taken":0,"max_hp_gain":0,"max_hp_loss":0,"event_name":"Liars Game","floor":12,"gold_loss":0},{"damage_healed":0,"gold_gain":0,"player_choice":"Leave","duelist":true,"damage_taken":0,"max_hp_gain":0,"max_hp_loss":0,"event_name":"Millennium Items","floor":14,"gold_loss":0},{"damage_healed":0,"gold_gain":0,"player_choice":"Succumb - +25HP/Cursed Relic","duelist":true,"damage_taken":0,"max_hp_gain":0,"max_hp_loss":0,"event_name":"Tomb of the Nameless","floor":28,"gold_loss":0}],"is_beta":false,"boss_relics":[{"not_picked":["Runesmith:UraniumAnvil","Pandora\u0027s Box"],"picked":"Philosopher\u0027s Stone"}],"items_purged_floors":[4,10,29],"is_endless":false,"potions_floor_spawned":[1,3,5,7,20,22,24,31],"killed_by":"Collector","ascension_level":15}}