{"host":"cjhtzh7tp54jdfyv","time":1613715926,"event":{"mods":["AchievementEnabler","BaseMod","Colored Map","Colored Powertips","Curses Come First","DeckTracker","Filter the Spire","Minty Spire (QoL Compilation)","RNG Fix","Relic Sorter","Relic Stats","StSLib","UnlockEverythingMod","ojb\u0027s Better Paths Mod","ojb\u0027s Info Mod"],"gold_per_floor":[99,99,99,24,24,24,24,24,24,24,24,24,24,24,24,24,24,24,24,24,24,24,24,24,24,24,24,24,24,24,24,24,24,24,24,24,24,24,24,24,24,24,24,24,24,24,24,24,24,24,24,24],"floor_reached":51,"language":"ENG","playtime":6414,"items_purged":[],"score":1744,"play_id":"9b5e9437-266d-40f5-a639-7fee1e030717","local_time":"20210219012526","is_ascension_mode":true,"campfire_choices":[{"data":"Eruption","floor":8.0,"key":"SMITH"},{"data":"Omniscience","floor":15.0,"key":"SMITH"},{"data":"EmptyMind","floor":29.0,"key":"SMITH"},{"data":"CrushJoints","floor":32.0,"key":"SMITH"},{"floor":49.0,"key":"RECALL"}],"circlet_count":0,"master_deck":["AscendersBane","Strike_P","Strike_P","Strike_P","Strike_P","Defend_P","Defend_P","Defend_P","Eruption+1","Vigilance","Conclude","EmptyMind+1","FlurryOfBlows","InnerPeace","JustLucky","Adaptation","Omniscience+1","CutThroughFate","FlurryOfBlows","Omniscience+1","CutThroughFate","FollowUp+1","CrushJoints+1","DeusExMachina","Tantrum","Sanctity","Weave","Ragnarok","TalkToTheHand","Prostrate+1","Meditate","Halt","EmptyMind","Halt+1","InnerPeace"],"relics":["Ectoplasm","Damaru","Yang","Mango","Old Coin","VioletLotus","Bag of Marbles","Akabeko","Pear","Runic Pyramid","Lantern","Mummified Hand","InkBottle","Toy Ornithopter"],"acts_visited":["Exordium","TheCity","TheBeyond"],"potions_floor_usage":[50],"damage_taken":[{"damage":2.0,"enemies":"Small Slimes","floor":1.0,"turns":3.0},{"damage":0.0,"enemies":"Cultist","floor":2.0,"turns":2.0},{"damage":4.0,"enemies":"Jaw Worm","floor":3.0,"turns":3.0},{"damage":1.0,"enemies":"3 Louse","floor":5.0,"turns":2.0},{"damage":17.0,"enemies":"Lagavulin","floor":6.0,"turns":6.0},{"damage":0.0,"enemies":"2 Fungi Beasts","floor":7.0,"turns":2.0},{"damage":16.0,"enemies":"Gremlin Nob","floor":10.0,"turns":3.0},{"damage":0.0,"enemies":"Exordium Wildlife","floor":11.0,"turns":3.0},{"damage":3.0,"enemies":"3 Louse","floor":12.0,"turns":3.0},{"damage":11.0,"enemies":"Large Slime","floor":13.0,"turns":3.0},{"damage":2.0,"enemies":"Lagavulin","floor":14.0,"turns":5.0},{"damage":6.0,"enemies":"Hexaghost","floor":16.0,"turns":7.0},{"damage":0.0,"enemies":"3 Byrds","floor":18.0,"turns":3.0},{"damage":0.0,"enemies":"Spheric Guardian","floor":19.0,"turns":1.0},{"damage":29.0,"enemies":"Snake Plant","floor":20.0,"turns":4.0},{"damage":1.0,"enemies":"Chosen and Byrds","floor":21.0,"turns":3.0},{"damage":0.0,"enemies":"Centurion and Healer","floor":22.0,"turns":2.0},{"damage":0.0,"enemies":"Slavers","floor":23.0,"turns":2.0},{"damage":16.0,"enemies":"Book of Stabbing","floor":25.0,"turns":4.0},{"damage":0.0,"enemies":"Slavers","floor":27.0,"turns":1.0},{"damage":0.0,"enemies":"Sentry and Sphere","floor":28.0,"turns":2.0},{"damage":12.0,"enemies":"Champ","floor":33.0,"turns":6.0},{"damage":3.0,"enemies":"3 Darklings","floor":35.0,"turns":2.0},{"damage":0.0,"enemies":"Orb Walker","floor":36.0,"turns":1.0},{"damage":34.0,"enemies":"Jaw Worm Horde","floor":37.0,"turns":3.0},{"damage":0.0,"enemies":"Transient","floor":39.0,"turns":6.0},{"damage":0.0,"enemies":"Nemesis","floor":40.0,"turns":1.0},{"damage":21.0,"enemies":"Writhing Mass","floor":45.0,"turns":3.0},{"damage":6.0,"enemies":"Giant Head","floor":46.0,"turns":4.0},{"damage":0.0,"enemies":"Sphere and 2 Shapes","floor":47.0,"turns":1.0},{"damage":15.0,"enemies":"Jaw Worm Horde","floor":48.0,"turns":2.0},{"damage":2,"enemies":"Awakened One","floor":50,"turns":7},{"damage":28,"enemies":"Time Eater","floor":51,"turns":4}],"seed_played":"-339070989170912287","potions_obtained":[{"floor":3.0,"key":"Fire Potion"},{"floor":6.0,"key":"LiquidMemories"},{"floor":10.0,"key":"LiquidBronze"},{"floor":11.0,"key":"AttackPotion"},{"floor":13.0,"key":"GamblersBrew"},{"floor":19.0,"key":"LiquidBronze"},{"floor":22.0,"key":"Block Potion"},{"floor":23.0,"key":"Ancient Potion"},{"floor":27.0,"key":"CultistPotion"},{"floor":36.0,"key":"LiquidBronze"},{"floor":37.0,"key":"Block Potion"},{"floor":47.0,"key":"Energy Potion"},{"floor":48.0,"key":"SkillPotion"}],"is_trial":false,"path_per_floor":["M","M","M","?","M","E","M","R","T","E","M","M","M","E","R","B",null,"M","M","M","M","M","E","?","E","T","E","M","R","$","?","R","B",null,"M","M","M","?","M","E","$","T","T","?","M","E","M","M","R","B","B"],"character_chosen":"WATCHER","items_purchased":[],"campfire_rested":0,"item_purchase_floors":[],"current_hp_per_floor":[59,59,55,55,54,37,37,37,37,35,35,32,21,19,19,13,65,65,65,36,35,35,35,35,19,19,29,29,29,29,29,29,17,73,70,70,36,36,36,36,36,36,36,36,15,9,9,4,4,7,0,0],"gold":24,"neow_bonus":"BOSS_RELIC","is_daily":false,"chose_seed":false,"campfire_upgraded":4,"win_rate":0.0,"timestamp":1613715926,"path_taken":["M","M","M","?","M","E","M","R","T","E","?","M","M","E","R","BOSS","M","M","M","M","M","E","?","E","T","E","M","R","?","?","R","BOSS","M","M","M","?","M","E","$","?","T","?","?","E","?","M","R","BOSS","BOSS"],"items_purchased_type":[],"build_version":"2020-12-22","purchased_purges":0,"victory":false,"max_hp_per_floor":[68,68,68,68,68,68,68,68,68,82,82,82,82,82,82,82,82,82,82,82,82,82,82,82,82,82,92,92,92,92,92,92,92,92,92,92,92,92,92,92,92,92,92,87,87,87,87,87,87,87,87,87],"relic_stats":{"counters":[33,104],"Mummified Hand":[6],"Yang":[412],"Ectoplasm":1017,"VioletLotus":[33],"obtain_stats":[{"Lantern":40,"Pear":27,"Damaru":6,"Yang":9,"Mango":10,"Akabeko":25,"Old Coin":14,"Mummified Hand":42,"Ectoplasm":0,"VioletLotus":17,"Bag of Marbles":23,"PureWater":0,"InkBottle":43,"Toy Ornithopter":46,"Runic Pyramid":34},{"Lantern":27,"Pear":20,"Damaru":5,"Yang":6,"Mango":7,"Akabeko":19,"Old Coin":11,"Mummified Hand":27,"Ectoplasm":0,"VioletLotus":12,"Bag of Marbles":18,"PureWater":0,"InkBottle":27,"Toy Ornithopter":29,"Runic Pyramid":22},{"Lantern":83,"Pear":62,"Damaru":16,"Yang":18,"Mango":21,"Akabeko":61,"Old Coin":35,"Mummified Hand":83,"Ectoplasm":0,"VioletLotus":42,"Bag of Marbles":57,"PureWater":0,"InkBottle":83,"Toy Ornithopter":90,"Runic Pyramid":70}],"InkBottle":[20],"Toy Ornithopter":10},"card_choices":[{"not_picked":["Crescendo","ThirdEye"],"picked":"Conclude","floor":1.0},{"not_picked":["FlyingSleeves","ThirdEye"],"picked":"EmptyMind","floor":2.0},{"not_picked":["Halt","MasterReality","BattleHymn"],"picked":"SKIP","floor":3.0},{"not_picked":["FollowUp","FlyingSleeves"],"picked":"FlurryOfBlows","floor":5.0},{"not_picked":["BowlingBash","WheelKick"],"picked":"InnerPeace","floor":6.0},{"not_picked":["Nirvana","BattleHymn"],"picked":"JustLucky","floor":7.0},{"not_picked":["Evaluate","Pray","FlyingSleeves"],"picked":"SKIP","floor":10.0},{"not_picked":["SashWhip","FlyingSleeves"],"picked":"Adaptation","floor":11.0},{"not_picked":["Fasting2","WaveOfTheHand"],"picked":"Omniscience","floor":12.0},{"not_picked":["PathToVictory","BattleHymn"],"picked":"CutThroughFate","floor":13.0},{"not_picked":["Perseverance","EmptyFist"],"picked":"FlurryOfBlows","floor":14.0},{"not_picked":["MasterReality","Establishment"],"picked":"Omniscience","floor":16.0},{"not_picked":["BowlingBash","Halt"],"picked":"CutThroughFate","floor":18.0},{"not_picked":["Perseverance","Prostrate"],"picked":"FollowUp+1","floor":19.0},{"not_picked":["ThirdEye","Protect"],"picked":"CrushJoints","floor":20.0},{"not_picked":["Prostrate","JustLucky"],"picked":"DeusExMachina","floor":21.0},{"not_picked":["Adaptation","SignatureMove"],"picked":"Tantrum","floor":22.0},{"not_picked":["Consecrate+1","WaveOfTheHand"],"picked":"Sanctity","floor":23.0},{"not_picked":["Pray","JustLucky","WreathOfFlame"],"picked":"SKIP","floor":25.0},{"not_picked":["Conclude","EmptyFist"],"picked":"MentalFortress","floor":27.0},{"not_picked":["LikeWater","BowlingBash"],"picked":"Weave","floor":28.0},{"not_picked":["DevaForm","SpiritShield"],"picked":"Ragnarok","floor":33.0},{"not_picked":["Conclude","WreathOfFlame+1"],"picked":"TalkToTheHand","floor":35.0},{"not_picked":["EmptyFist","JustLucky+1"],"picked":"Prostrate+1","floor":36.0},{"not_picked":["EmptyFist","SandsOfTime"],"picked":"Meditate","floor":37.0},{"not_picked":["Swivel","EmptyFist"],"picked":"Halt","floor":39.0},{"not_picked":["ClearTheMind","Fasting2"],"picked":"EmptyMind","floor":40.0},{"not_picked":["FlyingSleeves","Perseverance+1","ForeignInfluence"],"picked":"SKIP","floor":45.0},{"not_picked":["Ragnarok","BowlingBash+1"],"picked":"Halt+1","floor":46.0},{"not_picked":["FlurryOfBlows","CarveReality+1"],"picked":"InnerPeace","floor":47.0},{"not_picked":["LikeWater","Collect+1","Consecrate+1"],"picked":"SKIP","floor":48.0}],"player_experience":4712299,"relics_obtained":[{"floor":6.0,"key":"Damaru"},{"floor":9.0,"key":"Yang"},{"floor":10.0,"key":"Mango"},{"floor":14.0,"key":"Old Coin"},{"floor":23.0,"key":"Bag of Marbles"},{"floor":25.0,"key":"Akabeko"},{"floor":27.0,"key":"Pear"},{"floor":40.0,"key":"Lantern"},{"floor":42.0,"key":"Mummified Hand"},{"floor":43.0,"key":"InkBottle"},{"floor":46.0,"key":"Toy Ornithopter"}],"event_choices":[{"cards_removed":["Defend_P"],"damage_healed":0.0,"max_hp_gain":0.0,"max_hp_loss":0.0,"gold_gain":0.0,"event_name":"The Cleric","player_choice":"Card Removal","floor":4.0,"gold_loss":75.0,"damage_taken":0.0},{"damage_healed":0.0,"max_hp_gain":0.0,"max_hp_loss":0.0,"gold_gain":0.0,"event_name":"Upgrade Shrine","player_choice":"Upgraded","floor":24.0,"gold_loss":0.0,"damage_taken":0.0,"cards_upgraded":["Omniscience"]},{"damage_healed":0.0,"max_hp_gain":0.0,"max_hp_loss":0.0,"gold_gain":0.0,"event_name":"Cursed Tome","player_choice":"Ignored","floor":31.0,"gold_loss":0.0,"damage_taken":0.0},{"cards_removed":["MentalFortress"],"damage_healed":0.0,"max_hp_gain":0.0,"max_hp_loss":0.0,"gold_gain":0.0,"event_name":"Falling","player_choice":"Removed Power","floor":38.0,"gold_loss":0.0,"damage_taken":0.0},{"damage_healed":0.0,"max_hp_gain":0.0,"max_hp_loss":5.0,"gold_gain":0.0,"event_name":"Winding Halls","player_choice":"Max HP","floor":44.0,"gold_loss":0.0,"damage_taken":0.0}],"is_beta":false,"boss_relics":[{"not_picked":["Calling Bell","Tiny House"],"picked":"VioletLotus"},{"not_picked":["Velvet Choker","SlaversCollar"],"picked":"Runic Pyramid"}],"items_purged_floors":[],"is_endless":false,"potions_floor_spawned":[3,6,10,11,13,19,22,23,25,27,36,37,47,48],"killed_by":"Time Eater","ascension_level":20}}