{"host":"xkc7tfemhzdc5j5t","time":1613730235,"event":{"mods":["AchievementEnabler","Act Like it!","BaseMod","BetterRewards","Colored Map","Colored Powertips","Downfall","Gensokyo","Hallownest","Hermit","Highlight Path","Infinite Spire","Marisa£®ÏF”Í°°ƒß¿Ì…≥£©","Minty Spire (QoL Compilation)","Prisma Mod","Quick Restart","Reimu£®≤©¿ˆ¡È√Œ£©","Replay The Spire","Shop Mod","StSLib","SuperFastMode","The Bug Knight","The Construct","The Cursed","The Disciple","The Hierophant","The Jungle","The Necromancer","The Runesmith","The Servant 0.9.4","Youmu£®ªÍ∆«—˝√Œ£©"],"gold_per_floor":[199,217,233,117,117,156,156,156,193,193,193,208,208,93,115,227,227,227,247,247,273,292,292,315,315,315,53,53,53,53],"floor_reached":28,"language":"ZHS","playtime":2448,"items_purged":["hexamod:Defend","hexamod:Strike"],"score":287,"play_id":"df5fb572-15a6-4462-b840-8b1b7aeb072e","local_time":"20210219182355","is_ascension_mode":true,"campfire_choices":[{"data":"hexamod:Float","floor":1,"key":"SMITH"},{"data":"hexamod:WildfireWeapon","floor":8,"key":"SMITH"},{"data":"Apotheosis","floor":11,"key":"SMITH"},{"data":"hexamod:VolcanoVisage","floor":18,"key":"SMITH"},{"floor":26,"key":"REST"}],"circlet_count":0,"master_deck":["hexamod:Strike","hexamod:Strike","hexamod:Strike","hexamod:Defend","hexamod:Defend","hexamod:Sear","hexamod:Float+1","hexamod:ShieldOfDarkness","hexamod:SecondSeal","hexamod:WildfireWeapon+1","hexamod:SuperheatedStrike+1","hexamod:ExtraCrispy","Apotheosis+1","hexamod:FlamesFromBeyond","hexamod:PowerFromBeyond","hexamod:ThirdSeal","hexamod:VolcanoVisage+1","hexamod:ExtraCrispy+1","hexamod:SpectersWail+1","hexamod:VolcanoVisage","hexamod:NightmareGuise","hexamod:SearingWound","hexamod:AdvancingGuard+1","hexamod:FourthSeal","hexamod:PowerFromBeyond"],"relics":["hexamod:SpiritBrand","StrikeDummy","infinitespire:CheckeredPen","Molten Egg 2","Philosopher\u0027s Stone","Boot","White Beast Statue"],"acts_visited":["Hallownest:Greenpath","TheCity"],"potions_floor_usage":[28,28],"damage_taken":[{"damage":2,"enemies":"2_ Uuma","floor":2,"turns":4},{"damage":0,"enemies":"Hallownest:2_Baldur","floor":3,"turns":4},{"damage":0,"enemies":"downfall:FleeingMerchant","floor":4,"turns":4},{"damage":12,"enemies":"Hallownest:eliteVengeflyKing","floor":6,"turns":8},{"damage":9,"enemies":"Hallownest:eliteMossKnight","floor":9,"turns":6},{"damage":3,"enemies":"Hallownest:monsterHuskWarrior","floor":12,"turns":2},{"damage":0,"enemies":"downfall:FleeingMerchant","floor":14,"turns":4},{"damage":3,"enemies":"Hallownest:Wandering_and_Horned","floor":15,"turns":4},{"damage":0,"enemies":"SI_SHIV_ARCHETYPE","floor":16,"turns":6},{"damage":7,"enemies":"Shell Parasite","floor":19,"turns":4},{"damage":11,"enemies":"Snecko","floor":21,"turns":4},{"damage":20,"enemies":"Centurion and Healer","floor":22,"turns":6},{"damage":6,"enemies":"downfall:FleeingMerchant","floor":27,"turns":4},{"damage":48,"enemies":"Slavers","floor":28,"turns":3}],"seed_played":"-3004141342235284487","potions_obtained":[{"floor":3,"key":"Elixir"},{"floor":9,"key":"SkillPotion"},{"floor":15,"key":"Fire Potion"},{"floor":25,"key":"CultistPotion"}],"is_trial":false,"path_per_floor":["R","M","M","$","?","E","T","R","E","?","R","M","T","$","M","B",null,"R","M","?","M","M","?","T","?","R","$","E"],"character_chosen":"THE_SPIRIT","items_purchased":["hexamod:SuperheatedStrike+1","White Beast Statue"],"campfire_rested":1,"item_purchase_floors":[4,27],"current_hp_per_floor":[70,68,68,68,68,56,56,56,47,47,47,44,44,44,41,41,70,70,63,63,52,32,32,32,32,53,47,0,0,0],"gold":53,"neow_bonus":"HUNDRED_GOLD","is_daily":false,"chose_seed":false,"campfire_upgraded":4,"win_rate":0.0,"timestamp":1613730235,"path_taken":["R","M","M","$","?","E","T","R","E","?","R","M","?","$","M","BOSS","R","M","?","M","M","?","T","?","R","$","E"],"items_purchased_type":["Card","Relic"],"build_version":"2020-12-22","purchased_purges":2,"victory":false,"max_hp_per_floor":[70,70,70,70,70,70,70,70,70,70,70,70,70,70,70,70,70,70,70,70,70,70,70,70,70,70,70,70,70,70],"card_choices":[{"not_picked":["hexamod:NecessarySacrifice","hexamod:NightmareGuise"],"picked":"hexamod:ShieldOfDarkness","floor":2},{"not_picked":["hexamod:BurningTouch","hexamod:InspiringFlames"],"picked":"hexamod:SecondSeal","floor":3},{"not_picked":["hexamod:NightmareGuise","hexamod:BacktrackSmack"],"picked":"hexamod:WildfireWeapon","floor":4},{"not_picked":["hexamod:GhostShield","hexamod:HauntingEcho","hexamod:UnlimitedPower"],"picked":"SKIP","floor":6},{"not_picked":["hexamod:BacktrackSmack+1","hexamod:InspiringFlames"],"picked":"hexamod:ExtraCrispy","floor":9},{"not_picked":["Madness","Dramatic Entrance+1"],"picked":"Apotheosis","floor":10},{"not_picked":["hexamod:InspiringFlames","hexamod:ChargedBarrage"],"picked":"hexamod:FlamesFromBeyond","floor":10},{"not_picked":["hexamod:FirstSeal","hexamod:FlamesFromBeyond"],"picked":"hexamod:PowerFromBeyond","floor":12},{"not_picked":["hexamod:SecondSeal","hexamod:AdvancingGuard","hexamod:GhostflameBarrier"],"picked":"SKIP","floor":14},{"not_picked":["hexamod:CatchUp","hexamod:GhostLash+1"],"picked":"hexamod:ThirdSeal","floor":15},{"not_picked":["hexamod:ApocalypseNow","hexamod:ParanormalForm"],"picked":"hexamod:VolcanoVisage","floor":16},{"not_picked":["hexamod:GhostLash+1","hexamod:RadiantFlame+1"],"picked":"hexamod:ExtraCrispy+1","floor":19},{"not_picked":["hexamod:HeatMetal+1","hexamod:ShieldOfDarkness"],"picked":"hexamod:SpectersWail+1","floor":19},{"not_picked":["hexamod:ShieldOfDarkness","hexamod:SpectersWail+1"],"picked":"hexamod:NightmareGuise","floor":21},{"not_picked":["hexamod:BacktrackSmack+1","hexamod:RainOfEmbers+1"],"picked":"hexamod:SearingWound","floor":22},{"not_picked":["hexamod:RadiantFlame","hexamod:SwordOfDarkness+1"],"picked":"hexamod:AdvancingGuard+1","floor":22},{"not_picked":["hexamod:FlamesFromBeyond","hexamod:SecondSeal"],"picked":"hexamod:FourthSeal","floor":27},{"not_picked":["hexamod:ExtraCrispy","hexamod:HauntingEcho+1"],"picked":"hexamod:PowerFromBeyond","floor":27}],"player_experience":770452,"relics_obtained":[{"floor":6,"key":"StrikeDummy"},{"floor":7,"key":"infinitespire:CheckeredPen"},{"floor":9,"key":"Molten Egg 2"},{"floor":24,"key":"Boot"}],"event_choices":[{"damage_healed":0,"gold_gain":0,"player_choice":"Read","damage_taken":0,"max_hp_gain":0,"max_hp_loss":0,"event_name":"The Library","floor":20,"gold_loss":0,"cards_obtained":["hexamod:VolcanoVisage"]}],"is_beta":false,"boss_relics":[{"not_picked":["Runesmith:UraniumAnvil","Abe\u0027s Treasure"],"picked":"Philosopher\u0027s Stone"}],"items_purged_floors":[4,14],"is_endless":false,"potions_floor_spawned":[3,9,15,16],"killed_by":"Slavers","ascension_level":1}}