{"host":"k0cm6nn9mnmji9h1","time":1613734918,"event":{"mods":["2.2 Compatiblity","AchievementEnabler","BaseMod","Colored Map","DeckTracker","Gremlin Skip","Highlight Path","Minty Spire (QoL Compilation)","Permanent Neow","StSLib","The Marked","Waifu the Spire"],"gold_per_floor":[117,131,142,161,171,198,214,214,214,244,261,261,271,144,144,244,244,256,256,273,22,42,53,72,82,82,82,82,158,176,176,176,271,271,288,288,303,203,203,203,215,215,266,92,92,92,103,118,118,118,118],"floor_reached":50,"language":"KOR","playtime":2605,"items_purged":["Strike_G","Strike_G","Strike_G"],"score":460,"play_id":"52a122db-3504-4bbd-a869-a037bee982ab","local_time":"20210219204158","is_ascension_mode":false,"campfire_choices":[{"data":"Calculated Gamble","floor":8,"key":"SMITH"},{"floor":12,"key":"REST"},{"data":"Cloak And Dagger","floor":15,"key":"SMITH"},{"floor":28,"key":"REST"},{"floor":32,"key":"REST"},{"data":"After Image","floor":40,"key":"SMITH"},{"data":"Noxious Fumes","floor":42,"key":"SMITH"},{"floor":46,"key":"REST"},{"data":"Footwork","floor":49,"key":"SMITH"}],"circlet_count":0,"master_deck":["Strike_G","Strike_G+1","Defend_G","Defend_G","Defend_G","Defend_G","Survivor","Backstab+1","Flying Knee","Unload","Bouncing Flask","Bane","Noxious Fumes+1","Calculated Gamble+1","Cloak And Dagger+1","Crippling Poison","Deadly Poison","Adrenaline","Outmaneuver+1","Backflip","PiercingWail","Corpse Explosion","Enlightenment+1","After Image+1","Footwork+1"],"relics":["Ring of the Serpent","Tiny Chest","InkBottle","Anchor","SacredBark","Singing Bowl","Ninja Scroll","Toxic Egg 2","Whetstone","Sundial"],"acts_visited":["Exordium","TheCity","TheBeyond"],"potions_floor_usage":[6,24,33,33,50,50,50],"damage_taken":[{"damage":0,"enemies":"Cultist","floor":1,"turns":3},{"damage":0,"enemies":"2 Louse","floor":2,"turns":2},{"damage":0,"enemies":"Small Slimes","floor":3,"turns":2},{"damage":7,"enemies":"3 Louse","floor":4,"turns":2},{"damage":2,"enemies":"Large Slime","floor":5,"turns":5},{"damage":21,"enemies":"Lagavulin","floor":6,"turns":5},{"damage":10,"enemies":"Exordium Thugs","floor":7,"turns":4},{"damage":10,"enemies":"Gremlin Nob","floor":10,"turns":3},{"damage":0,"enemies":"3 Louse","floor":11,"turns":3},{"damage":6,"enemies":"Large Slime","floor":13,"turns":3},{"damage":12,"enemies":"Hexaghost","floor":16,"turns":9},{"damage":2,"enemies":"Chosen","floor":18,"turns":4},{"damage":0,"enemies":"Spheric Guardian","floor":20,"turns":3},{"damage":21,"enemies":"Centurion and Healer","floor":22,"turns":8},{"damage":17,"enemies":"Snecko","floor":23,"turns":5},{"damage":2,"enemies":"Shelled Parasite and Fungi","floor":24,"turns":4},{"damage":2,"enemies":"Centurion and Healer","floor":25,"turns":6},{"damage":8,"enemies":"Snake Plant","floor":30,"turns":4},{"damage":62,"enemies":"Automaton","floor":33,"turns":10},{"damage":2,"enemies":"3 Shapes","floor":35,"turns":4},{"damage":11,"enemies":"3 Darklings","floor":37,"turns":3},{"damage":13,"enemies":"Jaw Worm Horde","floor":41,"turns":3},{"damage":4,"enemies":"Maw","floor":47,"turns":7},{"damage":12,"enemies":"Spire Growth","floor":48,"turns":5},{"damage":73,"enemies":"Donu and Deca","floor":50,"turns":8}],"seed_played":"4349588399198865752","potions_obtained":[{"floor":1,"key":"CunningPotion"},{"floor":3,"key":"SpeedPotion"},{"floor":11,"key":"FairyPotion"},{"floor":13,"key":"SneckoOil"},{"floor":20,"key":"Fire Potion"},{"floor":25,"key":"CunningPotion"},{"floor":33,"key":"Swift Potion"},{"floor":47,"key":"Poison Potion"}],"is_trial":false,"path_per_floor":["M","M","M","M","M","E","M","R","T","E","M","R","M","$","R","B",null,"M","?","M","$","M","M","M","M","T","?","R","T","M","?","R","B",null,"M","?","M","$","?","R","M","R","T","$","T","R","M","M","R","B"],"character_chosen":"THE_SILENT","items_purchased":["Deadly Poison","Singing Bowl","Block Potion"],"campfire_rested":4,"item_purchase_floors":[14,21,44],"current_hp_per_floor":[70,70,70,63,61,40,30,30,30,20,20,41,35,35,35,23,70,68,68,68,68,47,30,30,28,28,28,49,49,43,31,53,44,74,74,74,65,65,65,65,54,54,54,54,54,78,76,64,64,0,0],"gold":118,"neow_bonus":"REMOVE_CARD","is_daily":false,"chose_seed":false,"campfire_upgraded":5,"win_rate":0.0,"timestamp":1613734918,"path_taken":["M","M","M","M","M","E","?","R","T","E","M","R","M","$","R","BOSS","M","?","M","$","M","M","M","M","T","?","R","?","M","?","R","BOSS","M","?","M","$","?","R","M","R","T","$","?","R","M","M","R","BOSS"],"items_purchased_type":["Card","Relic","Potion"],"build_version":"2020-12-22","purchased_purges":3,"victory":false,"max_hp_per_floor":[70,70,70,70,70,70,70,70,70,70,70,70,70,70,70,70,70,70,70,70,70,70,70,72,72,72,72,72,72,74,74,74,74,74,76,76,78,78,78,78,80,80,80,80,80,80,82,82,82,82,82],"card_choices":[{"not_picked":["Crippling Poison","All Out Attack"],"picked":"Backstab","floor":1},{"not_picked":["Slice","Acrobatics"],"picked":"Flying Knee","floor":2},{"not_picked":["Prepared","Quick Slash"],"picked":"Unload","floor":3},{"not_picked":["Dodge and Roll","All Out Attack"],"picked":"Bouncing Flask","floor":4},{"not_picked":["Outmaneuver","Dodge and Roll"],"picked":"Bane","floor":5},{"not_picked":["Deflect","Blur"],"picked":"Noxious Fumes","floor":6},{"not_picked":["Dodge and Roll","Crippling Poison"],"picked":"Calculated Gamble","floor":7},{"not_picked":["Flying Knee","Terror","Deflect"],"picked":"SKIP","floor":10},{"not_picked":["Dodge and Roll","Bouncing Flask"],"picked":"Cloak And Dagger","floor":11},{"not_picked":["Venomology","Tactician"],"picked":"Crippling Poison","floor":13},{"not_picked":["Bullet Time","Doppelganger"],"picked":"Adrenaline","floor":16},{"not_picked":["Distraction","Dagger Throw+1"],"picked":"Outmaneuver+1","floor":18},{"not_picked":["Dagger Spray+1","Riddle With Holes+1","Deadly Poison"],"picked":"SKIP","floor":20},{"not_picked":["Expertise+1","Bane+1"],"picked":"Backflip","floor":22},{"not_picked":["Deadly Poison","Outmaneuver+1"],"picked":"PiercingWail","floor":23},{"not_picked":["Quick Slash+1","Flying Knee","Flechettes"],"picked":"Singing Bowl","floor":24},{"not_picked":["Flying Knee","Slice"],"picked":"Corpse Explosion","floor":25},{"not_picked":["Dodge and Roll+1","Masterful Stab","Underhanded Strike"],"picked":"Singing Bowl","floor":30},{"not_picked":["Envenom","Unload"],"picked":"After Image","floor":33},{"not_picked":["Dagger Spray","Skewer+1","Cloak And Dagger+1"],"picked":"Singing Bowl","floor":35},{"not_picked":["Infinite Blades+1","Dagger Throw","Prepared+1"],"picked":"Singing Bowl","floor":37},{"not_picked":["Poisoned Stab+1","Prepared+1","Dagger Throw"],"picked":"Singing Bowl","floor":41},{"not_picked":["Dagger Spray","Outmaneuver+1","Quick Slash"],"picked":"Singing Bowl","floor":47},{"not_picked":["Terror+1","Unload"],"picked":"Footwork","floor":48}],"player_experience":520291,"relics_obtained":[{"floor":6,"key":"Tiny Chest"},{"floor":9,"key":"InkBottle"},{"floor":10,"key":"Anchor"},{"floor":26,"key":"Ninja Scroll"},{"floor":29,"key":"Toxic Egg 2"},{"floor":43,"key":"Whetstone"},{"floor":45,"key":"Sundial"}],"event_choices":[{"damage_healed":0,"gold_gain":0,"player_choice":"Ignored","damage_taken":0,"max_hp_gain":0,"max_hp_loss":0,"event_name":"Ghosts","floor":19,"gold_loss":0},{"damage_healed":0,"gold_gain":0,"player_choice":"CARD ","damage_taken":12,"max_hp_gain":0,"max_hp_loss":0,"event_name":"Knowing Skull","floor":31,"potions_obtained":[],"gold_loss":0,"cards_obtained":["Enlightenment"]},{"damage_healed":0,"gold_gain":0,"player_choice":"CARD ","damage_taken":12,"max_hp_gain":0,"max_hp_loss":0,"event_name":"Knowing Skull","floor":31,"potions_obtained":[],"gold_loss":0,"cards_obtained":["Enlightenment"]},{"damage_healed":0,"gold_gain":0,"player_choice":"Ignored","damage_taken":0,"max_hp_gain":0,"max_hp_loss":0,"event_name":"Tomb of Lord Red Mask","floor":36,"gold_loss":0},{"cards_removed":["Neutralize"],"damage_healed":0,"gold_gain":0,"player_choice":"Removed Attack","damage_taken":0,"max_hp_gain":0,"max_hp_loss":0,"event_name":"Falling","floor":39,"gold_loss":0}],"is_beta":false,"boss_relics":[{"not_picked":["SlaversCollar","Ectoplasm"],"picked":"SacredBark"},{"not_picked":["Cursed Key","Tiny House"],"picked":"Ring of the Serpent"}],"items_purged_floors":[14,38,44],"is_endless":false,"potions_floor_spawned":[1,3,11,13,20,23,25,33,47],"killed_by":"Donu and Deca","ascension_level":0}}