{"host":"2c84cb4cp1emursg","time":1613702482,"event":{"mods":["Act Like it!","BaseMod","Better Third Choice","Bossed Relics","Downfall","Hermit","Mimic Mod","Minty Spire (QoL Compilation)","Permanent Neow","StSLib"],"gold_per_floor":[349,368,388,405,424,451,475,489,501,501,501],"floor_reached":10,"language":"ENG","playtime":548,"items_purged":[],"score":83,"play_id":"659d73dd-ead4-4386-90c2-50c9dd14964e","local_time":"20210218194122","is_ascension_mode":true,"campfire_choices":[{"floor":1,"key":"RECALL"}],"circlet_count":0,"master_deck":["hermit:Strike_Hermit","hermit:Strike_Hermit","hermit:Strike_Hermit","hermit:Strike_Hermit","hermit:Defend_Hermit","hermit:Defend_Hermit","hermit:Defend_Hermit","hermit:Defend_Hermit","hermit:Snapshot","hermit:Covet","hermit:Maintenance","hermit:SprayPray","hermit:Coalescence","hermit:BodyArmor","hermit:Gestalt","hermit:Snipe"],"relics":["hermit:Momento","MealTicket"],"acts_visited":["Exordium"],"potions_floor_usage":[6],"damage_taken":[{"damage":1,"enemies":"Cultist","floor":2,"turns":4},{"damage":0,"enemies":"2 Louse","floor":3,"turns":4},{"damage":15,"enemies":"Jaw Worm","floor":4,"turns":4},{"damage":2,"enemies":"Blue Slaver","floor":5,"turns":4},{"damage":18,"enemies":"Gremlin Nob","floor":6,"turns":4},{"damage":15,"enemies":"Lots of Slimes","floor":8,"turns":5},{"damage":2,"enemies":"2 Fungi Beasts","floor":9,"turns":6},{"damage":1,"enemies":"3 Sentries","floor":10,"turns":1}],"seed_played":"3586393712254939529","potions_obtained":[{"floor":4,"key":"Slimebound:ThreeZeroPotion"},{"floor":5,"key":"Guardian:BlockOnCardUsePotion"},{"floor":6,"key":"SteroidPotion"}],"is_trial":false,"path_per_floor":["R","M","M","M","M","E","T","M","M","E"],"character_chosen":"HERMIT","items_purchased":[],"campfire_rested":0,"item_purchase_floors":[],"current_hp_per_floor":[54,53,53,38,36,18,18,3,1,0,0],"gold":501,"neow_bonus":"TWO_FIFTY_GOLD","is_daily":false,"chose_seed":false,"campfire_upgraded":0,"win_rate":0.0,"timestamp":1613702482,"path_taken":["R","M","M","M","M","E","T","M","?","E"],"items_purchased_type":[],"build_version":"2020-12-22","purchased_purges":0,"victory":false,"max_hp_per_floor":[75,75,75,75,75,75,75,75,75,75,75],"card_choices":[{"not_picked":["hermit:Desperado","hermit:Spite"],"picked":"hermit:Maintenance","floor":2},{"not_picked":["hermit:Vantage","hermit:Shortfuse"],"picked":"hermit:SprayPray","floor":3},{"not_picked":["hermit:Grudge","hermit:Quickdraw"],"picked":"hermit:Coalescence","floor":4},{"not_picked":["hermit:Quickdraw","hermit:TrackingShot"],"picked":"hermit:BodyArmor","floor":5},{"not_picked":["hermit:Ricochet","hermit:Purgatory"],"picked":"hermit:Gestalt","floor":6},{"not_picked":["hermit:WideOpen","hermit:Combo"],"picked":"hermit:Snipe","floor":8},{"not_picked":["hermit:Manifest","hermit:TrackingShot","hermit:HighCaliber"],"picked":"SKIP","floor":9}],"player_experience":660702,"relics_obtained":[{"floor":6,"key":"MealTicket"}],"event_choices":[],"is_beta":false,"boss_relics":[],"items_purged_floors":[],"is_endless":false,"potions_floor_spawned":[4,5,6],"killed_by":"3 Sentries","ascension_level":3}}