{"host":"0xnlke9dn7m72v1t","time":1613736256,"event":{"mods":["AchievementEnabler","BaseMod","BetterRewards","Colored Map","Colored Powertips","Minty Spire (QoL Compilation)","Quick Restart","StSLib","SuperFastMode","Together in Spire"],"gold_per_floor":[114,128,139,53,71,97,97,116,139,153,179,193,193,193,193,296,296,314,314,333,352,65,95,95,95,95,106,106],"floor_reached":27,"language":"DEU","playtime":2053,"items_purged":[],"score":397,"play_id":"ee50fa19-040a-4300-b030-dc4df06bc222","local_time":"20210219130416","is_ascension_mode":false,"campfire_choices":[{"data":"Berserk","floor":13.0,"key":"SMITH"},{"data":"Inflame","floor":15.0,"key":"SMITH"}],"circlet_count":0,"master_deck":["Strike_R+1","Strike_R+1","Strike_R+1","Strike_R+1","Strike_R+1","Defend_R+1","Defend_R+1","Defend_R+1","Defend_R+1","Clash","Ghostly Armor+1","Berserk+1","Inflame+1","Shrug It Off+1","Clash","Warcry+1","Metallicize","Fire Breathing","Rage+1","Bash","Flex+1","Flex+1","Clash","Flex+1","Double Tap+1","Clash","Rupture","Entrench+1","Heavy Blade+1","Evolve+1","Barricade"],"relics":["Toxic Egg 2","Dream Catcher","Orrery","Pen Nib","War Paint","Omamori","Cursed Key","PrismaticShard","MealTicket","Nloth\u0027s Gift","Self Forming Clay"],"acts_visited":["Exordium","TheCity"],"potions_floor_usage":[],"damage_taken":[{"damage":0.0,"enemies":"Small Slimes","floor":1.0,"turns":3.0},{"damage":4.0,"enemies":"Cultist","floor":2.0,"turns":4.0},{"damage":9.0,"enemies":"2 Louse","floor":3.0,"turns":3.0},{"damage":5.0,"enemies":"Red Slaver","floor":5.0,"turns":3.0},{"damage":30.0,"enemies":"Lagavulin","floor":6.0,"turns":5.0},{"damage":9.0,"enemies":"Exordium Wildlife","floor":8.0,"turns":3.0},{"damage":0.0,"enemies":"2 Fungi Beasts","floor":10.0,"turns":4.0},{"damage":0.0,"enemies":"Gremlin Nob","floor":11.0,"turns":2.0},{"damage":19.0,"enemies":"Lots of Slimes","floor":12.0,"turns":5.0},{"damage":18.0,"enemies":"The Guardian","floor":16.0,"turns":4.0},{"damage":0.0,"enemies":"3 Byrds","floor":18.0,"turns":4.0},{"damage":0.0,"enemies":"Spheric Guardian","floor":20.0,"turns":1.0},{"damage":10.0,"enemies":"Shelled Parasite and Fungi","floor":21.0,"turns":2.0},{"damage":17.0,"enemies":"Slavers","floor":23.0,"turns":4.0},{"damage":13.0,"enemies":"Chosen and Byrds","floor":27.0,"turns":7.0}],"seed_played":"-392662221875734633","potions_obtained":[{"floor":1.0,"key":"Strength Potion"},{"floor":5.0,"key":"Fire Potion"},{"floor":6.0,"key":"SkillPotion"},{"floor":11.0,"key":"LiquidMemories"},{"floor":16.0,"key":"EssenceOfSteel"},{"floor":20.0,"key":"PowerPotion"},{"floor":23.0,"key":"ColorlessPotion"}],"is_trial":false,"path_per_floor":["M","M","M","$","M","E","?","M","T","M","E","M","R","?","R","B",null,"M","?","M","M","$","E","?","?","T","M"],"character_chosen":"IRONCLAD","items_purchased":["Toxic Egg 2","Dream Catcher","Orrery","Inflame","Metallicize","Warcry+1","Barricade","PrismaticShard"],"campfire_rested":0,"item_purchase_floors":[0,0,0,0,4,4,22,22],"current_hp_per_floor":[62,64,61,61,62,38,38,35,35,41,47,80,80,80,80,68,80,80,80,80,76,76,65,65,65,65,69,69],"gold":106,"neow_bonus":"","is_daily":false,"chose_seed":false,"campfire_upgraded":2,"win_rate":0.0,"timestamp":1613736256,"path_taken":["M","M","M","$","M","E","?","M","T","?","E","M","R","?","R","BOSS","M","?","M","M","$","E","?","?","T","M"],"items_purchased_type":["Relic","Relic","Relic","Card","Card","Card","Card","Relic"],"build_version":"2020-12-22","purchased_purges":0,"victory":false,"max_hp_per_floor":[80,80,80,80,80,80,80,80,80,80,80,80,80,80,80,80,80,80,80,80,80,80,80,80,80,80,80,80],"card_choices":[{"not_picked":["Feel No Pain","Armaments+1"],"picked":"Clash","floor":0.0},{"not_picked":["Armaments+1","Body Slam"],"picked":"Ghostly Armor+1","floor":0.0},{"not_picked":["Disarm+1","Iron Wave"],"picked":"Berserk","floor":0.0},{"not_picked":["Bloodletting+1","Heavy Blade"],"picked":"Shrug It Off+1","floor":1.0},{"not_picked":["Carnage","Body Slam"],"picked":"Clash","floor":2.0},{"not_picked":["Sword Boomerang","Bludgeon"],"picked":"Warcry+1","floor":3.0},{"not_picked":["Warcry+1","Flex+1"],"picked":"Fire Breathing","floor":5.0},{"not_picked":["Body Slam","Infernal Blade+1"],"picked":"Rage+1","floor":6.0},{"not_picked":["Pommel Strike","Power Through+1"],"picked":"Flex+1","floor":8.0},{"not_picked":["Iron Wave","Burning Pact+1"],"picked":"Flex+1","floor":10.0},{"not_picked":["Clothesline","Power Through+1"],"picked":"Clash","floor":11.0},{"not_picked":["Warcry+1","Twin Strike"],"picked":"Flex+1","floor":12.0},{"not_picked":["Reaper","Corruption"],"picked":"Double Tap+1","floor":16.0},{"not_picked":["Armaments+1","Power Through+1"],"picked":"Clash","floor":18.0},{"not_picked":["Cleave","Combust"],"picked":"Heavy Blade+1","floor":20.0},{"not_picked":["Rage+1","Twin Strike"],"picked":"Evolve+1","floor":21.0},{"not_picked":["FlurryOfBlows+1","Bullet Time+1","Second Wind+1"],"picked":"SKIP","floor":23.0}],"player_experience":22677,"relics_obtained":[{"floor":6.0,"key":"Pen Nib"},{"floor":9.0,"key":"War Paint"},{"floor":11.0,"key":"Omamori"},{"floor":23.0,"key":"MealTicket"},{"floor":26.0,"key":"Self Forming Clay"}],"event_choices":[{"damage_healed":0.0,"max_hp_gain":0.0,"max_hp_loss":0.0,"gold_gain":0.0,"event_name":"Match and Keep!","player_choice":"2 cards matched","floor":7.0,"gold_loss":0.0,"damage_taken":0.0,"cards_obtained":["Bash","Headbutt"]},{"cards_removed":["Warcry"],"damage_healed":5.0,"max_hp_gain":0.0,"max_hp_loss":0.0,"gold_gain":0.0,"event_name":"Bonfire Elementals","player_choice":"Offered Common","floor":14.0,"gold_loss":0.0,"damage_taken":0.0},{"cards_removed":["Warcry"],"damage_healed":5.0,"max_hp_gain":0.0,"max_hp_loss":0.0,"gold_gain":0.0,"event_name":"Bonfire Elementals","player_choice":"Offered Special","floor":14.0,"gold_loss":0.0,"damage_taken":0.0},{"damage_healed":0.0,"max_hp_gain":0.0,"max_hp_loss":0.0,"gold_gain":0.0,"cards_transformed":["Bash","Headbutt"],"event_name":"Drug Dealer","player_choice":"Became Test Subject","floor":19.0,"gold_loss":0.0,"damage_taken":0.0,"cards_obtained":["Rupture","Entrench"]},{"damage_healed":0.0,"max_hp_gain":0.0,"max_hp_loss":0.0,"gold_gain":0.0,"event_name":"Back to Basics","player_choice":"Simplicity","floor":24.0,"gold_loss":0.0,"damage_taken":0.0,"cards_upgraded":["Strike_R","Strike_R","Strike_R","Strike_R","Strike_R","Defend_R","Defend_R"]},{"damage_healed":0.0,"max_hp_gain":0.0,"max_hp_loss":0.0,"gold_gain":0.0,"event_name":"N\u0027loth","player_choice":"Traded Relic","floor":25.0,"relics_lost":["Burning Blood"],"gold_loss":0.0,"damage_taken":0.0,"relics_obtained":["Nloth\u0027s Gift"]}],"is_beta":false,"boss_relics":[{"not_picked":["Empty Cage","Runic Pyramid"],"picked":"Cursed Key"}],"items_purged_floors":[],"is_endless":false,"potions_floor_spawned":[1,5,6,11,16,20,23],"killed_by":"Chosen and Byrds","ascension_level":0}}