{"host":"1v3mnj67s3trvm6y","time":1613737605,"event":{"mods":["BaseMod","Challenge The Spire","Minty Spire (QoL Compilation)","StSLib","The Cursed"],"gold_per_floor":[119,139,155,125,50,50,84,95,95,125,125,300,300,300,300,403,403,418,517,517,517,263,263,273,306,331,37,137,156,187,203,203,298,298,309,309,319,239,254,285,303,337,383,383,410,410,410,424,424,424,424,424,16,46,46],"floor_reached":56,"language":"ENG","playtime":4671,"items_purged":["TheCursedMod:Defend_TheCursed","TheCursedMod:Defend_TheCursed"],"score":1256,"play_id":"7d0384c3-e5d2-4b4a-b320-f946b0a41267","local_time":"20210219212645","is_ascension_mode":false,"campfire_choices":[{"data":"TheCursedMod:CleanUpWorkshop","floor":6,"key":"SMITH"},{"floor":13,"key":"REST"},{"floor":15,"key":"RECALL"},{"floor":23,"key":"REST"},{"data":"Apotheosis","floor":32,"key":"SMITH"},{"data":"TheCursedMod:CollectTribute","floor":49,"key":"SMITH"},{"data":"TheCursedMod:SpitefulPray","floor":52,"key":"SMITH"}],"circlet_count":0,"master_deck":["TheCursedMod:Strike_TheCursed","TheCursedMod:Strike_TheCursed","TheCursedMod:Strike_TheCursed","TheCursedMod:Strike_TheCursed","TheCursedMod:CursedWand","TheCursedMod:CleanUpWorkshop+1","TheCursedMod:Dregs","TheCursedMod:FleshFromBone","TheCursedMod:LuckyCharm","TheCursedMod:SpitefulPray+1","TheCursedMod:Evocation","TheCursedMod:CursedBlade","TheCursedMod:CursedSpellbook","TheCursedMod:TroublousMinions","Doubt","TheCursedMod:CircleOfAbyss","TheCursedMod:CircleOfCorruption+1","TheCursedMod:RapidMovement+1","TheCursedMod:TacticalStrike+1","Apotheosis+1","TheCursedMod:CircleOfBlood","TheCursedMod:HellfireBreathing","TheCursedMod:AshesToAshes","TheCursedMod:AshesToAshes","TheCursedMod:Neurasthenia","TheCursedMod:RapidMovement+1","Writhe","TheCursedMod:StingEye+1","TheCursedMod:CollectTribute+1","TheCursedMod:CircleOfBlood+1","TheCursedMod:Hemoplague+1","TheCursedMod:TacticalStrike+1","TheCursedMod:LuckyCharm+1","TheCursedMod:ShockAndAwe+1"],"relics":["TheCursedMod:BlackMagic101","InkBottle","Mercury Hourglass","Bottled Flame","Blue Candle","TheCursedMod:FourLeafCloverCharm","Enchiridion","Pear","Calipers","WingedGreaves","White Beast Statue","Molten Egg 2","Empty Cage","Question Card","Boot","Bronze Scales","TheCursedMod:Tack","Ornamental Fan","HandDrill","Akabeko"],"acts_visited":["Exordium","TheCity","TheBeyond","TheEnding"],"potions_floor_usage":[7,18,25,37,45,54,55,55,55],"damage_taken":[{"damage":0,"enemies":"Cultist","floor":1,"turns":3},{"damage":0,"enemies":"Small Slimes","floor":2,"turns":6},{"damage":0,"enemies":"2 Louse","floor":3,"turns":2},{"damage":5,"enemies":"Looter","floor":4,"turns":4},{"damage":48,"enemies":"Gremlin Nob","floor":7,"turns":7},{"damage":0,"enemies":"2 Fungi Beasts","floor":8,"turns":4},{"damage":7,"enemies":"3 Sentries","floor":10,"turns":6},{"damage":18,"enemies":"Slime Boss","floor":16,"turns":15},{"damage":0,"enemies":"Shell Parasite","floor":18,"turns":9},{"damage":4,"enemies":"2 Thieves","floor":24,"turns":5},{"damage":15,"enemies":"Slavers","floor":25,"turns":5},{"damage":9,"enemies":"Colosseum Slavers","floor":28,"turns":3},{"damage":16,"enemies":"Colosseum Nobs","floor":28,"turns":4},{"damage":0,"enemies":"Cultist and Chosen","floor":29,"turns":7},{"damage":18,"enemies":"Gremlin Leader","floor":30,"turns":5},{"damage":0,"enemies":"Chosen and Byrds","floor":31,"turns":3},{"damage":1,"enemies":"Champ","floor":33,"turns":16},{"damage":6,"enemies":"3 Darklings","floor":35,"turns":4},{"damage":9,"enemies":"3 Shapes","floor":37,"turns":3},{"damage":13,"enemies":"Writhing Mass","floor":39,"turns":8},{"damage":9,"enemies":"Reptomancer","floor":40,"turns":5},{"damage":3,"enemies":"Transient","floor":41,"turns":5},{"damage":3,"enemies":"Giant Head","floor":42,"turns":8},{"damage":19,"enemies":"Reptomancer","floor":45,"turns":5},{"damage":0,"enemies":"Maw","floor":48,"turns":6},{"damage":32,"enemies":"Awakened One","floor":50,"turns":13},{"damage":14,"enemies":"Shield and Spear","floor":54,"turns":7},{"damage":47,"enemies":"The Heart","floor":55,"turns":8}],"seed_played":"-8084811408182821562","potions_obtained":[{"floor":3,"key":"ColorlessPotion"},{"floor":10,"key":"DuplicationPotion"},{"floor":16,"key":"Swift Potion"},{"floor":18,"key":"Block Potion"},{"floor":29,"key":"LiquidBronze"},{"floor":30,"key":"AttackPotion"},{"floor":37,"key":"LiquidBronze"},{"floor":45,"key":"FearPotion"},{"floor":54,"key":"AttackPotion"}],"is_trial":false,"path_per_floor":["M","M","M","M","$","R","E","M","T","E","?","?","R","?","R","B",null,"M","?","?","?","$","R","M","E","T","$","?","M","E","M","R","B",null,"M","?","M","$","M","E","M","E","T","$","E","$","?","M","R","B",null,"R","$","E","B",null],"character_chosen":"THE_CURSED","items_purchased":["Pear","Apotheosis","TheCursedMod:CollectTribute","Ornamental Fan","HandDrill"],"campfire_rested":2,"item_purchase_floors":[22,27,38,53,53],"current_hp_per_floor":[82,82,82,77,77,77,29,29,29,22,4,4,28,33,33,15,87,87,87,70,54,64,94,90,75,75,75,50,56,50,62,62,65,102,96,102,95,95,98,97,102,102,102,102,95,95,95,102,102,89,102,102,102,100,58],"gold":46,"neow_bonus":"TEN_PERCENT_HP_BONUS","is_daily":false,"chose_seed":false,"campfire_upgraded":4,"win_rate":0.0,"timestamp":1613737605,"path_taken":["M","M","M","M","?","R","E","M","T","E","?","?","R","?","R","BOSS","M","?","?","?","$","R","M","E","T","$","?","?","E","M","R","BOSS","M","?","M","$","M","E","M","E","T","$","E","$","?","M","R","BOSS","R","$","E","BOSS"],"items_purchased_type":["Relic","Card","Card","Relic","Relic"],"build_version":"2020-12-22","purchased_purges":2,"victory":true,"max_hp_per_floor":[82,82,82,82,82,82,82,82,82,82,82,82,82,87,87,87,87,87,87,92,92,102,102,102,102,102,102,102,102,102,102,102,102,102,102,102,102,102,102,102,102,102,102,102,102,102,102,102,102,102,102,102,102,102,102],"card_choices":[{"not_picked":["TheCursedMod:SaltUponWound","TheCursedMod:Grudge"],"picked":"TheCursedMod:FleshFromBone","floor":1},{"not_picked":["TheCursedMod:CircleOfFlame","TheCursedMod:BlessingInDisguise"],"picked":"TheCursedMod:LuckyCharm","floor":2},{"not_picked":["TheCursedMod:SmokeScreen","TheCursedMod:CircleOfWindfury"],"picked":"TheCursedMod:SpitefulPray","floor":3},{"not_picked":["TheCursedMod:CircleOfFlame","TheCursedMod:CircleOfWindfury"],"picked":"TheCursedMod:Evocation","floor":4},{"not_picked":["TheCursedMod:SpitefulStrike","TheCursedMod:SpitefulPray"],"picked":"TheCursedMod:CursedBlade","floor":7},{"not_picked":["TheCursedMod:Stigma","TheCursedMod:Grudge"],"picked":"TheCursedMod:CursedSpellbook","floor":8},{"not_picked":["TheCursedMod:CursedBlade","TheCursedMod:Torture"],"picked":"TheCursedMod:TroublousMinions","floor":10},{"not_picked":["TheCursedMod:OutForBlood","TheCursedMod:ParallelWorld"],"picked":"TheCursedMod:CircleOfAbyss","floor":16},{"not_picked":["TheCursedMod:VitalStrike","TheCursedMod:ManaBullet"],"picked":"TheCursedMod:CircleOfCorruption+1","floor":18},{"not_picked":["TheCursedMod:Torture","TheCursedMod:SoulReap"],"picked":"TheCursedMod:RapidMovement+1","floor":24},{"not_picked":["TheCursedMod:RavingStaff+1","TheCursedMod:CursedRelics"],"picked":"TheCursedMod:TacticalStrike+1","floor":25},{"not_picked":["TheCursedMod:Stigma+1","TheCursedMod:RapidMovement"],"picked":"TheCursedMod:CircleOfBlood","floor":28},{"not_picked":["TheCursedMod:SpitefulPray","TheCursedMod:Stigma"],"picked":"TheCursedMod:HellfireBreathing","floor":29},{"not_picked":["TheCursedMod:CursedShiv+1","TheCursedMod:CursedBlade+1"],"picked":"TheCursedMod:AshesToAshes","floor":30},{"not_picked":["TheCursedMod:Stretching","TheCursedMod:CircleOfCorruption"],"picked":"TheCursedMod:AshesToAshes","floor":31},{"not_picked":["TheCursedMod:ShockAndAwe+1","TheCursedMod:CursedRelics+1"],"picked":"TheCursedMod:Neurasthenia","floor":33},{"not_picked":["TheCursedMod:CursedAmulet","TheCursedMod:Grudge+1"],"picked":"TheCursedMod:RapidMovement+1","floor":35},{"not_picked":["TheCursedMod:RavingStaff+1","TheCursedMod:Stretching+1"],"picked":"TheCursedMod:StingEye+1","floor":37},{"not_picked":["TheCursedMod:CursedMace+1","TheCursedMod:CircleOfAmplification","TheCursedMod:CursedArmor"],"picked":"SKIP","floor":39},{"not_picked":["TheCursedMod:CircleOfFlame+1","TheCursedMod:SpitefulStrike+1"],"picked":"TheCursedMod:CircleOfBlood+1","floor":40},{"not_picked":["TheCursedMod:RavingStaff+1","TheCursedMod:CursedSpellbook","TheCursedMod:SoulReap+1"],"picked":"TheCursedMod:Hemoplague+1","floor":41},{"not_picked":["TheCursedMod:SoulReap+1","TheCursedMod:Obscuration","TheCursedMod:ManaBullet+1"],"picked":"TheCursedMod:TacticalStrike+1","floor":42},{"not_picked":["TheCursedMod:CursedAmulet","TheCursedMod:BloodBarrier","TheCursedMod:DemonicPact"],"picked":"TheCursedMod:StingEye+1","floor":45},{"not_picked":["TheCursedMod:TroublousMinions+1","TheCursedMod:RapidMovement","TheCursedMod:SpitefulPlan+1"],"picked":"TheCursedMod:LuckyCharm+1","floor":48},{"not_picked":["TheCursedMod:SaltUponWound","TheCursedMod:SurpriseAttack+1","TheCursedMod:AbyssShockwave+1"],"picked":"TheCursedMod:ShockAndAwe+1","floor":54}],"player_experience":1541578,"relics_obtained":[{"floor":7,"key":"InkBottle"},{"floor":9,"key":"Mercury Hourglass"},{"floor":10,"key":"Bottled Flame"},{"floor":21,"key":"Enchiridion"},{"floor":25,"key":"Calipers"},{"floor":28,"key":"WingedGreaves"},{"floor":28,"key":"White Beast Statue"},{"floor":30,"key":"Molten Egg 2"},{"floor":40,"key":"Question Card"},{"floor":42,"key":"Boot"},{"floor":43,"key":"Bronze Scales"},{"floor":45,"key":"TheCursedMod:Tack"},{"floor":54,"key":"Akabeko"}],"event_choices":[{"damage_healed":0,"gold_gain":0,"player_choice":"Success","damage_taken":18,"relics_obtained":["Blue Candle"],"max_hp_gain":0,"max_hp_loss":0,"event_name":"Scrap Ooze","floor":11,"gold_loss":0},{"damage_healed":0,"gold_gain":175,"player_choice":"AGREE","damage_taken":0,"max_hp_gain":0,"max_hp_loss":0,"event_name":"Liars Game","floor":12,"gold_loss":0,"cards_obtained":["Doubt"]},{"damage_healed":0,"gold_gain":0,"player_choice":"Donut","damage_taken":0,"max_hp_gain":5,"max_hp_loss":0,"event_name":"Big Fish","floor":14,"gold_loss":0},{"damage_healed":0,"gold_gain":99,"player_choice":"Stole From Cult","damage_taken":0,"max_hp_gain":0,"max_hp_loss":0,"event_name":"Nest","floor":19,"gold_loss":0},{"damage_healed":0,"gold_gain":0,"player_choice":"Shed Blood","damage_taken":22,"max_hp_gain":5,"max_hp_loss":0,"event_name":"Forgotten Altar","floor":20,"gold_loss":0},{"damage_healed":0,"gold_gain":0,"player_choice":"Obtained Book","damage_taken":16,"max_hp_gain":0,"max_hp_loss":0,"event_name":"Cursed Tome","floor":21,"gold_loss":0},{"damage_healed":0,"gold_gain":0,"player_choice":"Fight","damage_taken":0,"max_hp_gain":0,"max_hp_loss":0,"event_name":"Colosseum","floor":28,"gold_loss":0},{"damage_healed":0,"gold_gain":0,"player_choice":"Fought Nobs","damage_taken":0,"max_hp_gain":0,"max_hp_loss":0,"event_name":"Colosseum","floor":28,"gold_loss":0},{"damage_healed":26,"gold_gain":0,"player_choice":"Writhe","damage_taken":0,"max_hp_gain":0,"max_hp_loss":0,"event_name":"Winding Halls","floor":36,"gold_loss":0,"cards_obtained":["Writhe"]},{"cards_removed":["TheCursedMod:StingEye"],"damage_healed":0,"gold_gain":0,"player_choice":"Removed Attack","damage_taken":0,"max_hp_gain":0,"max_hp_loss":0,"event_name":"Falling","floor":47,"gold_loss":0}],"is_beta":false,"boss_relics":[{"not_picked":["Black Star","Astrolabe"],"picked":"TheCursedMod:FourLeafCloverCharm"},{"not_picked":["Snecko Eye","TheCursedMod:BlackMagicAdvanced"],"picked":"Empty Cage"}],"items_purged_floors":[5,27],"is_endless":false,"potions_floor_spawned":[3,10,16,18,28,29,30,31,33,35,37,39,40,41,42,45,48,54],"ascension_level":0}}