{"host":"i09pxcjttd31eh4q","time":1613718582,"event":{"mods":["AchievementEnabler","BaseMod","Colored Map","Keyboard Shortcuts","Minty Spire (QoL Compilation)","StSLib","SuperFastMode"],"gold_per_floor":[119,44,58,74,74,74,85,85,112,123,133,194,194,194,194,285,285,310,360,379,379,379],"floor_reached":21,"language":"KOR","playtime":515,"items_purged":["Pain"],"score":342,"play_id":"d2f9d293-639c-4d9c-9ae6-16e86f4b2e47","local_time":"20210219160942","is_ascension_mode":true,"campfire_choices":[{"data":"Eviscerate","floor":6.0,"key":"SMITH"},{"data":"Eviscerate","floor":8.0,"key":"SMITH"},{"data":"Reflex","floor":15.0,"key":"SMITH"}],"circlet_count":0,"master_deck":["AscendersBane","Defend_G","Defend_G","Defend_G","Defend_G","Survivor","Neutralize","Blur","Unload","Tactician","Eviscerate+1","Escape Plan","Eviscerate+1","Reflex+1","Escape Plan","Masterful Stab+1","Deadly Poison+1","Deadly Poison+1"],"relics":["Ring of the Snake","Lantern","Art of War","Golden Idol","Astrolabe"],"acts_visited":["Exordium","TheCity"],"potions_floor_usage":[20,21],"damage_taken":[{"damage":3.0,"enemies":"Jaw Worm","floor":1.0,"turns":5.0},{"damage":1.0,"enemies":"Cultist","floor":3.0,"turns":3.0},{"damage":0.0,"enemies":"2 Louse","floor":4.0,"turns":2.0},{"damage":2.0,"enemies":"2 Fungi Beasts","floor":7.0,"turns":3.0},{"damage":11.0,"enemies":"3 Louse","floor":10.0,"turns":3.0},{"damage":0.0,"enemies":"Gremlin Gang","floor":11.0,"turns":3.0},{"damage":0.0,"enemies":"Gremlin Nob","floor":12.0,"turns":3.0},{"damage":30.0,"enemies":"The Guardian","floor":16.0,"turns":15.0},{"damage":32.0,"enemies":"Spheric Guardian","floor":18.0,"turns":7.0},{"damage":2,"enemies":"Shell Parasite","floor":20,"turns":4},{"damage":15,"enemies":"Shelled Parasite and Fungi","floor":21,"turns":1}],"seed_played":"-4003973069740941224","potions_obtained":[{"floor":3.0,"key":"BlessingOfTheForge"},{"floor":4.0,"key":"LiquidBronze"},{"floor":7.0,"key":"Weak Potion"},{"floor":12.0,"key":"Ancient Potion"},{"floor":20,"key":"CunningPotion"}],"is_trial":false,"path_per_floor":["M","$","M","M","?","R","M","R","T","M","M","?","?","?","R","B",null,"M","?","M","M"],"character_chosen":"THE_SILENT","items_purchased":[],"campfire_rested":0,"item_purchase_floors":[],"current_hp_per_floor":[56,56,55,55,55,55,53,53,53,42,42,42,42,42,42,12,48,16,16,14,0,0],"gold":379,"neow_bonus":"TRANSFORM_TWO_CARDS","is_daily":false,"chose_seed":false,"campfire_upgraded":3,"win_rate":0.0,"timestamp":1613718582,"path_taken":["M","$","M","M","?","R","?","R","T","M","?","?","?","?","R","BOSS","M","?","M","M"],"items_purchased_type":[],"build_version":"2020-12-22","purchased_purges":1,"victory":false,"max_hp_per_floor":[66,66,66,66,66,66,66,66,66,66,66,66,66,60,60,60,60,60,60,60,60,60],"card_choices":[{"not_picked":["Heel Hook","Backstab"],"picked":"Tactician","floor":1.0},{"not_picked":["Slice","Blade Dance"],"picked":"Eviscerate","floor":3.0},{"not_picked":["Sucker Punch","Skewer"],"picked":"Escape Plan","floor":4.0},{"not_picked":["Outmaneuver","Dagger Spray","Catalyst"],"picked":"SKIP","floor":7.0},{"not_picked":["Noxious Fumes","Cloak And Dagger","Deflect"],"picked":"SKIP","floor":10.0},{"not_picked":["Noxious Fumes","Cloak And Dagger","Deflect"],"picked":"SKIP","floor":10.0},{"not_picked":["Underhanded Strike","Calculated Gamble"],"picked":"Reflex","floor":11.0},{"not_picked":["Masterful Stab","Underhanded Strike"],"picked":"Escape Plan","floor":12.0},{"not_picked":["Sucker Punch","Deadly Poison","Heel Hook"],"picked":"SKIP","floor":18.0},{"not_picked":["Riddle With Holes","Blade Dance","Poisoned Stab+1"],"picked":"SKIP","floor":20}],"player_experience":928358,"relics_obtained":[{"floor":9.0,"key":"Lantern"},{"floor":12.0,"key":"Art of War"}],"event_choices":[{"damage_healed":0.0,"max_hp_gain":0.0,"max_hp_loss":0.0,"gold_gain":0.0,"cards_transformed":["Strike_G"],"event_name":"Transmorgrifier","player_choice":"Transformed","floor":5.0,"gold_loss":0.0,"damage_taken":0.0,"cards_obtained":["Eviscerate"]},{"damage_healed":0.0,"max_hp_gain":0.0,"max_hp_loss":0.0,"gold_gain":0.0,"event_name":"Dead Adventurer","player_choice":"Searched \u00271\u0027 times","floor":12.0,"gold_loss":0.0,"damage_taken":0.0},{"damage_healed":0.0,"max_hp_gain":0.0,"max_hp_loss":0.0,"gold_gain":0.0,"event_name":"Liars Game","player_choice":"Ignored","floor":13.0,"gold_loss":0.0,"damage_taken":0.0},{"damage_healed":0.0,"max_hp_gain":0.0,"max_hp_loss":6.0,"gold_gain":0.0,"event_name":"Golden Idol","player_choice":"Lose Max HP","floor":14.0,"gold_loss":0.0,"damage_taken":0.0,"relics_obtained":["Golden Idol"]},{"damage_healed":0.0,"max_hp_gain":0.0,"max_hp_loss":0.0,"gold_gain":50.0,"event_name":"Golden Shrine","player_choice":"Pray","floor":19.0,"gold_loss":0.0,"damage_taken":0.0}],"is_beta":false,"boss_relics":[{"not_picked":["Fusion Hammer","Velvet Choker"],"picked":"Astrolabe"}],"items_purged_floors":[2],"is_endless":false,"potions_floor_spawned":[3,4,7,12,20],"killed_by":"Shelled Parasite and Fungi","ascension_level":20}}