{"host":"RampantMystic","time":1613738029,"event":{"mods":["Act Like it!","BaseMod","Bestiary","Better Match","Better Third Choice","Better Vampires","Block Reminder","Bossed Relics","ChefMod","Conjunction","Conspire","Dota2Spire","Evolution","GifTheSpireLib","Infinite Spire","Menagerie","Minty Spire (QoL Compilation)","Potionbrewer","QueenMod","Rare Cards Sparkle","Relic Stats","Replay The Spire","Spicy Shops","Spikes Relics","Spire Arcade","StSLib","Stuff the Spire","Swap Starting Deck Mod","The Blackbeard","The Blue Laboratory","The Cursed","The Jungle","The Mystic","The Necromancer","The Runesmith","TheVacant","Thieving Mod","Wandering Minibosses","Weighted Paths","slay the spire mod where everything is the same but ironclad has a cowboy hat"],"gold_per_floor":[118,136,148,131,158,188,188,188,214,214,233,233,13,24,24,121,121,147,47,57,57,85,85,85,119,172,203,185,225,225,271,271,381,381,410,410,410,439,548,548,548,567,567,567,582,582,614,119,119,134],"floor_reached":51,"language":"ENG","playtime":2802,"items_purged":["blackbeard:BlackbeardStrike","blackbeard:BlackbeardStrike"],"score":792,"play_id":"03ec3dd1-25f5-4133-bba6-43ca66a3c4ba","local_time":"20210219143349","is_ascension_mode":false,"campfire_choices":[{"floor":7,"key":"REST"},{"data":"blackbeard:TerrorOfTheSeas","floor":10,"key":"SMITH"},{"data":"blackbeard:FieryDefense","floor":12,"key":"SMITH"},{"data":"blackbeard:FieryDefense","floor":15,"key":"SMITH"},{"floor":23,"key":"REST"},{"floor":30,"key":"REST"},{"floor":32,"key":"REST"},{"data":"StuffTheSpire:PestControl","floor":40,"key":"SMITH"},{"data":"blackbeard:Halberd","floor":44,"key":"SMITH"},{"data":"blackbeard:PirateHook","floor":46,"key":"SMITH"},{"data":"blackbeard:CatONineTails","floor":49,"key":"SMITH"}],"circlet_count":0,"master_deck":["blackbeard:BlackbeardStrike","blackbeard:IntimidatingStrike","blackbeard:BlackbeardDefend","blackbeard:BlackbeardDefend","blackbeard:BlackbeardDefend","blackbeard:BlackbeardDefend","blackbeard:Cutlass","blackbeard:TerrorOfTheSeas+1","blackbeard:Dagger","blackbeard:FieryDefense+1","blackbeard:PirateHook+1","blackbeard:DeadlyArsenal","blackbeard:FieryDefense+1","blackbeard:Halberd+1","blackbeard:PowderKeg","StuffTheSpire:PestControl+1","blackbeard:BuriedTreasure","blackbeard:BlindAttacks","blackbeard:Spear+1","blackbeard:GoldenDefense+1","blackbeard:DeadlyArsenal","blackbeard:Fencing+1","Pot Of Greed","Pot Of Greed","blackbeard:CatONineTails+1","infinitespire:DeathsTouch","Pot Of Greed"],"relics":["blackbeard:LoadTheCannons","EVO:Axolotl","ReplayTheSpireMod:Lightbulb","Bag of Preparation","blackbeard:CannonballsOfSteel","Chemical X","Velvet Choker","Red Mask","infinitespire:Satchel","RollingBoulder","Dream Catcher","NeowsBlessing","wanderingMiniBosses:ThiefScarf","SpikesRelics:DaevaFist","HornCleat","Grinning Jar"],"acts_visited":["Exordium","TheCity","TheBeyond"],"potions_floor_usage":[6,16,18,27,28,28,33,39,50,50],"damage_taken":[{"damage":0,"enemies":"Cultist","floor":1,"turns":1},{"damage":0,"enemies":"infinitespire:Voidling","floor":2,"turns":1},{"damage":0,"enemies":"2 Louse","floor":3,"turns":1},{"damage":38,"enemies":"Exordium Wildlife","floor":4,"turns":7},{"damage":21,"enemies":"Lagavulin","floor":6,"turns":5},{"damage":7,"enemies":"Gremlin Gang","floor":11,"turns":5},{"damage":0,"enemies":"2 Fungi Beasts","floor":14,"turns":2},{"damage":12,"enemies":"Hexaghost","floor":16,"turns":9},{"damage":10,"enemies":"3 Byrds","floor":18,"turns":4},{"damage":10,"enemies":"2 Thieves","floor":20,"turns":2},{"damage":4,"enemies":"Masked Bandits","floor":22,"turns":5},{"damage":10,"enemies":"3 Cultists","floor":25,"turns":5},{"damage":13,"enemies":"Shelled Parasite and Fungi","floor":27,"turns":5},{"damage":0,"enemies":"Snecko","floor":28,"turns":5},{"damage":15,"enemies":"Book of Stabbing","floor":29,"turns":4},{"damage":0,"enemies":"conspire:Head Lice","floor":31,"turns":4},{"damage":18,"enemies":"conspire:MysteriousRune","floor":33,"turns":7},{"damage":2,"enemies":"Orb Walker","floor":35,"turns":3},{"damage":0,"enemies":"3 Darklings","floor":38,"turns":4},{"damage":0,"enemies":"4 Shapes","floor":39,"turns":5},{"damage":0,"enemies":"Jaw Worm Horde","floor":42,"turns":1},{"damage":0,"enemies":"3 Darklings","floor":45,"turns":1},{"damage":0,"enemies":"Reptomancer","floor":47,"turns":1},{"damage":45,"enemies":"Awakened One","floor":50,"turns":13}],"seed_played":"-4551276587735076732","potions_obtained":[{"floor":1,"key":"DistilledChaos"},{"floor":3,"key":"Fire Potion"},{"floor":6,"key":"Strength Potion"},{"floor":16,"key":"potionbrewer:MidasPotion"},{"floor":20,"key":"Conjunction:LightningMarble"},{"floor":25,"key":"Weak Potion"},{"floor":31,"key":"Dexterity Potion"},{"floor":35,"key":"blueLaboratory:CorrosionFlask"},{"floor":37,"key":"infinitespire:BlackPotion"},{"floor":37,"key":"AttackPotion"},{"floor":45,"key":"LiquidMemories"}],"is_trial":false,"path_per_floor":["M","M","M","M","T","E","R","?","T","R","M","R","$","M","R","B",null,"M","$","M","?","?","R","$","M","T","M","M","E","R","E","R","B",null,"M","?","?","M","M","R","?","M","T","R","M","R","E","?","R","B",null],"character_chosen":"BLACKBEARD_CLASS","items_purchased":["Chemical X"],"campfire_rested":4,"item_purchase_floors":[13],"current_hp_per_floor":[75,75,75,37,37,16,38,38,38,38,31,31,31,31,31,19,75,65,65,55,35,31,53,53,43,43,30,30,15,37,37,59,41,75,73,73,73,73,73,73,73,73,73,73,73,73,73,73,73,28],"gold":134,"neow_bonus":"THREE_ENEMY_KILL","is_daily":false,"chose_seed":false,"campfire_upgraded":7,"win_rate":0.0,"timestamp":1613738029,"path_taken":["M","?","M","?","?","E","R","?","T","R","M","R","?","M","R","BOSS","M","$","?","?","?","R","?","M","T","M","M","E","R","E","R","BOSS","M","?","?","?","M","R","?","M","T","R","?","R","E","?","R","BOSS"],"items_purchased_type":["Relic"],"build_version":"2020-12-18","purchased_purges":2,"victory":true,"max_hp_per_floor":[75,75,75,75,75,75,75,75,75,75,75,75,75,75,75,75,75,75,75,75,75,75,75,75,75,75,75,75,75,75,75,75,75,75,75,75,75,75,75,75,75,75,75,75,75,75,75,75,75,75],"relic_stats":{"Dream Catcher":1,"counters":[24,100],"Bag of Preparation":[38],"Chemical X":[1],"obtain_stats":[{"NeowsBlessing":0,"wanderingMiniBosses:ThiefScarf":39,"blackbeard:LoadTheCannons":0,"blackbeard:CannonballsOfSteel":8,"Velvet Choker":17,"Vajra":50,"PreservedInsect":45,"Bag of Preparation":6,"EVO:Axolotl":0,"blackbeard:CrossedSwords":47,"StuffTheSpire:SapphireSignet":47,"Dream Catcher":31,"HornCleat":43,"Gambling Chip":45,"infinitespire:Satchel":26,"RollingBoulder":29,"SpikesRelics:DaevaFist":9,"Red Mask":22,"Chemical X":13,"blackbeard:PoorMathSkills":42,"infinitespire:Eraser":42,"Grinning Jar":47,"ReplayTheSpireMod:Lightbulb":5},{"NeowsBlessing":0,"wanderingMiniBosses:ThiefScarf":20,"blackbeard:LoadTheCannons":0,"blackbeard:CannonballsOfSteel":5,"Velvet Choker":8,"Vajra":23,"PreservedInsect":21,"Bag of Preparation":5,"EVO:Axolotl":0,"blackbeard:CrossedSwords":22,"StuffTheSpire:SapphireSignet":22,"Dream Catcher":16,"HornCleat":21,"Gambling Chip":21,"infinitespire:Satchel":12,"RollingBoulder":15,"SpikesRelics:DaevaFist":5,"Red Mask":11,"Chemical X":6,"blackbeard:PoorMathSkills":20,"infinitespire:Eraser":20,"Grinning Jar":23,"ReplayTheSpireMod:Lightbulb":4},{"NeowsBlessing":0,"wanderingMiniBosses:ThiefScarf":84,"blackbeard:LoadTheCannons":0,"blackbeard:CannonballsOfSteel":15,"Velvet Choker":31,"Vajra":87,"PreservedInsect":85,"Bag of Preparation":15,"EVO:Axolotl":0,"blackbeard:CrossedSwords":86,"StuffTheSpire:SapphireSignet":86,"Dream Catcher":65,"HornCleat":85,"Gambling Chip":85,"infinitespire:Satchel":47,"RollingBoulder":61,"SpikesRelics:DaevaFist":15,"Red Mask":42,"Chemical X":20,"blackbeard:PoorMathSkills":84,"infinitespire:Eraser":84,"Grinning Jar":87,"ReplayTheSpireMod:Lightbulb":10}]},"card_choices":[{"not_picked":["blackbeard:WoodenLeg","blackbeard:Spear"],"picked":"blackbeard:TerrorOfTheSeas","floor":1},{"not_picked":["blackbeard:ArmorUp","blackbeard:PiratesWill"],"picked":"blackbeard:Dagger","floor":2},{"not_picked":["blackbeard:Provisioning","blackbeard:BlindAttacks","blackbeard:Toast"],"picked":"SKIP","floor":3},{"not_picked":["blackbeard:AgileStrike","blackbeard:PowerHungry"],"picked":"blackbeard:FieryDefense","floor":4},{"not_picked":["blackbeard:DoubleCannonball","blackbeard:Dagger"],"picked":"blackbeard:PirateHook","floor":6},{"not_picked":["blackbeard:Dagger","blackbeard:WeaponProficiency"],"picked":"blackbeard:DeadlyArsenal","floor":11},{"not_picked":["blackbeard:Sharpening","blackbeard:CaptainsCabin"],"picked":"blackbeard:FieryDefense","floor":14},{"not_picked":["blackbeard:MegaUpgrade","blackbeard:HumongousCannonball"],"picked":"blackbeard:Halberd","floor":16},{"not_picked":["blackbeard:RearmingStrike+1","blackbeard:CloakAndCannonball+1","blackbeard:Toast"],"picked":"SKIP","floor":18},{"not_picked":["blackbeard:RearmingStrike+1","blackbeard:CloakAndCannonball+1","blackbeard:Toast"],"picked":"SKIP","floor":18},{"not_picked":["blackbeard:Scrap","blackbeard:CloakAndCannonball+1"],"picked":"blackbeard:PowderKeg","floor":20},{"not_picked":["blackbeard:Eyepatch","blackbeard:Sword"],"picked":"blackbeard:BuriedTreasure","floor":22},{"not_picked":["blackbeard:GoldenDefense","blackbeard:Spear","blackbeard:Lifeboat"],"picked":"SKIP","floor":25},{"not_picked":["blackbeard:Recklessness","blackbeard:DoubleCannonball+1","blackbeard:CannonballSupply+1"],"picked":"SKIP","floor":27},{"not_picked":["blackbeard:Fencing","blackbeard:GhostInTheRum","blackbeard:WoodenLeg"],"picked":"SKIP","floor":28},{"not_picked":["blackbeard:BuriedTreasure","blackbeard:Scrap"],"picked":"blackbeard:BlindAttacks","floor":29},{"not_picked":["blackbeard:FieryDefense+1","blackbeard:Sword+1"],"picked":"blackbeard:Spear+1","floor":31},{"not_picked":["blackbeard:PiratesWill","blackbeard:WiseDefense"],"picked":"blackbeard:GoldenDefense+1","floor":35},{"not_picked":["blackbeard:Sword","blackbeard:BeatUp","blackbeard:FieryDefense+1"],"picked":"SKIP","floor":38},{"not_picked":["blackbeard:Toast+1","blackbeard:TacticalRetreat+1","blackbeard:BeatUp"],"picked":"SKIP","floor":39},{"not_picked":["blackbeard:InfiniteBarrage+1","blackbeard:DeadlyArsenal","blackbeard:WeaponProficiency"],"picked":"SKIP","floor":42},{"not_picked":["blackbeard:InfiniteBarrage+1","blackbeard:WeaponProficiency"],"picked":"blackbeard:DeadlyArsenal","floor":42},{"not_picked":["blackbeard:Dagger+1","blackbeard:InfiniteBarrage+1"],"picked":"blackbeard:Fencing+1","floor":45},{"not_picked":["blackbeard:CannonballSupply","blackbeard:DelayedPain"],"picked":"blackbeard:CatONineTails","floor":47},{"not_picked":["infinitespire:NeuralNetwork","Replay:Fractal Strike"],"picked":"infinitespire:DeathsTouch","floor":48}],"player_experience":1580380,"relics_obtained":[{"floor":5,"key":"ReplayTheSpireMod:Lightbulb"},{"floor":6,"key":"Bag of Preparation"},{"floor":8,"key":"blackbeard:CannonballsOfSteel"},{"floor":9,"key":"SpikesRelics:DaevaFist"},{"floor":22,"key":"Red Mask"},{"floor":26,"key":"infinitespire:Satchel"},{"floor":29,"key":"RollingBoulder"},{"floor":31,"key":"Dream Catcher"},{"floor":39,"key":"NeowsBlessing"},{"floor":39,"key":"wanderingMiniBosses:ThiefScarf"},{"floor":39,"key":"SpikesRelics:DaevaFist"},{"floor":43,"key":"HornCleat"},{"floor":47,"key":"Grinning Jar"}],"event_choices":[{"damage_healed":0,"gold_gain":0,"player_choice":"Fought Bandits","damage_taken":0,"max_hp_gain":0,"max_hp_loss":0,"event_name":"Masked Bandits","floor":22,"gold_loss":0},{"damage_healed":0,"gold_gain":0,"player_choice":"Leave","damage_taken":0,"max_hp_gain":0,"max_hp_loss":0,"event_name":"conspire:Investor","floor":36,"gold_loss":0},{"damage_healed":0,"gold_gain":0,"player_choice":"Got Potions","damage_taken":0,"max_hp_gain":0,"max_hp_loss":0,"event_name":"Lab","floor":37,"gold_loss":0},{"cards_removed":["blackbeard:BlackbeardStrike"],"damage_healed":0,"gold_gain":0,"player_choice":"Offered Basic","damage_taken":0,"max_hp_gain":0,"max_hp_loss":0,"event_name":"Bonfire Elementals","floor":41,"gold_loss":0}],"is_beta":true,"boss_relics":[{"not_picked":["SacredBark","Honey Jar"],"picked":"Velvet Choker"},{"not_picked":["ReplayTheSpireMod:DimensionalGlitch","Runic Pyramid","Replay:Fungal Core"]}],"items_purged_floors":[13,19],"is_endless":false,"potions_floor_spawned":[1,3,6,16,20,25,31,35,45],"ascension_level":0}}