{"host":"q9qwbotttpvtd6fn","time":1613703058,"event":{"mods":["BaseMod","Colored Map","Minty Spire (QoL Compilation)","StSLib"],"gold_per_floor":[18,38,38,38,3,3,32,32,59,72,98,138,138,200,200,299,299,311,401,280,280,280,280,280,313,340,340,340,352,12,0,0,97,97,112,128,183,183,183,214,228,270,295,295,295,295,3,76,76,76],"floor_reached":51,"language":"ENG","playtime":2297,"items_purged":["Strike_B","Strike_B+1"],"score":1087,"play_id":"1686b931-2d6a-4620-863f-6c6ff438c5cd","local_time":"20210218215058","is_ascension_mode":true,"campfire_choices":[{"data":"Redo","floor":6.0,"key":"SMITH"},{"data":"Dualcast","floor":8.0,"key":"SMITH"},{"floor":13.0,"key":"REST"},{"data":"Darkness","floor":15.0,"key":"SMITH"},{"floor":23.0,"key":"REST"},{"floor":28.0,"key":"REST"},{"floor":32.0,"key":"REST"},{"floor":44,"key":"REST"},{"floor":46,"key":"REST"},{"floor":49,"key":"REST"}],"circlet_count":0,"master_deck":["Strike_B+1","Defend_B+1","Defend_B+1","Defend_B+1","Defend_B+1","Zap","Dualcast+1","Redo+1","Doom and Gloom","Skim","Steam","Darkness+1","Hologram","Go for the Eyes","Multi-Cast","Conserve Battery","Blind","Leap","Reinforced Body","Necronomicurse","Lockon","Loop","Redo+1","Forethought","Seek","Conserve Battery+1","Leap+1","Undo+1","Thinking Ahead","Madness","Madness","Defragment"],"relics":["Cracked Core","Gambling Chip","Question Card","Centennial Puzzle","Juzu Bracelet","Symbiotic Virus","Letter Opener","Fusion Hammer","Necronomicon","Unceasing Top","DataDisk","Oddly Smooth Stone","Inserter","Peace Pipe","CeramicFish","Bag of Preparation","Lantern","Toolbox","Toy Ornithopter","StrikeDummy"],"acts_visited":["Exordium","TheCity","TheBeyond"],"potions_floor_usage":[41,50,50,50],"damage_taken":[{"damage":3.0,"enemies":"Jaw Worm","floor":1.0,"turns":4.0},{"damage":0.0,"enemies":"Small Slimes","floor":2.0,"turns":2.0},{"damage":30.0,"enemies":"Lagavulin","floor":7.0,"turns":4.0},{"damage":0.0,"enemies":"Cultist","floor":10.0,"turns":2.0},{"damage":31.0,"enemies":"Gremlin Nob","floor":11.0,"turns":4.0},{"damage":0.0,"enemies":"2 Fungi Beasts","floor":12.0,"turns":2.0},{"damage":8.0,"enemies":"Gremlin Nob","floor":14.0,"turns":3.0},{"damage":5.0,"enemies":"Hexaghost","floor":16.0,"turns":7.0},{"damage":0.0,"enemies":"Spheric Guardian","floor":18.0,"turns":3.0},{"damage":11.0,"enemies":"Gremlin Leader","floor":25.0,"turns":5.0},{"damage":0.0,"enemies":"Chosen","floor":29.0,"turns":3.0},{"damage":15.0,"enemies":"Automaton","floor":33.0,"turns":6.0},{"damage":4.0,"enemies":"Orb Walker","floor":35.0,"turns":2.0},{"damage":11.0,"enemies":"3 Shapes","floor":36.0,"turns":4.0},{"damage":10.0,"enemies":"2 Orb Walkers","floor":37.0,"turns":3.0},{"damage":19.0,"enemies":"Nemesis","floor":40.0,"turns":5.0},{"damage":0,"enemies":"Sphere and 2 Shapes","floor":41,"turns":3},{"damage":13,"enemies":"Giant Head","floor":42,"turns":6},{"damage":75,"enemies":"Awakened One","floor":50,"turns":13}],"seed_played":"8741336229936779966","potions_obtained":[{"floor":10.0,"key":"ColorlessPotion"},{"floor":12.0,"key":"Block Potion"},{"floor":14.0,"key":"Dexterity Potion"},{"floor":29.0,"key":"PowerPotion"},{"floor":33.0,"key":"FearPotion"},{"floor":36.0,"key":"SpeedPotion"},{"floor":40.0,"key":"Ancient Potion"},{"floor":42,"key":"Energy Potion"}],"is_trial":false,"path_per_floor":["M","M","?","?","$","R","E","R","T","M","E","M","R","?","R","B",null,"M","?","$","?","?","R","?","E","T","?","R","M","$","?","R","B",null,"M","M","?","?","?","E","M","E","T","R","?","R","$","T","R","B",null],"character_chosen":"DEFECT","items_purchased":["Doom and Gloom","Leap","Oddly Smooth Stone","Forethought","Toolbox","Toy Ornithopter"],"campfire_rested":7,"item_purchase_floors":[5,20,30,30,47,47],"current_hp_per_floor":[65,65,58,63,63,63,33,33,33,33,2,2,26,18,18,13,63,63,45,45,45,45,69,53,42,42,42,66,66,66,66,80,65,76,72,61,51,51,41,22,22,9,9,33,33,57,57,57,80,20],"gold":76,"neow_bonus":"ONE_RARE_RELIC","is_daily":false,"chose_seed":false,"campfire_upgraded":3,"win_rate":0.0,"timestamp":1613703058,"path_taken":["M","M","?","?","$","R","E","R","T","M","E","M","R","?","R","BOSS","M","?","?","?","?","R","?","E","T","?","R","M","$","?","R","BOSS","M","M","?","?","?","E","M","E","T","R","?","R","$","?","R","BOSS"],"items_purchased_type":["Card","Card","Relic","Card","Relic","Relic"],"build_version":"2020-12-22","purchased_purges":2,"victory":true,"max_hp_per_floor":[75,75,75,80,80,80,80,80,80,80,80,80,80,80,80,80,80,80,80,80,80,80,80,80,80,80,80,80,80,80,80,80,80,80,80,80,80,80,80,80,80,80,80,80,80,80,80,80,80,80],"card_choices":[{"not_picked":["Gash","Hello World"],"picked":"Redo","floor":1.0},{"not_picked":["Gash","Force Field","Reprogram"],"picked":"SKIP","floor":2.0},{"not_picked":["Ball Lightning","Rip and Tear","Stack"],"picked":"Skim","floor":7.0},{"not_picked":["Streamline","Beam Cell","Rebound"],"picked":"Steam","floor":10.0},{"not_picked":["Ball Lightning","Barrage","Steam"],"picked":"Darkness","floor":11.0},{"not_picked":["Sweeping Beam","Scrape","Defragment"],"picked":"Hologram","floor":12.0},{"not_picked":["Genetic Algorithm","Capacitor","Hologram"],"picked":"Go for the Eyes","floor":14.0},{"not_picked":["Electrodynamics","All For One","Fission"],"picked":"Multi-Cast","floor":16.0},{"not_picked":["Barrage","Hologram","Beam Cell+1"],"picked":"Conserve Battery","floor":18.0},{"not_picked":["Steam","Chaos","Scrape"],"picked":"Lockon","floor":25.0},{"not_picked":["Streamline","Cold Snap+1","Hyperbeam"],"picked":"Redo+1","floor":29.0},{"not_picked":["Multi-Cast","Creative AI","Electrodynamics"],"picked":"Seek","floor":33.0},{"not_picked":["Leap","Chaos+1","Capacitor+1"],"picked":"Conserve Battery+1","floor":35.0},{"not_picked":["Auto Shields","Redo","Beam Cell"],"picked":"Leap+1","floor":36.0},{"not_picked":["Cold Snap","Redo+1","Melter"],"picked":"Undo+1","floor":37.0},{"not_picked":["Blind","Trip","Discovery"],"picked":"Thinking Ahead","floor":38.0},{"not_picked":["Hello World","Conserve Battery","Redo","Doom and Gloom+1"],"picked":"SKIP","floor":40.0},{"not_picked":["Scrape","Leap","Sunder+1","Go for the Eyes+1"],"picked":"SKIP","floor":41},{"not_picked":["Steam+1","Rebound","Turbo"],"picked":"Defragment","floor":42}],"player_experience":470584,"relics_obtained":[{"floor":7.0,"key":"Centennial Puzzle"},{"floor":9.0,"key":"Juzu Bracelet"},{"floor":11.0,"key":"Symbiotic Virus"},{"floor":14.0,"key":"Letter Opener"},{"floor":24.0,"key":"Necronomicon"},{"floor":25.0,"key":"Unceasing Top"},{"floor":26.0,"key":"DataDisk"},{"floor":37.0,"key":"Peace Pipe"},{"floor":40.0,"key":"CeramicFish"},{"floor":42,"key":"Bag of Preparation"},{"floor":43,"key":"Lantern"},{"floor":48,"key":"StrikeDummy"}],"event_choices":[{"damage_healed":0.0,"max_hp_gain":0.0,"max_hp_loss":0.0,"gold_gain":0.0,"event_name":"Scrap Ooze","player_choice":"Success","floor":3.0,"gold_loss":0.0,"damage_taken":7.0,"relics_obtained":["Question Card"]},{"damage_healed":0.0,"max_hp_gain":5.0,"max_hp_loss":0.0,"gold_gain":0.0,"event_name":"Big Fish","player_choice":"Donut","floor":4.0,"gold_loss":0.0,"damage_taken":0.0},{"damage_healed":0.0,"max_hp_gain":0.0,"max_hp_loss":0.0,"gold_gain":0.0,"event_name":"Dead Adventurer","player_choice":"Searched \u00271\u0027 times","floor":14.0,"gold_loss":0.0,"damage_taken":0.0},{"damage_healed":0.0,"max_hp_gain":0.0,"max_hp_loss":0.0,"gold_gain":90.0,"event_name":"Knowing Skull","player_choice":"GOLD CARD ","floor":19.0,"potions_obtained":[],"gold_loss":0.0,"damage_taken":18.0,"cards_obtained":["Blind"]},{"damage_healed":0.0,"max_hp_gain":0.0,"max_hp_loss":0.0,"gold_gain":90.0,"event_name":"Knowing Skull","player_choice":"GOLD CARD ","floor":19.0,"potions_obtained":[],"gold_loss":0.0,"damage_taken":18.0,"cards_obtained":["Blind"]},{"damage_healed":0.0,"max_hp_gain":0.0,"max_hp_loss":0.0,"gold_gain":0.0,"event_name":"Back to Basics","player_choice":"Simplicity","floor":21.0,"gold_loss":0.0,"damage_taken":0.0,"cards_upgraded":["Strike_B","Strike_B","Strike_B","Defend_B","Defend_B","Defend_B","Defend_B"]},{"damage_healed":0.0,"max_hp_gain":0.0,"max_hp_loss":0.0,"gold_gain":0.0,"cards_transformed":["Strike_B"],"event_name":"Transmorgrifier","player_choice":"Transformed","floor":22.0,"gold_loss":0.0,"damage_taken":0.0,"cards_obtained":["Reinforced Body"]},{"damage_healed":0.0,"max_hp_gain":0.0,"max_hp_loss":0.0,"gold_gain":0.0,"event_name":"Cursed Tome","player_choice":"Obtained Book","floor":24.0,"gold_loss":0.0,"damage_taken":16.0},{"damage_healed":0.0,"max_hp_gain":0.0,"max_hp_loss":0.0,"gold_gain":0.0,"event_name":"The Library","player_choice":"Read","floor":27.0,"gold_loss":0.0,"damage_taken":0.0,"cards_obtained":["Loop"]},{"damage_healed":0.0,"max_hp_gain":0.0,"max_hp_loss":0.0,"gold_gain":0.0,"event_name":"Masked Bandits","player_choice":"Paid Fearfully","floor":31.0,"gold_loss":12.0,"damage_taken":0.0},{"damage_healed":0.0,"max_hp_gain":0.0,"max_hp_loss":0.0,"gold_gain":0.0,"event_name":"Mysterious Sphere","player_choice":"Fight","floor":37.0,"gold_loss":0.0,"damage_taken":0.0},{"damage_healed":0.0,"max_hp_gain":0.0,"max_hp_loss":0.0,"gold_gain":0.0,"event_name":"SensoryStone","player_choice":"Memory 1","floor":38.0,"gold_loss":0.0,"damage_taken":0.0},{"damage_healed":0.0,"max_hp_gain":0.0,"max_hp_loss":0.0,"gold_gain":0.0,"event_name":"Winding Halls","player_choice":"Embrace Madness","floor":39.0,"gold_loss":0.0,"damage_taken":10.0,"cards_obtained":["Madness","Madness"]},{"damage_healed":0,"gold_gain":0,"player_choice":"Ignored","damage_taken":0,"max_hp_gain":0,"max_hp_loss":0,"event_name":"Tomb of Lord Red Mask","floor":45,"gold_loss":0}],"is_beta":false,"boss_relics":[{"not_picked":["Coffee Dripper","Runic Pyramid"],"picked":"Fusion Hammer"},{"not_picked":["Black Star","Calling Bell"],"picked":"Inserter"}],"items_purged_floors":[20,30],"is_endless":false,"potions_floor_spawned":[10,12,14,29,33,36,40,42],"ascension_level":9}}