{"host":"t9wo05e1llrbe5dt","time":1613756657,"event":{"mods":["2.2 Compatiblity","AchievementEnabler","Ascension Unlocker","BaseMod","Bestiary","Better Altar","Better Match","Better Note","Better Sensory Stone","Better Skull","Better Third Choice","Better Vampires","Better-Laid Plans","Block Reminder","Colored Map","Colored Powertips","Curses Come First","DeckTracker","Displayed Cursed Tome","Downfall","Filter the Spire","Googly Eyes","Gremlin Mod","GungeonMod","Hermit","Highlight Path","Marked Mod","Minty Spire (QoL Compilation)","Quick Restart","Random Character Button","Rare Cards Sparkle","Reorder Act Four","Reworked Bosses","Spicy Shops","StSLib","The Bug Knight","The Cursed","The Hierophant","The IronCluck","The Mystic","The Necromancer","The Runesmith","Transform Curses","Uncapped","everything is the same but u backflip on backflip","slay the spire mod where everything is the same but ironclad has a cowboy hat"],"gold_per_floor":[0,0,17,17,27,157,157,57,73,88,88,39,72,85,95,195,195,195,207,224,248,266,166,166,266,279,33,103,118,118,168,179,277,277,277,290,302,352,366,54,129,129,140,140,157,207,220,4,22,22],"floor_reached":51,"language":"ENG","playtime":4923,"items_purged":[],"score":876,"play_id":"3201e08f-8258-43f4-87fe-243cbad7278a","local_time":"20210219114417","is_ascension_mode":true,"campfire_choices":[{"floor":1,"key":"RECALL"},{"floor":8,"key":"REST"},{"floor":11,"key":"REST"},{"floor":18,"key":"REST"},{"floor":23,"key":"REST"},{"floor":35,"key":"REST"},{"floor":42,"key":"REST"},{"floor":44,"key":"REST"}],"circlet_count":0,"master_deck":["Guardian:Strike_Guardian","Guardian:Strike_Guardian","Guardian:Strike_Guardian","Guardian:Strike_Guardian","Guardian:Defend_Guardian","Guardian:Defend_Guardian","Guardian:Defend_Guardian","Guardian:CurlUp","Guardian:TwinSlam","Magnetism","Guardian:BronzeOrb","Guardian:ShieldCharger+1","Guardian:GemFinder","Guardian:TemporalStrike","Guardian:Suspension","Guardian:PolyBeam","Guardian:Reroute","Guardian:ExploitGems","Guardian:Orbwalk+1","Guardian:BronzeArmor","Guardian:PrismaticBeam+1","Guardian:TimeBomb+1","Guardian:WalkerClaw","Guardian:PrimingBeam","Guardian:SpikerProtocol","Guardian:CrystalBeam","Guardian:PrismaticBeam+1","Guardian:CrystalBeam","Guardian:SphericShield","Guardian:ExploitGems","Guardian:PiercingHide","Guardian:VentSteam+1","Guardian:Incinerate","Guardian:FloatingOrbs+1","Guardian:Suspension","Guardian:BodySlam","Guardian:CrystalBeam","Guardian:Gem_Lightblue","Guardian:BronzeArmor+1","Flash of Steel","Guardian:Gem_Red","Guardian:TemporalStrike+1","Guardian:Incinerate","expansioncontent:PrepareCrush","Guardian:ArmoredProtocol","Guardian:Recover","Guardian:Incinerate","expansioncontent:QuickStudy","Guardian:TimeBomb","Guardian:RefractedBeam","Guardian:SentryBeam"],"relics":["Guardian:ModeShifter","FossilizedHelix","White Beast Statue","Mummified Hand","downfall:HeartBlessingRed","Fusion Hammer","downfall:HeartBlessingBlue","downfall:CloakOfManyFaces","CultistMask","FaceOfCleric","NlothsMask","GremlinMask","SsserpentHead","SacredBark","Membership Card","Runesmith:Locket","DemoMod:GlassGuonStoneRelic","HollowMod:PaleOreRelic","War Paint","DemoMod:MeatBun","Omamori"],"acts_visited":["Exordium","TheCity","TheBeyond"],"potions_floor_usage":[16,33,33,50],"damage_taken":[{"damage":5,"enemies":"2 Louse","floor":3,"turns":4},{"damage":8,"enemies":"Jaw Worm","floor":5,"turns":5},{"damage":37,"enemies":"downfall:LadyInBlue","floor":6,"turns":14},{"damage":0,"enemies":"Cultist","floor":9,"turns":3},{"damage":5,"enemies":"Red Slaver","floor":10,"turns":5},{"damage":8,"enemies":"downfall:FleeingMerchant","floor":12,"turns":4},{"damage":1,"enemies":"downfall:LooterAlt","floor":13,"turns":3},{"damage":11,"enemies":"Lots of Slimes","floor":14,"turns":5},{"damage":0,"enemies":"Blue Slaver","floor":15,"turns":2},{"damage":43,"enemies":"IC_STATUS_ARCHETYPE","floor":16,"turns":12},{"damage":15,"enemies":"downfall:LooterAlt2","floor":19,"turns":4},{"damage":0,"enemies":"Spheric Guardian","floor":20,"turns":3},{"damage":26,"enemies":"Chosen and Byrds","floor":22,"turns":8},{"damage":1,"enemies":"downfall:FaceTrader","floor":25,"turns":7},{"damage":1,"enemies":"Cultist and Chosen","floor":26,"turns":6},{"damage":9,"enemies":"downfall:FleeingMerchant","floor":27,"turns":4},{"damage":16,"enemies":"Snake Plant","floor":28,"turns":4},{"damage":15,"enemies":"Centurion and Healer","floor":29,"turns":4},{"damage":4,"enemies":"downfall:FleeingMerchant","floor":30,"turns":4},{"damage":0,"enemies":"Sentry and Sphere","floor":32,"turns":4},{"damage":36,"enemies":"WA_ARCHETYPE_CALM","floor":33,"turns":9},{"damage":0,"enemies":"Orb Walker","floor":36,"turns":3},{"damage":11,"enemies":"3 Shapes","floor":37,"turns":4},{"damage":8,"enemies":"Transient","floor":39,"turns":5},{"damage":0,"enemies":"downfall:FleeingMerchant","floor":40,"turns":4},{"damage":10,"enemies":"4 Shapes","floor":43,"turns":5},{"damage":8,"enemies":"Jaw Worm Horde","floor":45,"turns":4},{"damage":11,"enemies":"Sphere and 2 Shapes","floor":47,"turns":3},{"damage":24,"enemies":"downfall:FleeingMerchant","floor":48,"turns":3},{"damage":0,"enemies":"Maw","floor":49,"turns":5},{"damage":0,"enemies":"SI_POISON_ARCHETYPE","floor":50,"turns":9}],"seed_played":"-2774005034157662510","potions_obtained":[{"floor":6,"key":"FairyPotion"},{"floor":6,"key":"Block Potion"},{"floor":6,"key":"bronze:BurnAndBuffPotion"},{"floor":9,"key":"ColorlessPotion"},{"floor":13,"key":"DemoMod:LeadSkinPotion"},{"floor":16,"key":"Dexterity Potion"},{"floor":33,"key":"PowerPotion"},{"floor":36,"key":"Strength Potion"},{"floor":37,"key":"champ:CounterPotion"},{"floor":40,"key":"Guardian:DefensiveModePotion"},{"floor":45,"key":"FairyPotion"}],"is_trial":false,"path_per_floor":["R","?","M","T","M","?","T","R","M","M","R","$","M","M","M","B",null,"R","M","M","T","M","R","T","?","M","$","M","M","$","?","M","B",null,"R","M","M","?","M","$","T","R","M","R","M","?","M","$","M","B",null],"character_chosen":"GUARDIAN","items_purchased":["Guardian:Gem_Blue","Guardian:Gem_Orange","Guardian:SpikerProtocol","Guardian:Gem_Fragmented","Membership Card","Guardian:Suspension","Guardian:BodySlam","Runesmith:Locket","HollowMod:PaleOreRelic","expansioncontent:PrepareCrush","War Paint","DemoMod:MeatBun","Guardian:ArmoredProtocol","Guardian:Recover","Guardian:Incinerate","expansioncontent:QuickStudy","Guardian:TimeBomb","Guardian:RefractedBeam","Omamori"],"campfire_rested":7,"item_purchase_floors":[12,27,27,30,40,40,40,40,48,48,48,48,48,48,48,48,48,48,48],"current_hp_per_floor":[80,80,75,75,67,30,30,54,54,49,73,65,64,53,53,10,78,78,63,63,63,37,73,73,72,72,64,49,35,32,32,33,27,95,95,96,86,86,79,80,80,99,90,100,93,93,83,74,75,76],"gold":22,"neow_bonus":"RANDOM_COLORLESS_2","is_daily":false,"chose_seed":false,"campfire_upgraded":0,"win_rate":0.0,"timestamp":1613756657,"path_taken":["R","?","M","?","M","?","T","R","M","M","R","$","M","?","M","BOSS","R","M","M","?","M","R","T","?","M","$","?","M","?","?","M","BOSS","R","M","M","?","M","$","T","R","M","R","M","?","M","$","M","BOSS"],"items_purchased_type":["Card","Card","Card","Card","Relic","Card","Card","Relic","Relic","Card","Relic","Relic","Card","Card","Card","Card","Card","Card","Relic"],"build_version":"2020-12-22","purchased_purges":0,"victory":true,"max_hp_per_floor":[80,80,80,80,80,80,80,80,80,80,80,80,80,80,80,78,78,78,78,78,78,78,88,88,88,89,90,91,92,93,93,94,95,95,95,96,97,97,98,99,99,99,100,100,101,101,102,103,104,105],"card_choices":[{"not_picked":["Thinking Ahead","Chrysalis"],"picked":"Magnetism","floor":0},{"not_picked":["Guardian:TemporalShield","Guardian:Gem_Fragmented"],"picked":"Guardian:Gem_White","floor":3},{"not_picked":["Guardian:PrismaticBeam","Guardian:ShieldCharger"],"picked":"Guardian:BronzeOrb","floor":5},{"not_picked":["Guardian:ChargeCore","Guardian:WalkerClaw"],"picked":"Guardian:Gem_Yellow","floor":6},{"not_picked":["Guardian:PrismaticBarrier","Guardian:Recover"],"picked":"Guardian:ShieldCharger","floor":9},{"not_picked":["Guardian:Gem_Green","Guardian:EvasiveProtocol"],"picked":"Guardian:GemFinder","floor":10},{"not_picked":["Guardian:Gem_Green","Guardian:Gem_Cyan"],"picked":"Guardian:Gem_Lightblue","floor":12},{"not_picked":["Guardian:MultiBeam","Guardian:PrimingBeam"],"picked":"Guardian:TemporalStrike","floor":12},{"not_picked":["Guardian:Gem_Cyan","Guardian:Gem_Green"],"picked":"Guardian:Gem_Lightblue","floor":13},{"not_picked":["Guardian:RollAttack","Guardian:BodySlam"],"picked":"Guardian:Suspension","floor":13},{"not_picked":["Guardian:Gem_Green","Guardian:Gem_Lightblue"],"picked":"Guardian:Gem_Red","floor":14},{"not_picked":["Guardian:Gem_Cyan","Guardian:Suspension"],"picked":"Guardian:PolyBeam","floor":14},{"not_picked":["Guardian:WalkerClaw","Guardian:TemporalStrike"],"picked":"Guardian:Reroute","floor":15},{"not_picked":["Guardian:Gem_Lightblue","Guardian:Gem_Green"],"picked":"Guardian:Gem_Red","floor":16},{"not_picked":["Guardian:GemFinder","Guardian:TimeSifter"],"picked":"Guardian:ExploitGems","floor":16},{"not_picked":["Guardian:Gem_Red","Guardian:Gem_Lightblue"],"picked":"Guardian:Gem_Green","floor":19},{"not_picked":["Guardian:TemporalStrike","Guardian:Reroute"],"picked":"Guardian:Orbwalk+1","floor":19},{"not_picked":["Guardian:Recover","Guardian:BodySlam"],"picked":"Guardian:BronzeArmor","floor":20},{"not_picked":["Guardian:EvasiveProtocol","Guardian:Repulse"],"picked":"Guardian:PrismaticBeam+1","floor":22},{"not_picked":["Guardian:Gem_Green","Guardian:Gem_Cyan"],"picked":"Guardian:Gem_Lightblue","floor":22},{"not_picked":["Guardian:Gem_Lightblue","Guardian:Gem_Cyan"],"picked":"Guardian:Gem_Green","floor":25},{"not_picked":["Guardian:Gem_Cyan","Guardian:Gem_Lightblue"],"picked":"Guardian:TimeBomb","floor":25},{"not_picked":["Guardian:RollAttack","Guardian:Gem_Red"],"picked":"Guardian:WalkerClaw","floor":26},{"not_picked":["Guardian:Gem_Lightblue","Guardian:Gem_Cyan"],"picked":"Guardian:Gem_Red","floor":26},{"not_picked":["Guardian:Gem_Green","DemoMod:Spice"],"picked":"Guardian:PrimingBeam","floor":27},{"not_picked":["Guardian:Gem_Lightblue","Guardian:Gem_Green"],"picked":"Guardian:Gem_Cyan","floor":27},{"not_picked":["Guardian:Gem_Lightblue","Guardian:Gem_Green"],"picked":"Guardian:Gem_Red","floor":28},{"not_picked":["Guardian:EvasiveProtocol","Guardian:PrimingBeam+1"],"picked":"Guardian:CrystalBeam","floor":28},{"not_picked":["Guardian:Clone","DemoMod:Spice"],"picked":"Guardian:PrismaticBeam+1","floor":29},{"not_picked":["Guardian:Gem_Red","Guardian:Gem_Cyan"],"picked":"Guardian:Gem_Lightblue","floor":30},{"not_picked":["DemoMod:Spice","Guardian:Gem_Green"],"picked":"Guardian:CrystalBeam","floor":30},{"not_picked":["Guardian:VentSteam","Guardian:Gem_Yellow"],"picked":"Guardian:Gem_White","floor":32},{"not_picked":["Guardian:GemFinder","Guardian:TimeSifter"],"picked":"Guardian:ExploitGems","floor":33},{"not_picked":["Guardian:Gem_Cyan","Guardian:Gem_Red"],"picked":"Guardian:Gem_Green","floor":33},{"not_picked":["Guardian:Gem_Green","Guardian:Gem_Cyan"],"picked":"Guardian:Gem_Lightblue","floor":36},{"not_picked":["Guardian:TemporalShield+1","Guardian:VentSteam"],"picked":"Guardian:PiercingHide","floor":36},{"not_picked":["Guardian:Gem_Cyan","Guardian:Recover+1"],"picked":"Guardian:VentSteam+1","floor":37},{"not_picked":["Guardian:Gem_Cyan","Guardian:Gem_Lightblue"],"picked":"Guardian:Gem_Red","floor":39},{"not_picked":["Guardian:TemporalStrike","Guardian:ChargeUp+1"],"picked":"Guardian:Incinerate","floor":39},{"not_picked":["Guardian:MultiBeam","Guardian:PrimingBeam+1"],"picked":"Guardian:FloatingOrbs+1","floor":40},{"not_picked":["Guardian:Gem_Lightblue","Guardian:Gem_Cyan"],"picked":"Guardian:Gem_Red","floor":40},{"not_picked":["Guardian:Gem_Cyan","Guardian:Gem_Green"],"picked":"Guardian:Gem_Red","floor":43},{"not_picked":["Guardian:TimeBomb","Guardian:Gem_Blue"],"picked":"Guardian:CrystalBeam","floor":43},{"not_picked":["Guardian:Gem_Cyan","Guardian:Gem_Green"],"picked":"Guardian:Gem_Lightblue","floor":45},{"not_picked":["Guardian:Gem_Lightblue","Guardian:ChargeCore+1"],"picked":"Guardian:BronzeArmor+1","floor":45},{"not_picked":["Purity","Bandage Up"],"picked":"Flash of Steel","floor":46},{"not_picked":["Guardian:Gem_Cyan","Guardian:Gem_Green"],"picked":"Guardian:Gem_Red","floor":47},{"not_picked":["Guardian:VentSteam+1","Guardian:Gem_Cyan"],"picked":"Guardian:TemporalStrike+1","floor":47},{"not_picked":["Guardian:Gem_Lightblue","Guardian:WalkerClaw+1"],"picked":"Guardian:Incinerate","floor":48},{"not_picked":["Guardian:RollAttack","Guardian:SpikerProtocol+1"],"picked":"Guardian:SentryBeam","floor":49}],"player_experience":211177,"relics_obtained":[{"floor":4,"key":"FossilizedHelix"},{"floor":6,"key":"White Beast Statue"},{"floor":7,"key":"Mummified Hand"},{"floor":24,"key":"Ornamental Fan"},{"floor":25,"key":"downfall:CloakOfManyFaces"}],"event_choices":[{"cards_removed":["Guardian:Gem_Lightblue"],"damage_healed":0,"gold_gain":0,"player_choice":"Removed Skill","damage_taken":0,"max_hp_gain":0,"max_hp_loss":0,"event_name":"Falling","floor":38,"gold_loss":0},{"damage_healed":0,"gold_gain":3,"player_choice":"1","damage_taken":0,"max_hp_gain":0,"max_hp_loss":0,"event_name":"betterStone:BetterStone","floor":46,"gold_loss":0}],"is_beta":false,"boss_relics":[{"not_picked":["Runesmith:UraniumAnvil","Busted Crown"],"picked":"Fusion Hammer"},{"not_picked":["Snecko Eye","Coffee Dripper"],"picked":"SacredBark"}],"items_purged_floors":[],"is_endless":false,"potions_floor_spawned":[9,10,12,13,14,15,16,19,20,22,25,26,27,28,29,30,32,33,36,37,39,40,43,45,47,48,49],"ascension_level":4}}