{"host":"fbdlh90rovbiajun","time":1613714677,"event":{"mods":["AchievementEnabler","BaseMod","Colored Map","Keyboard Shortcuts","Minty Spire (QoL Compilation)","SuperFastMode"],"gold_per_floor":[119,44,60,60,77,77,177,177,200,200,218,235,235,253,253,354,354,354],"floor_reached":17,"language":"KOR","playtime":410,"items_purged":["Defend_P"],"score":147,"play_id":"7bff7524-7073-4d18-97f0-25896ce63929","local_time":"20210219150437","is_ascension_mode":false,"campfire_choices":[{"data":"Eruption","floor":6,"key":"SMITH"},{"data":"CrushJoints","floor":8,"key":"SMITH"},{"floor":10,"key":"REST"},{"floor":13,"key":"REST"},{"data":"SandsOfTime","floor":15,"key":"SMITH"}],"circlet_count":0,"master_deck":["Defend_P","Eruption+1","Vigilance","Perseverance","Vault","CrushJoints+1","SandsOfTime+1","Scrawl","Crescendo+1","Wallop+1","Collect+1"],"relics":["PureWater","Dream Catcher","Astrolabe"],"acts_visited":["Exordium","TheCity"],"potions_floor_usage":[],"damage_taken":[{"damage":17,"enemies":"Jaw Worm","floor":1,"turns":2},{"damage":12,"enemies":"2 Louse","floor":3,"turns":2},{"damage":0,"enemies":"Cultist","floor":5,"turns":2},{"damage":5,"enemies":"3 Louse","floor":11,"turns":2},{"damage":0,"enemies":"Large Slime","floor":12,"turns":3},{"damage":0,"enemies":"Red Slaver","floor":14,"turns":3},{"damage":32,"enemies":"Hexaghost","floor":16,"turns":9}],"seed_played":"62666831380934493","potions_obtained":[{"floor":1,"key":"BlessingOfTheForge"},{"floor":5,"key":"Dexterity Potion"},{"floor":12,"key":"SkillPotion"},{"floor":16,"key":"EntropicBrew"}],"is_trial":false,"path_per_floor":["M","$","M","?","M","R","?","R","T","R","M","M","R","M","R","B",null],"character_chosen":"WATCHER","items_purchased":[],"campfire_rested":2,"item_purchase_floors":[],"current_hp_per_floor":[34,34,22,15,15,15,15,15,15,36,31,31,52,52,52,20,72,72],"gold":354,"neow_bonus":"TRANSFORM_TWO_CARDS","is_daily":false,"chose_seed":false,"campfire_upgraded":3,"win_rate":0.0,"timestamp":1613714677,"path_taken":["M","$","M","?","M","R","?","R","T","R","M","M","R","?","R","BOSS"],"items_purchased_type":[],"build_version":"2020-12-22","purchased_purges":1,"victory":false,"max_hp_per_floor":[72,72,72,72,72,72,72,72,72,72,72,72,72,72,72,72,72,72],"card_choices":[{"not_picked":["WreathOfFlame","CutThroughFate","Wallop"],"picked":"SKIP","floor":1},{"not_picked":["EmptyFist","Prostrate"],"picked":"CrushJoints","floor":3},{"not_picked":["FollowUp","ClearTheMind","SashWhip"],"picked":"SKIP","floor":5},{"not_picked":["CarveReality","Evaluate","EmptyMind"],"picked":"SKIP","floor":11},{"not_picked":["Perseverance","FollowUp","Omniscience"],"picked":"SKIP","floor":12},{"not_picked":["Perseverance","Evaluate"],"picked":"SandsOfTime","floor":13},{"not_picked":["ClearTheMind","FlyingSleeves","FlurryOfBlows"],"picked":"SKIP","floor":14},{"not_picked":["DevaForm","SpiritShield"],"picked":"Scrawl","floor":16}],"player_experience":86537,"relics_obtained":[{"floor":9,"key":"Dream Catcher"}],"event_choices":[{"cards_removed":["Strike_P"],"damage_healed":0,"gold_gain":0,"player_choice":"Card Removal","damage_taken":7,"max_hp_gain":0,"max_hp_loss":0,"event_name":"Golden Wing","floor":4,"gold_loss":0},{"damage_healed":0,"gold_gain":100,"player_choice":"Pray","damage_taken":0,"max_hp_gain":0,"max_hp_loss":0,"event_name":"Golden Shrine","floor":7,"gold_loss":0}],"is_beta":false,"boss_relics":[{"not_picked":["Calling Bell","Sozu"],"picked":"Astrolabe"}],"items_purged_floors":[2],"is_endless":false,"potions_floor_spawned":[1,5,12,16],"ascension_level":0}}