{"host":"e8rlfedn69rz2s07","time":1613764242,"event":{"mods":["AchievementEnabler","BaseMod","Minty Spire (QoL Compilation)","Permanent Neow","Relic Stats"],"gold_per_floor":[115,115,134,151,226,226,242,269,356,380,392,422,446,477,489,579,591,620,632,661,217,217,246,246,324,324,342,342,361,361,388,388,388,388],"floor_reached":33,"language":"ENG","playtime":2216,"items_purged":[],"score":622,"play_id":"854f5a45-0dd0-481e-8bb3-5058b99ae361","local_time":"20210219215042","is_ascension_mode":true,"campfire_choices":[{"floor":6,"key":"REST"},{"floor":11,"key":"REST"},{"data":"Perfected Strike","floor":15,"key":"SMITH"},{"data":"Perfected Strike","floor":24,"key":"SMITH"},{"data":"Metallicize","floor":28,"key":"SMITH"},{"data":"Metallicize","floor":32,"key":"SMITH"}],"circlet_count":0,"master_deck":["AscendersBane","Strike_R+1","Strike_R+1","Strike_R+1","Strike_R+1","Strike_R+1","Defend_R+1","Defend_R+1","Defend_R+1","Defend_R+1","Bash","Metallicize+1","Clothesline","Perfected Strike+1","Pommel Strike","Combust","True Grit","Perfected Strike+1","Impervious","Flame Barrier","Offering","Twin Strike","Perfected Strike","Metallicize+1","Cleave","Ghostly Armor+1","Pain","Fiend Fire+1"],"relics":["Burning Blood","Gambling Chip","MawBank","Darkstone Periapt","Velvet Choker","Mercury Hourglass","MutagenicStrength","Akabeko","Blue Candle","Toxic Egg 2","WarpedTongs","Molten Egg 2"],"acts_visited":["Exordium","TheCity"],"potions_floor_usage":[7,12,27,33],"damage_taken":[{"damage":11,"enemies":"Jaw Worm","floor":1,"turns":7},{"damage":18,"enemies":"Small Slimes","floor":3,"turns":7},{"damage":3,"enemies":"2 Louse","floor":4,"turns":4},{"damage":22,"enemies":"Lots of Slimes","floor":7,"turns":6},{"damage":31,"enemies":"Lagavulin","floor":8,"turns":9},{"damage":6,"enemies":"Looter","floor":10,"turns":4},{"damage":9,"enemies":"Blue Slaver","floor":12,"turns":6},{"damage":21,"enemies":"Lots of Slimes","floor":13,"turns":5},{"damage":0,"enemies":"2 Fungi Beasts","floor":14,"turns":3},{"damage":48,"enemies":"Hexaghost","floor":16,"turns":15},{"damage":6,"enemies":"Chosen","floor":18,"turns":3},{"damage":8,"enemies":"Shell Parasite","floor":20,"turns":5},{"damage":23,"enemies":"Book of Stabbing","floor":23,"turns":6},{"damage":9,"enemies":"Centurion and Healer","floor":27,"turns":3},{"damage":2,"enemies":"Cultist and Chosen","floor":29,"turns":5},{"damage":1,"enemies":"Gremlin Leader","floor":31,"turns":5},{"damage":100,"enemies":"Automaton","floor":33,"turns":12}],"seed_played":"4715351097890636196","potions_obtained":[{"floor":4,"key":"SkillPotion"},{"floor":8,"key":"SkillPotion"},{"floor":14,"key":"FairyPotion"},{"floor":18,"key":"Strength Potion"},{"floor":27,"key":"EssenceOfSteel"}],"is_trial":false,"path_per_floor":["M","?","M","M","?","R","M","E","T","M","R","M","M","M","R","B",null,"M","?","M","$","?","E","R","T","T","M","R","M","?","E","R","B"],"character_chosen":"IRONCLAD","items_purchased":["Perfected Strike","Mercury Hourglass","Metallicize","Swift Potion"],"campfire_rested":2,"item_purchase_floors":[21,21,21,21],"current_hp_per_floor":[59,54,42,45,34,60,44,19,19,19,45,42,27,33,33,17,71,71,71,69,69,69,52,52,52,52,49,49,53,59,64,64,0,0],"gold":388,"neow_bonus":"TWENTY_PERCENT_HP_BONUS","is_daily":false,"chose_seed":false,"campfire_upgraded":4,"win_rate":0.0,"timestamp":1613764242,"path_taken":["M","?","M","M","?","R","M","E","T","M","R","M","M","M","R","BOSS","M","?","M","$","?","E","R","?","T","M","R","M","?","E","R","BOSS"],"items_purchased_type":["Card","Relic","Card","Potion"],"build_version":"2020-12-22","purchased_purges":0,"victory":false,"max_hp_per_floor":[89,89,89,89,89,89,89,89,89,89,89,89,89,89,89,89,89,89,89,89,89,89,89,89,89,89,89,89,89,95,95,95,95,95],"relic_stats":{"Darkstone Periapt":6,"counters":[17,105],"Gambling Chip":[36],"Blue Candle":[2],"MawBank":156,"obtain_stats":[{"Darkstone Periapt":9,"Gambling Chip":2,"MutagenicStrength":22,"Blue Candle":25,"Velvet Choker":17,"Molten Egg 2":31,"Toxic Egg 2":26,"MawBank":8,"Burning Blood":0,"Akabeko":23,"Mercury Hourglass":21,"WarpedTongs":30},{"Darkstone Periapt":5,"Gambling Chip":1,"MutagenicStrength":12,"Blue Candle":13,"Velvet Choker":10,"Molten Egg 2":16,"Toxic Egg 2":13,"MawBank":5,"Burning Blood":0,"Akabeko":13,"Mercury Hourglass":12,"WarpedTongs":15},{"Darkstone Periapt":33,"Gambling Chip":7,"MutagenicStrength":74,"Blue Candle":80,"Velvet Choker":66,"Molten Egg 2":93,"Toxic Egg 2":80,"MawBank":33,"Burning Blood":0,"Akabeko":80,"Mercury Hourglass":74,"WarpedTongs":88}],"Burning Blood":96,"Mercury Hourglass":[120],"WarpedTongs":[13]},"card_choices":[{"not_picked":["Warcry","Dropkick"],"picked":"Metallicize","floor":1},{"not_picked":["Armaments","Warcry"],"picked":"Clothesline","floor":3},{"not_picked":["Iron Wave","Combust"],"picked":"Perfected Strike","floor":4},{"not_picked":["Headbutt","Infernal Blade"],"picked":"Pommel Strike","floor":7},{"not_picked":["Fire Breathing","Warcry"],"picked":"Combust","floor":8},{"not_picked":["Clothesline","Heavy Blade"],"picked":"True Grit","floor":10},{"not_picked":["Flex","Pommel Strike"],"picked":"Perfected Strike","floor":12},{"not_picked":["Rage","Heavy Blade"],"picked":"Impervious","floor":13},{"not_picked":["Intimidate","Iron Wave"],"picked":"Flame Barrier","floor":14},{"not_picked":["Feed","Barricade"],"picked":"Offering","floor":16},{"not_picked":["Wild Strike+1","Pummel"],"picked":"Twin Strike","floor":18},{"not_picked":["Hemokinesis","Twin Strike","Carnage"],"picked":"SKIP","floor":20},{"not_picked":["Sword Boomerang","Hemokinesis"],"picked":"Cleave","floor":23},{"not_picked":["Fire Breathing","Carnage"],"picked":"Ghostly Armor+1","floor":27},{"not_picked":["Headbutt","Body Slam","Twin Strike"],"picked":"SKIP","floor":29},{"not_picked":["Headbutt","Body Slam","Twin Strike"],"picked":"SKIP","floor":29},{"not_picked":["Power Through+1","Rage+1"],"picked":"Fiend Fire+1","floor":31}],"player_experience":1101080,"relics_obtained":[{"floor":8,"key":"MawBank"},{"floor":9,"key":"Darkstone Periapt"},{"floor":23,"key":"Akabeko"},{"floor":25,"key":"Blue Candle"},{"floor":26,"key":"Toxic Egg 2"},{"floor":31,"key":"Molten Egg 2"}],"event_choices":[{"damage_healed":0,"gold_gain":0,"player_choice":"Success","damage_taken":5,"relics_obtained":["Gambling Chip"],"max_hp_gain":0,"max_hp_loss":0,"event_name":"Scrap Ooze","floor":2,"gold_loss":0},{"damage_healed":0,"gold_gain":75,"player_choice":"Gather Gold","damage_taken":11,"max_hp_gain":0,"max_hp_loss":0,"event_name":"World of Goop","floor":5,"gold_loss":0},{"damage_healed":0,"gold_gain":0,"player_choice":"Simplicity","damage_taken":0,"max_hp_gain":0,"max_hp_loss":0,"event_name":"Back to Basics","floor":19,"gold_loss":0,"cards_upgraded":["Strike_R","Strike_R","Strike_R","Strike_R","Strike_R","Defend_R","Defend_R","Defend_R","Defend_R"]},{"damage_healed":0,"gold_gain":0,"player_choice":"Inject Mutagens","damage_taken":0,"relics_obtained":["MutagenicStrength"],"max_hp_gain":0,"max_hp_loss":0,"event_name":"Drug Dealer","floor":22,"gold_loss":0},{"damage_healed":0,"gold_gain":0,"player_choice":"Rummage","damage_taken":0,"relics_obtained":["WarpedTongs"],"max_hp_gain":0,"max_hp_loss":0,"event_name":"Accursed Blacksmith","floor":30,"gold_loss":0,"cards_obtained":["Pain"]}],"is_beta":false,"boss_relics":[{"not_picked":["Astrolabe","Tiny House"],"picked":"Velvet Choker"}],"items_purged_floors":[],"is_endless":false,"potions_floor_spawned":[4,8,14,18,27,29],"killed_by":"Automaton","ascension_level":18}}