{"host":"tf5skwcwe0vlu2md","time":1613737243,"event":{"mods":["BaseMod","Downfall","Highlight Path","Minty Spire (QoL Compilation)","Quick Restart","StSLib","The Hierophant"],"gold_per_floor":[115,115,131,148,34,34,66,66,66,66,96,159,169,181,181,280,280,300,316,10,30,129,162,162,162,162],"floor_reached":25,"playtime":1151,"items_purged":["Defend_B"],"score":323,"play_id":"1c6231cf-d5ae-4152-856e-7a9e8d29449f","local_time":"20210219232043","is_ascension_mode":true,"campfire_choices":[{"data":"Defragment","floor":6,"key":"SMITH"},{"data":"Sunder","floor":8,"key":"SMITH"},{"data":"Dualcast","floor":10,"key":"SMITH"},{"data":"Creative AI","floor":15,"key":"SMITH"},{"data":"Fission","floor":24,"key":"SMITH"}],"circlet_count":0,"master_deck":["Strike_B","Strike_B","Strike_B","Strike_B","Defend_B","Defend_B","Defend_B","Zap","Dualcast+1","Sunder+1","Ball Lightning","Tempest","Defragment+1","Hologram","Creative AI+1","Steam","Steam","Auto Shields","Fission+1","Gash+1","Turbo","Capacitor","Defragment","Steam+1"],"relics":["Cracked Core","DataDisk","The Courier","Akabeko","FossilizedHelix","Nuclear Battery","Bottled Tornado","Anchor"],"acts_visited":["Exordium","TheCity"],"potions_floor_usage":[7,11,16,19,21],"damage_taken":[{"damage":7,"enemies":"Small Slimes","floor":1,"turns":3},{"damage":1,"enemies":"Cultist","floor":3,"turns":3},{"damage":0,"enemies":"2 Louse","floor":4,"turns":2},{"damage":45,"enemies":"3 Sentries","floor":7,"turns":6},{"damage":28,"enemies":"Lagavulin","floor":11,"turns":4},{"damage":0,"enemies":"Lagavulin Event","floor":12,"turns":3},{"damage":0,"enemies":"Large Slime","floor":13,"turns":3},{"damage":0,"enemies":"Looter","floor":14,"turns":3},{"damage":0,"enemies":"Slime Boss","floor":16,"turns":6},{"damage":11,"enemies":"2 Thieves","floor":18,"turns":2},{"damage":3,"enemies":"3 Byrds","floor":19,"turns":3},{"damage":0,"enemies":"Cultist and Chosen","floor":21,"turns":4},{"damage":47,"enemies":"Book of Stabbing","floor":23,"turns":5},{"damage":21,"enemies":"Gremlin Leader","floor":25,"turns":4}],"seed_played":"4400239963164265382","potions_obtained":[{"floor":1,"key":"Regen Potion"},{"floor":7,"key":"EssenceOfSteel"},{"floor":12,"key":"BlessingOfTheForge"},{"floor":16,"key":"PowerPotion"},{"floor":18,"key":"hexamod:EctoCoolerPotion"}],"is_trial":false,"path_per_floor":["M","?","M","M","$","R","E","R","T","R","E","?","M","M","R","B",null,"M","M","$","M","?","E","R","E"],"character_chosen":"DEFECT","items_purchased":["Defragment","Bottled Tornado","Turbo","Capacitor"],"campfire_rested":0,"item_purchase_floors":[5,20,20,20],"current_hp_per_floor":[75,82,81,81,81,81,45,45,45,45,17,17,17,17,17,17,82,71,68,68,68,68,21,21,0,0],"gold":162,"neow_bonus":"TEN_PERCENT_HP_BONUS","is_daily":false,"chose_seed":false,"campfire_upgraded":5,"win_rate":0.0,"timestamp":1613737243,"path_taken":["M","?","M","?","?","R","E","R","T","R","E","?","M","M","R","BOSS","M","M","$","M","?","E","R","E"],"items_purchased_type":["Card","Relic","Card","Card"],"build_version":"2020-12-13","purchased_purges":1,"victory":false,"max_hp_per_floor":[82,82,82,82,82,82,82,82,82,82,82,82,82,82,82,82,82,82,82,82,82,82,82,82,82,82],"card_choices":[{"not_picked":["Rebound","Go for the Eyes"],"picked":"Sunder","floor":1},{"not_picked":["Cold Snap","Streamline"],"picked":"Ball Lightning","floor":3},{"not_picked":["Beam Cell","Hologram"],"picked":"Tempest","floor":4},{"not_picked":["Sweeping Beam","Static Discharge"],"picked":"Hologram","floor":7},{"not_picked":["Scrape","Gash"],"picked":"Creative AI","floor":11},{"not_picked":["Darkness","Compile Driver"],"picked":"Steam","floor":12},{"not_picked":["Force Field","Stack"],"picked":"Steam","floor":13},{"not_picked":["Coolheaded","Redo"],"picked":"Auto Shields","floor":14},{"not_picked":["All For One","Creative AI"],"picked":"Fission","floor":16},{"not_picked":["Hello World","Streamline+1","Rip and Tear+1"],"picked":"SKIP","floor":18},{"not_picked":["Hello World","Beam Cell"],"picked":"Gash+1","floor":19},{"not_picked":["Gash","Undo"],"picked":"Defragment","floor":21},{"not_picked":["Fusion","Chaos"],"picked":"Steam+1","floor":23}],"player_experience":286453,"relics_obtained":[{"floor":7,"key":"DataDisk"},{"floor":9,"key":"The Courier"},{"floor":11,"key":"Akabeko"},{"floor":23,"key":"Anchor"}],"event_choices":[{"damage_healed":7,"gold_gain":0,"player_choice":"Full Heal","damage_taken":0,"max_hp_gain":0,"max_hp_loss":0,"event_name":"Wheel of Change","floor":2,"gold_loss":0},{"damage_healed":0,"gold_gain":0,"player_choice":"Searched \u00272\u0027 times","damage_taken":0,"relics_obtained":["FossilizedHelix"],"max_hp_gain":0,"max_hp_loss":0,"event_name":"Dead Adventurer","floor":12,"gold_loss":0},{"damage_healed":0,"gold_gain":99,"player_choice":"Stole From Cult","damage_taken":0,"max_hp_gain":0,"max_hp_loss":0,"event_name":"Nest","floor":22,"gold_loss":0}],"is_beta":false,"boss_relics":[{"not_picked":["SacredBark","Tiny House"],"picked":"Nuclear Battery"}],"items_purged_floors":[5],"is_endless":false,"potions_floor_spawned":[1,7,12,16,18],"killed_by":"Gremlin Leader","ascension_level":3}}