{"host":"zmr8u29ebzxwermy","time":1613704506,"event":{"mods":["BaseMod","BetterRewards","Colored Map","DeckTracker","Hermit","Minty Spire (QoL Compilation)","Quick Restart","Shop Mod","StSLib","SuperFastMode"],"gold_per_floor":[257,273,285,285,304,304,304],"floor_reached":6,"language":"ENG","playtime":132,"items_purged":["hermit:Strike_Hermit"],"score":40,"play_id":"3355dd54-6ece-44f7-95bf-49c9b24e4e15","local_time":"20210219121506","is_ascension_mode":true,"campfire_choices":[],"circlet_count":0,"master_deck":["hermit:Strike_Hermit","hermit:Strike_Hermit","hermit:Strike_Hermit","hermit:Defend_Hermit","hermit:Defend_Hermit","hermit:Defend_Hermit","hermit:Defend_Hermit","hermit:Snapshot","hermit:Covet","hermit:Showdown","hermit:Quickdraw","hermit:Headshot"],"relics":["hermit:Momento","Bag of Preparation","MealTicket"],"acts_visited":["Exordium"],"potions_floor_usage":[6,6],"damage_taken":[{"damage":0,"enemies":"2 Louse","floor":1,"turns":3},{"damage":3,"enemies":"Jaw Worm","floor":2,"turns":2},{"damage":0,"enemies":"Cultist","floor":3,"turns":3},{"damage":4,"enemies":"Blue Slaver","floor":5,"turns":2},{"damage":14,"enemies":"3 Sentries","floor":6,"turns":3}],"seed_played":"7392034975040521296","potions_obtained":[{"floor":1,"key":"Weak Potion"},{"floor":3,"key":"SneckoOil"}],"is_trial":false,"path_per_floor":["M","M","M","?","M","E"],"character_chosen":"HERMIT","items_purchased":["Bag of Preparation","MealTicket","hermit:Showdown"],"campfire_rested":0,"item_purchase_floors":[0,0,0],"current_hp_per_floor":[67,64,64,69,65,51,51],"gold":304,"neow_bonus":"","is_daily":false,"chose_seed":false,"campfire_upgraded":0,"win_rate":0.0,"timestamp":1613704506,"path_taken":["M","M","M","?","M","E"],"items_purchased_type":["Relic","Relic","Card"],"build_version":"2020-12-22","purchased_purges":1,"victory":false,"max_hp_per_floor":[75,75,75,80,80,80,80],"card_choices":[{"not_picked":["hermit:Manifest","hermit:FullyLoaded"],"picked":"hermit:Quickdraw","floor":1},{"not_picked":["hermit:Ricochet","hermit:LowProfile","hermit:Showdown"],"picked":"SKIP","floor":3},{"not_picked":["hermit:Desperado","hermit:Brawl"],"picked":"hermit:Headshot","floor":5}],"player_experience":399898,"relics_obtained":[],"event_choices":[{"damage_healed":0,"gold_gain":0,"player_choice":"Donut","damage_taken":0,"max_hp_gain":5,"max_hp_loss":0,"event_name":"Big Fish","floor":4,"gold_loss":0}],"is_beta":false,"boss_relics":[],"items_purged_floors":[0],"is_endless":false,"potions_floor_spawned":[1,3],"killed_by":"3 Sentries","ascension_level":1}}