{"host":"36t3qd3wjvajtu1z","time":1613703981,"event":{"mods":["2.2 Compatiblity","AchievementEnabler","BaseMod","Bestiary","Block Reminder","Colored Powertips","Curses Come First","Filter the Spire","Highlight Path","Minty Spire (QoL Compilation)","Permanent Neow","Quick Restart","Random Character Button","Rare Cards Sparkle","Relic Stats","Slay-I","StSLib","Unknown Chances"],"gold_per_floor":[113,131,143,154,154,154,154,164,217,230,259,271,271,304,304,379,379,379,29,29,29,29,29],"floor_reached":22,"language":"ENG","playtime":897,"items_purged":[],"score":366,"play_id":"2ccbcee6-dfc9-463e-8c96-b3c5a0e3d4fc","local_time":"20210218190621","is_ascension_mode":true,"campfire_choices":[{"data":"Zap","floor":6.0,"key":"SMITH"},{"floor":13.0,"key":"REST"},{"floor":15.0,"key":"REST"}],"circlet_count":0,"master_deck":["AscendersBane","Strike_B","Strike_B","Strike_B","Defend_B","Defend_B","Defend_B","Defend_B","Zap+1","Dualcast","Beam Cell","Defragment","Streamline","Beam Cell","Electrodynamics","Loop","Sunder","Force Field","Capacitor","Static Discharge","Fission","Consume","Conserve Battery","Cold Snap","Capacitor"],"relics":["Cracked Core","Du-Vu Doll","Lantern","Question Card","MealTicket","Ectoplasm","Bag of Preparation","Happy Flower"],"acts_visited":["Exordium","TheCity"],"potions_floor_usage":[16,18,21,22],"damage_taken":[{"damage":7.0,"enemies":"Jaw Worm","floor":1.0,"turns":4.0},{"damage":0.0,"enemies":"2 Louse","floor":2.0,"turns":3.0},{"damage":1.0,"enemies":"Cultist","floor":3.0,"turns":3.0},{"damage":15.0,"enemies":"Large Slime","floor":4.0,"turns":4.0},{"damage":12.0,"enemies":"Gremlin Gang","floor":8.0,"turns":3.0},{"damage":6.0,"enemies":"Looter","floor":10.0,"turns":2.0},{"damage":10.0,"enemies":"3 Sentries","floor":11.0,"turns":2.0},{"damage":0.0,"enemies":"Lots of Slimes","floor":12.0,"turns":2.0},{"damage":8.0,"enemies":"Lagavulin","floor":14.0,"turns":4.0},{"damage":14,"enemies":"Slime Boss","floor":16,"turns":6},{"damage":33,"enemies":"Shell Parasite","floor":18,"turns":3},{"damage":4,"enemies":"3 Byrds","floor":21,"turns":3},{"damage":34,"enemies":"Shelled Parasite and Fungi","floor":22,"turns":2}],"seed_played":"-7027536239592962656","potions_obtained":[{"floor":1.0,"key":"FearPotion"},{"floor":3.0,"key":"LiquidMemories"},{"floor":8.0,"key":"LiquidMemories"},{"floor":14.0,"key":"Ancient Potion"},{"floor":16,"key":"ColorlessPotion"},{"floor":18,"key":"Dexterity Potion"},{"floor":21,"key":"DistilledChaos"}],"is_trial":false,"path_per_floor":["M","M","M","M","?","R","?","M","T","M","E","M","R","E","R","B",null,"M","$","?","M","M"],"character_chosen":"DEFECT","items_purchased":["Bag of Preparation","Happy Flower","Conserve Battery"],"campfire_rested":2,"item_purchase_floors":[19,19,19],"current_hp_per_floor":[57,57,56,41,41,41,41,29,29,23,13,13,32,24,43,29,55,22,37,37,33,0,0],"gold":29,"neow_bonus":"ONE_RARE_RELIC","is_daily":false,"chose_seed":false,"campfire_upgraded":1,"win_rate":0.0,"timestamp":1613703981,"path_taken":["M","M","M","M","?","R","?","M","T","?","E","M","R","E","R","BOSS","M","$","?","?","M"],"items_purchased_type":["Relic","Relic","Card"],"build_version":"2020-12-22","purchased_purges":0,"victory":false,"max_hp_per_floor":[64,64,64,64,64,64,64,64,64,64,64,64,64,64,64,64,64,64,64,64,64,64,64],"relic_stats":{"Happy Flower":[1],"counters":[13,41],"MealTicket":15,"Ectoplasm":27,"Bag of Preparation":[4],"Question Card":5,"obtain_stats":[{"Du-Vu Doll":0,"Lantern":9,"Happy Flower":19,"MealTicket":14,"Ectoplasm":17,"Bag of Preparation":19,"Cracked Core":0,"Question Card":11},{"Du-Vu Doll":0,"Lantern":5,"Happy Flower":11,"MealTicket":9,"Ectoplasm":10,"Bag of Preparation":11,"Cracked Core":0,"Question Card":7},{"Du-Vu Doll":0,"Lantern":17,"Happy Flower":36,"MealTicket":27,"Ectoplasm":33,"Bag of Preparation":36,"Cracked Core":0,"Question Card":21}]},"card_choices":[{"not_picked":["Darkness","Lockon"],"picked":"Beam Cell","floor":1.0},{"not_picked":["Blizzard","White Noise"],"picked":"Defragment","floor":2.0},{"not_picked":["Compile Driver","Steam"],"picked":"Streamline","floor":3.0},{"not_picked":["Coolheaded","Force Field"],"picked":"Beam Cell","floor":4.0},{"not_picked":["Melter","Recycle"],"picked":"Loop","floor":8.0},{"not_picked":["Reboot","Undo"],"picked":"Sunder","floor":10.0},{"not_picked":["BootSequence","Storm"],"picked":"Force Field","floor":11.0},{"not_picked":["Conserve Battery","Barrage","Turbo"],"picked":"Capacitor","floor":12.0},{"not_picked":["Coolheaded","Streamline","Chill"],"picked":"Static Discharge","floor":14.0},{"not_picked":["Amplify","Hyperbeam","Machine Learning"],"picked":"Fission","floor":16},{"not_picked":["Tempest","Steam","Compile Driver"],"picked":"Consume","floor":18},{"not_picked":["Coolheaded","Stack","Leap"],"picked":"Capacitor","floor":21}],"player_experience":553927,"relics_obtained":[{"floor":9.0,"key":"Lantern"},{"floor":11.0,"key":"Question Card"},{"floor":14.0,"key":"MealTicket"}],"event_choices":[{"damage_healed":0.0,"max_hp_gain":0.0,"max_hp_loss":0.0,"gold_gain":0.0,"event_name":"Liars Game","player_choice":"Ignored","floor":5.0,"gold_loss":0.0,"damage_taken":0.0},{"damage_healed":0.0,"max_hp_gain":0.0,"max_hp_loss":0.0,"gold_gain":0.0,"cards_transformed":["Strike_B"],"event_name":"Transmorgrifier","player_choice":"Transformed","floor":7.0,"gold_loss":0.0,"damage_taken":0.0,"cards_obtained":["Electrodynamics"]},{"damage_healed":0,"gold_gain":0,"player_choice":"1 cards matched","damage_taken":0,"max_hp_gain":0,"max_hp_loss":0,"event_name":"Match and Keep!","floor":20,"gold_loss":0,"cards_obtained":["Cold Snap"]}],"is_beta":false,"boss_relics":[{"not_picked":["Coffee Dripper","Runic Dome"],"picked":"Ectoplasm"}],"items_purged_floors":[],"is_endless":false,"potions_floor_spawned":[1,3,8,14,16,18,21],"killed_by":"Shelled Parasite and Fungi","ascension_level":17}}