{"host":"yhipfp2q5jnlph7f","time":1613751263,"event":{"mods":["BaseMod","Minty Spire (QoL Compilation)","Quick Restart"],"gold_per_floor":[110,129,142,156,167,197,209,241,241,166,184,184,184,205,205,334,334,377,417,432,471,515,609,609,103,103,103,151,224,99,169,169,328,328,377,421,472,472,515,589,589,639,711,777,801,871,124,187,187,187],"floor_reached":51,"language":"JPN","playtime":4438,"items_purged":["Strike_P","BowlingBash","Pray","PathToVictory"],"score":1236,"play_id":"3a63be9f-c4d0-4290-837d-ef0839929b14","local_time":"20210220011423","is_ascension_mode":true,"campfire_choices":[{"data":"Judgement","floor":12.0,"key":"SMITH"},{"data":"SandsOfTime","floor":15.0,"key":"SMITH"},{"data":"Wish","floor":24.0,"key":"SMITH"},{"data":"Alpha","floor":27.0,"key":"SMITH"},{"data":"Protect","floor":32.0,"key":"SMITH"},{"data":"Protect","floor":41.0,"key":"SMITH"},{"floor":49,"key":"REST"}],"circlet_count":0,"master_deck":["Eruption","Vigilance","SandsOfTime+1","Judgement+1","Omniscience","Vault","Wish+1","Alpha+1","Protect+1","Vengeance","Protect+1","MasterReality","Establishment","Omniscience"],"relics":["Snecko Eye","Nunchaku","Dead Branch","Question Card","Golden Idol","Pandora\u0027s Box","Mercury Hourglass","Anchor","HornCleat","Singing Bowl","Bag of Marbles","InkBottle","Philosopher\u0027s Stone","CloakClasp","Meat on the Bone","Omamori","Potion Belt","White Beast Statue","Calipers","TheAbacus","Incense Burner"],"acts_visited":["Exordium","TheCity","TheBeyond"],"potions_floor_usage":[],"damage_taken":[{"damage":0.0,"enemies":"Cultist","floor":1.0,"turns":2.0},{"damage":8.0,"enemies":"Small Slimes","floor":2.0,"turns":2.0},{"damage":0.0,"enemies":"Jaw Worm","floor":3.0,"turns":1.0},{"damage":9.0,"enemies":"2 Fungi Beasts","floor":4.0,"turns":3.0},{"damage":0.0,"enemies":"Blue Slaver","floor":5.0,"turns":2.0},{"damage":5.0,"enemies":"3 Sentries","floor":6.0,"turns":3.0},{"damage":0.0,"enemies":"Looter","floor":7.0,"turns":1.0},{"damage":0.0,"enemies":"Gremlin Nob","floor":8.0,"turns":2.0},{"damage":0.0,"enemies":"3 Louse","floor":11.0,"turns":1.0},{"damage":0.0,"enemies":"Blue Slaver","floor":14.0,"turns":1.0},{"damage":0.0,"enemies":"Slime Boss","floor":16.0,"turns":4.0},{"damage":0.0,"enemies":"Chosen","floor":18.0,"turns":3.0},{"damage":0.0,"enemies":"3 Byrds","floor":19.0,"turns":2.0},{"damage":0.0,"enemies":"Shelled Parasite and Fungi","floor":20.0,"turns":3.0},{"damage":0.0,"enemies":"Snake Plant","floor":21.0,"turns":2.0},{"damage":2.0,"enemies":"Chosen and Byrds","floor":22.0,"turns":5.0},{"damage":0.0,"enemies":"Slavers","floor":23.0,"turns":4.0},{"damage":2.0,"enemies":"Cultist and Chosen","floor":28.0,"turns":2.0},{"damage":4.0,"enemies":"Book of Stabbing","floor":29.0,"turns":2.0},{"damage":0.0,"enemies":"Gremlin Leader","floor":31.0,"turns":3.0},{"damage":0.0,"enemies":"Collector","floor":33.0,"turns":4.0},{"damage":0.0,"enemies":"3 Shapes","floor":35.0,"turns":4.0},{"damage":0.0,"enemies":"Orb Walker","floor":36.0,"turns":2.0},{"damage":0.0,"enemies":"Maw","floor":37.0,"turns":3.0},{"damage":0.0,"enemies":"Sphere and 2 Shapes","floor":39.0,"turns":2.0},{"damage":0.0,"enemies":"Giant Head","floor":40.0,"turns":5.0},{"damage":0.0,"enemies":"3 Darklings","floor":42.0,"turns":3.0},{"damage":20.0,"enemies":"Reptomancer","floor":44.0,"turns":7.0},{"damage":10,"enemies":"Nemesis","floor":46,"turns":4},{"damage":0,"enemies":"Mind Bloom Boss Battle","floor":48,"turns":3},{"damage":42,"enemies":"Time Eater","floor":50,"turns":6}],"seed_played":"-6474923947592542653","potions_obtained":[{"floor":1.0,"key":"Dexterity Potion"},{"floor":3.0,"key":"SneckoOil"},{"floor":4.0,"key":"EssenceOfSteel"},{"floor":6.0,"key":"Fire Potion"},{"floor":8.0,"key":"SteroidPotion"},{"floor":14.0,"key":"Ambrosia"},{"floor":23.0,"key":"SneckoOil"},{"floor":33.0,"key":"Dexterity Potion"},{"floor":37.0,"key":"BottledMiracle"},{"floor":46,"key":"Fire Potion"}],"is_trial":false,"path_per_floor":["M","M","M","M","M","E","M","E","T","$","M","R","?","M","R","B",null,"M","M","M","M","M","E","R","$","T","R","M","E","$","E","R","B",null,"M","M","M","?","M","E","R","M","T","E","T","E","$","?","R","B",null],"character_chosen":"WATCHER","items_purchased":["Anchor","HornCleat","Calipers","TheAbacus","StancePotion","GamblersBrew"],"campfire_rested":1,"item_purchase_floors":[25,25,47,47,47,47],"current_hp_per_floor":[72,64,64,55,55,50,50,50,50,50,50,50,32,32,32,32,72,72,72,72,72,70,70,70,70,70,70,70,68,68,70,70,72,80,82,84,86,86,86,88,88,90,90,72,72,64,64,64,92,50],"gold":187,"neow_bonus":"BOSS_RELIC","is_daily":false,"chose_seed":false,"campfire_upgraded":6,"win_rate":0.0,"timestamp":1613751263,"path_taken":["M","M","M","M","M","E","M","E","T","$","M","R","?","M","R","BOSS","M","M","M","M","M","E","R","$","T","R","M","E","$","E","R","BOSS","M","M","M","?","M","E","R","?","T","E","?","E","$","?","R","BOSS"],"items_purchased_type":["Relic","Relic","Relic","Relic","Potion","Potion"],"build_version":"2020-12-22","purchased_purges":4,"victory":true,"max_hp_per_floor":[72,72,72,72,72,72,72,72,72,72,72,72,72,72,72,72,72,72,72,72,72,72,72,72,72,72,72,74,76,76,78,78,80,80,82,84,86,86,86,88,88,90,90,92,92,94,94,94,94,94],"card_choices":[{"not_picked":["Study","CutThroughFate","Consecrate"],"picked":"SKIP","floor":1.0},{"not_picked":["BowlingBash","CarveReality"],"picked":"SandsOfTime","floor":2.0},{"not_picked":["FearNoEvil","EmptyFist","Consecrate"],"picked":"SKIP","floor":3.0},{"not_picked":["Crescendo","FlyingSleeves"],"picked":"Judgement","floor":4.0},{"not_picked":["Weave","SashWhip","FollowUp"],"picked":"SKIP","floor":5.0},{"not_picked":["CrushJoints","CutThroughFate","FearNoEvil"],"picked":"SKIP","floor":6.0},{"not_picked":["JustLucky","FollowUp","Wireheading"],"picked":"SKIP","floor":7.0},{"not_picked":["PathToVictory","Crescendo","SashWhip"],"picked":"SKIP","floor":8.0},{"not_picked":["CrushJoints","MentalFortress","Meditate"],"picked":"Omniscience","floor":11.0},{"not_picked":["EmptyBody","Sanctity","DeceiveReality","Halt"],"picked":"SKIP","floor":14.0},{"not_picked":["DeusExMachina","Judgement","LessonLearned"],"picked":"Vault","floor":16.0},{"not_picked":["Consecrate","Perseverance","BowlingBash","PathToVictory+1"],"picked":"SKIP","floor":18.0},{"not_picked":["PathToVictory","Collect+1","BattleHymn"],"picked":"Protect","floor":19.0},{"not_picked":["BattleHymn+1","CutThroughFate","FollowUp","JustLucky"],"picked":"SKIP","floor":20.0},{"not_picked":["Nirvana+1","ForeignInfluence","BattleHymn+1"],"picked":"MasterReality","floor":21.0},{"not_picked":["Protect","Worship+1","CarveReality","Halt"],"picked":"SKIP","floor":22.0},{"not_picked":["ThirdEye","Wireheading","BowlingBash","InnerPeace"],"picked":"SKIP","floor":23.0},{"not_picked":["Nirvana","Crescendo+1","Evaluate","SandsOfTime+1"],"picked":"Singing Bowl","floor":28.0},{"not_picked":["SashWhip","Devotion","Vengeance+1","LikeWater"],"picked":"Singing Bowl","floor":29.0},{"not_picked":["FearNoEvil","Tantrum","WindmillStrike","Collect"],"picked":"Singing Bowl","floor":31.0},{"not_picked":["Devotion","DeusExMachina","Judgement","Blasphemy"],"picked":"Singing Bowl","floor":33.0},{"not_picked":["FlurryOfBlows","EmptyBody","JustLucky+1","Halt+1"],"picked":"Singing Bowl","floor":35.0},{"not_picked":["Protect","SashWhip+1","ReachHeaven+1","Prostrate+1"],"picked":"Singing Bowl","floor":36.0},{"not_picked":["WindmillStrike+1","EmptyBody+1","SashWhip","Crescendo"],"picked":"Singing Bowl","floor":37.0},{"not_picked":["Worship+1","CrushJoints+1","InnerPeace"],"picked":"Establishment","floor":39.0},{"not_picked":["ReachHeaven+1","Wish","ThirdEye","Protect+1"],"picked":"Singing Bowl","floor":40.0},{"not_picked":["Swivel+1","SashWhip","JustLucky+1","WaveOfTheHand+1"],"picked":"Singing Bowl","floor":42.0},{"not_picked":["LikeWater+1","Crescendo+1","Evaluate+1","SignatureMove"],"picked":"Singing Bowl","floor":44.0},{"not_picked":["ClearTheMind","Crescendo","MentalFortress","FearNoEvil"],"picked":"Singing Bowl","floor":46},{"not_picked":["TalkToTheHand+1","Evaluate","CutThroughFate+1"],"picked":"Omniscience","floor":48}],"player_experience":1924964,"relics_obtained":[{"floor":6.0,"key":"Nunchaku"},{"floor":8.0,"key":"Dead Branch"},{"floor":9.0,"key":"Question Card"},{"floor":23.0,"key":"Mercury Hourglass"},{"floor":26.0,"key":"Singing Bowl"},{"floor":29.0,"key":"Bag of Marbles"},{"floor":31.0,"key":"InkBottle"},{"floor":40.0,"key":"CloakClasp"},{"floor":43.0,"key":"Meat on the Bone"},{"floor":44.0,"key":"Omamori"},{"floor":45.0,"key":"Potion Belt"},{"floor":46,"key":"White Beast Statue"},{"floor":48,"key":"Incense Burner"}],"event_choices":[{"damage_healed":0.0,"max_hp_gain":0.0,"max_hp_loss":0.0,"gold_gain":0.0,"event_name":"Golden Idol","player_choice":"Take Damage","floor":13.0,"gold_loss":0.0,"damage_taken":18.0,"relics_obtained":["Golden Idol"]},{"damage_healed":0.0,"max_hp_gain":0.0,"max_hp_loss":0.0,"gold_gain":0.0,"event_name":"The Woman in Blue","player_choice":"Bought 0 Potions","floor":38.0,"gold_loss":0.0,"damage_taken":0.0},{"damage_healed":0,"gold_gain":0,"player_choice":"Fight","damage_taken":0,"max_hp_gain":0,"max_hp_loss":0,"event_name":"MindBloom","floor":48,"gold_loss":0}],"is_beta":false,"boss_relics":[{"not_picked":["Busted Crown","Black Star"],"picked":"Pandora\u0027s Box"},{"not_picked":["Runic Dome","Velvet Choker"],"picked":"Philosopher\u0027s Stone"}],"items_purged_floors":[10,25,30,47],"is_endless":false,"potions_floor_spawned":[1,3,4,6,8,14,19,23,29,33,37,39,40,42,46,48],"ascension_level":4}}