{"host":"6w2j56hja3af4f39","time":1613698516,"event":{"mods":["Act Like it!","AlwaysNeverKeys","BaseMod","Bestiary","Better Altar","Better Match","Better Note","Better Sensory Stone","Better Skull","Better Third Choice","BetterRewards","Block Reminder","CapriCore","Colored Powertips","DeckTracker","Marisa????????","Minty Spire (QoL Compilation)","Permanent Neow","Quick Restart","Rare Cards Sparkle","Spicy Shops","Spire Arcade","StSLib","The Animator","Wandering Minibosses"],"gold_per_floor":[271,521,547,547,589,646,646,656,656],"floor_reached":8,"language":"ENG","playtime":521,"items_purged":[],"score":59,"play_id":"77756932-cfc5-4367-8984-b47ab1ada831","local_time":"20210219123516","is_ascension_mode":true,"campfire_choices":[{"data":"1","floor":7,"key":"LIFT"}],"circlet_count":0,"master_deck":["animator:Strike_Kancolle","animator:Defend_Kancolle","animator:Strike","animator:Strike","animator:Strike","animator:Defend","animator:Defend","animator:Defend","animator:Shimakaze","animator:Shalltear","animator:RoyMustang","animator:MisaKurobane","animator:UneriGinkaku","animator:Kazuma"],"relics":["animator:LivingPicture","animator:TheMissingPiece","Girya","Blue Candle"],"acts_visited":["Exordium"],"potions_floor_usage":[6,6,8],"damage_taken":[{"damage":12,"enemies":"Jaw Worm","floor":1,"turns":6},{"damage":0,"enemies":"Small Slimes","floor":3,"turns":5},{"damage":0,"enemies":"Cultist","floor":5,"turns":4},{"damage":21,"enemies":"3 Sentries","floor":6,"turns":5},{"damage":28,"enemies":"Lagavulin","floor":8,"turns":5}],"seed_played":"-8905627678539455683","potions_obtained":[{"floor":1,"key":"SteroidPotion"},{"floor":2,"key":"Fire Potion"},{"floor":5,"key":"Dexterity Potion"},{"floor":6,"key":"SkillPotion"}],"is_trial":false,"path_per_floor":["M","?","M","?","M","E","R","E"],"character_chosen":"THE_ANIMATOR","items_purchased":[],"campfire_rested":0,"item_purchase_floors":[],"current_hp_per_floor":[36,36,36,36,36,15,15,0,0],"gold":656,"neow_bonus":"ONE_RARE_RELIC","is_daily":false,"chose_seed":false,"campfire_upgraded":0,"win_rate":0.0,"timestamp":1613698516,"path_taken":["M","?","M","?","M","E","R","E"],"items_purchased_type":[],"build_version":"2020-12-22","purchased_purges":0,"victory":false,"max_hp_per_floor":[66,66,66,66,66,66,66,66,66],"card_choices":[{"not_picked":["animator:Kuribayashi","animator:Assassin"],"picked":"animator:Shalltear","floor":1},{"not_picked":["animator:Kuribayashi","animator:YachiyoNanami"],"picked":"animator:RoyMustang","floor":3},{"not_picked":["animator:QuestionMark","animator:NaoTomori"],"picked":"animator:MisaKurobane","floor":4},{"not_picked":["animator:Emonzaemon","animator:Illya"],"picked":"animator:UneriGinkaku","floor":5},{"not_picked":["animator:Megumin","animator:Aqua"],"picked":"animator:Kazuma","floor":6}],"player_experience":469465,"relics_obtained":[{"floor":6,"key":"Blue Candle"}],"event_choices":[{"damage_healed":0,"gold_gain":1,"player_choice":"1","damage_taken":0,"max_hp_gain":0,"max_hp_loss":0,"event_name":"betterStone:BetterStone","floor":4,"gold_loss":0}],"is_beta":false,"boss_relics":[],"items_purged_floors":[],"is_endless":false,"potions_floor_spawned":[1,5,6],"killed_by":"Lagavulin","ascension_level":1}}