{"host":"htqwg582tjjtn9p7","time":1613768242,"event":{"mods":["2.2 Compatiblity","AchievementEnabler","Act Like it!","Aspiration","BaseMod","Better Third Choice","Colored Map","Conspire","Curses Come First","Displayed Cursed Tome","Energized Spire","Force Act Four","Fox Events","GifTheSpireLib","Hermit","Highlight Path","JesterMod","Mad Scientist","Minty Spire (QoL Compilation)","Pale of the Ancients","Permanent Neow","Random Character Button","Relic Stats","Reliquary","Replay The Spire","Robot Space Explorer","Somnambulant","Spicy Shops","Spikes Relics","StSLib","Stuff the Spire","The Blue Laboratory","The Bug Knight","The Forsaken","The Gatherer","The Judge","The Jungle","The Marked","The Runesmith","The Servant 0.9.4","Uncapped"],"gold_per_floor":[115,115,135,135,145,145,172,195,195,195,207,207,221,28,28,102,102,119,149,169,186,203,203,233,233,233,233,233,251,286,303,303,377,377,395,395,3,20,20,20,55,67,79,124,136,180,203,226,238,250,276,302,314,79,79,94,94,94,94,94],"floor_reached":61,"language":"ENG","playtime":2943,"items_purged":["Strike_G","Pain"],"score":1956,"play_id":"27ff3ff7-56ca-4e51-a5a4-b341ac3288a3","local_time":"20210219215722","is_ascension_mode":true,"campfire_choices":[{"floor":6,"key":"REST"},{"floor":10,"key":"REST"},{"data":"StuffTheSpire:Injection","floor":12,"key":"SMITH"},{"floor":15,"key":"REST"},{"floor":23,"key":"REST"},{"floor":25,"key":"REST"},{"data":"Calculated Gamble","floor":27,"key":"SMITH"},{"floor":32,"key":"REST"},{"data":"Concentrate","floor":40,"key":"SMITH"},{"data":"Accuracy","floor":42,"key":"SMITH"},{"data":"Neutralize","floor":45,"key":"SMITH"},{"data":"Prepared","floor":49,"key":"SMITH"},{"floor":55,"key":"REST"},{"floor":57,"key":"RECALL"}],"circlet_count":0,"master_deck":["AscendersBane","Strike_G+1","Strike_G","Strike_G","Strike_G","Defend_G","Defend_G","Defend_G","Defend_G","Defend_G","Survivor+1","Neutralize+1","Quick Slash","Slice","Blade Dance","StuffTheSpire:Injection+1","PiercingWail","Accuracy+1","Blade Dance","Storm of Steel","Blade Dance","Calculated Gamble+1","Dash","Blade Dance","After Image+1","ReplayTheSpireMod:Scrap Shanks+1","Concentrate+1","Malaise","Blade Dance","Underhanded Strike+1","Prepared+1","ReplayTheSpireMod:Shiv Toss","StuffTheSpire:Rapture"],"relics":["conspire:SpecialSausage","Bag of Marbles","Odd Mushroom","StuffTheSpire:Tea","energizedSpire:DeadBattery","Replay:WaspNest","aspiration:SneckoTail","StuffTheSpire:PointBlank","Snecko Scales","WarpedTongs","StuffTheSpire:DarkSteelAnvil","MawBank","Darkstone Periapt","Snack Pack","Ginger","paleoftheancients:Timepiece","paleoftheancients:KeyRelic","Gremlin Horn","CultistMask","paleoftheancients:SoulOfTheWatcher","StuffTheSpire:CocoNut"],"acts_visited":["Exordium","TheCity","TheBeyond","TheBeyond"],"potions_floor_usage":[7,13,19,19,30,31,31,52,56],"damage_taken":[{"damage":7,"enemies":"Small Slimes","floor":1,"turns":4},{"damage":0,"enemies":"2 Louse","floor":3,"turns":3},{"damage":7,"enemies":"Jaw Worm","floor":5,"turns":4},{"damage":9,"enemies":"3 Sentries","floor":7,"turns":9},{"damage":11,"enemies":"The Mushroom Lair","floor":8,"turns":3},{"damage":4,"enemies":"Red Slaver","floor":11,"turns":3},{"damage":0,"enemies":"Exordium Wildlife","floor":13,"turns":2},{"damage":37,"enemies":"The Guardian","floor":16,"turns":11},{"damage":7,"enemies":"Chosen","floor":18,"turns":4},{"damage":15,"enemies":"conspire:MimicChest","floor":19,"turns":3},{"damage":6,"enemies":"2 Thieves","floor":20,"turns":2},{"damage":0,"enemies":"Snake Plant","floor":21,"turns":2},{"damage":30,"enemies":"Sentry and Sphere","floor":22,"turns":4},{"damage":0,"enemies":"Gremlin Leader","floor":24,"turns":5},{"damage":3,"enemies":"Snecko","floor":29,"turns":4},{"damage":11,"enemies":"HollowMod:Nosk","floor":30,"turns":5},{"damage":4,"enemies":"Centurion and Healer","floor":31,"turns":3},{"damage":36,"enemies":"Champ","floor":33,"turns":8},{"damage":0,"enemies":"3 Darklings","floor":35,"turns":2},{"damage":0,"enemies":"3 Shapes","floor":38,"turns":1},{"damage":0,"enemies":"HollowMod:StalkingDevout","floor":41,"turns":3},{"damage":0,"enemies":"Nemesis","floor":44,"turns":5},{"damage":0,"enemies":"Giant Head","floor":46,"turns":5},{"damage":5,"enemies":"Maw","floor":47,"turns":5},{"damage":6,"enemies":"Jaw Worm Horde","floor":48,"turns":3},{"damage":29,"enemies":"Replay:Hell Engine","floor":50,"turns":5},{"damage":21,"enemies":"Replay:Hell Engine","floor":51,"turns":5},{"damage":98,"enemies":"Replay:Hell Engine","floor":52,"turns":10},{"damage":2,"enemies":"Replay:Hell Engine","floor":56,"turns":4},{"damage":224,"enemies":"paleoftheancients:N","floor":60,"turns":7}],"seed_played":"5680819989839197216","potions_obtained":[{"floor":1,"key":"Elixir"},{"floor":11,"key":"blueLaboratory:BottleOfRum"},{"floor":16,"key":"blueLaboratory:BubblePotion"},{"floor":18,"key":"blueLaboratory:FruitPunch"},{"floor":24,"key":"Weak Potion"},{"floor":29,"key":"EntropicBrew"},{"floor":33,"key":"Cursed Concoction"},{"floor":38,"key":"DuplicationPotion"},{"floor":44,"key":"Regen Potion"},{"floor":52,"key":"blueLaboratory:NinjaPotion"}],"is_trial":false,"path_per_floor":["M","?","M","?","M","R","E","?","T","R","M","R","M","$","R","B",null,"M","?","M","M","M","R","E","R","T","R","?","M","E","M","R","B",null,"M","?","$","M","$","R","E","R","T","E","R","E","M","M","R","B","M","M","?","$","R","M","R","$","?","B",null],"character_chosen":"THE_SILENT","items_purchased":["Accuracy","Blade Dance","StuffTheSpire:DarkSteelAnvil","StuffTheSpire:CocoNut"],"campfire_rested":7,"item_purchase_floors":[14,14,37,54],"current_hp_per_floor":[52,32,32,32,25,44,35,24,24,43,39,39,39,39,58,21,55,48,42,36,36,6,28,28,50,50,50,50,47,36,32,54,18,61,61,61,61,61,61,61,61,61,61,61,61,75,75,75,75,75,75,47,47,54,78,82,82,82,82,59],"gold":94,"neow_bonus":"BOSS_RELIC","is_daily":false,"chose_seed":false,"campfire_upgraded":6,"win_rate":0.0,"timestamp":1613768242,"path_taken":["M","?","M","?","M","R","E","?","T","R","M","R","M","?","R","BOSS","M","?","M","M","?","R","E","R","T","R","?","?","E","M","R","BOSS","M","?","?","M","$","R","E","R","T","E","R","E","M","M","R","BOSS","M","M","?","$","R","M","R","$","?","BOSS"],"items_purchased_type":["Card","Card","Relic","Relic"],"build_version":"2020-12-22","purchased_purges":2,"victory":true,"max_hp_per_floor":[66,66,66,66,66,66,66,66,66,66,66,66,66,66,66,66,66,66,75,75,75,75,75,75,75,75,75,75,75,75,75,75,75,75,75,75,75,75,75,75,75,75,75,75,75,75,75,75,75,75,75,75,75,82,82,82,82,82,82,82],"relic_stats":{"Darkstone Periapt":0,"Gremlin Horn":[11,11],"counters":[30,134],"Ginger":[9],"MawBank":156,"obtain_stats":[{"Darkstone Periapt":43,"paleoftheancients:KeyRelic":50,"aspiration:SneckoTail":26,"Gremlin Horn":50,"conspire:SpecialSausage":0,"Replay:WaspNest":24,"Ginger":46,"Odd Mushroom":8,"energizedSpire:DeadBattery":17,"MawBank":41,"WarpedTongs":36,"paleoftheancients:Timepiece":50,"Snecko Scales":34,"Strawberry":19,"StuffTheSpire:DarkSteelAnvil":37,"StuffTheSpire:CocoNut":54,"CultistMask":50,"Bag of Marbles":7,"StuffTheSpire:PointBlank":30,"Snack Pack":44,"paleoftheancients:SoulOfTheWatcher":52,"Ring of the Snake":0,"StuffTheSpire:Tea":9},{"Darkstone Periapt":21,"paleoftheancients:KeyRelic":26,"aspiration:SneckoTail":14,"Gremlin Horn":26,"conspire:SpecialSausage":0,"Replay:WaspNest":14,"Ginger":23,"Odd Mushroom":5,"energizedSpire:DeadBattery":8,"MawBank":21,"WarpedTongs":19,"paleoftheancients:Timepiece":26,"Snecko Scales":18,"Strawberry":10,"StuffTheSpire:DarkSteelAnvil":19,"StuffTheSpire:CocoNut":28,"CultistMask":26,"Bag of Marbles":4,"StuffTheSpire:PointBlank":16,"Snack Pack":22,"paleoftheancients:SoulOfTheWatcher":28,"Ring of the Snake":0,"StuffTheSpire:Tea":5},{"Darkstone Periapt":85,"paleoftheancients:KeyRelic":108,"aspiration:SneckoTail":59,"Gremlin Horn":108,"conspire:SpecialSausage":0,"Replay:WaspNest":59,"Ginger":95,"Odd Mushroom":23,"energizedSpire:DeadBattery":39,"MawBank":85,"WarpedTongs":81,"paleoftheancients:Timepiece":108,"Snecko Scales":79,"Strawberry":46,"StuffTheSpire:DarkSteelAnvil":81,"StuffTheSpire:CocoNut":123,"CultistMask":108,"Bag of Marbles":20,"StuffTheSpire:PointBlank":68,"Snack Pack":90,"paleoftheancients:SoulOfTheWatcher":123,"Ring of the Snake":0,"StuffTheSpire:Tea":23}],"WarpedTongs":[53]},"card_choices":[{"not_picked":["StuffTheSpire:Fury","StuffTheSpire:BumpUp","Deadly Poison"],"picked":"SKIP","floor":1},{"not_picked":["ReplayTheSpireMod:Tripwire","Deadly Poison"],"picked":"Quick Slash","floor":3},{"not_picked":["Sucker Punch","Flying Knee"],"picked":"Slice","floor":5},{"not_picked":["Sucker Punch","ReplayTheSpireMod:Necrosis","Pace"],"picked":"SKIP","floor":7},{"not_picked":["Backflip","Terror"],"picked":"Blade Dance","floor":8},{"not_picked":["Deflect","Dodge and Roll"],"picked":"StuffTheSpire:Injection","floor":11},{"not_picked":["StuffTheSpire:Shiver","Prepared"],"picked":"PiercingWail","floor":13},{"not_picked":["Phantasmal Killer","Die Die Die"],"picked":"Storm of Steel","floor":16},{"not_picked":["StuffTheSpire:Injection","Bane"],"picked":"Blade Dance","floor":18},{"not_picked":["Catalyst","StuffTheSpire:Incursion"],"picked":"Calculated Gamble","floor":19},{"not_picked":["StuffTheSpire:BumpUp","Underhanded Strike"],"picked":"Dash","floor":20},{"not_picked":["Hidden Blade","StuffTheSpire:BumpUp"],"picked":"Blade Dance","floor":21},{"not_picked":["Expertise","conspire:DoublingDagger"],"picked":"After Image","floor":22},{"not_picked":["ReplayTheSpireMod:The Works","StuffTheSpire:Python"],"picked":"ReplayTheSpireMod:Scrap Shanks+1","floor":24},{"not_picked":["Flying Knee","StuffTheSpire:BumpUp","StuffTheSpire:Incursion"],"picked":"SKIP","floor":29},{"not_picked":["StuffTheSpire:BrimstoneBlast","Outmaneuver","StuffTheSpire:Python"],"picked":"SKIP","floor":30},{"not_picked":["Outmaneuver","Slice"],"picked":"Concentrate","floor":31},{"not_picked":["ReplayTheSpireMod:Necrosis","Grand Finale"],"picked":"Malaise","floor":33},{"not_picked":["PiercingWail","All Out Attack"],"picked":"Blade Dance","floor":35},{"not_picked":["StuffTheSpire:Sprint","Dagger Spray","Escape Plan"],"picked":"SKIP","floor":38},{"not_picked":["Setup","Quick Slash","Flying Knee"],"picked":"SKIP","floor":41},{"not_picked":["Bane","Slice"],"picked":"Underhanded Strike+1","floor":44},{"not_picked":["Flechettes","Deadly Poison","Toxin Wave"],"picked":"SKIP","floor":46},{"not_picked":["Slice","Underhanded Strike+1"],"picked":"Prepared","floor":47},{"not_picked":["Fluid Movement","StuffTheSpire:BumpUp","Bane"],"picked":"SKIP","floor":48},{"not_picked":["Dash","StuffTheSpire:Sprint+1","Endless Agony"],"picked":"SKIP","floor":51},{"not_picked":["Deadly Poison","Outmaneuver+1"],"picked":"ReplayTheSpireMod:Shiv Toss","floor":52},{"not_picked":["StuffTheSpire:CelestialWarden","StuffTheSpire:Perfection"],"picked":"StuffTheSpire:Rapture","floor":53},{"not_picked":["Dodge and Roll","StuffTheSpire:Python+1","StuffTheSpire:Injection"],"picked":"SKIP","floor":56}],"player_experience":2048491,"relics_obtained":[{"floor":7,"key":"Bag of Marbles"},{"floor":8,"key":"Odd Mushroom"},{"floor":9,"key":"StuffTheSpire:Tea"},{"floor":19,"key":"Strawberry"},{"floor":24,"key":"Replay:WaspNest"},{"floor":26,"key":"aspiration:SneckoTail"},{"floor":30,"key":"StuffTheSpire:PointBlank"},{"floor":41,"key":"MawBank"},{"floor":43,"key":"Darkstone Periapt"},{"floor":44,"key":"Snack Pack"},{"floor":46,"key":"Ginger"},{"floor":52,"key":"paleoftheancients:SoulOfTheWatcher"}],"event_choices":[{"damage_healed":52,"gold_gain":0,"player_choice":"Upgrade","damage_taken":20,"max_hp_gain":0,"max_hp_loss":66,"event_name":"betterThird:BetterShining","floor":2,"gold_loss":0,"cards_upgraded":["Survivor","Strike_G"]},{"damage_healed":0,"gold_gain":0,"player_choice":"Fought Mushrooms","damage_taken":0,"max_hp_gain":0,"max_hp_loss":0,"event_name":"Mushrooms","floor":8,"gold_loss":0},{"damage_healed":0,"gold_gain":0,"player_choice":"Upgraded","damage_taken":0,"max_hp_gain":0,"max_hp_loss":0,"event_name":"Upgrade Shrine","floor":28,"gold_loss":0,"cards_upgraded":["After Image"]},{"damage_healed":0,"gold_gain":0,"player_choice":"Rummage","damage_taken":0,"relics_obtained":["WarpedTongs"],"max_hp_gain":0,"max_hp_loss":0,"event_name":"Accursed Blacksmith","floor":36,"gold_loss":0,"cards_obtained":["Pain"]}],"is_beta":false,"boss_relics":[{"not_picked":["conspire:RoyalGoblet","reliquary:ThirdArm"],"picked":"energizedSpire:DeadBattery"},{"not_picked":["CosmicIsotope","energizedSpire:NeverEndingSparkler"],"picked":"Snecko Scales"}],"items_purged_floors":[14,37],"is_endless":false,"potions_floor_spawned":[1,11,16,18,24,29,33,38,44,46,52],"ascension_level":15}}