{"host":"n2sr453jcjz6vvl4","time":1613697590,"event":{"mods":["BaseMod","Colored Map","Minty Spire (QoL Compilation)","Permanent Neow","Relic Stats","StSLib"],"gold_per_floor":[367,367,378,391,42,90,90,16,16,34,83,38,72,72,72,168,168,181,24,24,44,92,92,123,148,160,172,184,196,235,261,273,384,396,419,69,107,107,124,124,149,159,208,237,237,237,237,237],"floor_reached":47,"language":"ENG","playtime":2147,"items_purged":["Strike_R"],"score":693,"play_id":"d13b6c84-3e74-4ca2-a719-c23e912efb5a","local_time":"20210218211950","is_ascension_mode":true,"campfire_choices":[{"data":"Barricade","floor":7,"key":"SMITH"},{"floor":15,"key":"REST"},{"data":"Shrug It Off","floor":23,"key":"SMITH"},{"data":"Seeing Red","floor":27,"key":"SMITH"},{"data":"HandOfGreed","floor":29,"key":"SMITH"},{"floor":32,"key":"REST"},{"data":"Carnage","floor":40,"key":"SMITH"},{"data":"Metallicize","floor":46,"key":"SMITH"}],"circlet_count":0,"master_deck":["Strike_R","Strike_R","Strike_R","Defend_R","Bash","Shrug It Off+1","Disarm","Clothesline","HandOfGreed+1","Whirlwind+1","Carnage+1","Headbutt","Double Tap","Battle Trance+1","Writhe","Seeing Red+1","Injury","Necronomicurse","Inflame","True Grit+1","Carnage+1","Immolate+1","Cleave+1","Seeing Red+1","Inflame+1","Seeing Red+1","Writhe","Metallicize+1"],"relics":["Burning Blood","Chemical X","Unceasing Top","StoneCalendar","Potion Belt","Cursed Key","Nunchaku","Gremlin Horn","Red Mask","MawBank","Kunai","Necronomicon","Anchor","Astrolabe","Gambling Chip","Ginger","Vajra","Calipers"],"acts_visited":["Exordium","TheCity","TheBeyond"],"potions_floor_usage":[11,15,18,30,32,35,44],"damage_taken":[{"damage":0,"enemies":"Small Slimes","floor":1,"turns":3},{"damage":1,"enemies":"Cultist","floor":3,"turns":3},{"damage":2,"enemies":"2 Louse","floor":4,"turns":4},{"damage":49,"enemies":"Gremlin Nob","floor":6,"turns":6},{"damage":0,"enemies":"2 Fungi Beasts","floor":10,"turns":2},{"damage":18,"enemies":"Lagavulin","floor":11,"turns":6},{"damage":5,"enemies":"Blue Slaver","floor":13,"turns":4},{"damage":0,"enemies":"Slime Boss","floor":16,"turns":6},{"damage":0,"enemies":"Shell Parasite","floor":18,"turns":1},{"damage":11,"enemies":"Spheric Guardian","floor":21,"turns":3},{"damage":13,"enemies":"Masked Bandits","floor":22,"turns":3},{"damage":3,"enemies":"Gremlin Leader","floor":24,"turns":6},{"damage":4,"enemies":"Snake Plant","floor":25,"turns":4},{"damage":10,"enemies":"Book of Stabbing","floor":30,"turns":2},{"damage":19,"enemies":"Shelled Parasite and Fungi","floor":31,"turns":4},{"damage":4,"enemies":"Automaton","floor":33,"turns":3},{"damage":0,"enemies":"3 Darklings","floor":35,"turns":2},{"damage":0,"enemies":"Orb Walker","floor":37,"turns":1},{"damage":11,"enemies":"Transient","floor":39,"turns":5},{"damage":2,"enemies":"Reptomancer","floor":41,"turns":2},{"damage":0,"enemies":"3 Darklings","floor":42,"turns":1},{"damage":15,"enemies":"Nemesis","floor":44,"turns":4},{"damage":81,"enemies":"Reptomancer","floor":47,"turns":2}],"seed_played":"6311788093830497692","potions_obtained":[{"floor":3,"key":"Swift Potion"},{"floor":4,"key":"LiquidMemories"},{"floor":11,"key":"EntropicBrew"},{"floor":13,"key":"EntropicBrew"},{"floor":30,"key":"SteroidPotion"},{"floor":31,"key":"BloodPotion"},{"floor":37,"key":"LiquidBronze"},{"floor":42,"key":"DuplicationPotion"},{"floor":44,"key":"CultistPotion"}],"is_trial":false,"path_per_floor":["M","?","M","M","$","E","R","$","T","M","E","$","M","?","R","B",null,"M","$","?","M","?","R","E","M","T","R","?","R","E","M","R","B",null,"M","$","M","?","M","R","E","M","T","E","?","R","E"],"character_chosen":"IRONCLAD","items_purchased":["HandOfGreed","Chemical X","Whirlwind","Headbutt","Nunchaku","Gambling Chip"],"campfire_rested":2,"item_purchase_floors":[5,5,8,12,19,36],"current_hp_per_floor":[62,62,67,71,71,28,28,28,28,34,22,22,23,23,47,53,80,80,80,80,75,68,68,71,73,73,73,57,57,53,40,80,80,80,80,80,80,80,75,75,79,80,80,71,71,71,0,0],"gold":237,"neow_bonus":"TWO_FIFTY_GOLD","is_daily":false,"chose_seed":false,"campfire_upgraded":6,"win_rate":0.0,"timestamp":1613697590,"path_taken":["M","?","M","M","$","E","R","?","T","M","E","$","M","?","R","BOSS","M","$","?","M","?","R","E","M","T","R","?","R","E","M","R","BOSS","M","$","M","?","M","R","E","M","T","E","?","R","E"],"items_purchased_type":["Card","Relic","Card","Card","Relic","Relic"],"build_version":"2020-12-22","purchased_purges":1,"victory":false,"max_hp_per_floor":[80,80,80,80,80,80,80,80,80,80,80,80,80,80,80,80,80,80,80,80,80,80,80,80,80,80,80,80,80,80,80,80,80,80,80,80,80,80,80,80,80,80,80,80,80,80,80,80],"relic_stats":{"Gremlin Horn":[9,13],"counters":[23,77],"Astrolabe":["Carnage","Immolate","Cleave"],"StoneCalendar":[0],"Ginger":[0],"Cursed Key":2,"MawBank":144,"Burning Blood":107,"Nunchaku":[10],"Gambling Chip":[17],"Necronomicon":[24],"Chemical X":[31],"Kunai":[19],"obtain_stats":[{"Potion Belt":11,"Calipers":44,"Gremlin Horn":20,"Astrolabe":34,"Vajra":43,"StoneCalendar":9,"Ginger":41,"Cursed Key":17,"MawBank":24,"Burning Blood":0,"Nunchaku":19,"Anchor":30,"Gambling Chip":36,"Red Mask":22,"Necronomicon":28,"Chemical X":5,"Kunai":26,"Unceasing Top":6},{"Potion Belt":6,"Calipers":22,"Gremlin Horn":9,"Astrolabe":16,"Vajra":21,"StoneCalendar":4,"Ginger":20,"Cursed Key":8,"MawBank":12,"Burning Blood":0,"Nunchaku":9,"Anchor":14,"Gambling Chip":17,"Red Mask":11,"Necronomicon":13,"Chemical X":3,"Kunai":13,"Unceasing Top":4},{"Potion Belt":24,"Calipers":75,"Gremlin Horn":35,"Astrolabe":60,"Vajra":71,"StoneCalendar":16,"Ginger":70,"Cursed Key":34,"MawBank":47,"Burning Blood":0,"Nunchaku":35,"Anchor":53,"Gambling Chip":62,"Red Mask":41,"Necronomicon":51,"Chemical X":10,"Kunai":51,"Unceasing Top":16}],"Unceasing Top":[0]},"card_choices":[{"not_picked":["Dropkick","Perfected Strike"],"picked":"Shrug It Off","floor":1},{"not_picked":["Iron Wave","Cleave"],"picked":"Disarm","floor":3},{"not_picked":["Cleave","Warcry"],"picked":"Clothesline","floor":4},{"not_picked":["Rage","Feel No Pain"],"picked":"Barricade","floor":6},{"not_picked":["True Grit","Thunderclap"],"picked":"Carnage","floor":10},{"not_picked":["Perfected Strike","Sword Boomerang","Anger"],"picked":"SKIP","floor":11},{"not_picked":["Anger","Infernal Blade","Warcry"],"picked":"SKIP","floor":13},{"not_picked":["Offering","Brutality"],"picked":"Double Tap","floor":16},{"not_picked":["Havoc","Heavy Blade"],"picked":"Battle Trance+1","floor":18},{"not_picked":["Disarm","Sword Boomerang","Rupture+1"],"picked":"SKIP","floor":21},{"not_picked":["Havoc","Cleave","Armaments"],"picked":"SKIP","floor":24},{"not_picked":["Body Slam","Thunderclap"],"picked":"Seeing Red","floor":25},{"not_picked":["Pummel","Intimidate"],"picked":"Inflame","floor":30},{"not_picked":["Pommel Strike","Exhume"],"picked":"True Grit+1","floor":31},{"not_picked":["Sentinel+1","Perfected Strike+1","Inflame"],"picked":"SKIP","floor":35},{"not_picked":["Pummel+1","Body Slam+1","Clothesline"],"picked":"SKIP","floor":37},{"not_picked":["Clash+1","Searing Blow"],"picked":"Seeing Red+1","floor":39},{"not_picked":["Havoc","Blood for Blood"],"picked":"Inflame+1","floor":41},{"not_picked":["Shrug It Off+1","Body Slam+1"],"picked":"Seeing Red+1","floor":42},{"not_picked":["Shrug It Off","Wild Strike"],"picked":"Metallicize","floor":44}],"player_experience":183910,"relics_obtained":[{"floor":6,"key":"Unceasing Top"},{"floor":9,"key":"StoneCalendar"},{"floor":11,"key":"Potion Belt"},{"floor":22,"key":"Red Mask"},{"floor":24,"key":"MawBank"},{"floor":26,"key":"Kunai"},{"floor":28,"key":"Necronomicon"},{"floor":30,"key":"Anchor"},{"floor":41,"key":"Ginger"},{"floor":43,"key":"Vajra"},{"floor":44,"key":"Calipers"}],"event_choices":[{"cards_removed":["Defend_R"],"damage_healed":0,"gold_gain":0,"player_choice":"Purged","damage_taken":0,"max_hp_gain":0,"max_hp_loss":0,"event_name":"Purifier","floor":2,"gold_loss":0},{"damage_healed":0,"gold_gain":0,"player_choice":"Upgraded","damage_taken":0,"max_hp_gain":0,"max_hp_loss":0,"event_name":"Upgrade Shrine","floor":14,"gold_loss":0,"cards_upgraded":["Whirlwind"]},{"damage_healed":0,"gold_gain":0,"player_choice":"Opened","damage_taken":0,"relics_obtained":["Gremlin Horn"],"max_hp_gain":0,"max_hp_loss":0,"event_name":"The Mausoleum","floor":20,"gold_loss":0,"cards_obtained":["Writhe"]},{"damage_healed":0,"gold_gain":0,"player_choice":"Fought Bandits","damage_taken":0,"max_hp_gain":0,"max_hp_loss":0,"event_name":"Masked Bandits","floor":22,"gold_loss":0},{"damage_healed":0,"gold_gain":0,"player_choice":"Obtained Book","damage_taken":16,"max_hp_gain":0,"max_hp_loss":0,"event_name":"Cursed Tome","floor":28,"gold_loss":0},{"cards_removed":["Barricade"],"damage_healed":0,"gold_gain":0,"player_choice":"Removed Power","damage_taken":0,"max_hp_gain":0,"max_hp_loss":0,"event_name":"Falling","floor":38,"gold_loss":0},{"damage_healed":0,"gold_gain":0,"player_choice":"0 cards matched","damage_taken":0,"max_hp_gain":0,"max_hp_loss":0,"event_name":"Match and Keep!","floor":45,"gold_loss":0,"cards_obtained":[]}],"is_beta":false,"boss_relics":[{"not_picked":["Black Blood","SlaversCollar"],"picked":"Cursed Key"},{"not_picked":["Coffee Dripper","Runic Cube"],"picked":"Astrolabe"}],"items_purged_floors":[36],"is_endless":false,"potions_floor_spawned":[3,4,11,13,30,31,37,42,44],"killed_by":"Reptomancer","ascension_level":3}}