{"host":"w5thk1acqacem6ba","time":1613711210,"event":{"mods":["AchievementEnabler","BaseMod","Colored Map","KOR Keyword Fix","Minty Spire (QoL Compilation)","SuperFastMode"],"gold_per_floor":[109,34,54,129,146,146,164,164,189,189,40,65,65,75,75,172,172,172],"floor_reached":17,"language":"KOR","playtime":542,"items_purged":["Strike_R"],"score":202,"play_id":"80912258-74b8-45bf-966b-28d97499c429","local_time":"20210219140650","is_ascension_mode":true,"campfire_choices":[{"data":"Iron Wave","floor":6,"key":"SMITH"},{"data":"Bash","floor":8,"key":"SMITH"},{"data":"Battle Trance","floor":10,"key":"SMITH"},{"floor":15,"key":"REST"}],"circlet_count":0,"master_deck":["Strike_R","Strike_R","Strike_R","Strike_R","Defend_R","Bash+1","Heavy Blade","Iron Wave+1","Battle Trance+1","Shrug It Off","Shrug It Off","Demon Form","Shockwave+1","Reckless Charge+1","Juggernaut+1"],"relics":["Burning Blood","Dream Catcher","Toy Ornithopter","Lantern","Ancient Tea Set","CultistMask","Astrolabe"],"acts_visited":["Exordium","TheCity"],"potions_floor_usage":[16],"damage_taken":[{"damage":11,"enemies":"Jaw Worm","floor":1,"turns":4},{"damage":1,"enemies":"Cultist","floor":3,"turns":3},{"damage":0,"enemies":"2 Louse","floor":5,"turns":2},{"damage":6,"enemies":"Looter","floor":7,"turns":4},{"damage":40,"enemies":"Lagavulin","floor":12,"turns":6},{"damage":9,"enemies":"2 Fungi Beasts","floor":14,"turns":3},{"damage":15,"enemies":"The Guardian","floor":16,"turns":13}],"seed_played":"-3072460959187149136","potions_obtained":[{"floor":1,"key":"DuplicationPotion"},{"floor":7,"key":"DuplicationPotion"},{"floor":12,"key":"PowerPotion"},{"floor":16,"key":"SkillPotion"}],"is_trial":false,"path_per_floor":["M","$","M","?","M","R","M","R","T","R","$","E","?","M","R","B",null],"character_chosen":"IRONCLAD","items_purchased":["Lantern"],"campfire_rested":1,"item_purchase_floors":[11],"current_hp_per_floor":[67,67,72,61,67,67,67,67,67,67,67,33,33,30,54,50,73,73],"gold":172,"neow_bonus":"RANDOM_COMMON_RELIC","is_daily":false,"chose_seed":false,"campfire_upgraded":3,"win_rate":0.0,"timestamp":1613711210,"path_taken":["M","$","M","?","M","R","M","R","T","R","$","E","?","M","R","BOSS"],"items_purchased_type":["Relic"],"build_version":"2020-12-22","purchased_purges":1,"victory":false,"max_hp_per_floor":[80,80,80,80,80,80,80,80,80,80,80,80,80,80,80,80,80,80],"card_choices":[{"not_picked":["Sever Soul","Clothesline"],"picked":"Heavy Blade","floor":1},{"not_picked":["Metallicize","Body Slam"],"picked":"Iron Wave","floor":3},{"not_picked":["Spot Weakness","Searing Blow"],"picked":"Battle Trance","floor":5},{"not_picked":["Feel No Pain","Headbutt","Pommel Strike"],"picked":"SKIP","floor":7},{"not_picked":["Anger","Cleave"],"picked":"Shrug It Off","floor":12},{"not_picked":["Twin Strike","Cleave"],"picked":"Shrug It Off","floor":14},{"not_picked":["Impervious","Feed"],"picked":"Demon Form","floor":16}],"player_experience":417871,"relics_obtained":[{"floor":9,"key":"Toy Ornithopter"},{"floor":12,"key":"Ancient Tea Set"}],"event_choices":[{"damage_healed":0,"gold_gain":75,"player_choice":"Gather Gold","damage_taken":11,"max_hp_gain":0,"max_hp_loss":0,"event_name":"World of Goop","floor":4,"gold_loss":0},{"damage_healed":0,"gold_gain":0,"player_choice":"Trade","damage_taken":0,"relics_obtained":["CultistMask"],"max_hp_gain":0,"max_hp_loss":0,"event_name":"FaceTrader","floor":13,"gold_loss":0}],"is_beta":false,"boss_relics":[{"not_picked":["Runic Pyramid","Black Star"],"picked":"Astrolabe"}],"items_purged_floors":[2],"is_endless":false,"potions_floor_spawned":[1,7,12,14,16],"ascension_level":6}}