{"host":"bg8va46pgqgvtzim","time":1613699256,"event":{"mods":["BaseMod","Minty Spire (QoL Compilation)","Quick Restart","StSLib","SuperFastMode"],"gold_per_floor":[114,114,125,50,67,86,98,98,114,144,156,156,184,234,234,234,250,250,250,150,150,150,183,183,287,287,303,303,303,318,334,344,344,369,384,398,427,480,480,492,492,506,520,533,408,408,428,428,428,532,532,544,556,606,626,626,639,415,415,446,446,493,504,504,516,516,516,528,208,220,232,265,265,265,265,265,19,47,47],"floor_reached":80,"language":"ZHS","playtime":2254,"items_purged":["Strike_G","Strike_G","Dagger Throw","Underhanded Strike","Blade Dance","Defend_G"],"score":1908,"play_id":"96764698-4897-444d-a096-92ff99beb602","local_time":"20210219094736","is_ascension_mode":true,"campfire_choices":[{"data":"Calculated Gamble","floor":12.0,"key":"SMITH"},{"data":"Acrobatics","floor":16.0,"key":"SMITH"},{"data":"Prepared","floor":18.0,"key":"SMITH"},{"data":"Eviscerate","floor":21.0,"key":"SMITH"},{"data":"Reflex","floor":24.0,"key":"SMITH"},{"data":"Prepared","floor":33.0,"key":"SMITH"},{"data":"Adrenaline","floor":41.0,"key":"SMITH"},{"data":"Tactician","floor":46.0,"key":"SMITH"},{"floor":48.0,"key":"RECALL"},{"data":"Acrobatics","floor":49.0,"key":"SMITH"},{"data":"Expertise","floor":59,"key":"SMITH"},{"data":"Blur","floor":61,"key":"SMITH"},{"data":"Neutralize","floor":66,"key":"SMITH"},{"data":"After Image","floor":73,"key":"SMITH"},{"data":"Survivor","floor":76,"key":"SMITH"}],"circlet_count":0,"master_deck":["Defend_G","Defend_G","Defend_G","Survivor+1","Neutralize+1","Calculated Gamble+1","Eviscerate+1","Acrobatics+1","Prepared+1","Reflex+1","After Image+1","Prepared+1","Acrobatics+1","Adrenaline+1","Tactician+1","Adrenaline","Concentrate+1","Blur+1","Expertise+1","Prepared+1","Well Laid Plans+1","After Image+1","Blur+1"],"relics":["Ring of the Snake","Bag of Preparation","Blue Candle","The Specimen","InkBottle","Lizard Tail","Philosopher\u0027s Stone","Pantograph","Potion Belt","Strawberry","Singing Bowl","WristBlade","Pocketwatch","Bronze Scales","Tingsha","Membership Card","Pen Nib","DollysMirror","Art of War","TungstenRod"],"acts_visited":["Exordium","TheCity","TheBeyond","TheEnding"],"potions_floor_usage":[62,74,79,79],"damage_taken":[{"damage":0.0,"enemies":"Small Slimes","floor":1.0,"turns":3.0},{"damage":0.0,"enemies":"Cultist","floor":3.0,"turns":3.0},{"damage":0.0,"enemies":"2 Louse","floor":5.0,"turns":2.0},{"damage":8.0,"enemies":"Exordium Wildlife","floor":6.0,"turns":7.0},{"damage":0.0,"enemies":"Blue Slaver","floor":7.0,"turns":3.0},{"damage":0.0,"enemies":"Looter","floor":9.0,"turns":2.0},{"damage":9.0,"enemies":"3 Sentries","floor":10.0,"turns":6.0},{"damage":0.0,"enemies":"Exordium Wildlife","floor":11.0,"turns":2.0},{"damage":13.0,"enemies":"Lagavulin","floor":13.0,"turns":3.0},{"damage":0.0,"enemies":"Gremlin Gang","floor":17.0,"turns":2.0},{"damage":1.0,"enemies":"3 Sentries","floor":23.0,"turns":4.0},{"damage":6.0,"enemies":"Hexaghost","floor":25.0,"turns":5.0},{"damage":0.0,"enemies":"3 Byrds","floor":27.0,"turns":2.0},{"damage":0.0,"enemies":"Chosen","floor":30.0,"turns":1.0},{"damage":0.0,"enemies":"Shelled Parasite and Fungi","floor":31.0,"turns":1.0},{"damage":0.0,"enemies":"Snecko","floor":32.0,"turns":1.0},{"damage":0.0,"enemies":"Slavers","floor":34.0,"turns":1.0},{"damage":0.0,"enemies":"Snake Plant","floor":35.0,"turns":1.0},{"damage":0.0,"enemies":"3 Cultists","floor":36.0,"turns":2.0},{"damage":0.0,"enemies":"Book of Stabbing","floor":37.0,"turns":2.0},{"damage":0.0,"enemies":"Shelled Parasite and Fungi","floor":40.0,"turns":2.0},{"damage":0.0,"enemies":"Centurion and Healer","floor":42.0,"turns":1.0},{"damage":0.0,"enemies":"Snecko","floor":43.0,"turns":1.0},{"damage":0.0,"enemies":"Snake Plant","floor":44.0,"turns":1.0},{"damage":0.0,"enemies":"Centurion and Healer","floor":47.0,"turns":1.0},{"damage":0.0,"enemies":"Champ","floor":50.0,"turns":1.0},{"damage":0.0,"enemies":"Orb Walker","floor":52.0,"turns":1.0},{"damage":0.0,"enemies":"3 Shapes","floor":53.0,"turns":1.0},{"damage":0.0,"enemies":"Mind Bloom Boss Battle","floor":54.0,"turns":1.0},{"damage":0,"enemies":"Transient","floor":55,"turns":5},{"damage":0,"enemies":"Jaw Worm Horde","floor":57,"turns":1},{"damage":0,"enemies":"Nemesis","floor":60,"turns":1},{"damage":0,"enemies":"2 Orb Walkers","floor":62,"turns":1},{"damage":0,"enemies":"Maw","floor":63,"turns":1},{"damage":0,"enemies":"Writhing Mass","floor":65,"turns":1},{"damage":0,"enemies":"Sphere and 2 Shapes","floor":68,"turns":1},{"damage":0,"enemies":"Spire Growth","floor":70,"turns":1},{"damage":0,"enemies":"4 Shapes","floor":71,"turns":1},{"damage":0,"enemies":"Giant Head","floor":72,"turns":1},{"damage":0,"enemies":"Time Eater","floor":74,"turns":6},{"damage":0,"enemies":"Shield and Spear","floor":78,"turns":1},{"damage":0,"enemies":"The Heart","floor":79,"turns":3}],"seed_played":"5125004090906594912","potions_obtained":[{"floor":6.0,"key":"SpeedPotion"},{"floor":9.0,"key":"Poison Potion"},{"floor":11.0,"key":"Fire Potion"},{"floor":13.0,"key":"LiquidMemories"},{"floor":25.0,"key":"Poison Potion"},{"floor":27.0,"key":"Energy Potion"},{"floor":31.0,"key":"SkillPotion"},{"floor":40.0,"key":"FearPotion"},{"floor":43.0,"key":"Fire Potion"},{"floor":53.0,"key":"Energy Potion"},{"floor":55,"key":"Fruit Juice"},{"floor":62,"key":"PowerPotion"},{"floor":70,"key":"Dexterity Potion"}],"is_trial":false,"path_per_floor":["M","?","M","$","M","M","M","?","M","E","M","R","E","T","T","R","M","R","?","$","R","?","E","R","B",null,"M","?","?","M","M","M","R","E","M","M","E","T","T","M","R","M","M","M","$","R","M","R","R","B",null,"M","M","?","M","?","M","$","R","E","R","?","M","T","M","R","?","M","$","M","M","E","R","B",null,"R","$","E","B",null],"character_chosen":"THE_SILENT","items_purchased":["Expertise","Membership Card","Pen Nib","DollysMirror","Art of War"],"campfire_rested":0,"item_purchase_floors":[58,69,69,77,77],"current_hp_per_floor":[49,54,54,54,54,46,46,46,46,37,37,37,24,24,24,24,24,24,12,12,12,12,11,11,5,75,75,75,75,75,75,75,75,75,75,75,75,82,82,84,84,84,86,88,88,88,90,90,90,90,90,90,90,92,94,94,96,96,96,96,96,103,105,105,107,107,102,104,104,106,108,108,108,108,108,108,108,108,108],"gold":47,"neow_bonus":"REMOVE_TWO","is_daily":false,"chose_seed":false,"campfire_upgraded":14,"win_rate":0.0,"timestamp":1613699256,"path_taken":["M","?","M","$","M","M","M","?","M","E","M","R","E","T","T","R","?","R","?","?","R","?","E","R","BOSS","M","?","?","M","?","M","R","E","M","M","E","T","T","M","R","M","M","?","?","R","M","R","R","BOSS","M","M","?","M","?","M","$","R","E","R","?","M","T","M","R","?","?","$","M","M","E","R","BOSS","R","$","E","BOSS"],"items_purchased_type":["Card","Relic","Relic","Relic","Relic"],"build_version":"2020-12-22","purchased_purges":6,"victory":true,"max_hp_per_floor":[70,75,75,75,75,75,75,75,75,75,75,75,75,75,75,75,75,75,75,75,75,75,75,75,75,75,75,75,75,75,75,75,75,75,75,75,75,82,82,84,84,84,86,88,88,88,90,90,90,90,90,90,90,92,94,94,96,96,96,96,96,103,105,105,107,107,102,104,104,106,108,108,108,108,108,108,108,108,108],"card_choices":[{"not_picked":["Sucker Punch","Dodge and Roll"],"picked":"Underhanded Strike","floor":1.0},{"not_picked":["Cloak And Dagger","Heel Hook"],"picked":"Infinite Blades","floor":3.0},{"not_picked":["Deflect","Backstab"],"picked":"Dagger Throw","floor":5.0},{"not_picked":["Acrobatics","Predator"],"picked":"Blade Dance","floor":6.0},{"not_picked":["Crippling Poison","Distraction"],"picked":"Calculated Gamble","floor":7.0},{"not_picked":["Prepared","Catalyst"],"picked":"Eviscerate","floor":9.0},{"not_picked":["Backflip","Unload","Blade Dance"],"picked":"SKIP","floor":10.0},{"not_picked":["Blur","Deadly Poison","Leg Sweep"],"picked":"SKIP","floor":11.0},{"not_picked":["Underhanded Strike","Slice"],"picked":"Acrobatics","floor":13.0},{"not_picked":["All Out Attack","Infinite Blades"],"picked":"Prepared","floor":17.0},{"not_picked":["Cloak And Dagger","Bane"],"picked":"Reflex","floor":23.0},{"not_picked":["Adrenaline","Wraith Form v2"],"picked":"After Image","floor":25.0},{"not_picked":["Finisher+1","Quick Slash"],"picked":"Prepared","floor":27.0},{"not_picked":["Dagger Throw","PiercingWail"],"picked":"Acrobatics","floor":30.0},{"not_picked":["Quick Slash","Underhanded Strike","Riddle With Holes"],"picked":"SKIP","floor":31.0},{"not_picked":["Bane","Dodge and Roll","Quick Slash"],"picked":"SKIP","floor":32.0},{"not_picked":["Dodge and Roll","Poisoned Stab+1","Quick Slash+1"],"picked":"SKIP","floor":34.0},{"not_picked":["Reflex+1","Dodge and Roll","Masterful Stab"],"picked":"SKIP","floor":35.0},{"not_picked":["Slice","Dodge and Roll","Underhanded Strike"],"picked":"SKIP","floor":36.0},{"not_picked":["Riddle With Holes","Escape Plan"],"picked":"Adrenaline","floor":37.0},{"not_picked":["Infinite Blades","Cloak And Dagger","Deflect"],"picked":"Singing Bowl","floor":40.0},{"not_picked":["PiercingWail","Backflip+1"],"picked":"Tactician","floor":42.0},{"not_picked":["Sucker Punch+1","Flying Knee","Dagger Throw"],"picked":"Singing Bowl","floor":43.0},{"not_picked":["Crippling Poison","Outmaneuver+1","Acrobatics"],"picked":"Singing Bowl","floor":44.0},{"not_picked":["Crippling Poison","Outmaneuver","Dash"],"picked":"Singing Bowl","floor":47.0},{"not_picked":["Glass Knife","Venomology"],"picked":"Adrenaline","floor":50.0},{"not_picked":["Choke+1","Poisoned Stab"],"picked":"Concentrate+1","floor":52.0},{"not_picked":["Outmaneuver+1","Bane+1"],"picked":"Blur","floor":53.0},{"not_picked":["Flying Knee","Sucker Punch+1","Outmaneuver"],"picked":"Singing Bowl","floor":54.0},{"not_picked":["Outmaneuver","Backflip","Skewer"],"picked":"Singing Bowl","floor":55},{"not_picked":["Cloak And Dagger+1","Masterful Stab","Prepared"],"picked":"Singing Bowl","floor":57},{"not_picked":["Bouncing Flask","All Out Attack+1"],"picked":"Prepared+1","floor":60},{"not_picked":["Distraction","Escape Plan","Backflip"],"picked":"Singing Bowl","floor":62},{"not_picked":["Bane","A Thousand Cuts","Prepared"],"picked":"Singing Bowl","floor":63},{"not_picked":["Dagger Throw","Setup","Distraction"],"picked":"Singing Bowl","floor":65},{"not_picked":["Dodge and Roll","Predator","Deflect+1"],"picked":"Singing Bowl","floor":68},{"not_picked":["Backflip+1","Flying Knee+1","Slice"],"picked":"Singing Bowl","floor":70},{"not_picked":["Riddle With Holes+1","Sucker Punch+1","Masterful Stab"],"picked":"Singing Bowl","floor":71},{"not_picked":["Blade Dance+1","Tactician"],"picked":"Well Laid Plans+1","floor":72},{"not_picked":["Blade Dance","Outmaneuver"],"picked":"Blur+1","floor":78}],"player_experience":2499789,"relics_obtained":[{"floor":10.0,"key":"Bag of Preparation"},{"floor":13.0,"key":"Blue Candle"},{"floor":15.0,"key":"The Specimen"},{"floor":23.0,"key":"Lizard Tail"},{"floor":34.0,"key":"Pantograph"},{"floor":37.0,"key":"Potion Belt"},{"floor":38.0,"key":"Strawberry"},{"floor":39.0,"key":"Singing Bowl"},{"floor":54.0,"key":"Pocketwatch"},{"floor":60,"key":"Bronze Scales"},{"floor":64,"key":"Tingsha"},{"floor":78,"key":"TungstenRod"}],"event_choices":[{"damage_healed":0.0,"max_hp_gain":5.0,"max_hp_loss":0.0,"gold_gain":0.0,"event_name":"Big Fish","player_choice":"Donut","floor":2.0,"gold_loss":0.0,"damage_taken":0.0},{"cards_removed":["Strike_G"],"damage_healed":0.0,"max_hp_gain":0.0,"max_hp_loss":0.0,"gold_gain":0.0,"event_name":"Purifier","player_choice":"Purged","floor":8.0,"gold_loss":0.0,"damage_taken":0.0},{"damage_healed":0.0,"max_hp_gain":0.0,"max_hp_loss":0.0,"gold_gain":0.0,"event_name":"Scrap Ooze","player_choice":"Success","floor":19.0,"gold_loss":0.0,"damage_taken":12.0,"relics_obtained":["InkBottle"]},{"damage_healed":0.0,"max_hp_gain":0.0,"max_hp_loss":0.0,"gold_gain":0.0,"event_name":"Shining Light","player_choice":"Ignored","floor":22.0,"gold_loss":0.0,"damage_taken":0.0},{"damage_healed":0.0,"max_hp_gain":0.0,"max_hp_loss":0.0,"gold_gain":0.0,"event_name":"Vampires","player_choice":"Ignored","floor":28.0,"gold_loss":0.0,"damage_taken":0.0},{"cards_removed":["Strike_G"],"damage_healed":0.0,"max_hp_gain":0.0,"max_hp_loss":0.0,"gold_gain":0.0,"event_name":"Back to Basics","player_choice":"Elegance","floor":29.0,"gold_loss":0.0,"damage_taken":0.0},{"damage_healed":0.0,"max_hp_gain":0.0,"max_hp_loss":0.0,"gold_gain":0.0,"event_name":"MindBloom","player_choice":"Fight","floor":54.0,"gold_loss":0.0,"damage_taken":0.0},{"cards_removed":["Infinite Blades"],"damage_healed":0,"gold_gain":0,"player_choice":"Removed Power","damage_taken":0,"max_hp_gain":0,"max_hp_loss":0,"event_name":"Falling","floor":56,"gold_loss":0},{"damage_healed":0,"gold_gain":0,"player_choice":"Fight","damage_taken":0,"max_hp_gain":0,"max_hp_loss":0,"event_name":"Mysterious Sphere","floor":62,"gold_loss":0},{"damage_healed":0,"gold_gain":0,"player_choice":"Max HP","damage_taken":0,"max_hp_gain":0,"max_hp_loss":5,"event_name":"Winding Halls","floor":67,"gold_loss":0}],"is_beta":false,"boss_relics":[{"not_picked":["Ring of the Serpent","Cursed Key"],"picked":"Philosopher\u0027s Stone"},{"not_picked":["HoveringKite","Calling Bell"],"picked":"WristBlade"}],"items_purged_floors":[4,20,45,58,69,77],"is_endless":false,"potions_floor_spawned":[6,9,11,13,17,23,25,27,31,34,35,40,43,53,55,62,68,70,71,72],"ascension_level":1}}