{"host":"9vecvdjkx64cw9bo","time":1613725325,"event":{"mods":["Ascension Unlocker","BaseMod","Custom Start","Keyboard Shortcuts","Minty Spire (QoL Compilation)","Quick Restart","StSLib","SuperFastMode"],"gold_per_floor":[111,21,21,21,21,49,49,77,77,77,77,77,88,100,100,177,177,196,246,246,257,53,53,85,104,104,131,160,160,178,103,103,181,181,191,131,131,353,273,298,298,333,384,436,448,448,448,478,478,478,478,478],"floor_reached":51,"language":"KOR","playtime":1527,"items_purged":["CarveReality+1","LikeWater"],"score":1846,"play_id":"b981ba83-16b7-48e7-b968-5012aa3ee130","local_time":"20210219180205","is_ascension_mode":true,"campfire_choices":[{"data":"Eruption","floor":7.0,"key":"SMITH"},{"data":"InnerPeace","floor":10.0,"key":"SMITH"},{"data":"EmptyFist","floor":12.0,"key":"SMITH"},{"data":"TalkToTheHand","floor":15.0,"key":"SMITH"},{"data":"Deep Breath","floor":23.0,"key":"SMITH"},{"floor":29.0,"key":"REST"},{"data":"MentalFortress","floor":32.0,"key":"SMITH"},{"data":"Vault","floor":41.0,"key":"SMITH"},{"data":"Study","floor":49.0,"key":"SMITH"}],"circlet_count":0,"master_deck":["AscendersBane","Eruption+1","Vigilance","InnerPeace+1","FearNoEvil","EmptyFist+1","TalkToTheHand+1","Vault+1","Omniscience+1","Deep Breath+1","MentalFortress+1","Scrawl","Study+1"],"relics":["PureWater","NeowsBlessing","PreservedInsect","The Courier","Happy Flower","Astrolabe","OrangePellets","Oddly Smooth Stone","Mercury Hourglass","Red Mask","Kunai","Empty Cage","Nunchaku","Molten Egg 2","Pen Nib","Prayer Wheel","Eternal Feather"],"acts_visited":["Exordium","TheCity","TheBeyond"],"potions_floor_usage":[],"damage_taken":[{"damage":0.0,"enemies":"Small Slimes","floor":1.0,"turns":2.0},{"damage":0.0,"enemies":"Gremlin Nob","floor":6.0,"turns":1.0},{"damage":0.0,"enemies":"Lagavulin","floor":8.0,"turns":1.0},{"damage":2.0,"enemies":"Jaw Worm","floor":13.0,"turns":2.0},{"damage":6.0,"enemies":"2 Louse","floor":14.0,"turns":3.0},{"damage":31.0,"enemies":"Hexaghost","floor":16.0,"turns":8.0},{"damage":6.0,"enemies":"2 Thieves","floor":18.0,"turns":4.0},{"damage":6.0,"enemies":"Shell Parasite","floor":21.0,"turns":3.0},{"damage":21.0,"enemies":"Gremlin Leader","floor":24.0,"turns":3.0},{"damage":4.0,"enemies":"Snecko","floor":25.0,"turns":4.0},{"damage":0.0,"enemies":"Masked Bandits","floor":27.0,"turns":3.0},{"damage":0.0,"enemies":"Slavers","floor":28.0,"turns":6.0},{"damage":8.0,"enemies":"3 Cultists","floor":30.0,"turns":6.0},{"damage":11.0,"enemies":"Automaton","floor":33.0,"turns":10.0},{"damage":1.0,"enemies":"3 Darklings","floor":35.0,"turns":4.0},{"damage":0.0,"enemies":"Reptomancer","floor":40.0,"turns":4.0},{"damage":0.0,"enemies":"Nemesis","floor":42.0,"turns":4.0},{"damage":0.0,"enemies":"2 Orb Walkers","floor":44.0,"turns":3.0},{"damage":0.0,"enemies":"Orb Walker","floor":45.0,"turns":2.0},{"damage":0.0,"enemies":"Reptomancer","floor":48.0,"turns":5.0},{"damage":0,"enemies":"Awakened One","floor":50,"turns":7},{"damage":82,"enemies":"Time Eater","floor":51,"turns":9}],"seed_played":"927085769739755421","potions_obtained":[{"floor":1.0,"key":"PowerPotion"},{"floor":6.0,"key":"Strength Potion"},{"floor":16.0,"key":"Fire Potion"},{"floor":25.0,"key":"Fire Potion"},{"floor":27.0,"key":"Weak Potion"},{"floor":30.0,"key":"Explosive Potion"},{"floor":35.0,"key":"Swift Potion"},{"floor":45.0,"key":"BottledMiracle"}],"is_trial":false,"path_per_floor":["M","$","?","?","?","E","R","E","T","R","?","R","M","M","R","B",null,"M","?","?","M","$","R","E","M","T","?","E","R","M","?","R","B",null,"M","$","?","?","$","E","R","E","T","?","M","$","?","E","R","B","B"],"character_chosen":"WATCHER","items_purchased":["InnerPeace","OrangePellets","Deep Breath"],"campfire_rested":1,"item_purchase_floors":[2,22,22],"current_hp_per_floor":[61,61,66,48,48,48,48,48,48,48,41,41,39,33,33,2,55,49,49,49,43,43,43,22,18,18,18,18,39,31,31,31,20,60,59,59,59,59,59,59,59,59,59,59,59,59,59,59,65,65,0,0],"gold":478,"neow_bonus":"THREE_ENEMY_KILL","is_daily":false,"chose_seed":false,"campfire_upgraded":8,"win_rate":0.0,"timestamp":1613725325,"path_taken":["M","$","?","?","?","E","R","E","T","R","?","R","?","M","R","BOSS","M","?","?","M","$","R","E","M","T","?","E","R","M","?","R","BOSS","M","$","?","?","$","E","R","E","T","?","M","$","?","E","R","BOSS","BOSS"],"items_purchased_type":["Card","Relic","Card"],"build_version":"2020-12-22","purchased_purges":2,"victory":false,"max_hp_per_floor":[68,68,73,73,73,73,73,73,73,73,73,73,73,73,73,73,73,73,73,73,73,73,73,73,73,73,73,73,73,73,73,73,73,73,73,73,73,73,73,73,73,73,73,73,73,73,69,69,69,69,69,69],"card_choices":[{"not_picked":["Halt","FlyingSleeves","Consecrate"],"picked":"SKIP","floor":1.0},{"not_picked":["CarveReality","Devotion"],"picked":"FearNoEvil","floor":6.0},{"not_picked":["FlyingSleeves","Crescendo"],"picked":"EmptyFist","floor":8.0},{"not_picked":["CarveReality","BattleHymn"],"picked":"TalkToTheHand","floor":13.0},{"not_picked":["JustLucky","FollowUp","CutThroughFate"],"picked":"SKIP","floor":14.0},{"not_picked":["LessonLearned","SpiritShield"],"picked":"Vault","floor":16.0},{"not_picked":["Protect","BattleHymn","Conclude"],"picked":"SKIP","floor":18.0},{"not_picked":["Vengeance","EmptyFist","PathToVictory"],"picked":"SKIP","floor":21.0},{"not_picked":["Collect","Conclude","EmptyFist"],"picked":"SKIP","floor":24.0},{"not_picked":["EmptyBody+1","Consecrate","JustLucky"],"picked":"SKIP","floor":25.0},{"not_picked":["Protect+1","FlurryOfBlows"],"picked":"MentalFortress","floor":27.0},{"not_picked":["SashWhip","Worship","Evaluate"],"picked":"SKIP","floor":28.0},{"not_picked":["ClearTheMind","Pray","Perseverance+1"],"picked":"SKIP","floor":30.0},{"not_picked":["Wish","SpiritShield"],"picked":"Scrawl","floor":33.0},{"not_picked":["TalkToTheHand","Crescendo","SashWhip+1"],"picked":"SKIP","floor":35.0},{"not_picked":["Consecrate","BattleHymn","DevaForm"],"picked":"SKIP","floor":40.0},{"not_picked":["Evaluate+1","SashWhip+1","BattleHymn"],"picked":"SKIP","floor":42.0},{"not_picked":["ForeignInfluence","Tantrum+1","Wallop+1"],"picked":"SKIP","floor":45.0},{"not_picked":["SignatureMove+1","Prostrate","FlurryOfBlows+1"],"picked":"SKIP","floor":45.0},{"not_picked":["FlyingSleeves+1","CutThroughFate+1"],"picked":"Study","floor":48.0}],"player_experience":790066,"relics_obtained":[{"floor":6.0,"key":"The Courier"},{"floor":8.0,"key":"Happy Flower"},{"floor":24.0,"key":"Oddly Smooth Stone"},{"floor":26.0,"key":"Mercury Hourglass"},{"floor":27.0,"key":"Red Mask"},{"floor":28.0,"key":"Kunai"},{"floor":40.0,"key":"Nunchaku"},{"floor":42.0,"key":"Molten Egg 2"},{"floor":43.0,"key":"Pen Nib"},{"floor":44.0,"key":"Prayer Wheel"},{"floor":48.0,"key":"Eternal Feather"}],"event_choices":[{"damage_healed":0.0,"max_hp_gain":5.0,"max_hp_loss":0.0,"gold_gain":0.0,"event_name":"Big Fish","player_choice":"Donut","floor":3.0,"gold_loss":0.0,"damage_taken":0.0},{"damage_healed":0.0,"max_hp_gain":0.0,"max_hp_loss":0.0,"gold_gain":0.0,"event_name":"Scrap Ooze","player_choice":"Success","floor":4.0,"gold_loss":0.0,"damage_taken":18.0,"relics_obtained":["PreservedInsect"]},{"damage_healed":0.0,"max_hp_gain":0.0,"max_hp_loss":0.0,"gold_gain":0.0,"cards_transformed":["Strike_P"],"event_name":"Living Wall","player_choice":"Change","floor":5.0,"gold_loss":0.0,"damage_taken":0.0,"cards_obtained":["LikeWater"]},{"cards_removed":["Defend_P"],"damage_healed":0.0,"max_hp_gain":0.0,"max_hp_loss":0.0,"gold_gain":0.0,"event_name":"Golden Wing","player_choice":"Card Removal","floor":11.0,"gold_loss":0.0,"damage_taken":7.0},{"damage_healed":0.0,"max_hp_gain":0.0,"max_hp_loss":0.0,"gold_gain":50.0,"event_name":"Nest","player_choice":"Stole From Cult","floor":19.0,"gold_loss":0.0,"damage_taken":0.0},{"cards_removed":["Strike_P"],"damage_healed":0.0,"max_hp_gain":0.0,"max_hp_loss":0.0,"gold_gain":0.0,"event_name":"Back to Basics","player_choice":"Elegance","floor":20.0,"gold_loss":0.0,"damage_taken":0.0},{"damage_healed":0.0,"max_hp_gain":0.0,"max_hp_loss":0.0,"gold_gain":0.0,"event_name":"Masked Bandits","player_choice":"Fought Bandits","floor":27.0,"gold_loss":0.0,"damage_taken":0.0},{"cards_removed":["Defend_P"],"damage_healed":0.0,"max_hp_gain":0.0,"max_hp_loss":0.0,"gold_gain":0.0,"event_name":"Beggar","player_choice":"Gave Gold","floor":31.0,"gold_loss":75.0,"damage_taken":0.0},{"damage_healed":0.0,"max_hp_gain":0.0,"max_hp_loss":0.0,"gold_gain":0.0,"event_name":"SensoryStone","player_choice":"Memory 1","floor":37.0,"gold_loss":0.0,"damage_taken":0.0},{"damage_healed":0.0,"max_hp_gain":0.0,"max_hp_loss":0.0,"gold_gain":222.0,"event_name":"Tomb of Lord Red Mask","player_choice":"Wore Mask","floor":38.0,"gold_loss":0.0,"damage_taken":0.0},{"damage_healed":0.0,"max_hp_gain":0.0,"max_hp_loss":0.0,"gold_gain":0.0,"event_name":"Mysterious Sphere","player_choice":"Fight","floor":44.0,"gold_loss":0.0,"damage_taken":0.0},{"damage_healed":0.0,"max_hp_gain":0.0,"max_hp_loss":4.0,"gold_gain":0.0,"event_name":"Winding Halls","player_choice":"Max HP","floor":47.0,"gold_loss":0.0,"damage_taken":0.0}],"is_beta":false,"boss_relics":[{"not_picked":["Tiny House","Busted Crown"],"picked":"Astrolabe"},{"not_picked":["Snecko Eye","Cursed Key"],"picked":"Empty Cage"}],"items_purged_floors":[36,39],"is_endless":false,"potions_floor_spawned":[1,6,8,16,21,25,27,30,35,45,48],"killed_by":"Time Eater","ascension_level":20}}