{"host":"3j2m8n0ywf988fwb","time":1613758680,"event":{"mods":["2.2 Compatiblity","AchievementEnabler","Aspiration","Astrologer","BaseMod","Better Altar","Better Match","Better Note","Better Sensory Stone","Better Skull","Better Third Choice","CCEM2","CapriCore","Colored Map","Colored Powertips","Dark Map","GifTheSpireLib","Halation","Highlight Path","Hubris","Infinite Spire","Jedi Mod","Koishi","Marisa????????","Marked Mod","Minty Spire (QoL Compilation)","Permanent Neow","Random Character Button","Relic Stats","Reliquary","Replay The Spire","Shop Mod","StSLib","Stuff the Spire","The Alterego","The Animator","The Immortal","The Senshi","The Servant 0.9.4","Unceasing Turn Reminder","Weighted Paths","Yakumo Yukari mod","everything is the same but u backflip on backflip"],"gold_per_floor":[115,67,67,15,33,63,126,126,126],"floor_reached":8,"language":"ENG","playtime":371,"items_purged":[],"score":79,"play_id":"7dc281d9-a43a-43e2-98d5-8db1f8ebcd45","local_time":"20210219121800","is_ascension_mode":false,"campfire_choices":[],"circlet_count":0,"master_deck":["theSenshi:SailorKick","theSenshi:SailorKick","theSenshi:SailorKick","theSenshi:SailorKick","theSenshi:SailorBlock","theSenshi:SailorBlock","theSenshi:SailorBlock","theSenshi:SailorBlock","theSenshi:RoseThrow","theSenshi:MoonPrismPowerMakeUp","theSenshi:TuxedoMaskAssists","theSenshi:TuxedoSmokingBomber","theSenshi:TallSilhouette","theSenshi:TuxedoSmokingBomber","theSenshi:SailorMarsAssists","theSenshi:SailorCosmosAssists"],"relics":["theSenshi:TransformationBroochRelic","NeowsBlessing","hubris:TenFootPole","hubris:ToyBattleship"],"acts_visited":["Exordium"],"potions_floor_usage":[],"damage_taken":[{"damage":0,"enemies":"Cultist","floor":1,"turns":1},{"damage":0,"enemies":"Small Slimes","floor":5,"turns":1},{"damage":0,"enemies":"Lagavulin","floor":6,"turns":1},{"damage":61,"enemies":"Lagavulin Event","floor":7,"turns":12},{"damage":18,"enemies":"3 Sentries","floor":8,"turns":2}],"seed_played":"225871571583087746","potions_obtained":[{"floor":1,"key":"Energy Potion"},{"floor":6,"key":"Strength Potion"},{"floor":7,"key":"EssenceOfSteel"}],"is_trial":false,"path_per_floor":["M","$","?","$","M","E","?","E"],"character_chosen":"THE_SENSHI","items_purchased":["theSenshi:TuxedoSmokingBomber","theSenshi:TallSilhouette"],"campfire_rested":0,"item_purchase_floors":[2,4],"current_hp_per_floor":[75,75,75,75,75,75,14,0,0],"gold":126,"neow_bonus":"THREE_ENEMY_KILL","is_daily":false,"chose_seed":false,"campfire_upgraded":0,"win_rate":0.0,"timestamp":1613758680,"path_taken":["M","$","?","$","M","E","?","E"],"items_purchased_type":["Card","Card"],"build_version":"2020-12-22","purchased_purges":0,"victory":false,"max_hp_per_floor":[75,75,75,75,75,75,75,75,75],"relic_stats":{"counters":[5,17],"obtain_stats":[{"theSenshi:TransformationBroochRelic":0,"NeowsBlessing":0,"hubris:TenFootPole":6,"hubris:ToyBattleship":7},{"theSenshi:TransformationBroochRelic":0,"NeowsBlessing":0,"hubris:TenFootPole":3,"hubris:ToyBattleship":4},{"theSenshi:TransformationBroochRelic":0,"NeowsBlessing":0,"hubris:TenFootPole":3,"hubris:ToyBattleship":15}]},"card_choices":[{"not_picked":["theSenshi:LateForSchool","theSenshi:SchoolBag"],"picked":"theSenshi:TuxedoMaskAssists","floor":1},{"not_picked":["theSenshi:LunasBite","theSenshi:LateForSchool"],"picked":"theSenshi:TuxedoSmokingBomber","floor":5},{"not_picked":["theSenshi:Sidestep","theSenshi:TuxedoSmokingBomber"],"picked":"theSenshi:SailorMarsAssists","floor":6},{"not_picked":["theSenshi:SailorNeptuneAssists","theSenshi:Sidestep"],"picked":"theSenshi:SailorCosmosAssists","floor":7}],"player_experience":939061,"relics_obtained":[{"floor":6,"key":"hubris:TenFootPole"},{"floor":7,"key":"hubris:ToyBattleship"}],"event_choices":[{"damage_healed":0,"gold_gain":0,"player_choice":"Ignored","damage_taken":0,"max_hp_gain":0,"max_hp_loss":0,"event_name":"Golden Wing","floor":3,"gold_loss":0},{"damage_healed":0,"gold_gain":30,"player_choice":"Searched \u00272\u0027 times","damage_taken":0,"max_hp_gain":0,"max_hp_loss":0,"event_name":"Dead Adventurer","floor":7,"gold_loss":0}],"is_beta":false,"boss_relics":[],"items_purged_floors":[],"is_endless":false,"potions_floor_spawned":[1,6,7],"killed_by":"3 Sentries","ascension_level":0}}