{"host":"dcj2yvrgcvh5dl2s","time":1613698251,"event":{"mods":["BaseMod","Bestiary","Better Note","Block Reminder","Colored Powertips","Curses Come First","DeckTracker","Displayed Cursed Tome","Minty Spire (QoL Compilation)","Quick Restart","Rare Cards Sparkle","Relic Stats","StSLib"],"gold_per_floor":[116,135,135,135,43,43,84,84,84,122,138,138,138,6,6,96,96,96,96,96],"floor_reached":19,"language":"ENG","playtime":1290,"items_purged":[],"score":346,"play_id":"cb7e8fe9-8771-423e-863a-a9f9c20c49be","local_time":"20210219113051","is_ascension_mode":true,"campfire_choices":[{"floor":6,"key":"REST"},{"floor":8,"key":"REST"},{"floor":12,"key":"REST"},{"floor":15,"key":"REST"}],"circlet_count":0,"master_deck":["AscendersBane","Strike_R","Strike_R","Strike_R","Strike_R","Defend_R","Defend_R","Defend_R","Defend_R","Bash","Intimidate","Flex","Infernal Blade","Reaper","Flex","Inflame","Pommel Strike","Exhume","Cleave"],"relics":["Burning Blood","Champion Belt","Golden Idol","Gremlin Horn","Blue Candle","Matryoshka","Ectoplasm"],"acts_visited":["Exordium","TheCity"],"potions_floor_usage":[7,10,10,16,18],"damage_taken":[{"damage":4,"enemies":"Cultist","floor":1,"turns":3},{"damage":17,"enemies":"2 Louse","floor":2,"turns":3},{"damage":36,"enemies":"Gremlin Nob","floor":7,"turns":4},{"damage":31,"enemies":"Lagavulin","floor":10,"turns":8},{"damage":10,"enemies":"Small Slimes","floor":11,"turns":3},{"damage":70,"enemies":"The Guardian","floor":16,"turns":13},{"damage":56,"enemies":"Chosen","floor":18,"turns":7},{"damage":19,"enemies":"3 Byrds","floor":19,"turns":3}],"seed_played":"4160226630708112560","potions_obtained":[{"floor":4,"key":"Strength Potion"},{"floor":4,"key":"Energy Potion"},{"floor":7,"key":"Dexterity Potion"},{"floor":10,"key":"Weak Potion"},{"floor":11,"key":"Fire Potion"}],"is_trial":false,"path_per_floor":["M","M","?","?","$","R","E","R","T","E","M","R","?","$","R","B",null,"M","M"],"character_chosen":"IRONCLAD","items_purchased":["Flex","Infernal Blade","Inflame","Pommel Strike"],"campfire_rested":4,"item_purchase_floors":[5,5,14,14],"current_hp_per_floor":[68,57,34,34,34,54,24,44,44,23,25,45,45,45,65,16,55,11,0,0],"gold":96,"neow_bonus":"ONE_RARE_RELIC","is_daily":false,"chose_seed":false,"campfire_upgraded":0,"win_rate":0.0,"timestamp":1613698251,"path_taken":["M","?","?","?","$","R","E","R","T","E","?","R","?","$","R","BOSS","M","M"],"items_purchased_type":["Card","Card","Card","Card"],"build_version":"2020-12-22","purchased_purges":0,"victory":false,"max_hp_per_floor":[68,68,68,68,68,68,68,68,68,68,68,68,68,68,68,68,68,68,68,68],"relic_stats":{"Gremlin Horn":[2,2],"counters":[8,44],"Golden Idol":41,"Blue Candle":[0],"Ectoplasm":20,"Champion Belt":[14],"obtain_stats":[{"Matryoshka":10,"Gremlin Horn":7,"Golden Idol":3,"Blue Candle":9,"Ectoplasm":17,"Champion Belt":0,"Burning Blood":0},{"Matryoshka":4,"Gremlin Horn":3,"Golden Idol":2,"Blue Candle":3,"Ectoplasm":6,"Champion Belt":0,"Burning Blood":0},{"Matryoshka":18,"Gremlin Horn":10,"Golden Idol":6,"Blue Candle":10,"Ectoplasm":34,"Champion Belt":0,"Burning Blood":0}],"Burning Blood":40},"card_choices":[{"not_picked":["Headbutt","Havoc","Warcry"],"picked":"SKIP","floor":1},{"not_picked":["Wild Strike","Dual Wield"],"picked":"Intimidate","floor":2},{"not_picked":["Anger","Bloodletting"],"picked":"Reaper","floor":7},{"not_picked":["Clothesline","Shockwave"],"picked":"Flex","floor":10},{"not_picked":["Hemokinesis","Burning Pact","Heavy Blade"],"picked":"SKIP","floor":11},{"not_picked":["Berserk","Fiend Fire"],"picked":"Exhume","floor":16},{"not_picked":["Seeing Red","Pommel Strike"],"picked":"Cleave","floor":18}],"player_experience":2437575,"relics_obtained":[{"floor":7,"key":"Gremlin Horn"},{"floor":9,"key":"Blue Candle"},{"floor":10,"key":"Matryoshka"}],"event_choices":[{"damage_healed":0,"gold_gain":0,"player_choice":"Take Damage","damage_taken":23,"relics_obtained":["Golden Idol"],"max_hp_gain":0,"max_hp_loss":0,"event_name":"Golden Idol","floor":3,"gold_loss":0},{"damage_healed":0,"gold_gain":0,"player_choice":"Got Potions","damage_taken":0,"max_hp_gain":0,"max_hp_loss":0,"event_name":"Lab","floor":4,"gold_loss":0},{"cards_removed":["Strike_R"],"damage_healed":0,"gold_gain":0,"player_choice":"Purged","damage_taken":0,"max_hp_gain":0,"max_hp_loss":0,"event_name":"Purifier","floor":13,"gold_loss":0}],"is_beta":false,"boss_relics":[{"not_picked":["Runic Dome","Empty Cage"],"picked":"Ectoplasm"}],"items_purged_floors":[],"is_endless":false,"potions_floor_spawned":[7,10,11],"killed_by":"3 Byrds","ascension_level":20}}