{"host":"f5gffvlv6a66yqkd","time":1613721903,"event":{"mods":["2.2 Compatiblity","BaseMod","Colored Map","Custom Start","DeckTracker","Keyboard Shortcuts","Minty Spire (QoL Compilation)","Permanent Neow","Quick Restart","Relic Stats","StSLib","SuperFastMode"],"gold_per_floor":[117,5,18,29,44,44,75,75,130,140,56,131,131,150,150,150,150],"floor_reached":16,"language":"KOR","playtime":399,"items_purged":["Strike_P"],"score":194,"play_id":"dc5159e5-21a1-45c8-b903-11e43a064680","local_time":"20210219170503","is_ascension_mode":true,"campfire_choices":[{"data":"Eruption","floor":6.0,"key":"SMITH"},{"data":"Wallop","floor":8.0,"key":"SMITH"},{"data":"SandsOfTime","floor":13.0,"key":"SMITH"},{"data":"Adaptation","floor":15.0,"key":"SMITH"}],"circlet_count":0,"master_deck":["AscendersBane","Strike_P","Strike_P","Strike_P","Defend_P","Defend_P","Defend_P","Defend_P","Eruption+1","Vigilance","Consecrate","FlurryOfBlows","Wallop+1","EmptyBody","SandsOfTime+1","FearNoEvil","Adaptation+1"],"relics":["PureWater","Yang"],"acts_visited":["Exordium"],"potions_floor_usage":[16],"damage_taken":[{"damage":0.0,"enemies":"Cultist","floor":1.0,"turns":2.0},{"damage":4.0,"enemies":"Small Slimes","floor":3.0,"turns":3.0},{"damage":3.0,"enemies":"2 Louse","floor":4.0,"turns":2.0},{"damage":0.0,"enemies":"Looter","floor":5.0,"turns":3.0},{"damage":29.0,"enemies":"Lagavulin","floor":7.0,"turns":5.0},{"damage":0.0,"enemies":"Exordium Wildlife","floor":10.0,"turns":4.0},{"damage":0.0,"enemies":"2 Fungi Beasts","floor":14.0,"turns":3.0},{"damage":17,"enemies":"Slime Boss","floor":16,"turns":7}],"seed_played":"5665441364290691151","potions_obtained":[{"floor":4.0,"key":"SneckoOil"},{"floor":5.0,"key":"Strength Potion"},{"floor":7.0,"key":"LiquidMemories"}],"is_trial":false,"path_per_floor":["M","$","M","M","M","R","E","R","T","M","$","?","R","M","R","B"],"character_chosen":"WATCHER","items_purchased":["Wallop","FearNoEvil"],"campfire_rested":0,"item_purchase_floors":[2,11],"current_hp_per_floor":[61,61,57,54,54,54,25,25,25,25,25,14,14,14,14,0,0],"gold":150,"neow_bonus":"THREE_CARDS","is_daily":false,"chose_seed":false,"campfire_upgraded":4,"win_rate":0.0,"timestamp":1613721903,"path_taken":["M","$","M","M","M","R","E","R","T","M","?","?","R","M","R","BOSS"],"items_purchased_type":["Card","Card"],"build_version":"2020-12-22","purchased_purges":1,"victory":false,"max_hp_per_floor":[68,68,68,68,68,68,68,68,68,68,68,68,68,68,68,68,68],"relic_stats":{"counters":[8,29],"Yang":[35],"obtain_stats":[{"Yang":7,"PureWater":0},{"Yang":5,"PureWater":0},{"Yang":15,"PureWater":0}]},"card_choices":[{"not_picked":["Crescendo","Protect"],"picked":"Consecrate","floor":0.0},{"not_picked":["Halt","SashWhip"],"picked":"FlurryOfBlows","floor":1.0},{"not_picked":["BowlingBash","EmptyBody","FlurryOfBlows"],"picked":"SKIP","floor":3.0},{"not_picked":["WreathOfFlame","Conclude","DeceiveReality"],"picked":"SKIP","floor":4.0},{"not_picked":["Fasting2","Vengeance","Evaluate"],"picked":"SKIP","floor":5.0},{"not_picked":["Consecrate","WaveOfTheHand"],"picked":"EmptyBody","floor":7.0},{"not_picked":["Pray","FlyingSleeves"],"picked":"SandsOfTime","floor":10.0},{"not_picked":["SashWhip","PathToVictory"],"picked":"Adaptation","floor":14.0}],"player_experience":1507861,"relics_obtained":[{"floor":7.0,"key":"Yang"}],"event_choices":[{"damage_healed":0.0,"max_hp_gain":0.0,"max_hp_loss":0.0,"gold_gain":75.0,"event_name":"World of Goop","player_choice":"Gather Gold","floor":12.0,"gold_loss":0.0,"damage_taken":11.0}],"is_beta":false,"boss_relics":[],"items_purged_floors":[2],"is_endless":false,"potions_floor_spawned":[4,5,7],"killed_by":"Slime Boss","ascension_level":18}}