{"host":"ttx8tv95o5vka1nm","time":1613705825,"event":{"mods":["AchievementEnabler","BaseMod","Better Altar","Better Sensory Stone","Better Skull","Better Vampires","BetterRewards","Colored Map","Defuse TimeMaze Blight","Energized Spire","Evolution","Hubris","Infinite Spire","Minty Spire (QoL Compilation)","Relic Filter Mod","Relic Sorter","Reliquary","Replay The Spire","Shop Mod","Spicy Shops","StSLib","The Blue Laboratory","TheVacant","Wandering Minibosses"],"gold_per_floor":[113,113,127,77,90,120,120,20,47,47,63,89,106,120,120,216,216,233,246,246,257,66,100,110,138,191,223,223,223,223],"floor_reached":29,"language":"ENG","playtime":2464,"items_purged":["Defend_G","Dagger Spray"],"score":660,"play_id":"deb9edaf-347f-4550-b4c9-00922db0a6a8","local_time":"20210219133705","is_ascension_mode":true,"campfire_choices":[{"data":"Malaise","floor":7.0,"key":"SMITH"},{"data":"Terror","floor":10.0,"key":"SMITH"},{"data":"Malaise","floor":15.0,"key":"SMITH"}],"circlet_count":0,"master_deck":["Dagger Spray","Dagger Spray","Dagger Spray","Dagger Spray","Backflip","Defend_G","Defend_G","Survivor","Neutralize","Draining Mist","Terror+1","Dash","Toxin Wave","Poisoned Stab","Malaise+1","Blur","Skewer","Malaise+1","infinitespire:Neurotoxin+1","Deflect+1","Concentrate","Infinite Blades","Flechettes+1","Accuracy+1","Blade Dance","PiercingWail+1","Finisher","Storm of Steel","PiercingWail","Blur+1","Footwork","Footwork"],"relics":["Ring of the Serpent","EVO:Axolotl","Dead Branch","Art of War","reliquary:TuningFork","Nunchaku","hubris:GlazedTorus","Orrery","Vajra","reliquary:Spinner","Potion Belt","Replay:Arrowhead"],"acts_visited":["Exordium","TheCity"],"potions_floor_usage":[],"damage_taken":[{"damage":0.0,"enemies":"2 Louse","floor":1.0,"turns":1.0},{"damage":0.0,"enemies":"Small Slimes","floor":3.0,"turns":2.0},{"damage":4.0,"enemies":"Jaw Worm","floor":5.0,"turns":3.0},{"damage":12.0,"enemies":"Lagavulin","floor":6.0,"turns":6.0},{"damage":13.0,"enemies":"Exordium Wildlife","floor":11.0,"turns":2.0},{"damage":24.0,"enemies":"Gremlin Nob","floor":12.0,"turns":4.0},{"damage":0.0,"enemies":"Lots of Slimes","floor":13.0,"turns":1.0},{"damage":0.0,"enemies":"2 Fungi Beasts","floor":14.0,"turns":4.0},{"damage":0.0,"enemies":"The Guardian","floor":16.0,"turns":9.0},{"damage":14.0,"enemies":"2 Thieves","floor":18.0,"turns":5.0},{"damage":8.0,"enemies":"Spheric Guardian","floor":19.0,"turns":5.0},{"damage":0.0,"enemies":"Snake Plant","floor":21.0,"turns":4.0},{"damage":0.0,"enemies":"Gremlin Leader","floor":23.0,"turns":5.0},{"damage":1.0,"enemies":"Snecko","floor":24.0,"turns":5.0},{"damage":24.0,"enemies":"Nightmare","floor":25.0,"turns":7.0},{"damage":7.0,"enemies":"Book of Stabbing","floor":27.0,"turns":4.0},{"damage":7,"enemies":"Centurion and Healer","floor":29,"turns":3}],"seed_played":"-2787357575421656983","potions_obtained":[{"floor":3.0,"key":"blueLaboratory:Virophage"},{"floor":6.0,"key":"blueLaboratory:StoneskinPotion"},{"floor":12.0,"key":"blueLaboratory:BlinkPotion"},{"floor":14.0,"key":"Block Potion"},{"floor":16.0,"key":"Block Potion"},{"floor":19.0,"key":"blueLaboratory:FrostheartPotion"},{"floor":23.0,"key":"Block Potion"},{"floor":24.0,"key":"blueLaboratory:SavagePotion"}],"is_trial":false,"path_per_floor":["M","?","M","?","M","E","R","$","T","R","M","E","M","M","R","B",null,"M","M","?","M","$","E","M","NM","T","E","?","M"],"character_chosen":"THE_SILENT","items_purchased":["Draining Mist","Terror","Art of War","Infinite Blades","Orrery"],"campfire_rested":0,"item_purchase_floors":[0,0,0,22,22],"current_hp_per_floor":[49,70,70,70,66,54,54,54,54,54,41,17,17,17,17,17,57,43,35,35,35,35,35,34,10,10,3,3,0,0],"gold":223,"neow_bonus":"","is_daily":false,"chose_seed":false,"campfire_upgraded":3,"win_rate":0.0,"timestamp":1613705825,"path_taken":["M","?","M","?","M","E","R","?","T","R","M","E","M","M","R","BOSS","M","M","?","M","$","E","?","NM","T","E","?","M"],"items_purchased_type":["Card","Card","Relic","Card","Relic"],"build_version":"2020-12-22","purchased_purges":2,"victory":false,"max_hp_per_floor":[70,70,70,70,70,70,70,70,70,70,70,70,70,70,70,70,70,70,70,70,70,70,70,70,70,70,70,70,70,70],"card_choices":[{"not_picked":["Underhanded Strike","Dagger Throw"],"picked":"Dash","floor":1.0},{"not_picked":["ReplayTheSpireMod:Shiv Toss","Concentrate"],"picked":"Toxin Wave","floor":3.0},{"not_picked":["Dagger Spray","hubris:Counter"],"picked":"Poisoned Stab","floor":5.0},{"not_picked":["Sneak Up","Poisoned Stab"],"picked":"Malaise","floor":6.0},{"not_picked":["Poisoned Stab","hubris:SlightOfHand","Predator"],"picked":"SKIP","floor":11.0},{"not_picked":["Dagger Throw","Distraction"],"picked":"Blur","floor":12.0},{"not_picked":["hubris:SlightOfHand","Poisoned Stab"],"picked":"Skewer","floor":13.0},{"not_picked":["Sucker Punch","Fluid Movement"],"picked":"Malaise","floor":14.0},{"not_picked":["Adrenaline","Die Die Die"],"picked":"infinitespire:Neurotoxin","floor":16.0},{"not_picked":["Acrobatics","All Out Attack"],"picked":"Deflect+1","floor":18.0},{"not_picked":["Sucker Punch","Slice"],"picked":"Concentrate","floor":19.0},{"not_picked":["Calculated Gamble","Prepared","Choke"],"picked":"SKIP","floor":21.0},{"not_picked":["ReplayTheSpireMod:The Works+1","Bane"],"picked":"Flechettes+1","floor":22.0},{"not_picked":["Distraction","Concentrate"],"picked":"Accuracy+1","floor":22.0},{"not_picked":["Eviscerate","Die Die Die"],"picked":"Blade Dance","floor":22.0},{"not_picked":["Quick Slash","Underhanded Strike+1"],"picked":"PiercingWail+1","floor":22.0},{"not_picked":["Backflip","Choke"],"picked":"Finisher","floor":22.0},{"not_picked":["Caltrops","Deflect"],"picked":"Storm of Steel","floor":23.0},{"not_picked":["Distraction","Dodge and Roll+1"],"picked":"PiercingWail","floor":24.0},{"not_picked":["ReplayTheSpireMod:Tripwire","Masterful Stab+1"],"picked":"Blur+1","floor":25.0},{"not_picked":["Hidden Blade+1","Blade Dance"],"picked":"Footwork","floor":27}],"player_experience":798691,"relics_obtained":[{"floor":6.0,"key":"reliquary:TuningFork"},{"floor":9.0,"key":"Nunchaku"},{"floor":12.0,"key":"hubris:GlazedTorus"},{"floor":23.0,"key":"Vajra"},{"floor":25.0,"key":"reliquary:Spinner"},{"floor":26.0,"key":"Potion Belt"},{"floor":27,"key":"Replay:Arrowhead"}],"event_choices":[{"damage_healed":23.0,"max_hp_gain":0.0,"max_hp_loss":0.0,"gold_gain":0.0,"event_name":"Big Fish","player_choice":"Banana","floor":2.0,"gold_loss":0.0,"damage_taken":0.0},{"cards_removed":["Defend_G"],"damage_healed":0.0,"max_hp_gain":0.0,"max_hp_loss":0.0,"gold_gain":0.0,"event_name":"The Cleric","player_choice":"Card Removal","floor":4.0,"gold_loss":50.0,"damage_taken":0.0},{"damage_healed":0.0,"max_hp_gain":0.0,"max_hp_loss":0.0,"gold_gain":0.0,"event_name":"Upgrade Shrine","player_choice":"Upgraded","floor":20.0,"gold_loss":0.0,"damage_taken":0.0,"cards_upgraded":["infinitespire:Neurotoxin"]},{"damage_healed":0,"gold_gain":0,"player_choice":"Copied","damage_taken":0,"max_hp_gain":0,"max_hp_loss":0,"event_name":"Duplicator","floor":28,"gold_loss":0,"cards_obtained":["Footwork"]}],"is_beta":false,"boss_relics":[{"not_picked":["energizedSpire:MagnifyingGlass","ReplayTheSpireMod:SealedPack"],"picked":"Ring of the Serpent"}],"items_purged_floors":[0,8],"is_endless":true,"potions_floor_spawned":[3,6,12,14,16,19,23,24],"killed_by":"Centurion and Healer","ascension_level":7}}