{"host":"qljq6nt1bltq73k9","time":1613730778,"event":{"mods":["BaseMod","Colored Map","Colored Powertips","Downfall","Minty Spire (QoL Compilation)","Quick Restart","Replay The Spire","StSLib","[IsaacMod]ÒÔÈö¼âËþ"],"gold_per_floor":[114,99999,98785,98785,98785,98813,97598,97674,97723,97733,97744,97764,97790,97823,97823,97923,97923,97934,97949,97960,97960,97976,98018,98034,98060,98060,98074,97170,97188,97198,97209,97209,97310,97310,97327,97339,97355,97369,96139,96174,96200,96212,96224,96243,96281,95378,95392,95403,95403,95403,95403,95403,94762,94793,94793,94793,94793],"floor_reached":55,"language":"ZHS","playtime":2502,"items_purged":["bronze:Strike","bronze:Strike","Decay","bronze:Defend","bronze:Defend","bronze:Strike"],"score":1289,"play_id":"2c57578c-5e8b-4af6-90da-c9bcafda83d1","local_time":"20210219183258","is_ascension_mode":false,"campfire_choices":[{"floor":15.0,"key":"RECALL"},{"data":"bronze:CleanCode","floor":32.0,"key":"SMITH"}],"circlet_count":0,"master_deck":["bronze:Replicate","bronze:Goto","bronze:Repulsor","bronze:InfiniteBeams","Sadistic Nature+1","bronze:Separator+1","bronze:ItsAFeature","bronze:WhirlingStrike+1","bronze:Branch+1","bronze:Format+1","bronze:Optimize","Sadistic Nature","bronze:InfiniteBeams","bronze:Backtrace+1","bronze:Branch+1","bronze:Boost","bronze:ThunderWave+1","bronze:Separator+1","bronze:MaxOutput","bronze:HardenedForm","bronze:Invalidate","bronze:Philosophize","bronze:Flail+1","bronze:Overheat+1","bronze:Flail+1","Panacea","bronze:Repulsor","ReplayUltimateDefense","bronze:CleanCode+1","bronze:ShipIt+1","bronze:Assembly","bronze:DarkDash+1","bronze:Repair+1","bronze:Terminator+1","bronze:Boost+1","bronze:AlphaBuild+1","bronze:ItsAFeature","Enlightenment","bronze:Repulsor+1","bronze:Safeguard+1","Replay:Parry+1","Dark Shackles","ReplayTheSpireMod:Private Reserves","bronze:Shell","DoctorFetus+1","bronze:Repulsor+1","bronze:AlphaBuild+1","bronze:OilSpill+1","bronze:FineTuning+1","bronze:Fortify+1","bronze:ItsAFeature+1","bronze:ClassDefault+1","Magnetism+1","bronze:Shell","bronze:Shell+1"],"relics":["bronze:BronzeCore","HushsDoor","Damocles","NeowsBlessing","hexamod:Sixitude","Pear","Molten Egg 2","ReplayTheSpireMod:Shallot","Orrery","Gremlin Food","Simple Rune","SalivaCoin","Leech","Guide Book","BFFS","YumHeart","bronze:ProtectiveGoggles","Mummified Hand","Sundial","Replay:Bottled Flurry","Black Star","GuppysCollar","GuppysPaw","Lantern","Pondfish Scales","ReplayFunnel","Ancient Tea Set","Matryoshka","ReplayTheSpireMod:Ninjato","Kunai","Centennial Puzzle","Replay:Ringing Soul","PillsDrop","Replay:Rubber Ducky","sneckomod:BlankCard","Ice Cream","Strawberry","Orichalcum","Toolbox","SatanicBible","Dream Catcher","hexamod:CandleOfCauterizing","Replay:Bronze Core","GuppysTail","Guardian:PocketSentry","Nunchaku","ReplayTheSpireMod:Lightbulb","Regal Pillow","Pen Nib","Diplopia","Frozen Eye","Replay:Multitool","MawBank","Frozen Egg 2","Gremlin Horn","Art of War","TuHaoJin","AnarchistCookbook","Replay:Mystery Machine","StrikeDummy","Omamori","Gambling Chip","SteamSale","Potion Belt","Replay:Kaleidoscope","Toy Ornithopter","Bottled Tornado","Guardian:BottledAnomaly","Replay:Bottled Steam","GnawedLeaf","Lizard Tail"],"acts_visited":["Exordium","TheCity","TheBeyond","TheEnding"],"potions_floor_usage":[],"damage_taken":[{"damage":0.0,"enemies":"Small Slimes","floor":1.0,"turns":1.0},{"damage":0.0,"enemies":"2 Louse","floor":2.0,"turns":1.0},{"damage":0.0,"enemies":"Lagavulin","floor":6.0,"turns":1.0},{"damage":0.0,"enemies":"Jaw Worm","floor":10.0,"turns":1.0},{"damage":0.0,"enemies":"Blue Slaver","floor":11.0,"turns":2.0},{"damage":0.0,"enemies":"Exordium Wildlife","floor":12.0,"turns":1.0},{"damage":2.0,"enemies":"Red Slaver","floor":13.0,"turns":2.0},{"damage":0.0,"enemies":"Gremlin Nob","floor":14.0,"turns":3.0},{"damage":0.0,"enemies":"The Guardian","floor":16.0,"turns":5.0},{"damage":0.0,"enemies":"2 Thieves","floor":18.0,"turns":3.0},{"damage":0.0,"enemies":"Chosen","floor":19.0,"turns":2.0},{"damage":0.0,"enemies":"3 Cultists","floor":20.0,"turns":2.0},{"damage":0.0,"enemies":"Snake Plant","floor":22.0,"turns":2.0},{"damage":11.0,"enemies":"Book of Stabbing","floor":23.0,"turns":4.0},{"damage":0.0,"enemies":"Sentry and Sphere","floor":24.0,"turns":3.0},{"damage":0.0,"enemies":"Gremlin Leader","floor":25.0,"turns":3.0},{"damage":0.0,"enemies":"Shelled Parasite and Fungi","floor":27.0,"turns":2.0},{"damage":0.0,"enemies":"3 Cultists","floor":29.0,"turns":1.0},{"damage":0.0,"enemies":"Chosen and Byrds","floor":30.0,"turns":1.0},{"damage":0.0,"enemies":"Snecko","floor":31.0,"turns":2.0},{"damage":0.0,"enemies":"Automaton","floor":33.0,"turns":4.0},{"damage":0.0,"enemies":"3 Shapes","floor":35.0,"turns":1.0},{"damage":0.0,"enemies":"Orb Walker","floor":36.0,"turns":1.0},{"damage":0.0,"enemies":"Writhing Mass","floor":37.0,"turns":1.0},{"damage":0.0,"enemies":"Maw","floor":38.0,"turns":2.0},{"damage":0.0,"enemies":"R_Hoarder","floor":40.0,"turns":2.0},{"damage":0.0,"enemies":"Spire Growth","floor":41.0,"turns":1.0},{"damage":0.0,"enemies":"Giant Head","floor":45.0,"turns":2.0},{"damage":0.0,"enemies":"Sphere and 2 Shapes","floor":47.0,"turns":1.0},{"damage":0.0,"enemies":"Maw","floor":48.0,"turns":2.0},{"damage":0.0,"enemies":"Time Eater","floor":50.0,"turns":6.0},{"damage":0.0,"enemies":"Shield and Spear","floor":54.0,"turns":2.0},{"damage":0,"enemies":"Delirium","floor":55,"turns":1}],"seed_played":"2125289621934744619","potions_obtained":[{"floor":2.0,"key":"Energy Potion"},{"floor":19.0,"key":"Fire Potion"},{"floor":20.0,"key":"EntropicBrew"},{"floor":31.0,"key":"Slimebound:ThreeZeroPotion"},{"floor":37.0,"key":"DuplicationPotion"},{"floor":48.0,"key":"AttackPotion"}],"is_trial":false,"path_per_floor":["M","M","$","?","?","E","$","?","T","M","M","M","M","E","R","B",null,"M","M","M","?","M","E","M","E","T","M","$","M","M","M","R","B",null,"M","M","M","M","$","E","M","R","T","?","E","$","M","M","R","B",null,"R","$","E","B"],"character_chosen":"THE_AUTOMATON","items_purchased":["Molten Egg 2","ReplayTheSpireMod:Shallot","bronze:Hardcode","Sadistic Nature","bronze:Separator+1","FairyPotion","SkillPotion","Orrery","Fruit Juice","Sadistic Nature","bronze:InfiniteBeams","bronze:Backtrace+1","bronze:Branch+1","SalivaCoin","Leech","Guide Book","SkillPotion","GuppysCollar","GuppysPaw","Strawberry","Orichalcum","Toolbox","Panacea","bronze:Repulsor","ReplayUltimateDefense","GuppysTail","bronze:Assembly","Pen Nib","Diplopia","Fruit Juice","bronze:AlphaBuild+1","Frozen Eye","DuplicationPotion","bronze:ItsAFeature","Enlightenment","Omamori","Gambling Chip","SteamSale","DoctorFetus+1","bronze:Repulsor+1","bronze:AlphaBuild+1","Toy Ornithopter","bronze:ClassDefault+1","Magnetism+1","Bottled Tornado","Slimebound:ThreeZeroPotion","Guardian:BottledAnomaly","PowerPotion","PowerPotion","bronze:Shell"],"campfire_rested":0,"item_purchase_floors":[3,3,3,3,3,3,3,3,7,7,7,7,7,7,7,7,7,17,17,28,28,28,28,28,28,34,34,39,39,39,39,39,39,39,39,46,46,46,46,46,46,53,53,53,53,53,53,53,53,53],"current_hp_per_floor":[70,80,80,80,80,80,85,85,85,85,85,85,83,85,85,85,62,62,62,62,62,62,52,54,59,59,64,74,77,77,82,82,87,77,80,83,86,89,97,100,98,98,98,91,96,99,103,113,116,116,116,119,122,125,125,125,125],"gold":94793,"neow_bonus":"THREE_ENEMY_KILL","is_daily":false,"chose_seed":false,"campfire_upgraded":1,"win_rate":0.0,"timestamp":1613730778,"path_taken":["M","M","$","?","?","E","$","?","T","?","M","M","M","E","R","BOSS","M","M","M","?","?","E","M","E","T","M","$","M","M","M","R","BOSS","M","M","M","M","$","E","M","R","T","?","E","$","M","M","R","BOSS","R","$","E","BOSS"],"items_purchased_type":["Relic","Relic","Card","Card","Card","Potion","Potion","Relic","Potion","Card","Card","Card","Card","Relic","Relic","Relic","Potion","Relic","Relic","Relic","Relic","Relic","Card","Card","Card","Relic","Card","Relic","Relic","Potion","Card","Relic","Potion","Card","Card","Relic","Relic","Relic","Card","Card","Card","Relic","Card","Card","Relic","Potion","Relic","Potion","Potion","Card"],"build_version":"2020-12-22","purchased_purges":6,"victory":false,"max_hp_per_floor":[70,80,80,80,80,80,85,85,85,85,85,85,85,85,85,85,62,62,62,62,62,62,62,62,65,65,68,78,81,81,84,84,87,77,80,83,86,89,97,100,98,98,98,101,104,107,110,113,116,116,116,119,122,125,125,125,125],"card_choices":[{"not_picked":["bronze:FollowUp","bronze:FineTuning"],"picked":"bronze:Repulsor","floor":1.0},{"not_picked":["bronze:Deprecate","bronze:Terminator"],"picked":"bronze:InfiniteBeams","floor":2.0},{"not_picked":["bronze:Shell","bronze:BitShift"],"picked":"Bomb","floor":3.0},{"not_picked":["bronze:Invalidate","bronze:FineTuning"],"picked":"bronze:ItsAFeature","floor":3.0},{"not_picked":["bronze:OilSpill+1","bronze:Format"],"picked":"bronze:WhirlingStrike+1","floor":3.0},{"not_picked":["bronze:Terminator","bronze:BitShift"],"picked":"Bomb","floor":3.0},{"not_picked":["bronze:Allocate","bronze:WildBeam+1"],"picked":"bronze:Branch+1","floor":3.0},{"not_picked":["bronze:Frontload","bronze:Allocate"],"picked":"bronze:Optimize","floor":6.0},{"not_picked":["bronze:WildBeam+1","bronze:Return","bronze:OilSpill+1"],"picked":"SKIP","floor":10.0},{"not_picked":["bronze:Terminator","bronze:Return"],"picked":"bronze:Boost","floor":11.0},{"not_picked":["bronze:DelayedGuard","bronze:FollowUp+1"],"picked":"bronze:ThunderWave+1","floor":12.0},{"not_picked":["bronze:BitShift","bronze:Frontload"],"picked":"bronze:Separator+1","floor":13.0},{"not_picked":["bronze:Fortify+1","bronze:Deprecate"],"picked":"bronze:MaxOutput","floor":14.0},{"not_picked":["bronze:SpaghettiCode","bronze:Virus+1"],"picked":"bronze:HardenedForm","floor":16.0},{"not_picked":["bronze:ForceShield+1","bronze:Iterate+1"],"picked":"bronze:Invalidate","floor":18.0},{"not_picked":["bronze:DelayedSlice+1","bronze:Allocate"],"picked":"bronze:Philosophize","floor":19.0},{"not_picked":["bronze:Overload+1","bronze:DelayedSlice+1","bronze:WildBeam+1"],"picked":"SKIP","floor":20.0},{"not_picked":["bronze:Iterate+1","bronze:WildBeam+1","bronze:Turbo"],"picked":"SKIP","floor":22.0},{"not_picked":["bronze:BuggyMess","bronze:Virus+1","bronze:DelayedGuard"],"picked":"SKIP","floor":23.0},{"not_picked":["bronze:DelayedSlice+1","bronze:Refactor+1"],"picked":"bronze:Flail+1","floor":24.0},{"not_picked":["bronze:Iterate+1","bronze:WhirlingStrike+1"],"picked":"bronze:Overheat+1","floor":25.0},{"not_picked":["bronze:DelayedSlice+1","bronze:Philosophize"],"picked":"bronze:Flail+1","floor":27.0},{"not_picked":["bronze:Separator+1","bronze:DelayedSlice+1","bronze:ChildClass+1"],"picked":"SKIP","floor":29.0},{"not_picked":["bronze:CloningBeam+1","bronze:Frontload","bronze:Backtrace+1"],"picked":"SKIP","floor":30.0},{"not_picked":["bronze:Deprecate","bronze:OilSpill+1"],"picked":"bronze:CleanCode","floor":31.0},{"not_picked":["bronze:TinkerersToolbox","bronze:Hardcode"],"picked":"bronze:ShipIt+1","floor":33.0},{"not_picked":["bronze:BronzeArmor","bronze:Deprecate+1"],"picked":"bronze:DarkDash+1","floor":35.0},{"not_picked":["bronze:CutThrough+1","bronze:Safeguard+1"],"picked":"bronze:Repair+1","floor":36.0},{"not_picked":["bronze:Turbo","bronze:Constructor"],"picked":"bronze:Terminator+1","floor":37.0},{"not_picked":["bronze:FineTuning","bronze:Backtrace+1"],"picked":"bronze:Boost+1","floor":38.0},{"not_picked":["bronze:DigitalCarnage+1","bronze:BugBarrage+1"],"picked":"bronze:Repulsor+1","floor":40.0},{"not_picked":["bronze:DelayedSlice+1","bronze:DelayedGuard"],"picked":"bronze:Safeguard+1","floor":41.0},{"not_picked":["Enlightenment","Purity"],"picked":"Replay:Parry+1","floor":44.0},{"not_picked":["BloodyBrimstone+1","Impatience"],"picked":"Dark Shackles","floor":44.0},{"not_picked":["SuicideKing","Replay:Sssssssssshield"],"picked":"ReplayTheSpireMod:Private Reserves","floor":44.0},{"not_picked":["bronze:CutThrough+1","bronze:Iterate+1"],"picked":"bronze:Shell","floor":45.0},{"not_picked":["bronze:CloningBeam+1","bronze:Backtrace+1"],"picked":"bronze:OilSpill+1","floor":47.0},{"not_picked":["bronze:DigitalCarnage+1","bronze:BuggyMess"],"picked":"bronze:FineTuning+1","floor":48.0},{"not_picked":["bronze:CutThrough+1","bronze:SpaghettiCode"],"picked":"bronze:Shell+1","floor":54.0}],"player_experience":509254,"relics_obtained":[{"floor":1.0,"key":"hexamod:Sixitude"},{"floor":2.0,"key":"Pear"},{"floor":6.0,"key":"Gremlin Food"},{"floor":6.0,"key":"Simple Rune"},{"floor":9.0,"key":"BFFS"},{"floor":10.0,"key":"YumHeart"},{"floor":11.0,"key":"bronze:ProtectiveGoggles"},{"floor":13.0,"key":"Mummified Hand"},{"floor":14.0,"key":"Sundial"},{"floor":14.0,"key":"Replay:Bottled Flurry"},{"floor":18.0,"key":"Lantern"},{"floor":19.0,"key":"Pondfish Scales"},{"floor":20.0,"key":"ReplayFunnel"},{"floor":22.0,"key":"Ancient Tea Set"},{"floor":23.0,"key":"Matryoshka"},{"floor":23.0,"key":"ReplayTheSpireMod:Ninjato"},{"floor":23.0,"key":"Kunai"},{"floor":24.0,"key":"Centennial Puzzle"},{"floor":25.0,"key":"Replay:Ringing Soul"},{"floor":25.0,"key":"PillsDrop"},{"floor":25.0,"key":"Replay:Rubber Ducky"},{"floor":26.0,"key":"sneckomod:BlankCard"},{"floor":27.0,"key":"Ice Cream"},{"floor":29.0,"key":"SatanicBible"},{"floor":30.0,"key":"Dream Catcher"},{"floor":31.0,"key":"hexamod:CandleOfCauterizing"},{"floor":35.0,"key":"Guardian:PocketSentry"},{"floor":36.0,"key":"Nunchaku"},{"floor":37.0,"key":"ReplayTheSpireMod:Lightbulb"},{"floor":38.0,"key":"Regal Pillow"},{"floor":40.0,"key":"Replay:Multitool"},{"floor":40.0,"key":"MawBank"},{"floor":40.0,"key":"Frozen Egg 2"},{"floor":41.0,"key":"Gremlin Horn"},{"floor":43.0,"key":"Art of War"},{"floor":43.0,"key":"TuHaoJin"},{"floor":45.0,"key":"AnarchistCookbook"},{"floor":45.0,"key":"Replay:Mystery Machine"},{"floor":45.0,"key":"StrikeDummy"},{"floor":47.0,"key":"Potion Belt"},{"floor":48.0,"key":"Replay:Kaleidoscope"},{"floor":54.0,"key":"Replay:Bottled Steam"},{"floor":54.0,"key":"GnawedLeaf"},{"floor":54.0,"key":"Lizard Tail"}],"event_choices":[{"damage_healed":0.0,"max_hp_gain":0.0,"max_hp_loss":0.0,"gold_gain":0.0,"cards_transformed":["bronze:Strike"],"event_name":"Living Wall","player_choice":"Change","floor":4.0,"gold_loss":0.0,"damage_taken":0.0,"cards_obtained":["bronze:Format"]},{"damage_healed":0.0,"max_hp_gain":0.0,"max_hp_loss":0.0,"gold_gain":0.0,"event_name":"Liars Game","player_choice":"Ignored","floor":5.0,"gold_loss":0.0,"damage_taken":0.0},{"damage_healed":0.0,"max_hp_gain":0.0,"max_hp_loss":0.0,"gold_gain":76.0,"event_name":"Golden Wing","player_choice":"Gained Gold","floor":8.0,"gold_loss":0.0,"damage_taken":0.0},{"damage_healed":0.0,"max_hp_gain":0.0,"max_hp_loss":0.0,"gold_gain":0.0,"event_name":"Forgotten Altar","player_choice":"Smashed Altar","floor":21.0,"gold_loss":0.0,"damage_taken":0.0,"cards_obtained":["Decay"]},{"damage_healed":0.0,"max_hp_gain":0.0,"max_hp_loss":0.0,"gold_gain":0.0,"event_name":"Tomb of Lord Red Mask","player_choice":"Ignored","floor":42.0,"gold_loss":0.0,"damage_taken":0.0},{"damage_healed":0.0,"max_hp_gain":0.0,"max_hp_loss":0.0,"gold_gain":0.0,"event_name":"SensoryStone","player_choice":"Memory 3","floor":44.0,"gold_loss":0.0,"damage_taken":10.0}],"is_beta":false,"boss_relics":[{"not_picked":["Busted Crown","ReplayTheSpireMod:DimensionalGlitch"],"picked":"Black Star"},{"not_picked":[]},{"not_picked":["Honey Jar","Pandora\u0027s Box"],"picked":"Replay:Bronze Core"},{"not_picked":[]}],"items_purged_floors":[3,7,28,39,46,53],"is_endless":false,"potions_floor_spawned":[2,6,10,13,19,20,23,24,30,31,37,40,41,48],"killed_by":"Delirium","ascension_level":0}}