{"host":"tod","time":1613733677,"event":{"mods":["ATMod(∞¢Ë™Mod)","AchievementEnabler","Act Like it!","BaseMod","CapriCore","Energized Spire","Highlight Path","Lobotomy","Marisa£®ÏF”Í°°ƒß¿Ì…≥£©","Minty Spire (QoL Compilation)","Quick Restart","Reimu£®≤©¿ˆ¡È√Œ£©","Relic Filter Mod","Relic Stats","Remilia£®¿Ÿ√◊¿Ú—«£©","Replay The Spire","Shop Mod","StSLib","The Cursed","The Immortal","Yakumo Yukari mod","Youmu£®ªÍ∆«—˝√Œ£©"],"gold_per_floor":[117,135,331,331,87,87,114,114,114,125,141,151,151,111,111,188,188,201,201,201,211,21,21,36,36,61,61,79,98,0,27,27,99,99,119,17,36,54,54,54,87,87,87,87,87,45,64,74,74,74,74,74],"floor_reached":51,"language":"ZHS","playtime":2178,"items_purged":["Injury","Decay"],"score":1440,"play_id":"4ec96723-8cac-4e9c-a5fd-d2556820ab68","local_time":"20210219192117","is_ascension_mode":true,"campfire_choices":[{"floor":6.0,"key":"REST"},{"floor":8.0,"key":"REST"},{"floor":13.0,"key":"REST"},{"floor":15.0,"key":"DIG"},{"floor":23,"key":"REST"},{"floor":25,"key":"REST"},{"data":"AT_ShrugMaster","floor":27,"key":"SMITH"},{"data":"AT_ShrugMaster","floor":32,"key":"SMITH"},{"floor":40,"key":"RECALL"},{"floor":42,"key":"REST"},{"floor":44,"key":"REST"},{"floor":49,"key":"REST"}],"circlet_count":0,"master_deck":["AscendersBane","Strike_R","Strike_R","Defend_R+1","Defend_R","ReplayTheSpireMod:Splinters","AT_WindFlip","AT_CaressingTears+1","Fire Breathing","Flame Barrier","AT_ShrugMaster+1","ReplayReversal","Barricade+1","Sword Boomerang+1","AT_ShrugMaster+1","True Grit","Apotheosis+1","ReplayTheSpireMod:Uncanny Aura+1","ReplayTheSpireMod:Necrogeddon+1","Limit Break+1","Immolate+1","Entrench+1","Entrench+1","AT_BodySlamDance+1"],"relics":["AT_ATBox","Kintsugi","King of Hearts","War Paint","Golden Egg","The Courier","Velvet Choker","ReplayTheSpireMod:ShopPack","AT_Kusabimaru","energizedSpire:RedRose","AT_DeathDance","AT_GuinsooRageblade","Mirror"],"acts_visited":["Exordium","TheCity","TheBeyond"],"potions_floor_usage":[24,48,51],"damage_taken":[{"damage":12.0,"enemies":"Jaw Worm","floor":1.0,"turns":3.0},{"damage":4.0,"enemies":"Small Slimes","floor":2.0,"turns":2.0},{"damage":11.0,"enemies":"3 Sentries","floor":7.0,"turns":4.0},{"damage":0.0,"enemies":"Cultist","floor":10.0,"turns":4.0},{"damage":7.0,"enemies":"Large Slime","floor":11.0,"turns":4.0},{"damage":13.0,"enemies":"Exordium Wildlife","floor":12.0,"turns":5.0},{"damage":3.0,"enemies":"Looter","floor":14.0,"turns":4.0},{"damage":27.0,"enemies":"Slime Boss","floor":16.0,"turns":5.0},{"damage":23,"enemies":"2 Thieves","floor":18,"turns":4},{"damage":27,"enemies":"Shell Parasite","floor":21,"turns":4},{"damage":15,"enemies":"Snake Plant","floor":24,"turns":5},{"damage":5,"enemies":"Sentry and Sphere","floor":28,"turns":4},{"damage":2,"enemies":"Snecko","floor":29,"turns":7},{"damage":23,"enemies":"Slavers","floor":31,"turns":5},{"damage":0,"enemies":"Automaton","floor":33,"turns":11},{"damage":11,"enemies":"3 Shapes","floor":35,"turns":7},{"damage":17,"enemies":"3 Darklings","floor":37,"turns":4},{"damage":2,"enemies":"Maw","floor":38,"turns":10},{"damage":71,"enemies":"Reptomancer","floor":41,"turns":7},{"damage":33,"enemies":"Jaw Worm Horde","floor":47,"turns":5},{"damage":21,"enemies":"Transient","floor":48,"turns":6},{"damage":16,"enemies":"Time Eater","floor":50,"turns":8},{"damage":22,"enemies":"Donu and Deca","floor":51,"turns":4}],"seed_played":"-1113863271991575304","potions_obtained":[{"floor":1.0,"key":"FairyPotion"},{"floor":2.0,"key":"GrandPatriotsElixir:ReiMu"},{"floor":12.0,"key":"Strength Potion"},{"floor":16.0,"key":"BloodPotion"},{"floor":37,"key":"Adrenaline Potion"},{"floor":47,"key":"DuplicationPotion"}],"is_trial":false,"path_per_floor":["M","M","?","?","$","R","E","R","T","M","M","M","R","M","R","B",null,"M","?","?","M","$","R","M","R","T","R","M","M","?","E","R","B",null,"M","?","M","M","$","R","E","R","T","R","?","$","M","M","R","B","B"],"character_chosen":"IRONCLAD","items_purchased":["King of Hearts","ReplayTheSpireMod:ShopPack","AT_BodySlamDance"],"campfire_rested":8,"item_purchase_floors":[5,22,46],"current_hp_per_floor":[56,52,22,22,22,44,33,55,55,55,48,37,59,56,56,39,66,43,43,43,16,16,38,38,60,60,60,61,59,59,48,48,48,68,57,57,40,40,40,40,16,38,38,60,60,60,27,6,28,22,4,4],"gold":74,"neow_bonus":"BOSS_RELIC","is_daily":false,"chose_seed":false,"campfire_upgraded":2,"win_rate":0.0,"timestamp":1613733677,"path_taken":["M","M","?","?","$","R","E","R","T","M","M","M","R","?","R","BOSS","M","?","?","?","$","R","M","R","T","R","M","M","?","E","R","BOSS","M","?","?","M","$","R","E","R","T","R","?","$","M","M","R","BOSS","BOSS"],"items_purchased_type":["Relic","Relic","Card"],"build_version":"2020-12-18","purchased_purges":2,"victory":false,"max_hp_per_floor":[75,75,75,75,75,75,75,75,75,75,75,75,75,75,75,75,75,75,75,75,75,75,75,75,75,75,75,75,75,75,75,75,75,75,75,75,75,75,75,75,75,75,75,75,75,75,75,75,75,75,75,75],"relic_stats":{"counters":[23,122],"War Paint":["Defend_R","AT_CaressingTears"],"obtain_stats":[{"energizedSpire:RedRose":34,"Golden Egg":9,"AT_ATBox":0,"Velvet Choker":17,"King of Hearts":5,"The Courier":15,"War Paint":7,"Burning Blood":0,"AT_Kusabimaru":31,"Kintsugi":0,"AT_DeathDance":36,"AT_GuinsooRageblade":41,"Mirror":43,"ReplayTheSpireMod:ShopPack":22},{"energizedSpire:RedRose":15,"Golden Egg":3,"AT_ATBox":0,"Velvet Choker":8,"King of Hearts":2,"The Courier":7,"War Paint":3,"Burning Blood":0,"AT_Kusabimaru":14,"Kintsugi":0,"AT_DeathDance":16,"AT_GuinsooRageblade":19,"Mirror":19,"ReplayTheSpireMod:ShopPack":10},{"energizedSpire:RedRose":71,"Golden Egg":9,"AT_ATBox":0,"Velvet Choker":31,"King of Hearts":5,"The Courier":26,"War Paint":9,"Burning Blood":0,"AT_Kusabimaru":60,"Kintsugi":0,"AT_DeathDance":78,"AT_GuinsooRageblade":99,"Mirror":99,"ReplayTheSpireMod:ShopPack":39}]},"card_choices":[{"not_picked":["Wild Strike","Shrug It Off"],"picked":"AT_CaressingTears","floor":1.0},{"not_picked":["Armaments","Pommel Strike","Battle Trance"],"picked":"SKIP","floor":2.0},{"not_picked":["Infernal Blade","Pummel"],"picked":"Fire Breathing","floor":3.0},{"not_picked":["Heavy Blade","Perfected Strike","Twin Strike"],"picked":"SKIP","floor":7.0},{"not_picked":["Flex","Thunderclap"],"picked":"AT_ShrugMaster","floor":10.0},{"not_picked":["Pommel Strike","Dark Embrace"],"picked":"ReplayReversal","floor":11.0},{"not_picked":["Ghostly Armor","Bludgeon","ReplayTheSpireMod:Limb From Limb"],"picked":"SKIP","floor":12.0},{"not_picked":["Run Through","AT_IchimonjiDouble","Disarm"],"picked":"SKIP","floor":14.0},{"not_picked":["Feed","Fiend Fire"],"picked":"Barricade","floor":16.0},{"not_picked":["Burning Pact","Clothesline"],"picked":"Sword Boomerang+1","floor":18},{"not_picked":["Battle Trance","Sword Boomerang"],"picked":"True Grit","floor":21},{"not_picked":["Secret Technique","AT_FalsePromise"],"picked":"Apotheosis","floor":22},{"not_picked":["HandOfGreed","Swift Strike"],"picked":"ReplayTheSpireMod:Uncanny Aura","floor":22},{"not_picked":["Survey Options","Mind Blast"],"picked":"ReplayTheSpireMod:Necrogeddon","floor":22},{"not_picked":["Inflame","Clothesline","ReplayTheSpireMod:Muscle Training"],"picked":"SKIP","floor":24},{"not_picked":["True Grit","ReplayTheSpireMod:LeadingStrike","Warcry+1"],"picked":"SKIP","floor":28},{"not_picked":["ReplayTheSpireMod:LeadingStrike","True Grit","Sever Soul"],"picked":"SKIP","floor":29},{"not_picked":["Reckless Charge","Rupture"],"picked":"Limit Break","floor":31},{"not_picked":["Eclipse","Double Tap"],"picked":"Immolate","floor":33},{"not_picked":["Iron Wave","ReplayTheSpireMod:Strike From Hell"],"picked":"Entrench+1","floor":35},{"not_picked":["Sword Boomerang","ReplayTheSpireMod:Stacked+1"],"picked":"Entrench+1","floor":37},{"not_picked":["Sentinel","True Grit","Dark Embrace+1"],"picked":"SKIP","floor":38},{"not_picked":["AT_ManFootWork","Rupture","Spot Weakness"],"picked":"SKIP","floor":41},{"not_picked":["Body Slam","Sword Boomerang","Fire Breathing"],"picked":"SKIP","floor":47},{"not_picked":["Anger","Wild Strike","Headbutt+1"],"picked":"SKIP","floor":48}],"player_experience":403579,"relics_obtained":[{"floor":7.0,"key":"War Paint"},{"floor":9.0,"key":"Golden Egg"},{"floor":15.0,"key":"The Courier"},{"floor":31,"key":"AT_Kusabimaru"},{"floor":41,"key":"AT_GuinsooRageblade"},{"floor":43,"key":"Mirror"}],"event_choices":[{"damage_healed":0.0,"max_hp_gain":0.0,"max_hp_loss":0.0,"gold_gain":0.0,"cards_transformed":["Bash"],"event_name":"Transmorgrifier","player_choice":"Transformed","floor":4.0,"gold_loss":0.0,"damage_taken":0.0,"cards_obtained":["Flame Barrier"]},{"damage_healed":0,"gold_gain":0,"player_choice":"Smashed Altar","damage_taken":0,"max_hp_gain":0,"max_hp_loss":0,"event_name":"Forgotten Altar","floor":19,"gold_loss":0,"cards_obtained":["Decay"]},{"damage_healed":0,"gold_gain":0,"player_choice":"Read","damage_taken":0,"max_hp_gain":0,"max_hp_loss":0,"event_name":"The Library","floor":20,"gold_loss":0,"cards_obtained":["AT_ShrugMaster"]},{"damage_healed":0,"gold_gain":0,"player_choice":"Paid Fearfully","damage_taken":0,"max_hp_gain":0,"max_hp_loss":0,"event_name":"Masked Bandits","floor":30,"gold_loss":98},{"damage_healed":0,"gold_gain":0,"player_choice":"Paid Gold","damage_taken":0,"relics_obtained":["AT_DeathDance"],"max_hp_gain":0,"max_hp_loss":0,"event_name":"WeMeetAgain","floor":36,"gold_loss":102}],"is_beta":true,"boss_relics":[{"not_picked":["Pandora\u0027s Box","Astrolabe"],"picked":"Velvet Choker"},{"not_picked":["energizedSpire:EnergizedDie","Runic Cube"],"picked":"energizedSpire:RedRose"}],"items_purged_floors":[5,22],"is_endless":false,"potions_floor_spawned":[1,2,12,16,18,21,37,47],"killed_by":"Donu and Deca","ascension_level":20}}