{"host":"cpvm3mnra03oywg8","time":1613765164,"event":{"mods":["AchievementEnabler","BaseMod","Colored Map","Colored Powertips","Curses Come First","Downfall","Highlight Path","Minty Spire (QoL Compilation)","StSLib"],"gold_per_floor":[99,113,17,17,2,14,14,34,34,19,19,34,47,64,77,181,181,181,193,205,35,135,135,135,151,151,151,180,180,180,180],"floor_reached":29,"language":"ENG","playtime":2994,"items_purged":[],"score":335,"play_id":"b819537b-3ba3-48e1-9b29-71acbcd7f500","local_time":"20210219140604","is_ascension_mode":false,"campfire_choices":[{"data":"Slimebound:CorrosiveSpit","floor":1.0,"key":"SMITH"},{"data":"Slimebound:Split","floor":9.0,"key":"SMITH"},{"data":"Slimebound:PrepareCrush","floor":18.0,"key":"SMITH"},{"floor":23.0,"key":"REST"}],"circlet_count":0,"master_deck":["Slimebound:Strike_Slimebound","Slimebound:Strike_Slimebound","Slimebound:Strike_Slimebound","Slimebound:Defend_Slimebound","Slimebound:Defend_Slimebound","Slimebound:Defend_Slimebound","Slimebound:Split+1","Slimebound:CorrosiveSpit+1","Slimebound:HauntingLick","Slimebound:Repurpose","Slimebound:RejuvenatingLick","Slimebound:Overexert","Slimebound:Equalize","Slimebound:Prepare","Slimebound:SplitMire","Slimebound:ViciousTackle","Slimebound:SplitMire","Slimebound:SplitBruiser","Slimebound:GrowthPunch","Slimebound:ItLooksTasty","Slimebound:PrepareCrush+1","Slimebound:Chomp+1","Slimebound:Nibble+1","Slimebound:GoopSpray","expansioncontent:InvincibleStrength","Slimebound:SlimeBarrage","Slimebound:FinishingTackle+1","Slimebound:SlimeTap"],"relics":["Slimebound:AbsorbEndCombat","Bird Faced Urn","bronze:MakeshiftBattery","Matryoshka","Mercury Hourglass"],"acts_visited":[],"potions_floor_usage":[],"damage_taken":[{"damage":9.0,"enemies":"Jaw Worm","floor":2.0,"turns":4.0},{"damage":0.0,"enemies":"downfall:FleeingMerchant","floor":3.0,"turns":4.0},{"damage":10.0,"enemies":"downfall:FleeingMerchant","floor":5.0,"turns":4.0},{"damage":0.0,"enemies":"Cultist","floor":6.0,"turns":3.0},{"damage":7.0,"enemies":"2 Louse","floor":8.0,"turns":2.0},{"damage":5.0,"enemies":"downfall:FleeingMerchant","floor":10.0,"turns":4.0},{"damage":13.0,"enemies":"Red Slaver","floor":12.0,"turns":2.0},{"damage":2.0,"enemies":"2 Fungi Beasts","floor":13.0,"turns":2.0},{"damage":26.0,"enemies":"Exordium Thugs","floor":14.0,"turns":4.0},{"damage":0.0,"enemies":"Red Slaver","floor":15.0,"turns":2.0},{"damage":23.0,"enemies":"IC_STATUS_ARCHETYPE","floor":16.0,"turns":7.0},{"damage":21.0,"enemies":"Spheric Guardian","floor":19.0,"turns":5.0},{"damage":36.0,"enemies":"3 Byrds","floor":20.0,"turns":6.0},{"damage":3.0,"enemies":"downfall:FleeingMerchant","floor":21.0,"turns":4.0},{"damage":33,"enemies":"Shelled Parasite and Fungi","floor":25,"turns":4},{"damage":65,"enemies":"Gremlin Leader","floor":28,"turns":5},{"damage":10,"enemies":"Snake Plant","floor":29,"turns":2}],"seed_played":"-4050758624728798172","potions_obtained":[{"floor":2.0,"key":"sneckomod:MuddlingPotion"},{"floor":8.0,"key":"champ:CounterPotion"},{"floor":12.0,"key":"Strength Potion"},{"floor":13.0,"key":"PowerPotion"},{"floor":15.0,"key":"ColorlessPotion"},{"floor":20.0,"key":"LiquidMemories"}],"is_trial":false,"path_per_floor":["R","M","$","?","$","M","T","M","R","$","?","M","M","M","M","B",null,"R","M","M","$","?","R","T","M","?","?","E","M"],"character_chosen":"SLIMEBOUND","items_purchased":["Slimebound:RejuvenatingLick","expansioncontent:InvincibleStrength","Slimebound:SlimeBarrage"],"campfire_rested":1,"item_purchase_floors":[3,21,21],"current_hp_per_floor":[65,61,63,63,57,65,65,62,62,65,65,54,64,42,52,49,65,65,48,28,41,41,60,60,44,44,49,2,0,0,0],"gold":180,"neow_bonus":"","is_daily":false,"chose_seed":false,"campfire_upgraded":3,"win_rate":0.0,"timestamp":1613765164,"path_taken":["R","M","$","?","?","M","T","M","R","$","?","M","?","M","M","BOSS","R","M","M","$","?","R","T","?","?","?","E","M"],"items_purchased_type":["Card","Card","Card"],"build_version":"2020-12-22","purchased_purges":0,"victory":false,"max_hp_per_floor":[65,65,65,65,65,65,65,65,65,65,65,65,65,65,65,65,65,65,65,65,65,65,65,65,65,65,65,65,65,65,65],"card_choices":[{"not_picked":["Slimebound:Nibble","Slimebound:ItLooksTasty"],"picked":"Slimebound:HauntingLick","floor":2.0},{"not_picked":["Slimebound:FinishingTackle","Slimebound:SplitBruiser"],"picked":"Slimebound:Repurpose","floor":3.0},{"not_picked":["Slimebound:Chomp","Slimebound:DisruptingSlam"],"picked":"Slimebound:Equalize","floor":5.0},{"not_picked":["Slimebound:ProtectTheBoss","Slimebound:RollThrough"],"picked":"Slimebound:Prepare","floor":6.0},{"not_picked":["Slimebound:PressTheAttack","Slimebound:MegaLick"],"picked":"Slimebound:SplitMire","floor":8.0},{"not_picked":["Slimebound:GoopSpray","Slimebound:ForwardTackle"],"picked":"Slimebound:ViciousTackle","floor":10.0},{"not_picked":["Slimebound:SamplingLick","Slimebound:LeechEnergy"],"picked":"Slimebound:SplitMire","floor":12.0},{"not_picked":["Slimebound:FormOfPuddle","Slimebound:HauntingLick"],"picked":"Slimebound:SplitBruiser","floor":13.0},{"not_picked":["Slimebound:MegaLick","Slimebound:SplitMire"],"picked":"Slimebound:GrowthPunch","floor":14.0},{"not_picked":["Slimebound:FinishingTackle","Slimebound:RollThrough"],"picked":"Slimebound:ItLooksTasty","floor":15.0},{"not_picked":["Slimebound:OozeBath","Slimebound:SlimeSlap"],"picked":"Slimebound:PrepareCrush","floor":16.0},{"not_picked":["Slimebound:HauntingLick","Slimebound:FlameTackle"],"picked":"Slimebound:Chomp+1","floor":19.0},{"not_picked":["Slimebound:RejuvenatingLick","Slimebound:LeechingTouch"],"picked":"Slimebound:Nibble+1","floor":20.0},{"not_picked":["Slimebound:SlimeSpikes+1","Slimebound:SplitBruiser"],"picked":"Slimebound:GoopSpray","floor":21.0},{"not_picked":["Slimebound:SplitBruiser","Slimebound:LevelUp"],"picked":"Slimebound:FinishingTackle+1","floor":25},{"not_picked":["Slimebound:SplitLeeching","Slimebound:LeechingTouch+1"],"picked":"Slimebound:SlimeTap","floor":28}],"player_experience":695,"relics_obtained":[{"floor":7.0,"key":"Bird Faced Urn"},{"floor":24.0,"key":"Matryoshka"},{"floor":28,"key":"Mercury Hourglass"}],"event_choices":[{"cards_removed":["Slimebound:Defend_Slimebound"],"damage_healed":0.0,"max_hp_gain":0.0,"max_hp_loss":0.0,"gold_gain":0.0,"event_name":"NoteForYourself","player_choice":"Took Card","floor":11.0,"gold_loss":0.0,"damage_taken":0.0,"cards_obtained":["Iron Wave"]},{"cards_removed":["Iron Wave"],"damage_healed":5,"gold_gain":0,"player_choice":"Offered Common","damage_taken":0,"max_hp_gain":0,"max_hp_loss":0,"event_name":"Bonfire Elementals","floor":27,"gold_loss":0},{"cards_removed":["Iron Wave"],"damage_healed":5,"gold_gain":0,"player_choice":"Offered Special","damage_taken":0,"max_hp_gain":0,"max_hp_loss":0,"event_name":"Bonfire Elementals","floor":27,"gold_loss":0}],"is_beta":false,"boss_relics":[{"not_picked":["Runic Pyramid","SlaversCollar"],"picked":"bronze:MakeshiftBattery"}],"items_purged_floors":[],"is_endless":false,"potions_floor_spawned":[2,8,12,13,15,20],"killed_by":"Snake Plant","ascension_level":0}}