{"host":"uv231blk40vjdojr","time":1613748209,"event":{"mods":["BaseMod","Minty Spire (QoL Compilation)","Relic Stats","ojb\u0027s Info Mod"],"gold_per_floor":[115,135,155,172,13,48,48,48,100,100,128,138,151,169,169,273,273,289,301,343,50,70,70,99,99,99,131,131,56,87,131,131,131,131],"floor_reached":33,"language":"ENG","playtime":978,"items_purged":["Strike_P"],"score":472,"play_id":"b4653022-fed8-48fb-9839-c06a6e259678","local_time":"20210219162329","is_ascension_mode":true,"campfire_choices":[{"floor":8,"key":"REST"},{"data":"ConjureBlade","floor":15,"key":"SMITH"},{"data":"TalkToTheHand","floor":23,"key":"SMITH"},{"floor":25,"key":"REST"},{"data":"TalkToTheHand","floor":32,"key":"SMITH"}],"circlet_count":0,"master_deck":["Strike_P+1","Strike_P","Defend_P","Defend_P","Defend_P","Eruption","Vigilance","Tantrum","Consecrate+1","WheelKick","ConjureBlade+1","Wallop","Protect","Swivel","CarveReality","Judgement","TalkToTheHand+1","BowlingBash","Wish","DeceiveReality","TalkToTheHand+1","Panache","Wallop","Ghostly","Ghostly","Ghostly","Ghostly","Ghostly","Worship+1"],"relics":["Velvet Choker","White Beast Statue","Regal Pillow","Bag of Preparation","SacredBark","Membership Card","Boot","Mercury Hourglass","InkBottle","Prayer Wheel"],"acts_visited":["Exordium","TheCity"],"potions_floor_usage":[6,16,19,20,22,22,24,27,33,33],"damage_taken":[{"damage":2,"enemies":"Jaw Worm","floor":1,"turns":3},{"damage":0,"enemies":"Small Slimes","floor":2,"turns":2},{"damage":0,"enemies":"Cultist","floor":3,"turns":2},{"damage":0,"enemies":"Large Slime","floor":4,"turns":2},{"damage":28,"enemies":"Lagavulin","floor":6,"turns":3},{"damage":2,"enemies":"Gremlin Nob","floor":11,"turns":3},{"damage":0,"enemies":"Exordium Wildlife","floor":12,"turns":2},{"damage":0,"enemies":"Looter","floor":13,"turns":2},{"damage":2,"enemies":"Large Slime","floor":14,"turns":3},{"damage":14,"enemies":"The Guardian","floor":16,"turns":7},{"damage":0,"enemies":"Spheric Guardian","floor":18,"turns":1},{"damage":0,"enemies":"Shell Parasite","floor":19,"turns":1},{"damage":1,"enemies":"Snake Plant","floor":20,"turns":4},{"damage":17,"enemies":"Shelled Parasite and Fungi","floor":22,"turns":3},{"damage":16,"enemies":"Book of Stabbing","floor":24,"turns":4},{"damage":11,"enemies":"Slavers","floor":27,"turns":2},{"damage":0,"enemies":"Gremlin Leader","floor":30,"turns":4},{"damage":3,"enemies":"Centurion and Healer","floor":31,"turns":4},{"damage":94,"enemies":"Automaton","floor":33,"turns":6}],"seed_played":"4598761626477935319","potions_obtained":[{"floor":1,"key":"BlessingOfTheForge"},{"floor":2,"key":"DistilledChaos"},{"floor":6,"key":"BottledMiracle"},{"floor":11,"key":"Energy Potion"},{"floor":12,"key":"SkillPotion"},{"floor":16,"key":"SpeedPotion"},{"floor":19,"key":"Swift Potion"},{"floor":20,"key":"LiquidMemories"},{"floor":22,"key":"EssenceOfSteel"},{"floor":24,"key":"AttackPotion"},{"floor":27,"key":"BottledMiracle"},{"floor":30,"key":"Explosive Potion"}],"is_trial":false,"path_per_floor":["M","M","M","M","$","E","?","R","T","?","E","M","M","M","R","B",null,"M","M","M","$","M","R","E","R","T","E","?","?","E","M","R","B"],"character_chosen":"WATCHER","items_purchased":["Wallop","Protect","Swivel","Membership Card","PowerPotion","Panache"],"campfire_rested":2,"item_purchase_floors":[5,5,5,21,21,21],"current_hp_per_floor":[63,63,63,63,63,35,21,42,42,42,40,40,40,38,38,24,60,60,60,59,59,42,42,26,62,62,51,36,36,36,33,33,0,0],"gold":131,"neow_bonus":"BOSS_RELIC","is_daily":false,"chose_seed":false,"campfire_upgraded":3,"win_rate":0.0,"timestamp":1613748209,"path_taken":["M","M","M","M","$","E","?","R","T","?","E","M","?","M","R","BOSS","M","M","M","$","M","R","E","R","T","E","?","?","E","M","R","BOSS"],"items_purchased_type":["Card","Card","Card","Relic","Potion","Card"],"build_version":"2020-12-22","purchased_purges":1,"victory":false,"max_hp_per_floor":[72,72,72,72,72,72,72,72,72,72,72,72,72,72,72,72,72,72,72,72,72,72,72,72,72,72,72,36,36,36,36,36,36,36],"relic_stats":{"Regal Pillow":15,"counters":[19,58],"Prayer Wheel":1,"Bag of Preparation":[26],"Boot":[27],"obtain_stats":[{"Regal Pillow":9,"SacredBark":17,"Velvet Choker":0,"Prayer Wheel":30,"Bag of Preparation":11,"Membership Card":21,"PureWater":0,"Boot":24,"White Beast Statue":6,"InkBottle":27,"Mercury Hourglass":26},{"Regal Pillow":5,"SacredBark":10,"Velvet Choker":0,"Prayer Wheel":17,"Bag of Preparation":6,"Membership Card":13,"PureWater":0,"Boot":15,"White Beast Statue":5,"InkBottle":16,"Mercury Hourglass":15},{"Regal Pillow":12,"SacredBark":29,"Velvet Choker":0,"Prayer Wheel":48,"Bag of Preparation":15,"Membership Card":35,"PureWater":0,"Boot":42,"White Beast Statue":12,"InkBottle":44,"Mercury Hourglass":42}],"InkBottle":[5],"Mercury Hourglass":[84]},"card_choices":[{"not_picked":["ForeignInfluence","Adaptation"],"picked":"Tantrum","floor":1},{"not_picked":["ThirdEye","FlyingSleeves"],"picked":"Consecrate","floor":2},{"not_picked":["CrushJoints","ClearTheMind"],"picked":"WheelKick","floor":3},{"not_picked":["FollowUp","WreathOfFlame"],"picked":"ConjureBlade","floor":4},{"not_picked":["Prostrate","Collect"],"picked":"CarveReality","floor":6},{"not_picked":["InnerPeace","WindmillStrike"],"picked":"TalkToTheHand","floor":11},{"not_picked":["EmptyBody","CutThroughFate","FlurryOfBlows"],"picked":"SKIP","floor":12},{"not_picked":["CarveReality","FollowUp"],"picked":"BowlingBash","floor":13},{"not_picked":["JustLucky","Consecrate","Pray"],"picked":"SKIP","floor":14},{"not_picked":["Omniscience","Establishment"],"picked":"Wish","floor":16},{"not_picked":["Consecrate","Conclude"],"picked":"DeceiveReality","floor":18},{"not_picked":["EmptyBody","Prostrate","Tantrum"],"picked":"SKIP","floor":19},{"not_picked":["SpiritShield","Fasting2+1"],"picked":"TalkToTheHand","floor":20},{"not_picked":["FlurryOfBlows+1","Collect","JustLucky+1"],"picked":"SKIP","floor":22},{"not_picked":["Consecrate+1","ThirdEye+1"],"picked":"Wallop","floor":24},{"not_picked":["CutThroughFate","Crescendo","SashWhip"],"picked":"SKIP","floor":27},{"not_picked":["Collect+1","JustLucky","Crescendo"],"picked":"SKIP","floor":30},{"not_picked":["EmptyBody","SashWhip"],"picked":"Worship+1","floor":31},{"not_picked":["PathToVictory","CutThroughFate","BattleHymn"],"picked":"SKIP","floor":31}],"player_experience":782223,"relics_obtained":[{"floor":6,"key":"White Beast Statue"},{"floor":9,"key":"Regal Pillow"},{"floor":11,"key":"Bag of Preparation"},{"floor":24,"key":"Boot"},{"floor":26,"key":"Mercury Hourglass"},{"floor":27,"key":"InkBottle"},{"floor":30,"key":"Prayer Wheel"}],"event_choices":[{"damage_healed":0,"gold_gain":0,"player_choice":"Entered Light","damage_taken":14,"max_hp_gain":0,"max_hp_loss":0,"event_name":"Shining Light","floor":7,"gold_loss":0,"cards_upgraded":["Consecrate","Strike_P"]},{"damage_healed":0,"gold_gain":0,"cards_transformed":["Strike_P"],"player_choice":"Transformed","damage_taken":0,"max_hp_gain":0,"max_hp_loss":0,"event_name":"Transmorgrifier","floor":10,"gold_loss":0,"cards_obtained":["Judgement"]},{"damage_healed":0,"gold_gain":0,"player_choice":"Became a Ghost","damage_taken":0,"max_hp_gain":0,"max_hp_loss":36,"event_name":"Ghosts","floor":28,"gold_loss":0,"cards_obtained":["Ghostly","Ghostly","Ghostly","Ghostly","Ghostly"]},{"cards_removed":["Defend_P"],"damage_healed":0,"gold_gain":0,"player_choice":"Gave Gold","damage_taken":0,"max_hp_gain":0,"max_hp_loss":0,"event_name":"Beggar","floor":29,"gold_loss":75}],"is_beta":false,"boss_relics":[{"not_picked":["Runic Dome","Coffee Dripper"],"picked":"SacredBark"}],"items_purged_floors":[21],"is_endless":false,"potions_floor_spawned":[1,2,6,11,12,13,14,16,18,19,20,22,24,27,30,31],"killed_by":"Automaton","ascension_level":6}}