{"host":"o1wkfo8ppvrprpet","time":1613726917,"event":{"mods":["Aspiration","Astrologer","BaseMod","CapriCore","Colored Powertips","Koishi","Minty Spire (QoL Compilation)","MostiFishMod","Reimu£¨²©ÀöÁéÃÎ£©","Replay The Spire","RumiaBox-Â¶Ã×æ«µÄÉñÃØºÐ×Ó","Spicy Shops","StSLib","The Administrix","The Gatherer","The Immortal","Waifu the Spire","Yakumo Yukari mod"],"gold_per_floor":[119,119,136,61,136,161,161,176,176,263,296,307,34,34,34,111,111,123,73,90,106,125,125,125,152,152,166,181,35,45,62,62,135,235,250,250,250],"floor_reached":36,"language":"ZHS","playtime":1457,"items_purged":["Strike_R","Strike_R","Strike_R"],"score":800,"play_id":"7396554e-b8e3-4501-9b27-37f67a301ba1","local_time":"20210219172837","is_ascension_mode":true,"campfire_choices":[{"data":"Inflame","floor":7.0,"key":"SMITH"},{"data":"MostiFishMod:#F4004","floor":15.0,"key":"SMITH"},{"data":"True Grit","floor":23.0,"key":"SMITH"},{"floor":32,"key":"REST"}],"circlet_count":0,"master_deck":["AscendersBane","Strike_R+1","Strike_R","Defend_R","Defend_R+1","Defend_R","Defend_R","Bash","Battle Trance","Inflame+1","Pummel","True Grit+1","MostiFishMod:#F4004+1","Sword Boomerang","Headbutt","Iron Wave","Flex+1","MostiFishMod:OrdinaryWorld+1","Offering+1","Run Through+1","Uppercut+1","Reaper+1","Clash+1","Warcry","Rage+1","Hemogenesis+1","Limit Break+1","ReplayTheSpireMod:LeadingStrike+1"],"relics":["Burning Blood","DaveBox","NeowsBlessing","SynthV:TestCard","Mirror","Mercury Hourglass","Torii","BrkXgEgg","DaCapo","aspiration:Stabinomicon","The Courier","Replay:Wanted Poster"],"acts_visited":["Exordium","TheCity","TheBeyond"],"potions_floor_usage":[28],"damage_taken":[{"damage":0.0,"enemies":"2 Louse","floor":1.0,"turns":1.0},{"damage":0.0,"enemies":"Jaw Worm","floor":3.0,"turns":1.0},{"damage":0.0,"enemies":"Gremlin Nob","floor":6.0,"turns":1.0},{"damage":2.0,"enemies":"Cultist","floor":8.0,"turns":4.0},{"damage":24.0,"enemies":"Lagavulin","floor":11.0,"turns":5.0},{"damage":1.0,"enemies":"Gremlin Gang","floor":12.0,"turns":2.0},{"damage":38.0,"enemies":"Fading Forest","floor":16.0,"turns":11.0},{"damage":21.0,"enemies":"Shell Parasite","floor":18.0,"turns":3.0},{"damage":19.0,"enemies":"Spheric Guardian","floor":20.0,"turns":4.0},{"damage":12.0,"enemies":"Cultist and Chosen","floor":21.0,"turns":4.0},{"damage":6.0,"enemies":"Snake Plant","floor":22.0,"turns":2.0},{"damage":9.0,"enemies":"Book of Stabbing","floor":25.0,"turns":3.0},{"damage":0.0,"enemies":"Chosen and Byrds","floor":27.0,"turns":3.0},{"damage":0,"enemies":"3 Cultists","floor":28,"turns":3},{"damage":16,"enemies":"Snake Plant","floor":30,"turns":2},{"damage":18,"enemies":"Snecko","floor":31,"turns":5},{"damage":31,"enemies":"Collector","floor":33,"turns":7},{"damage":10,"enemies":"3 Shapes","floor":35,"turns":3},{"damage":24,"enemies":"2 Orb Walkers","floor":36,"turns":2}],"seed_played":"-1579176715471060192","potions_obtained":[{"floor":1.0,"key":"Toxic Potion"},{"floor":11.0,"key":"FearPotion"},{"floor":12.0,"key":"Reflective Coating"},{"floor":16.0,"key":"ColorlessPotion"},{"floor":21.0,"key":"AttackPotion"},{"floor":22.0,"key":"Swift Potion"},{"floor":31,"key":"Elixir"},{"floor":33,"key":"Venom Potion"}],"is_trial":false,"path_per_floor":["M","?","M","$","?","E","R","M","T","?","E","M","$","T","R","B",null,"M","?","M","M","M","R","?","E","T","M","M","$","M","M","R","B",null,"M","?"],"character_chosen":"IRONCLAD","items_purchased":["BrkXgEgg","Warcry"],"campfire_rested":1,"item_purchase_floors":[13,29],"current_hp_per_floor":[74,74,75,75,64,70,70,74,74,44,26,31,31,31,31,7,58,43,43,30,24,24,24,24,21,21,27,33,33,36,24,46,49,69,65,41,41],"gold":250,"neow_bonus":"THREE_ENEMY_KILL","is_daily":false,"chose_seed":false,"campfire_upgraded":3,"win_rate":0.0,"timestamp":1613726917,"path_taken":["M","?","M","$","?","E","R","M","T","?","E","M","?","?","R","BOSS","M","?","M","?","?","R","?","E","T","?","M","$","M","M","R","BOSS","M","?"],"items_purchased_type":["Relic","Card"],"build_version":"2020-12-22","purchased_purges":3,"victory":false,"max_hp_per_floor":[75,75,75,75,75,75,75,75,75,75,75,75,75,75,75,75,75,75,75,75,75,75,75,75,75,75,75,75,75,75,75,75,75,75,75,75,75],"card_choices":[{"not_picked":["Abandon","Evolve"],"picked":"Battle Trance","floor":1.0},{"not_picked":["Headbutt","True Grit","Anger","Flex"],"picked":"Inflame","floor":3.0},{"not_picked":["Dropkick","Pommel Strike","Shockwave","Clash"],"picked":"Pummel","floor":6.0},{"not_picked":["Wild Strike","Rampage","Reckless Charge","Body Slam"],"picked":"True Grit","floor":8.0},{"not_picked":["Thunderclap","ReplayTheSpireMod:Strike From Hell","Clash","Havoc"],"picked":"MostiFishMod:#F4004","floor":10.0},{"not_picked":["ReplayTheSpireMod:LeadingStrike","Uppercut","Clothesline","Iron Wave"],"picked":"Sword Boomerang","floor":10.0},{"not_picked":["Replay:Undeath\u0027s Touch","MostiFishMod:#F4004","Pommel Strike","Iron Wave"],"picked":"Headbutt","floor":10.0},{"not_picked":["MostiFishMod:Mania","Infernal Blade","True Grit","Uppercut"],"picked":"Iron Wave","floor":11.0},{"not_picked":["Replay:Undeath\u0027s Touch","Reckless Charge","Thunderclap","Rage"],"picked":"Flex","floor":12.0},{"not_picked":["Juggernaut+1","Immolate+1","Exhume+1","MostiFishMod:RainCloud+1"],"picked":"MostiFishMod:OrdinaryWorld+1","floor":16.0},{"not_picked":["True Grit","Dual Wield","Wild Strike","Second Wind","Sword Boomerang"],"picked":"SKIP","floor":18.0},{"not_picked":["Rupture+1","Headbutt","Wild Strike","Perfected Strike"],"picked":"Offering+1","floor":20.0},{"not_picked":["Dual Wield","Intimidate","Anger+1","Wild Strike+1"],"picked":"Run Through+1","floor":21.0},{"not_picked":["Wild Strike","ReplayTheSpireMod:Muscle Training","Thunderclap","Clash"],"picked":"Uppercut+1","floor":22.0},{"not_picked":["Battle Trance","Pummel","Havoc","Disarm"],"picked":"Reaper+1","floor":25.0},{"not_picked":["Burning Pact","Perfected Strike","True Grit","Iron Wave","Power Through"],"picked":"SKIP","floor":27.0},{"not_picked":["Perfected Strike","True Grit","Feel No Pain","Sword Boomerang"],"picked":"Clash+1","floor":28},{"not_picked":["Pommel Strike+1","Evolve+1","MostiFishMod:BrandingRite","Searing Blow"],"picked":"Rage+1","floor":30},{"not_picked":["Iron Wave","Clothesline","Sword Boomerang","Cleave+1"],"picked":"Hemogenesis+1","floor":31},{"not_picked":["MostiFishMod:DoubleSword+1","Demonic Infusion+1","Replay:Many Hands+1","Fiend Fire+1"],"picked":"Limit Break+1","floor":33},{"not_picked":["Heavy Blade","Fire Breathing+1","Inflame","Shockwave+1"],"picked":"ReplayTheSpireMod:LeadingStrike+1","floor":35}],"player_experience":637977,"relics_obtained":[{"floor":1.0,"key":"SynthV:TestCard"},{"floor":6.0,"key":"Mirror"},{"floor":9.0,"key":"Mercury Hourglass"},{"floor":11.0,"key":"Torii"},{"floor":14.0,"key":"DaCapo"},{"floor":25.0,"key":"aspiration:Stabinomicon"},{"floor":26.0,"key":"The Courier"}],"event_choices":[{"damage_healed":0.0,"max_hp_gain":0.0,"max_hp_loss":0.0,"gold_gain":75.0,"event_name":"World of Goop","player_choice":"Gather Gold","floor":5.0,"gold_loss":0.0,"damage_taken":11.0},{"damage_healed":0.0,"max_hp_gain":0.0,"max_hp_loss":0.0,"gold_gain":0.0,"event_name":"Designer","player_choice":"Upgraded Two","floor":19.0,"gold_loss":50.0,"damage_taken":0.0,"cards_upgraded":["Defend_R","Strike_R"]},{"damage_healed":0.0,"max_hp_gain":0.0,"max_hp_loss":0.0,"gold_gain":0.0,"event_name":"Upgrade Shrine","player_choice":"Upgraded","floor":24.0,"gold_loss":0.0,"damage_taken":0.0,"cards_upgraded":["Flex"]},{"damage_healed":0,"gold_gain":0,"player_choice":"Fight","damage_taken":0,"max_hp_gain":0,"max_hp_loss":0,"event_name":"Mysterious Sphere","floor":36,"gold_loss":0}],"is_beta":false,"boss_relics":[{"not_picked":["AddBug","NightmareShop","Fusion Hammer"]},{"not_picked":["Empty Cage","Calling Bell"],"picked":"Replay:Wanted Poster"}],"items_purged_floors":[4,13,29],"is_endless":false,"potions_floor_spawned":[1,11,12,16,21,22,31,33,35],"killed_by":"2 Orb Walkers","ascension_level":18}}