{"host":"3fkfvghcp0rk081z","time":1613725251,"event":{"mods":["ATMod(阿瑾Mod)","BaseMod","Better-Laid Plans","FanaticalFans","Minty Spire (QoL Compilation)","MostiFishMod","Quick Restart","StSLib","[IsaacMod]以撒尖塔","【功能Mod】Neow奖励","【功能Mod】强力的原版药水"],"gold_per_floor":[117,217,229,66,66,98,98,54,54,54,73,92,126,140,140,217,217,228,244,254,272,272,307,307,307,307,307,318,349,359,377,377,450,450,466,466,490,500,511,536,536,565,639,658,339,354,354,0,0,0,0],"floor_reached":52,"language":"ZHS","playtime":3153,"items_purged":[],"score":2078,"play_id":"746828f5-641a-4487-8f4d-3c109144166f","local_time":"20210219170051","is_ascension_mode":true,"campfire_choices":[{"data":"Zap","floor":7.0,"key":"SMITH"},{"data":"Glacier","floor":15.0,"key":"SMITH"},{"data":"MostiFishMod:SeaWaves","floor":24.0,"key":"SMITH"},{"data":"Turbo","floor":27.0,"key":"SMITH"},{"floor":32.0,"key":"REST"},{"data":"AT_RightCognition","floor":41.0,"key":"SMITH"},{"data":"DoctorFetus","floor":49.0,"key":"SMITH"}],"circlet_count":0,"master_deck":["AscendersBane","Strike_B","Strike_B","Strike_B","Strike_B","Defend_B","Defend_B","Defend_B+1","Zap+1","Dualcast","DoctorFetus+1","AT_ChampionStep","AT_HeatAcrobatics+1","Cold Snap","Heatsinks","Coolheaded","Glacier+1","MostiFishMod:PushDownKick","MostiFishMod:SeaWaves+1","Hologram","Cold Snap+1","Turbo+1","AT_HeatAcrobatics+1","AT_RightCognition+1","Defragment+1","MostiFishMod:ButterFly","Ball Lightning","All For One"],"relics":["Fans:FanaticalFans","AT_ATBox","DaveBox","HushsDoor","TheBean","RhineSuit","AT_TrinityForce","SynthV:TestCard","Medical Kit","AT_TimeSand","MoneyPower","Meat on the Bone","Peace Pipe","Black Star","Happy Flower","Cables","Pen Nib","ChiXiaoBlade","AT_ChloranthyRing","Gremlin Horn","Toy Ornithopter","BelialBook","Pantograph","Pear","Sling","AT_SunfireAegis","Red Mask"],"acts_visited":["Exordium","TheCity","TheBeyond"],"potions_floor_usage":[],"damage_taken":[{"damage":0.0,"enemies":"2 Louse","floor":1.0,"turns":2.0},{"damage":0.0,"enemies":"Cultist","floor":3.0,"turns":1.0},{"damage":0.0,"enemies":"3 Sentries","floor":6.0,"turns":1.0},{"damage":0.0,"enemies":"Jaw Worm","floor":11.0,"turns":4.0},{"damage":0.0,"enemies":"2 Fungi Beasts","floor":12.0,"turns":2.0},{"damage":3.0,"enemies":"Lagavulin","floor":13.0,"turns":4.0},{"damage":2.0,"enemies":"Exordium Thugs","floor":14.0,"turns":4.0},{"damage":3.0,"enemies":"Hexaghost","floor":16.0,"turns":6.0},{"damage":0.0,"enemies":"Shell Parasite","floor":18.0,"turns":4.0},{"damage":12.0,"enemies":"3 Byrds","floor":19.0,"turns":3.0},{"damage":18.0,"enemies":"Shelled Parasite and Fungi","floor":20.0,"turns":4.0},{"damage":0.0,"enemies":"Snake Plant","floor":21.0,"turns":6.0},{"damage":8.0,"enemies":"Book of Stabbing","floor":23.0,"turns":2.0},{"damage":0.0,"enemies":"3 Cultists","floor":28.0,"turns":7.0},{"damage":19.0,"enemies":"Gremlin Leader","floor":29.0,"turns":7.0},{"damage":12.0,"enemies":"Snecko","floor":30.0,"turns":5.0},{"damage":0.0,"enemies":"Centurion and Healer","floor":31.0,"turns":5.0},{"damage":2.0,"enemies":"Automaton","floor":33.0,"turns":7.0},{"damage":0.0,"enemies":"3 Darklings","floor":35.0,"turns":4.0},{"damage":7.0,"enemies":"Orb Walker","floor":38.0,"turns":4.0},{"damage":0.0,"enemies":"Transient","floor":39.0,"turns":7.0},{"damage":33.0,"enemies":"Reptomancer","floor":40.0,"turns":3.0},{"damage":0.0,"enemies":"Nemesis","floor":42.0,"turns":9.0},{"damage":0.0,"enemies":"3 Darklings","floor":44.0,"turns":2.0},{"damage":0.0,"enemies":"Sphere and 2 Shapes","floor":46.0,"turns":3.0},{"damage":46,"enemies":"Time Eater","floor":50,"turns":8},{"damage":15,"enemies":"Donu and Deca","floor":51,"turns":5}],"seed_played":"2225336371917742869","potions_obtained":[{"floor":3.0,"key":"ColorlessPotion"},{"floor":14.0,"key":"Swift Potion"},{"floor":23.0,"key":"Block Potion"},{"floor":31.0,"key":"EssenceOfSteel"}],"is_trial":false,"path_per_floor":["M","?","M","$","?","E","R","$","T","T","M","M","E","M","R","B",null,"M","M","M","M","?","E","R","?","T","R","M","E","M","M","R","B",null,"M","?","T","M","M","E","R","E","T","M","$","M","?","?","R","B","B",null],"character_chosen":"DEFECT","items_purchased":["Medical Kit","Heatsinks","Sling","AT_SunfireAegis"],"campfire_rested":1,"item_purchase_floors":[4,8,45,45],"current_hp_per_floor":[64,64,64,64,43,43,43,43,43,43,43,43,40,38,38,47,65,65,53,47,47,27,31,31,46,46,46,46,39,39,39,61,59,72,72,72,72,69,73,76,76,76,86,86,86,86,86,86,86,52,70],"gold":0,"neow_bonus":"BOSS_RELIC","is_daily":false,"chose_seed":false,"campfire_upgraded":6,"win_rate":0.0,"timestamp":1613725251,"path_taken":["M","?","M","$","?","E","R","?","T","?","M","?","E","M","R","BOSS","M","M","M","?","?","E","R","?","T","R","M","E","M","?","R","BOSS","M","?","?","M","M","E","R","E","T","M","?","?","?","?","R","BOSS","BOSS"],"items_purchased_type":["Relic","Card","Relic","Relic"],"build_version":"2020-12-22","purchased_purges":0,"victory":true,"max_hp_per_floor":[71,71,71,71,71,71,71,71,71,71,71,71,71,71,71,71,71,71,71,71,71,76,76,76,76,76,76,76,76,76,76,76,76,76,76,76,76,76,76,76,76,76,86,86,86,86,86,86,86,86,86],"card_choices":[{"not_picked":[],"picked":"DoctorFetus","floor":0.0},{"not_picked":["Redo","MostiFishMod:PushDownKick"],"picked":"AT_HeatAcrobatics","floor":1.0},{"not_picked":["Tempest","Sweeping Beam","MostiFishMod:IntelligentEquipment","Force Field"],"picked":"Bomb","floor":2.0},{"not_picked":["AT_HeatAcrobatics","MostiFishMod:GatherIntelligence","Reprogram","Conserve Battery"],"picked":"Cold Snap","floor":3.0},{"not_picked":["Cancel","MostiFishMod:Exploitation","Rebound","Stack","MostiFishMod:ReprogramOld"],"picked":"SKIP","floor":6.0},{"not_picked":["MostiFishMod:FluxCapactior","Leap","Beam Cell","Aggregate"],"picked":"Bomb","floor":11.0},{"not_picked":["Hologram","AT_ThunderBolt","Leap","MostiFishMod:GatherIntelligence"],"picked":"Coolheaded","floor":12.0},{"not_picked":["Conserve Battery","AT_StudyProgram","Redo","White Noise"],"picked":"Glacier","floor":13.0},{"not_picked":["Rip and Tear","Reprogram","Force Field","FTL"],"picked":"MostiFishMod:PushDownKick","floor":14.0},{"not_picked":["MostiFishMod:ATRI","Amplify","Thunder Strike","MostiFishMod:ReadyAimFire"],"picked":"MostiFishMod:SeaWaves","floor":16.0},{"not_picked":["Fan","AT_HeatAcrobatics+1","Recycle","Loop"],"picked":"Hologram","floor":18.0},{"not_picked":["Barrage","Sunder","Turbo","Steam"],"picked":"Cold Snap+1","floor":19.0},{"not_picked":["Steam+1","Redo","MostiFishMod:InterfaceCompatibility","Sweeping Beam","Chaos"],"picked":"SKIP","floor":20.0},{"not_picked":["Storm+1","Stack","AT_DarkMatter","Loop+1","Rebound+1"],"picked":"SKIP","floor":21.0},{"not_picked":["Consume","Melter","AT_HeatAcrobatics","AT_RobotInSpace"],"picked":"Turbo","floor":23.0},{"not_picked":["Sunder","Turbo","Redo","Cold Snap"],"picked":"AT_HeatAcrobatics+1","floor":28.0},{"not_picked":["Redo","Darkness","Conserve Battery","Echo Form","MostiFishMod:TalkingToTheRain"],"picked":"SKIP","floor":29.0},{"not_picked":["Hologram","Auto Shields","Conserve Battery","Steam","Ball Lightning"],"picked":"SKIP","floor":30.0},{"not_picked":["Stack","Coolheaded","Go for the Eyes","MostiFishMod:ReprogramOld","Hello World+1"],"picked":"SKIP","floor":31.0},{"not_picked":["Machine Learning","Multi-Cast","Hyperbeam","Creative AI"],"picked":"AT_RightCognition","floor":33.0},{"not_picked":["Cold Snap","Sweeping Beam","FTL+1","Coolheaded+1"],"picked":"Defragment+1","floor":35.0},{"not_picked":["Swift Strike","MostiFishMod:PerfectForm","SuicideKing","AT_Homeward"],"picked":"MostiFishMod:ButterFly","floor":36.0},{"not_picked":["AT_DarkMatter","Reinforced Body","Sweeping Beam","Beam Cell","Gash"],"picked":"SKIP","floor":38.0},{"not_picked":["Leap","Beam Cell+1","Hologram","BootSequence","Compile Driver"],"picked":"SKIP","floor":39.0},{"not_picked":["Recycle","Fusion+1","MostiFishMod:Impulse","Force Field"],"picked":"Ball Lightning","floor":40.0},{"not_picked":["Barrage","Cold Snap+1","MostiFishMod:StrandedSiren","Conserve Battery"],"picked":"All For One","floor":42.0},{"not_picked":["Redo","Rebound+1","Go for the Eyes","Turbo","Barrage+1"],"picked":"SKIP","floor":44.0},{"not_picked":["Coolheaded","Barrage","BootSequence","AT_HeatAcrobatics","Hologram"],"picked":"SKIP","floor":46.0}],"player_experience":34408,"relics_obtained":[{"floor":1.0,"key":"SynthV:TestCard"},{"floor":6.0,"key":"AT_TimeSand"},{"floor":9.0,"key":"MoneyPower"},{"floor":10.0,"key":"Meat on the Bone"},{"floor":13.0,"key":"Peace Pipe"},{"floor":23.0,"key":"Happy Flower"},{"floor":26.0,"key":"Cables"},{"floor":29.0,"key":"Pen Nib"},{"floor":37.0,"key":"AT_ChloranthyRing"},{"floor":40.0,"key":"Gremlin Horn"},{"floor":40.0,"key":"Toy Ornithopter"},{"floor":42.0,"key":"BelialBook"},{"floor":42.0,"key":"Pantograph"},{"floor":43.0,"key":"Pear"}],"event_choices":[{"damage_healed":0.0,"max_hp_gain":0.0,"max_hp_loss":0.0,"gold_gain":0.0,"event_name":"Shining Light","player_choice":"Entered Light","floor":5.0,"gold_loss":0.0,"damage_taken":21.0,"cards_upgraded":["AT_HeatAcrobatics","Defend_B"]},{"damage_healed":0.0,"max_hp_gain":5.0,"max_hp_loss":0.0,"gold_gain":0.0,"event_name":"Forgotten Altar","player_choice":"Shed Blood","floor":22.0,"gold_loss":0.0,"damage_taken":25.0},{"damage_healed":15.0,"max_hp_gain":0.0,"max_hp_loss":0.0,"gold_gain":0.0,"event_name":"The Library","player_choice":"Heal","floor":25.0,"gold_loss":0.0,"damage_taken":0.0},{"damage_healed":0.0,"max_hp_gain":0.0,"max_hp_loss":0.0,"gold_gain":0.0,"event_name":"SensoryStone","player_choice":"Memory 1","floor":36.0,"gold_loss":0.0,"damage_taken":0.0},{"cards_removed":["Defend_B"],"damage_healed":0.0,"max_hp_gain":0.0,"max_hp_loss":0.0,"gold_gain":0.0,"event_name":"Falling","player_choice":"Removed Skill","floor":47.0,"gold_loss":0.0,"damage_taken":0.0},{"damage_healed":0.0,"max_hp_gain":0.0,"max_hp_loss":0.0,"gold_gain":0.0,"event_name":"Tomb of Lord Red Mask","player_choice":"Paid","floor":48.0,"gold_loss":354.0,"damage_taken":0.0,"relics_obtained":["Red Mask"]}],"is_beta":false,"boss_relics":[{"not_picked":["Astrolabe","Runic Dome"],"picked":"Black Star"},{"not_picked":[]},{"not_picked":["RhineFirstAidKit","MoonlightInvasionPlan"],"picked":"ChiXiaoBlade"},{"not_picked":[]}],"items_purged_floors":[],"is_endless":false,"potions_floor_spawned":[3,14,16,20,21,23,31,33,38,40,46],"ascension_level":20}}