{"host":"z4j51vjvl4ssilsu","time":1613708357,"event":{"mods":["AchievementEnabler","Act Like it!","Aspiration","BaseMod","Better Altar","Better Match","Better Note","Better Sensory Stone","Better Silent Start","Better Skull","Better Synergies","Better Third Choice","Better Vampires","Better-Laid Plans","BetterRewards","Block Reminder","CapriCore","Colored Powertips","Conspire","DeckTracker","Disable Question Mark Monsters","Elementarium","Emptier Cage","Energized Spire","Gensokyo","GifTheSpireLib","Gold Saver","GungeonMod","Halation","Hallownest","Hubris","Infinite Spire","Ironclad Rager","Marisa????????","Marked Mod","Mimic Mod","Minty Spire (QoL Compilation)","MostiFishMod","Permanent Neow","Quick Restart","RRrroohrrRGHHhhh!!","Reliquary","Replay The Spire","SCP261 Mod","SacredBarkPlus","Smile Girya","Spicy Shops","StS++","StSLib","Stuff the Spire","The Bug Knight","The Cursed","The Elementalist","The Marked","The Servant 0.9.4","Transform Curses","Unceasing Turn Reminder"],"gold_per_floor":[111,129,29,62,75,75,75],"floor_reached":6,"language":"ENG","playtime":369,"items_purged":[],"score":43,"play_id":"616b11bf-2c28-40ee-8fe1-2f9c4fca4d27","local_time":"20210219011917","is_ascension_mode":true,"campfire_choices":[],"circlet_count":0,"master_deck":["Strike_G","Strike_G","Strike_G","Strike_G","Defend_G","Defend_G","Defend_G","Defend_G","Survivor","Neutralize","Backflip","StSpp:TimeParadox"],"relics":["Ring of the Snake","DaveBox","NeowsBlessing","SynthV:TestCard","reliquary:Sideboard","Lantern"],"acts_visited":["Gensokyo:Gensokyo"],"potions_floor_usage":[6],"damage_taken":[{"damage":0,"enemies":"Gensokyo:Python","floor":1,"turns":1},{"damage":0,"enemies":"Gensokyo:Gryphon","floor":2,"turns":1},{"damage":0,"enemies":"Gensokyo:2_Kodama","floor":4,"turns":2},{"damage":0,"enemies":"Gensokyo:2_Kodama","floor":5,"turns":3},{"damage":82,"enemies":"Gensokyo:Cirno","floor":6,"turns":9}],"seed_played":"-4102036270915128598","potions_obtained":[{"floor":5,"key":"Adrenaline Potion"}],"is_trial":false,"path_per_floor":["M","M","?","MIM","M","E"],"character_chosen":"THE_SILENT","items_purchased":[],"campfire_rested":0,"item_purchase_floors":[],"current_hp_per_floor":[70,70,70,70,70,0,0],"gold":75,"neow_bonus":"THREE_ENEMY_KILL","is_daily":false,"chose_seed":false,"campfire_upgraded":0,"win_rate":0.0,"timestamp":1613708357,"path_taken":["M","M","?","?","M","E"],"items_purchased_type":[],"build_version":"2020-12-22","purchased_purges":0,"victory":false,"max_hp_per_floor":[70,70,70,70,70,70,70],"card_choices":[{"not_picked":["StSpp:StrikeFirst","MostiFishMod:PerfectParry"],"picked":"Backflip","floor":1},{"not_picked":["rorgmod:Prepared","Deadly Poison","Dagger Throw","Dodge and Roll"],"picked":"StSpp:TimeParadox","floor":2},{"not_picked":["MostiFishMod:InvigoratingSolution","Sucker Punch","Outmaneuver","ReplayTheSpireMod:Shiv Toss"],"picked":"MostiFishMod:FullyArmed","floor":4},{"not_picked":["ReplayTheSpireMod:The Works","StuffTheSpire:MirrorStance","Atom Bomb","Expertise"],"picked":"Envenom","floor":5}],"player_experience":330471,"relics_obtained":[{"floor":1,"key":"SynthV:TestCard"},{"floor":4,"key":"Lantern"}],"event_choices":[],"is_beta":false,"boss_relics":[],"items_purged_floors":[],"is_endless":false,"potions_floor_spawned":[5],"killed_by":"Gensokyo:Cirno","ascension_level":4}}