{"host":"blhqr6uo32maonpv","time":1613718077,"event":{"mods":["BaseMod","Downfall","Minty Spire (QoL Compilation)","Replay The Spire","StSLib","The Bug Knight","The Marked"],"gold_per_floor":[109,109,121,132,143,66,66,66,66,66,95,112,172,26,26,26,26],"floor_reached":16,"language":"ENG","playtime":528,"items_purged":[],"score":100,"play_id":"dfc7e4dd-f4f8-4883-84a1-2b647a89147a","local_time":"20210219030117","is_ascension_mode":false,"campfire_choices":[{"floor":10,"key":"REST"},{"floor":15,"key":"REST"}],"circlet_count":0,"master_deck":["Strike_B","Strike_B","Strike_B","Strike_B","Defend_B","Defend_B","Defend_B","Zap","Dualcast","Stack","FTL","ReplayTheSpireMod:Reroute Power","Defragment","Crystallizer","Chaos","Capacitor","Pot Of Greed","Pot Of Greed","Echo Form"],"relics":["Cracked Core","Pocketwatch","ReplayTheSpireMod:Ninjato","Replay:Baseball","Grinning Jar","Toolbox"],"acts_visited":["Exordium"],"potions_floor_usage":[3,11,11,13,16],"damage_taken":[{"damage":1,"enemies":"Jaw Worm","floor":1,"turns":3},{"damage":0,"enemies":"Cultist","floor":3,"turns":3},{"damage":0,"enemies":"Small Slimes","floor":4,"turns":2},{"damage":4,"enemies":"Blue Slaver","floor":5,"turns":3},{"damage":19,"enemies":"Lagavulin","floor":11,"turns":5},{"damage":8,"enemies":"Red Slaver","floor":12,"turns":3},{"damage":29,"enemies":"Gremlin Nob","floor":13,"turns":5},{"damage":46,"enemies":"Slime Boss","floor":16,"turns":5}],"seed_played":"6187327332991948646","potions_obtained":[{"floor":0,"key":"hexamod:SoulburnPotion"},{"floor":0,"key":"AttackPotion"},{"floor":0,"key":"PowerPotion"},{"floor":4,"key":"Adrenaline Potion"},{"floor":12,"key":"Ancient Potion"},{"floor":13,"key":"Adrenaline Potion"}],"is_trial":false,"path_per_floor":["M","?","M","M","M","$","?","?","T","R","E","M","?","$","R","B"],"character_chosen":"DEFECT","items_purchased":["Crystallizer","Toolbox"],"campfire_rested":2,"item_purchase_floors":[6,14],"current_hp_per_floor":[74,74,74,74,70,70,70,52,52,74,55,47,18,18,40,0,0],"gold":26,"neow_bonus":"THREE_SMALL_POTIONS","is_daily":false,"chose_seed":false,"campfire_upgraded":0,"win_rate":0.0,"timestamp":1613718077,"path_taken":["M","?","M","?","M","$","?","?","T","R","E","M","?","$","R","BOSS"],"items_purchased_type":["Card","Relic"],"build_version":"2020-12-22","purchased_purges":0,"victory":false,"max_hp_per_floor":[75,75,75,75,75,75,75,75,75,75,75,75,75,75,75,75,75],"card_choices":[{"not_picked":["Glacier","Turbo"],"picked":"Stack","floor":1},{"not_picked":["Turbo","Steam"],"picked":"FTL","floor":3},{"not_picked":["Aggregate","Undo"],"picked":"ReplayTheSpireMod:Reroute Power","floor":4},{"not_picked":["Beam Cell","Self Repair"],"picked":"Defragment","floor":5},{"not_picked":["Turbo","Seek"],"picked":"Chaos","floor":11},{"not_picked":["Leap","Barrage"],"picked":"Capacitor","floor":12},{"not_picked":["Cold Snap","Go for the Eyes"],"picked":"Echo Form","floor":13}],"player_experience":36591,"relics_obtained":[{"floor":9,"key":"ReplayTheSpireMod:Ninjato"},{"floor":11,"key":"Replay:Baseball"},{"floor":13,"key":"Grinning Jar"}],"event_choices":[{"cards_removed":["Defend_B"],"damage_healed":0,"gold_gain":0,"player_choice":"Purged","damage_taken":0,"max_hp_gain":0,"max_hp_loss":0,"event_name":"Purifier","floor":2,"gold_loss":0},{"damage_healed":0,"gold_gain":0,"player_choice":"Leave","damage_taken":0,"max_hp_gain":0,"max_hp_loss":0,"event_name":"The Cleric","floor":7,"gold_loss":0},{"damage_healed":0,"gold_gain":0,"player_choice":"Success","damage_taken":18,"relics_obtained":["Pocketwatch"],"max_hp_gain":0,"max_hp_loss":0,"event_name":"Scrap Ooze","floor":8,"gold_loss":0},{"damage_healed":0,"gold_gain":0,"player_choice":"Searched \u00272\u0027 times","damage_taken":0,"max_hp_gain":0,"max_hp_loss":0,"event_name":"Dead Adventurer","floor":13,"gold_loss":0}],"is_beta":false,"boss_relics":[],"items_purged_floors":[],"is_endless":false,"potions_floor_spawned":[1,4,12,13],"killed_by":"Slime Boss","ascension_level":0}}