{"host":"8tgyo6jwzgmjsiz5","time":1613693857,"event":{"mods":["AchievementEnabler","BaseMod","Best Route Mod","Highlight Path","Minty Spire (QoL Compilation)","Permanent Neow","Quick Restart","StSLib","SuperFastMode"],"gold_per_floor":[20,20,40,40,112,146,146,185,185,185,198,216,2,17,17,107,107,130,130,149,164,177,177,200,231,276,276,276,289,289,303,303,303,303],"floor_reached":33,"language":"ENG","playtime":1480,"items_purged":[],"score":488,"play_id":"8fcfcf40-348c-4f28-b449-6a8ec4feb5b5","local_time":"20210218211737","is_ascension_mode":true,"campfire_choices":[{"data":"Armaments","floor":7.0,"key":"SMITH"},{"floor":10.0,"key":"REST"},{"data":"Apotheosis","floor":15.0,"key":"SMITH"},{"floor":23.0,"key":"REST"},{"floor":30.0,"key":"REST"},{"data":"True Grit","floor":32.0,"key":"SMITH"}],"circlet_count":0,"master_deck":["AscendersBane","Strike_R","Defend_R","Defend_R","Defend_R","Defend_R","Bash","Cleave","Berserk","Armaments+1","Wild Strike","Regret","Demon Form+1","Shrug It Off","Uppercut","Apotheosis+1","Whirlwind","Corruption+1","Shrug It Off","Dark Embrace+1","True Grit+1","Twin Strike","True Grit+1","Evolve+1","Dropkick","Limit Break"],"relics":["Burning Blood","Golden Idol","Frozen Egg 2","Bottled Lightning","Bag of Marbles","Mercury Hourglass","Singing Bowl","Sozu","Bottled Flame","Centennial Puzzle"],"acts_visited":["Exordium","TheCity"],"potions_floor_usage":[],"damage_taken":[{"damage":9.0,"enemies":"Small Slimes","floor":1.0,"turns":3.0},{"damage":5.0,"enemies":"2 Louse","floor":3.0,"turns":3.0},{"damage":41.0,"enemies":"Lagavulin","floor":6.0,"turns":8.0},{"damage":34.0,"enemies":"Gremlin Nob","floor":8.0,"turns":4.0},{"damage":0.0,"enemies":"Jaw Worm","floor":11.0,"turns":3.0},{"damage":5.0,"enemies":"Exordium Thugs","floor":12.0,"turns":4.0},{"damage":2.0,"enemies":"Exordium Wildlife","floor":14.0,"turns":3.0},{"damage":14.0,"enemies":"Slime Boss","floor":16.0,"turns":8.0},{"damage":25.0,"enemies":"Shell Parasite","floor":18.0,"turns":5.0},{"damage":44.0,"enemies":"3 Byrds","floor":20.0,"turns":4.0},{"damage":3.0,"enemies":"Centurion and Healer","floor":21.0,"turns":6.0},{"damage":9.0,"enemies":"Shelled Parasite and Fungi","floor":22.0,"turns":5.0},{"damage":11.0,"enemies":"Chosen and Byrds","floor":24.0,"turns":6.0},{"damage":32.0,"enemies":"Gremlin Leader","floor":25.0,"turns":6.0},{"damage":23.0,"enemies":"Snake Plant","floor":29.0,"turns":4.0},{"damage":7.0,"enemies":"Cultist and Chosen","floor":31.0,"turns":5.0},{"damage":68,"enemies":"Automaton","floor":33,"turns":6}],"seed_played":"-8245392104945050077","potions_obtained":[{"floor":1.0,"key":"Fruit Juice"},{"floor":11.0,"key":"EssenceOfSteel"},{"floor":16.0,"key":"FairyPotion"}],"is_trial":false,"path_per_floor":["M","?","M","?","T","E","R","E","T","R","M","M","$","M","R","B",null,"M","?","M","M","M","R","M","E","T","?","?","M","R","M","R","B"],"character_chosen":"IRONCLAD","items_purchased":["Apotheosis","BloodPotion"],"campfire_rested":3,"item_purchase_floors":[13,13],"current_hp_per_floor":[65,65,66,66,66,31,31,8,8,29,37,38,38,42,42,49,69,50,50,12,17,14,37,34,8,8,8,8,17,40,41,41,0,0],"gold":303,"neow_bonus":"TRANSFORM_TWO_CARDS","is_daily":false,"chose_seed":false,"campfire_upgraded":3,"win_rate":0.0,"timestamp":1613693857,"path_taken":["M","?","M","?","?","E","R","E","T","R","M","M","$","?","R","BOSS","M","?","M","?","?","R","?","E","T","?","?","M","R","M","R","BOSS"],"items_purchased_type":["Card","Potion"],"build_version":"2020-12-22","purchased_purges":0,"victory":false,"max_hp_per_floor":[75,68,68,68,68,68,68,73,73,73,75,75,75,75,75,75,75,75,75,75,77,77,77,79,79,79,79,79,79,79,81,81,81,81],"card_choices":[{"not_picked":["Intimidate","Clash"],"picked":"Armaments","floor":1.0},{"not_picked":["Armaments","Feel No Pain"],"picked":"Wild Strike","floor":3.0},{"not_picked":["Clash","Intimidate"],"picked":"Demon Form+1","floor":6.0},{"not_picked":["Armaments","Sever Soul"],"picked":"Shrug It Off","floor":8.0},{"not_picked":["Cleave","Clothesline","Iron Wave"],"picked":"Singing Bowl","floor":11.0},{"not_picked":["Flex","Clash"],"picked":"Uppercut","floor":12.0},{"not_picked":["Anger","Pummel"],"picked":"Whirlwind","floor":14.0},{"not_picked":["Demon Form+1","Double Tap"],"picked":"Corruption+1","floor":16.0},{"not_picked":["Warcry","Blood for Blood+1"],"picked":"Shrug It Off","floor":18.0},{"not_picked":["Iron Wave","Havoc"],"picked":"Dark Embrace+1","floor":20.0},{"not_picked":["Spot Weakness","Armaments","Thunderclap"],"picked":"Singing Bowl","floor":21.0},{"not_picked":["Iron Wave","Fiend Fire"],"picked":"True Grit+1","floor":22.0},{"not_picked":["Sword Boomerang","Clash+1","Rampage+1"],"picked":"Singing Bowl","floor":24.0},{"not_picked":["Pommel Strike","Body Slam"],"picked":"Twin Strike","floor":25.0},{"not_picked":["Headbutt","Thunderclap"],"picked":"Limit Break","floor":29.0},{"not_picked":["Shrug It Off","Warcry","Perfected Strike"],"picked":"Singing Bowl","floor":31.0}],"player_experience":1985449,"relics_obtained":[{"floor":5.0,"key":"Bottled Lightning"},{"floor":6.0,"key":"Bag of Marbles"},{"floor":8.0,"key":"Mercury Hourglass"},{"floor":9.0,"key":"Singing Bowl"},{"floor":25.0,"key":"Bottled Flame"},{"floor":26.0,"key":"Centennial Puzzle"}],"event_choices":[{"damage_healed":0.0,"max_hp_gain":0.0,"max_hp_loss":7.0,"gold_gain":0.0,"event_name":"Golden Idol","player_choice":"Lose Max HP","floor":2.0,"gold_loss":0.0,"damage_taken":0.0,"relics_obtained":["Golden Idol"]},{"damage_healed":0.0,"max_hp_gain":0.0,"max_hp_loss":0.0,"gold_gain":0.0,"event_name":"Big Fish","player_choice":"Box","floor":4.0,"gold_loss":0.0,"damage_taken":0.0,"relics_obtained":["Frozen Egg 2"],"cards_obtained":["Regret"]},{"damage_healed":0.0,"max_hp_gain":0.0,"max_hp_loss":0.0,"gold_gain":0.0,"event_name":"FaceTrader","player_choice":"Leave","floor":19.0,"gold_loss":0.0,"damage_taken":0.0},{"damage_healed":0.0,"max_hp_gain":0.0,"max_hp_loss":0.0,"gold_gain":0.0,"event_name":"The Library","player_choice":"Read","floor":27.0,"gold_loss":0.0,"damage_taken":0.0,"cards_obtained":["True Grit"]},{"damage_healed":0.0,"max_hp_gain":0.0,"max_hp_loss":0.0,"gold_gain":0.0,"cards_transformed":["Strike_R","Strike_R"],"event_name":"Drug Dealer","player_choice":"Became Test Subject","floor":28.0,"gold_loss":0.0,"damage_taken":0.0,"cards_obtained":["Evolve","Dropkick"]}],"is_beta":false,"boss_relics":[{"not_picked":["Coffee Dripper","Philosopher\u0027s Stone"],"picked":"Sozu"}],"items_purged_floors":[],"is_endless":false,"potions_floor_spawned":[1,11,16,21,24,25,31],"killed_by":"Automaton","ascension_level":15}}