{"host":"fd0wl3s6rfvq235o","time":1613764469,"event":{"mods":["Act Like it!","Aspiration","BaseMod","Conspire","Defuse TimeMaze Blight","Glutton Mod","Hubris","Infinite Spire","Mari Mod (Legacy)","Mari\u0027s V1 Patch","Marisa????????","Minty Spire (QoL Compilation)","Replay The Spire","StSLib","The Bug Knight","The Construct","The Necromancer","The Witch"],"gold_per_floor":[111,111,111,122,47,79,79,112,112,112,130,143,143,215,215,352,352,407,407,461,142,154,181,200,200,254,281,281,299,259,312,312,450,450,467,478,478,478],"floor_reached":37,"language":"DEU","playtime":1787,"items_purged":["Regret","Injury"],"score":484,"play_id":"b2d74901-84c4-47a6-9234-fe0a0a89c3c6","local_time":"20210219205429","is_ascension_mode":false,"campfire_choices":[{"data":"Glutton:Flail","floor":7,"key":"SMITH"},{"floor":10,"key":"REST"},{"floor":15,"key":"REST"},{"floor":25,"key":"REST"},{"floor":28,"key":"REST"},{"floor":32,"key":"REST"}],"circlet_count":0,"master_deck":["Glutton:Strike","Glutton:Strike","Glutton:Strike","Glutton:Strike","Glutton:Strike","Glutton:Strike","Glutton:Defend","Glutton:Defend","Glutton:Flail+1","Glutton:Treat+1","Glutton:Enfeeblement+1","Glutton:Treat+1","Glutton:SelfFlagellate+1","Glutton:Hoard+1","Glutton:Hemophilia+1","Glutton:Megrim+1","Glutton:Thrombosis+1","infinitespire:Starlight+1","Glutton:ShedFat+1","Glutton:Misery+1","Glutton:StarvationMode+1"],"relics":["Glutton:EternalHunger","NeowsBlessing","Toxic Egg 2","Frozen Egg 2","The Courier","Tiny Chest","Replay:Wax Seal","Iron Hammer","hubris:ScarierMask","Lee\u0027s Waffle","Omamori","Smiling Mask","infinitespire:Satchel"],"acts_visited":["Exordium","TheCity","TheBeyond"],"potions_floor_usage":[8,11,12,20,22,33,33],"damage_taken":[{"damage":1.0,"enemies":"2 Louse","floor":1.0,"turns":1.0},{"damage":3,"enemies":"conspire:RoseBush","floor":4,"turns":1},{"damage":1,"enemies":"3 Sentries","floor":6,"turns":1},{"damage":14,"enemies":"Gremlin Nob","floor":8,"turns":3},{"damage":7,"enemies":"Cultist","floor":11,"turns":3},{"damage":16,"enemies":"Looter","floor":12,"turns":3},{"damage":30,"enemies":"Lagavulin","floor":14,"turns":7},{"damage":114,"enemies":"The Guardian","floor":16,"turns":13},{"damage":35,"enemies":"Chosen","floor":18,"turns":5},{"damage":57,"enemies":"Shell Parasite","floor":20,"turns":7},{"damage":22,"enemies":"Chosen and Byrds","floor":22,"turns":3},{"damage":83,"enemies":"Nightmare","floor":23,"turns":7},{"damage":37,"enemies":"Centurion and Healer","floor":24,"turns":4},{"damage":58,"enemies":"Snake Plant","floor":29,"turns":4},{"damage":30,"enemies":"conspire:HollyBat","floor":31,"turns":6},{"damage":97,"enemies":"conspire:MysteriousRune","floor":33,"turns":6},{"damage":3,"enemies":"3 Shapes","floor":35,"turns":3},{"damage":61,"enemies":"Orb Walker","floor":36,"turns":4}],"seed_played":"-4838147071349682411","potions_obtained":[{"floor":1.0,"key":"Reflective Coating"},{"floor":4,"key":"PowerPotion"},{"floor":8,"key":"Energy Potion"},{"floor":16,"key":"Flashbang"},{"floor":18,"key":"DistilledChaos"},{"floor":20,"key":"FearPotion"},{"floor":30,"key":"CultistPotion"},{"floor":30,"key":"Fire Potion"},{"floor":33,"key":"Swift Potion"},{"floor":35,"key":"SpeedPotion"}],"is_trial":false,"path_per_floor":["M","?","?","M","$","E","R","E","T","R","M","M","?","E","R","B",null,"M","?","M","$","M","NM","M","R","T","T","R","M","?","M","R","B",null,"M","M","$"],"character_chosen":"GLUTTON","items_purchased":["Lee\u0027s Waffle","Omamori"],"campfire_rested":5,"item_purchase_floors":[21,21],"current_hp_per_floor":[119,119,119,116,116,115,115,101,101,120,113,97,97,71,108,2,132,105,105,52,151,136,66,48,96,96,96,144,112,112,111,164,94,179,176,138,138,138],"gold":478,"neow_bonus":"THREE_ENEMY_KILL","is_daily":false,"chose_seed":false,"campfire_upgraded":1,"win_rate":0.0,"timestamp":1613764469,"path_taken":["M","?","?","M","$","E","R","E","T","R","M","M","?","E","R","BOSS","M","?","?","$","M","NM","M","R","T","?","R","?","?","M","R","BOSS","M","?","$"],"items_purchased_type":["Relic","Relic"],"build_version":"2020-12-22","purchased_purges":2,"victory":false,"max_hp_per_floor":[120,120,120,120,120,120,120,120,120,120,120,120,120,124,124,132,132,140,140,144,151,155,159,163,163,163,163,163,171,171,179,179,179,179,179,187,187,187],"card_choices":[{"not_picked":["Glutton:GnawingHunger","Glutton:Thrombosis","Glutton:KneeJerk"],"picked":"SKIP","floor":1.0},{"not_picked":["Glutton:Brace+1","Glutton:GnawingHunger"],"picked":"Glutton:Treat+1","floor":4},{"not_picked":["Glutton:Overreach","Glutton:Rest+1"],"picked":"Glutton:Enfeeblement+1","floor":6},{"not_picked":["Glutton:Migraine+1","Glutton:Devour"],"picked":"Glutton:Treat+1","floor":8},{"not_picked":["Glutton:Revivification+1","Glutton:Salivate+1","Glutton:Treat+1"],"picked":"SKIP","floor":11},{"not_picked":["Glutton:Migraine+1","Glutton:ObsessiveGreed+1"],"picked":"Glutton:SelfFlagellate+1","floor":12},{"not_picked":["Glutton:Brace+1","Glutton:GnawingHunger","Glutton:Salivate+1"],"picked":"SKIP","floor":14},{"not_picked":["Glutton:Enfeeblement+1","Glutton:FragileMight"],"picked":"Glutton:Hemophilia+1","floor":16},{"not_picked":["Glutton:Rest+1","Glutton:KneeJerk+1","Glutton:Loot"],"picked":"SKIP","floor":18},{"not_picked":["Glutton:Demolish+1","Glutton:Salivate+1"],"picked":"Glutton:Thrombosis+1","floor":20},{"not_picked":["Glutton:Devour","Glutton:Loot","Glutton:KneeJerk+1"],"picked":"SKIP","floor":22},{"not_picked":["infinitespire:SevenWalls","ReplayTheSpireMod:Echoes of Time"],"picked":"infinitespire:Starlight","floor":23},{"not_picked":["Glutton:Slam+1","Glutton:Hemophilia+1"],"picked":"Glutton:ShedFat+1","floor":23},{"not_picked":["Glutton:Feast","Glutton:ShedFat+1","Glutton:Slam+1"],"picked":"SKIP","floor":24},{"not_picked":["Glutton:GuardStance+1","Glutton:Demolish","Glutton:Rest+1"],"picked":"SKIP","floor":29},{"not_picked":["Glutton:Yearn+1","Glutton:Fever+1"],"picked":"Glutton:Misery+1","floor":31},{"not_picked":["Glutton:Avarice","Glutton:FragileMight"],"picked":"Glutton:StarvationMode+1","floor":33},{"not_picked":["Glutton:GuardStance+1","Glutton:DistilledAgony","Glutton:Demolish+1"],"picked":"SKIP","floor":35},{"not_picked":["Glutton:Throb","Glutton:Salivate+1","Glutton:Brace+1"],"picked":"SKIP","floor":36}],"player_experience":571278,"relics_obtained":[{"floor":6,"key":"The Courier"},{"floor":8,"key":"Tiny Chest"},{"floor":9,"key":"Replay:Wax Seal"},{"floor":14,"key":"Iron Hammer"},{"floor":26,"key":"Smiling Mask"},{"floor":27,"key":"infinitespire:Satchel"}],"event_choices":[{"damage_healed":0.0,"max_hp_gain":0.0,"max_hp_loss":0.0,"gold_gain":0.0,"event_name":"Big Fish","player_choice":"Box","floor":2.0,"gold_loss":0.0,"damage_taken":0.0,"relics_obtained":["Toxic Egg 2"],"cards_obtained":["Regret"]},{"damage_healed":0,"gold_gain":0,"cards_transformed":["Glutton:Defend"],"player_choice":"Transformed","damage_taken":0,"max_hp_gain":0,"max_hp_loss":0,"event_name":"Transmorgrifier","floor":19,"gold_loss":0,"cards_obtained":["Glutton:Megrim"]},{"damage_healed":0,"gold_gain":0,"player_choice":"Bought 3 Potions","damage_taken":0,"max_hp_gain":0,"max_hp_loss":0,"event_name":"The Woman in Blue","floor":30,"gold_loss":0}],"is_beta":false,"boss_relics":[{"not_picked":["Kintsugi","SacredBark"],"picked":"hubris:ScarierMask"},{"not_picked":["hubris:RunicObelisk","Busted Crown","Snecko Eye"]}],"items_purged_floors":[5,21],"is_endless":true,"potions_floor_spawned":[1,4,8,16,18,20,33,35],"ascension_level":0}}