{"host":"kp5m5tbwfn2imaek","time":1613709113,"event":{"mods":["AchievementEnabler","BaseMod","Bestiary","Minty Spire (QoL Compilation)","Relic Stats"],"gold_per_floor":[114,134,134,134,144,144,169,179,251,147,147,160,193,213,213,213,213],"floor_reached":16,"language":"ENG","playtime":543,"items_purged":["Strike_R"],"score":224,"play_id":"6b1a049c-7b14-4d0f-87cd-4680ff1a4231","local_time":"20210218233153","is_ascension_mode":true,"campfire_choices":[{"data":"Combust","floor":6,"key":"SMITH"},{"floor":11,"key":"REST"},{"floor":15,"key":"REST"}],"circlet_count":0,"master_deck":["AscendersBane","Strike_R","Strike_R","Strike_R","Strike_R","Defend_R","Defend_R","Defend_R","Defend_R","Bash","Combust+1","Combust","Headbutt","True Grit","Shrug It Off","Thunderclap","Burning Pact","Inflame"],"relics":["Burning Blood","Dead Branch","Dream Catcher","Matryoshka","Bag of Preparation"],"acts_visited":["Exordium"],"potions_floor_usage":[13,13,13,14],"damage_taken":[{"damage":6,"enemies":"Cultist","floor":1,"turns":3},{"damage":3,"enemies":"2 Louse","floor":2,"turns":4},{"damage":9,"enemies":"Small Slimes","floor":5,"turns":5},{"damage":37,"enemies":"Gremlin Nob","floor":7,"turns":4},{"damage":18,"enemies":"3 Louse","floor":8,"turns":3},{"damage":12,"enemies":"Large Slime","floor":12,"turns":5},{"damage":38,"enemies":"Lagavulin","floor":13,"turns":7},{"damage":6,"enemies":"Exordium Wildlife","floor":14,"turns":4},{"damage":14,"enemies":"Hexaghost","floor":16,"turns":5}],"seed_played":"-2421682306692562677","potions_obtained":[{"floor":1,"key":"GamblersBrew"},{"floor":5,"key":"EntropicBrew"}],"is_trial":false,"path_per_floor":["M","M","?","?","M","R","E","M","T","$","R","M","E","M","R","B"],"character_chosen":"IRONCLAD","items_purchased":["True Grit"],"campfire_rested":2,"item_purchase_floors":[10],"current_hp_per_floor":[75,78,67,67,64,64,33,21,21,21,45,39,7,7,31,17,17],"gold":213,"neow_bonus":"TEN_PERCENT_HP_BONUS","is_daily":false,"chose_seed":false,"campfire_upgraded":1,"win_rate":0.0,"timestamp":1613709113,"path_taken":["M","M","?","?","M","R","E","M","T","$","R","M","E","M","R","BOSS"],"items_purchased_type":["Card"],"build_version":"2020-12-22","purchased_purges":1,"victory":false,"max_hp_per_floor":[82,82,82,82,82,82,82,82,82,82,82,82,82,82,82,82,82],"relic_stats":{"Dream Catcher":2,"counters":[9,40],"Dead Branch":[20],"Bag of Preparation":[4],"obtain_stats":[{"Dream Catcher":7,"Matryoshka":9,"Dead Branch":3,"Bag of Preparation":13,"Burning Blood":0},{"Dream Catcher":4,"Matryoshka":5,"Dead Branch":2,"Bag of Preparation":7,"Burning Blood":0},{"Dream Catcher":16,"Matryoshka":19,"Dead Branch":7,"Bag of Preparation":31,"Burning Blood":0}],"Burning Blood":48},"card_choices":[{"not_picked":["Armaments","Intimidate"],"picked":"Combust","floor":1},{"not_picked":["Searing Blow","Havoc"],"picked":"Combust","floor":2},{"not_picked":["Clash","Wild Strike","Anger"],"picked":"SKIP","floor":5},{"not_picked":["Havoc","Heavy Blade","Metallicize"],"picked":"SKIP","floor":7},{"not_picked":["Body Slam","Power Through"],"picked":"Headbutt","floor":8},{"not_picked":["Warcry","Twin Strike"],"picked":"Shrug It Off","floor":11},{"not_picked":["Clash","Whirlwind","Havoc"],"picked":"SKIP","floor":12},{"not_picked":["Wild Strike","Exhume"],"picked":"Thunderclap","floor":13},{"not_picked":["Rage","Shrug It Off"],"picked":"Burning Pact","floor":14},{"not_picked":["Uppercut","Rage"],"picked":"Inflame","floor":15}],"player_experience":751138,"relics_obtained":[{"floor":7,"key":"Dream Catcher"},{"floor":9,"key":"Matryoshka"},{"floor":13,"key":"Bag of Preparation"}],"event_choices":[{"damage_healed":0,"gold_gain":0,"player_choice":"Success","damage_taken":11,"relics_obtained":["Dead Branch"],"max_hp_gain":0,"max_hp_loss":0,"event_name":"Scrap Ooze","floor":3,"gold_loss":0},{"damage_healed":0,"gold_gain":0,"player_choice":"Ignored","damage_taken":0,"max_hp_gain":0,"max_hp_loss":0,"event_name":"Liars Game","floor":4,"gold_loss":0}],"is_beta":false,"boss_relics":[],"items_purged_floors":[10],"is_endless":false,"potions_floor_spawned":[1,5],"killed_by":"Hexaghost","ascension_level":20}}