{"host":"1w49m7d9l6qfkfhx","time":1613768050,"event":{"mods":["BaseMod","Colored Map","Conspire","Hermit","Minty Spire (QoL Compilation)","Replay The Spire","StSLib","The Construct","The Cursed","The Disciple","The Servant 0.9.4","egg"],"gold_per_floor":[111,121,121,121,121,161,181,181,207,251,251,276,289,289,289,393,393,417,456,465,465,477,477,491,501,525,67,77,97,197,6,6,111,111,127,182,92,110,130,130,156,156,156,170,11,44,64,77,77,77,77],"floor_reached":50,"language":"ENG","playtime":9624,"items_purged":["TheCursedMod:Defend_TheCursed"],"score":589,"play_id":"87e1d0f7-480f-4fcc-95dc-3b72201b3f14","local_time":"20210219155410","is_ascension_mode":false,"campfire_choices":[{"data":"TheCursedMod:FleshFromBone","floor":8,"key":"SMITH"},{"data":"TheCursedMod:StingEye","floor":11,"key":"SMITH"},{"floor":15,"key":"DIG"},{"floor":23,"key":"REST"},{"data":"TheCursedMod:CircleOfAbyss","floor":32,"key":"SMITH"},{"floor":40,"key":"REST"},{"data":"TheCursedMod:CleanUpWorkshop","floor":42,"key":"SMITH"},{"floor":49,"key":"RECALL"}],"circlet_count":0,"master_deck":["TheCursedMod:Strike_TheCursed","TheCursedMod:Strike_TheCursed","TheCursedMod:Defend_TheCursed","TheCursedMod:Defend_TheCursed","TheCursedMod:Defend_TheCursed","TheCursedMod:CursedWand+1","TheCursedMod:CleanUpWorkshop+1","TheCursedMod:Dregs","TheCursedMod:StingEye+1","TheCursedMod:FleshFromBone+1","TheCursedMod:RapidMovement","TheCursedMod:VitalStrike","TheCursedMod:CursedAmulet","TheCursedMod:Mangle","TheCursedMod:OutForBlood","TheCursedMod:Grudge","TheCursedMod:Stigma+1","J.A.X.","TheCursedMod:CircleOfAbyss+1","TheCursedMod:Mangle","TheCursedMod:HellfireBreathing","TheCursedMod:Hemoplague+1","TheCursedMod:SaltUponWound+1","TheCursedMod:StingEye","TheCursedMod:AntiAging+1","TheCursedMod:FuryStrike","TheCursedMod:SpreadPlague+1","TheCursedMod:SurpriseAttack","TheCursedMod:StunningStrike","TheCursedMod:ReleasedStrength+1"],"relics":["TheCursedMod:BlackMagic101","NeowsBlessing","Meat on the Bone","Dream Catcher","Runic Pyramid","Red Mask","Nloth\u0027s Gift","Simple Rune","Replay:Towering Pillar of Hats","Pocketwatch","Singing Bowl","Sozu","StoneCalendar","Eternal Feather","Pear","Strawberry"],"acts_visited":["Exordium","TheCity","TheBeyond"],"potions_floor_usage":[10,10,16,19,30,33,36],"damage_taken":[{"damage":0,"enemies":"2 Louse","floor":1,"turns":1},{"damage":0,"enemies":"Jaw Worm","floor":2,"turns":1},{"damage":0,"enemies":"3 Sentries","floor":6,"turns":1},{"damage":0,"enemies":"Small Slimes","floor":7,"turns":4},{"damage":10,"enemies":"Lagavulin","floor":10,"turns":9},{"damage":8,"enemies":"Exordium Thugs","floor":12,"turns":6},{"damage":0,"enemies":"Blue Slaver","floor":13,"turns":3},{"damage":70,"enemies":"Fading Forest","floor":16,"turns":11},{"damage":7,"enemies":"Spheric Guardian","floor":18,"turns":6},{"damage":20,"enemies":"Masked Bandits","floor":19,"turns":9},{"damage":3,"enemies":"3 Byrds","floor":22,"turns":6},{"damage":12,"enemies":"3 Cultists","floor":24,"turns":6},{"damage":13,"enemies":"Centurion and Healer","floor":25,"turns":8},{"damage":8,"enemies":"Snake Plant","floor":28,"turns":5},{"damage":7,"enemies":"3 Cultists","floor":29,"turns":5},{"damage":4,"enemies":"Colosseum Slavers","floor":30,"turns":4},{"damage":10,"enemies":"Colosseum Nobs","floor":30,"turns":5},{"damage":35,"enemies":"Champ","floor":33,"turns":9},{"damage":2,"enemies":"3 Shapes","floor":35,"turns":7},{"damage":57,"enemies":"2 Orb Walkers","floor":36,"turns":7},{"damage":3,"enemies":"3 Darklings","floor":38,"turns":4},{"damage":14,"enemies":"Writhing Mass","floor":39,"turns":5},{"damage":47,"enemies":"Nemesis","floor":41,"turns":5},{"damage":16,"enemies":"Spire Growth","floor":44,"turns":4},{"damage":19,"enemies":"Giant Head","floor":46,"turns":7},{"damage":15,"enemies":"Jaw Worm Horde","floor":47,"turns":6},{"damage":0,"enemies":"Sphere and 2 Shapes","floor":48,"turns":6},{"damage":94,"enemies":"conspire:OrnateMirror","floor":50,"turns":9}],"seed_played":"-6076024091811667387","potions_obtained":[{"floor":1,"key":"Dexterity Potion"},{"floor":6,"key":"AttackPotion"},{"floor":12,"key":"SkillPotion"},{"floor":13,"key":"Dexterity Potion"},{"floor":19,"key":"Fire Potion"},{"floor":28,"key":"SkillPotion"},{"floor":30,"key":"AttackPotion"}],"is_trial":false,"path_per_floor":["M","M","?","?","?","E","M","R","T","E","R","M","M","$","R_BF","B",null,"M","?","?","?","M","R","M","M","T","$","M","M","?","$","R","B",null,"M","?","?","M","M","R","E","R","T","M","$","E","M","M","R","B"],"character_chosen":"THE_CURSED","items_purchased":["Replay:Towering Pillar of Hats","TheCursedMod:HellfireBreathing","TheCursedMod:StingEye","TheCursedMod:AntiAging+1","TheCursedMod:StunningStrike"],"campfire_rested":2,"item_purchase_floors":[27,27,31,31,45],"current_hp_per_floor":[75,75,75,75,68,68,68,68,68,58,58,50,50,50,50,16,75,68,48,48,48,45,67,55,42,42,42,46,39,49,49,49,31,80,81,36,36,50,50,79,49,64,74,61,61,64,63,68,86,0,0],"gold":77,"neow_bonus":"THREE_ENEMY_KILL","is_daily":false,"chose_seed":false,"campfire_upgraded":4,"win_rate":0.0,"timestamp":1613768050,"path_taken":["M","M","?","?","?","E","M","R","T","E","R","M","M","?","R_BF","BOSS","M","?","?","?","M","R","M","?","T","$","M","M","?","?","R","BOSS","M","?","?","M","?","R","E","R","T","M","$","E","M","M","R","BOSS"],"items_purchased_type":["Relic","Card","Card","Card","Card"],"build_version":"2020-12-22","purchased_purges":1,"victory":false,"max_hp_per_floor":[75,75,75,75,75,75,75,75,75,75,75,75,75,75,75,75,75,75,75,75,75,75,75,75,75,75,75,75,75,75,75,75,80,80,83,83,83,88,90,92,97,97,107,110,110,120,122,127,127,130,130],"card_choices":[{"not_picked":["TheCursedMod:EmpowerCircles","TheCursedMod:CircleOfWindfury"],"picked":"TheCursedMod:StingEye","floor":1},{"not_picked":["TheCursedMod:Hemoplague","TheCursedMod:Stigma"],"picked":"TheCursedMod:FleshFromBone","floor":2},{"not_picked":["TheCursedMod:ParallelWorld","TheCursedMod:CircleOfFlame"],"picked":"TheCursedMod:RapidMovement","floor":6},{"not_picked":["TheCursedMod:Grudge","TheCursedMod:Obscuration"],"picked":"TheCursedMod:VitalStrike","floor":7},{"not_picked":["TheCursedMod:EmpowerCircles","TheCursedMod:RavingStaff"],"picked":"TheCursedMod:CursedAmulet","floor":10},{"not_picked":["TheCursedMod:ShockAndAwe","TheCursedMod:CircleOfFlame"],"picked":"TheCursedMod:Mangle","floor":12},{"not_picked":["TheCursedMod:Wield","TheCursedMod:SmokeScreen","TheCursedMod:TacticalStrike"],"picked":"SKIP","floor":13},{"not_picked":["TheCursedMod:VoidForm","TheCursedMod:DarkBarrier"],"picked":"TheCursedMod:OutForBlood","floor":16},{"not_picked":["TheCursedMod:SaltUponWound","TheCursedMod:HellsGateOpen"],"picked":"TheCursedMod:Grudge","floor":18},{"not_picked":["TheCursedMod:CursedBlade","TheCursedMod:TroublousMinions"],"picked":"TheCursedMod:Stigma+1","floor":19},{"not_picked":["TheCursedMod:TacticalStrike","TheCursedMod:Stretching","TheCursedMod:CircleOfFocus"],"picked":"SKIP","floor":22},{"not_picked":["TheCursedMod:CursedArmor+1","TheCursedMod:CircleOfFlame"],"picked":"TheCursedMod:CircleOfAbyss","floor":24},{"not_picked":["TheCursedMod:BlessingInDisguise","TheCursedMod:StingEye"],"picked":"TheCursedMod:Mangle","floor":25},{"not_picked":["TheCursedMod:SurpriseAttack","TheCursedMod:CircleOfAmplification"],"picked":"TheCursedMod:Hemoplague+1","floor":28},{"not_picked":["TheCursedMod:SmokeScreen","TheCursedMod:Stigma+1","TheCursedMod:CursedAmulet+1"],"picked":"SKIP","floor":29},{"not_picked":["TheCursedMod:Evocation","TheCursedMod:BlessingInDisguise"],"picked":"TheCursedMod:SaltUponWound+1","floor":30},{"not_picked":["TheCursedMod:Neurasthenia","TheCursedMod:ShockAndAwe","TheCursedMod:DemonSword"],"picked":"Singing Bowl","floor":33},{"not_picked":["TheCursedMod:CursedBlade+1","TheCursedMod:Grudge"],"picked":"TheCursedMod:FuryStrike","floor":35},{"not_picked":["TheCursedMod:SurpriseAttack+1","TheCursedMod:VitalStrike+1"],"picked":"TheCursedMod:SpreadPlague+1","floor":36},{"not_picked":["TheCursedMod:TacticalStrike","TheCursedMod:BloodBarrier+1","TheCursedMod:Stretching"],"picked":"Singing Bowl","floor":38},{"not_picked":["TheCursedMod:Torture+1","TheCursedMod:SpitefulPlan","TheCursedMod:DemonSword"],"picked":"Singing Bowl","floor":39},{"not_picked":["TheCursedMod:CircleOfCorruption+1","TheCursedMod:TacticalStrike+1","TheCursedMod:SpitefulStrike"],"picked":"Singing Bowl","floor":40},{"not_picked":["TheCursedMod:HellsGateOpen+1","TheCursedMod:VoidForm","TheCursedMod:CursedBlade+1"],"picked":"Singing Bowl","floor":41},{"not_picked":["TheCursedMod:CursedMace+1","TheCursedMod:Wield"],"picked":"TheCursedMod:SurpriseAttack","floor":44},{"not_picked":["TheCursedMod:RavingStaff","TheCursedMod:CursedArmor+1"],"picked":"TheCursedMod:ReleasedStrength+1","floor":46},{"not_picked":["TheCursedMod:SpitefulPlan","TheCursedMod:Wield+1","TheCursedMod:FleshFromBone"],"picked":"Singing Bowl","floor":47},{"not_picked":["TheCursedMod:TacticalStrike+1","TheCursedMod:CursedShiv+1","TheCursedMod:Wield+1"],"picked":"Singing Bowl","floor":48}],"player_experience":360710,"relics_obtained":[{"floor":6,"key":"CeramicFish"},{"floor":10,"key":"Meat on the Bone"},{"floor":15,"key":"Dream Catcher"},{"floor":19,"key":"Red Mask"},{"floor":26,"key":"Simple Rune"},{"floor":30,"key":"Pocketwatch"},{"floor":30,"key":"Singing Bowl"},{"floor":36,"key":"StoneCalendar"},{"floor":41,"key":"Eternal Feather"},{"floor":43,"key":"Pear"},{"floor":46,"key":"Strawberry"}],"event_choices":[{"damage_healed":0,"gold_gain":0,"player_choice":"Leave","damage_taken":0,"max_hp_gain":0,"max_hp_loss":0,"event_name":"The Cleric","floor":3,"gold_loss":0},{"cards_removed":["TheCursedMod:Strike_TheCursed"],"damage_healed":0,"gold_gain":0,"player_choice":"Card Removal","damage_taken":7,"max_hp_gain":0,"max_hp_loss":0,"event_name":"Golden Wing","floor":5,"gold_loss":0},{"damage_healed":0,"gold_gain":0,"player_choice":"Fought Bandits","damage_taken":0,"max_hp_gain":0,"max_hp_loss":0,"event_name":"Masked Bandits","floor":19,"gold_loss":0},{"damage_healed":0,"gold_gain":0,"player_choice":"Obtain J.A.X.","damage_taken":0,"max_hp_gain":0,"max_hp_loss":0,"event_name":"Drug Dealer","floor":20,"gold_loss":0,"cards_obtained":["J.A.X."]},{"damage_healed":0,"gold_gain":0,"player_choice":"Traded Relic","damage_taken":0,"relics_obtained":["Nloth\u0027s Gift"],"max_hp_gain":0,"max_hp_loss":0,"event_name":"N\u0027loth","floor":21,"relics_lost":["CeramicFish"],"gold_loss":0},{"damage_healed":0,"gold_gain":0,"player_choice":"Fight","damage_taken":0,"max_hp_gain":0,"max_hp_loss":0,"event_name":"Colosseum","floor":30,"gold_loss":0},{"damage_healed":0,"gold_gain":0,"player_choice":"Fought Nobs","damage_taken":0,"max_hp_gain":0,"max_hp_loss":0,"event_name":"Colosseum","floor":30,"gold_loss":0},{"damage_healed":0,"gold_gain":0,"player_choice":"Fight","damage_taken":0,"max_hp_gain":0,"max_hp_loss":0,"event_name":"Mysterious Sphere","floor":36,"gold_loss":0},{"cards_removed":["TheCursedMod:Strike_TheCursed"],"damage_healed":0,"gold_gain":0,"player_choice":"Upgrade and Remove","damage_taken":0,"max_hp_gain":0,"max_hp_loss":0,"event_name":"Designer","floor":37,"gold_loss":90,"cards_upgraded":["TheCursedMod:Strike_TheCursed"]}],"is_beta":false,"boss_relics":[{"not_picked":["Replay:Wanted Poster","Fusion Hammer"],"picked":"Runic Pyramid"},{"not_picked":["Calling Bell","Honey Jar"],"picked":"Sozu"}],"items_purged_floors":[27],"is_endless":false,"potions_floor_spawned":[1,6,12,13,19,28,30,30,36,38,39,41,48],"killed_by":"conspire:OrnateMirror","ascension_level":0}}