{"host":"pjgcdp3h1plnbocs","time":1613693933,"event":{"mods":["AchievementEnabler","BaseMod","Colored Map","Downfall","Highlight Path","Minty Spire (QoL Compilation)","StSLib"],"gold_per_floor":[20,20,20,34,52,83,97,131,131,131,149,149,20,40,40,159,159,183,183,108,108,122,122,122],"floor_reached":23,"language":"ENG","playtime":587,"items_purged":["Strike_B"],"score":351,"play_id":"2cc97173-6370-41fc-afe5-0b22a458eb03","local_time":"20210219011853","is_ascension_mode":true,"campfire_choices":[{"data":"1","floor":10,"key":"LIFT"},{"data":"2","floor":12,"key":"LIFT"},{"floor":15,"key":"REST"}],"circlet_count":0,"master_deck":["Strike_B","Strike_B","Defend_B","Defend_B","Defend_B","Defend_B","Zap","Dualcast","Beam Cell","Zap","Ball Lightning","Gash","Go for the Eyes","Defragment","Creative AI"],"relics":["Cracked Core","Girya","Bloody Idol","Orichalcum","Ginger","White Beast Statue","Cursed Key"],"acts_visited":["Exordium","TheCity"],"potions_floor_usage":[14,16,23],"damage_taken":[{"damage":0,"enemies":"Small Slimes","floor":1,"turns":3},{"damage":0,"enemies":"Cultist","floor":4,"turns":2},{"damage":3,"enemies":"2 Louse","floor":5,"turns":2},{"damage":30,"enemies":"3 Sentries","floor":6,"turns":6},{"damage":5,"enemies":"Looter","floor":7,"turns":2},{"damage":25,"enemies":"Gremlin Nob","floor":8,"turns":5},{"damage":3,"enemies":"Blue Slaver","floor":11,"turns":3},{"damage":0,"enemies":"Exordium Thugs","floor":14,"turns":3},{"damage":0,"enemies":"Slime Boss","floor":16,"turns":6},{"damage":25,"enemies":"Chosen","floor":18,"turns":5},{"damage":14,"enemies":"3 Byrds","floor":22,"turns":4},{"damage":24,"enemies":"Slavers","floor":23,"turns":1}],"seed_played":"-5718428117029576010","potions_obtained":[{"floor":1,"key":"Ancient Potion"},{"floor":5,"key":"FocusPotion"},{"floor":8,"key":"Slimebound:ThreeZeroPotion"},{"floor":14,"key":"hexamod:SoulburnPotion"},{"floor":16,"key":"bronze:BurnAndBuffPotion"}],"is_trial":false,"path_per_floor":["M","?","?","M","M","E","M","E","T","R","M","R","$","M","R","B",null,"M","?","?","?","M","E"],"character_chosen":"DEFECT","items_purchased":["Go for the Eyes"],"campfire_rested":1,"item_purchase_floors":[13],"current_hp_per_floor":[68,68,68,68,65,35,30,5,5,5,2,2,2,2,22,22,57,32,32,32,32,23,0,0],"gold":122,"neow_bonus":"ONE_RARE_RELIC","is_daily":false,"chose_seed":false,"campfire_upgraded":0,"win_rate":0.0,"timestamp":1613693933,"path_taken":["M","?","?","M","M","E","M","E","T","R","M","R","$","M","R","BOSS","M","?","?","?","M","E"],"items_purchased_type":["Card"],"build_version":"2020-12-22","purchased_purges":1,"victory":false,"max_hp_per_floor":[75,69,69,69,69,69,69,69,69,69,69,69,69,69,69,69,69,69,69,69,69,69,69,69],"card_choices":[{"not_picked":["Hello World","Consume"],"picked":"Beam Cell","floor":1},{"not_picked":["Hologram","Reinforced Body"],"picked":"Ball Lightning","floor":4},{"not_picked":["Coolheaded","Stack","Darkness"],"picked":"SKIP","floor":5},{"not_picked":["Chaos","Electrodynamics","Leap"],"picked":"SKIP","floor":6},{"not_picked":["Force Field","Lockon"],"picked":"Gash","floor":7},{"not_picked":["Double Energy","Cold Snap","Force Field"],"picked":"SKIP","floor":8},{"not_picked":["Coolheaded","Stack","Streamline"],"picked":"SKIP","floor":11},{"not_picked":["Self Repair","Barrage"],"picked":"Defragment","floor":14},{"not_picked":["Machine Learning","Thunder Strike"],"picked":"Creative AI","floor":16},{"not_picked":["Coolheaded","Cold Snap","Redo"],"picked":"SKIP","floor":18},{"not_picked":["Compile Driver","Streamline","Stack+1"],"picked":"SKIP","floor":22}],"player_experience":248142,"relics_obtained":[{"floor":6,"key":"Orichalcum"},{"floor":8,"key":"Ginger"},{"floor":9,"key":"White Beast Statue"}],"event_choices":[{"damage_healed":0,"gold_gain":0,"player_choice":"Lose Max HP","damage_taken":0,"relics_obtained":["Golden Idol"],"max_hp_gain":0,"max_hp_loss":6,"event_name":"Golden Idol","floor":2,"gold_loss":0},{"damage_healed":0,"gold_gain":0,"player_choice":"1 cards matched","damage_taken":0,"max_hp_gain":0,"max_hp_loss":0,"event_name":"Match and Keep!","floor":3,"gold_loss":0,"cards_obtained":["Zap"]},{"damage_healed":0,"gold_gain":0,"player_choice":"Gave Idol","damage_taken":0,"relics_obtained":["Bloody Idol"],"max_hp_gain":0,"max_hp_loss":0,"event_name":"Forgotten Altar","floor":19,"relics_lost":["Golden Idol"],"gold_loss":0},{"cards_removed":["Strike_B"],"damage_healed":0,"gold_gain":0,"player_choice":"Gave Gold","damage_taken":0,"max_hp_gain":0,"max_hp_loss":0,"event_name":"Beggar","floor":20,"gold_loss":75},{"damage_healed":0,"gold_gain":0,"player_choice":"Ignored","damage_taken":0,"max_hp_gain":0,"max_hp_loss":0,"event_name":"Ghosts","floor":21,"gold_loss":0}],"is_beta":false,"boss_relics":[{"not_picked":["SlaversCollar","expansioncontent:StudyCardRelic"],"picked":"Cursed Key"}],"items_purged_floors":[13],"is_endless":false,"potions_floor_spawned":[1,5,8,11,14,16,18,22],"killed_by":"Slavers","ascension_level":8}}