{"host":"7t8rqoeeopyy0nh0","time":1613700664,"event":{"mods":["AchievementEnabler","Aspiration","BaseMod","Better Third Choice","BetterRewards","Colored Map","Colored Powertips","Conspire","Downfall","Hubris","Minty Spire (QoL Compilation)","Permanent Neow","Quick Restart","Random Character Button","Rare Cards Sparkle","Reliquary","Replay The Spire","StSLib"],"gold_per_floor":[110,110,110,122,39,39,39],"floor_reached":6,"language":"ENG","playtime":122,"items_purged":[],"score":68,"play_id":"d0a8508a-cd56-4d39-9054-db61ec57d4a8","local_time":"20210218211104","is_ascension_mode":true,"campfire_choices":[],"circlet_count":0,"master_deck":["AscendersBane","Strike_R","Strike_R","Strike_R","Strike_R","Strike_R","Defend_R","Defend_R","Defend_R","Defend_R","Bash","Feel No Pain+1","Rampage+1","Perfected Strike+1","True Grit","Feed+1","Fiend Fire+1"],"relics":["Burning Blood","Golden Egg","Charon\u0027s Ashes"],"acts_visited":["Exordium"],"potions_floor_usage":[],"damage_taken":[{"damage":3,"enemies":"Small Slimes","floor":1,"turns":3},{"damage":7,"enemies":"Jaw Worm","floor":4,"turns":3},{"damage":57,"enemies":"Gremlin Nob","floor":6,"turns":4}],"seed_played":"1702656677677763778","potions_obtained":[{"floor":1,"key":"Elixir"}],"is_trial":false,"path_per_floor":["M","?","?","M","$","E"],"character_chosen":"IRONCLAD","items_purchased":["Golden Egg","Feel No Pain","Rampage","Perfected Strike","Fiend Fire"],"campfire_rested":0,"item_purchase_floors":[0,0,0,0,5],"current_hp_per_floor":[36,36,36,35,35,0,0],"gold":39,"neow_bonus":"","is_daily":false,"chose_seed":false,"campfire_upgraded":0,"win_rate":0.0,"timestamp":1613700664,"path_taken":["M","?","?","M","?","E"],"items_purchased_type":["Relic","Card","Card","Card","Card"],"build_version":"2020-12-22","purchased_purges":0,"victory":false,"max_hp_per_floor":[75,75,75,75,75,75,75],"card_choices":[{"not_picked":["conspire:ExplosiveBarrier","Twin Strike"],"picked":"True Grit","floor":1},{"not_picked":["Iron Wave","conspire:Charge"],"picked":"Feed","floor":4}],"player_experience":443639,"relics_obtained":[],"event_choices":[{"damage_healed":0,"gold_gain":0,"player_choice":"Ignored","damage_taken":0,"max_hp_gain":0,"max_hp_loss":0,"event_name":"Golden Wing","floor":2,"gold_loss":0},{"damage_healed":0,"gold_gain":0,"player_choice":"Ignored","damage_taken":110,"max_hp_gain":0,"max_hp_loss":0,"event_name":"betterThird:BetterSerpent","floor":3,"gold_loss":0}],"is_beta":false,"boss_relics":[],"items_purged_floors":[],"is_endless":false,"potions_floor_spawned":[1],"killed_by":"Gremlin Nob","ascension_level":20}}