{"host":"rjmu5g8hpiele53d","time":1613766295,"event":{"mods":["2.2 Compatiblity","BaseMod","Downfall","GifTheSpireLib","Minty Spire (QoL Compilation)","StSLib"],"gold_per_floor":[99,112,287,345,345,358,358,373,383,383,395,408,27,39,53,154,154,154,166,182,182,196,7,7,17,17,27,27,41,41,41,60,162,462,462,479,499,514,564,197,247,262,262,280,298,298,310,310,321,321],"floor_reached":51,"language":"ENG","playtime":4292,"items_purged":["Doubt"],"score":676,"play_id":"7ee81412-31a5-476b-bb79-a321e0e690f6","local_time":"20210219202455","is_ascension_mode":false,"campfire_choices":[{"data":"champ:Taunt","floor":1.0,"key":"SMITH"},{"floor":10.0,"key":"REST"},{"data":"champ:HeavySlash","floor":18.0,"key":"SMITH"},{"data":"champ:IronFortress","floor":26.0,"key":"SMITH"},{"floor":30.0,"key":"REST"},{"data":"champ:ShieldWall","floor":35.0,"key":"SMITH"}],"circlet_count":0,"master_deck":["champ:Strike","champ:Strike","champ:Strike","champ:Strike","champ:Defend","champ:Defend","champ:Defend","champ:Defend","champ:Execute","champ:Taunt+1","champ:GladiatorStyle","champ:EnGarde","champ:PreciseThrust","champ:BerserkersShout","champ:ShieldSlam","champ:DancingMaster","champ:DefensiveShout","champ:Duel","champ:EndlessRage","champ:ShieldWall+1","champ:AdrenalArmor","champ:HeavySlash+1","champ:VampiricStrike","champ:FocusedBerserking","Pride","champ:AdrenalArmor","champ:DefensiveStyle","champ:IronFortress+1","expansioncontent:GuardianWhirl","champ:StanceDance","champ:EndlessRage","champ:DancingMaster","champ:ShieldSlam","champ:ShieldWall+1","champ:IronFortress","champ:Circumvent+1","champ:EnragedBash+1","expansioncontent:AwakenDeath","champ:SwordSigil","champ:ViciousMockery"],"relics":["Velvet Choker","champ:LiftRelic","Mummified Hand","HandDrill","Centennial Puzzle","Busted Crown","Omamori","Turnip","champ:BerserkersGuideToSlaughter","downfall:RedIOU","Calling Bell","Oddly Smooth Stone","Letter Opener","Old Coin","Calipers","Guardian:PocketSentry","Lantern"],"acts_visited":["Exordium","TheCity","TheBeyond"],"potions_floor_usage":[50],"damage_taken":[{"damage":11.0,"enemies":"Cultist","floor":2.0,"turns":3.0},{"damage":48.0,"enemies":"Gremlin Nob","floor":4.0,"turns":5.0},{"damage":10.0,"enemies":"Small Slimes","floor":6.0,"turns":4.0},{"damage":16.0,"enemies":"Jaw Worm","floor":8.0,"turns":3.0},{"damage":36.0,"enemies":"Exordium Wildlife","floor":9.0,"turns":5.0},{"damage":33.0,"enemies":"Lots of Slimes","floor":11.0,"turns":4.0},{"damage":7.0,"enemies":"downfall:LooterAlt","floor":12.0,"turns":4.0},{"damage":30.0,"enemies":"downfall:FleeingMerchant","floor":13.0,"turns":4.0},{"damage":20.0,"enemies":"Blue Slaver","floor":14.0,"turns":2.0},{"damage":23.0,"enemies":"Exordium Wildlife","floor":15.0,"turns":4.0},{"damage":48.0,"enemies":"SI_SHIV_ARCHETYPE","floor":16.0,"turns":6.0},{"damage":37.0,"enemies":"downfall:LooterAlt2","floor":19.0,"turns":4.0},{"damage":13.0,"enemies":"Spheric Guardian","floor":20.0,"turns":3.0},{"damage":23.0,"enemies":"Shelled Parasite and Fungi","floor":22.0,"turns":6.0},{"damage":40.0,"enemies":"downfall:FleeingMerchant","floor":23.0,"turns":4.0},{"damage":35.0,"enemies":"Snake Plant","floor":25.0,"turns":5.0},{"damage":40.0,"enemies":"Centurion and Healer","floor":27.0,"turns":5.0},{"damage":30.0,"enemies":"Shelled Parasite and Fungi","floor":29.0,"turns":4.0},{"damage":31.0,"enemies":"Snake Plant","floor":32.0,"turns":4.0},{"damage":99.0,"enemies":"IC_MUSHROOM_ARCHETYPE","floor":33.0,"turns":10.0},{"damage":30.0,"enemies":"3 Shapes","floor":36.0,"turns":8.0},{"damage":41.0,"enemies":"3 Darklings","floor":37.0,"turns":7.0},{"damage":72.0,"enemies":"Maw","floor":38.0,"turns":8.0},{"damage":57.0,"enemies":"Maw","floor":39.0,"turns":9.0},{"damage":35.0,"enemies":"downfall:FleeingMerchant","floor":40.0,"turns":4.0},{"damage":48.0,"enemies":"Transient","floor":42.0,"turns":5.0},{"damage":30.0,"enemies":"3 Darklings","floor":44.0,"turns":8.0},{"damage":25.0,"enemies":"Writhing Mass","floor":45.0,"turns":4.0},{"damage":28.0,"enemies":"4 Shapes","floor":47.0,"turns":5.0},{"damage":50.0,"enemies":"Spire Growth","floor":49.0,"turns":6.0},{"damage":23,"enemies":"WA_ARCHETYPE_DIVINITY","floor":50,"turns":13}],"seed_played":"-1979299711087182894","potions_obtained":[{"floor":6.0,"key":"Fruit Juice"},{"floor":9.0,"key":"Fire Potion"},{"floor":15.0,"key":"Swift Potion"},{"floor":16.0,"key":"Weak Potion"},{"floor":19.0,"key":"DuplicationPotion"},{"floor":22.0,"key":"Energy Potion"},{"floor":27.0,"key":"Swift Potion"},{"floor":32.0,"key":"champ:OpenerPotion"},{"floor":37.0,"key":"Strength Potion"},{"floor":42.0,"key":"SkillPotion"},{"floor":45.0,"key":"BlessingOfTheForge"},{"floor":49.0,"key":"Energy Potion"}],"is_trial":false,"path_per_floor":["R","M","?","?","?","M","T","M","M","R","M","M","$","M","M","B",null,"R","M","M","?","M","$","T","M","R","M","?","M","R","?","M","B",null,"R","M","M","M","?","$","T","M","?","M","M","?","M","?","M","B",null],"character_chosen":"THE_CHAMP","items_purchased":["champ:ShieldWall","HandDrill","Centennial Puzzle","champ:IronFortress","expansioncontent:GuardianWhirl","champ:StanceDance","Guardian:PocketSentry","champ:IronFortress","Block Potion"],"campfire_rested":2,"item_purchase_floors":[13,13,13,23,23,23,40,40,40],"current_hp_per_floor":[90,89,89,61,61,66,66,60,54,82,74,72,72,72,69,51,95,95,88,85,85,82,82,82,72,72,57,57,52,80,80,79,40,95,95,95,84,72,75,65,65,62,62,67,77,77,64,64,19,6],"gold":321,"neow_bonus":"BOSS_RELIC","is_daily":false,"chose_seed":false,"campfire_upgraded":4,"win_rate":0.0,"timestamp":1613766295,"path_taken":["R","M","?","?","?","?","T","M","?","R","M","M","$","M","M","BOSS","R","M","M","?","M","$","T","M","R","M","?","M","R","?","M","BOSS","R","M","M","M","?","$","T","M","?","M","M","?","M","?","M","BOSS"],"items_purchased_type":["Card","Relic","Relic","Card","Card","Card","Relic","Card","Potion"],"build_version":"2020-12-22","purchased_purges":1,"victory":true,"max_hp_per_floor":[90,90,90,90,90,95,95,95,95,95,95,95,95,95,95,95,95,95,95,95,95,95,95,95,95,95,95,95,95,95,95,95,95,95,95,95,95,95,95,95,95,95,95,95,95,95,95,95,95,95],"card_choices":[{"not_picked":["champ:TornadoPunch","champ:DefensiveStyle"],"picked":"champ:GladiatorStyle","floor":2.0},{"not_picked":["champ:DefensiveStyle","champ:BringItOn"],"picked":"champ:EnGarde","floor":4.0},{"not_picked":["champ:GladiatorStyle","champ:DefensiveStyle"],"picked":"champ:PreciseThrust","floor":6.0},{"not_picked":["champ:FanOfKnives","champ:CalledShot"],"picked":"champ:BerserkersShout","floor":8.0},{"not_picked":["champ:Haymaker","champ:FlashCut"],"picked":"champ:ShieldSlam","floor":9.0},{"not_picked":["champ:TornadoPunch","champ:Circumvent"],"picked":"champ:DancingMaster","floor":10.0},{"not_picked":["champ:ArenaPreparation","champ:CrownThrow"],"picked":"champ:DefensiveShout","floor":11.0},{"not_picked":["champ:FanOfKnives","champ:PreciseThrust"],"picked":"champ:Duel","floor":12.0},{"not_picked":["champ:CrownThrow","champ:SetATrap"],"picked":"champ:EndlessRage","floor":13.0},{"not_picked":["champ:BerserkerStyle","champ:FlashCut"],"picked":"champ:AdrenalArmor","floor":14.0},{"not_picked":["champ:BladeFlurry","champ:ShieldSlam"],"picked":"champ:HeavySlash","floor":15.0},{"not_picked":["champ:StrikeOfGenius","champ:SwordThrow"],"picked":"champ:VampiricStrike","floor":16.0},{"not_picked":["champ:ShieldSigil"],"picked":"SKIP","floor":19.0},{"not_picked":[],"picked":"champ:FocusedBerserking","floor":20.0},{"not_picked":[],"picked":"champ:AdrenalArmor","floor":22.0},{"not_picked":[],"picked":"champ:DefensiveStyle","floor":23.0},{"not_picked":["champ:BerserkersShout"],"picked":"SKIP","floor":25.0},{"not_picked":["champ:StanceDance"],"picked":"SKIP","floor":27.0},{"not_picked":["champ:GutPunch"],"picked":"SKIP","floor":29.0},{"not_picked":[],"picked":"champ:EndlessRage","floor":32.0},{"not_picked":[],"picked":"champ:DancingMaster","floor":33.0},{"not_picked":[],"picked":"champ:ShieldSlam","floor":36.0},{"not_picked":["champ:PerfectedStrike+1"],"picked":"SKIP","floor":37.0},{"not_picked":["champ:GladiatorStyle"],"picked":"SKIP","floor":38.0},{"not_picked":[],"picked":"champ:ShieldWall+1","floor":40.0},{"not_picked":[],"picked":"champ:Circumvent+1","floor":42.0},{"not_picked":[],"picked":"champ:EnragedBash+1","floor":44.0},{"not_picked":["champ:StanceDance"],"picked":"SKIP","floor":45.0},{"not_picked":["expansioncontent:Hexaburn","expansioncontent:PolyBeam"],"picked":"expansioncontent:AwakenDeath","floor":46.0},{"not_picked":[],"picked":"champ:SwordSigil","floor":47.0},{"not_picked":[],"picked":"champ:ViciousMockery","floor":49.0}],"player_experience":1653071,"relics_obtained":[{"floor":4.0,"key":"Dream Catcher"},{"floor":7.0,"key":"Mummified Hand"},{"floor":24.0,"key":"Turnip"},{"floor":34.0,"key":"Oddly Smooth Stone"},{"floor":34.0,"key":"Letter Opener"},{"floor":34.0,"key":"Old Coin"},{"floor":39.0,"key":"Calipers"},{"floor":41.0,"key":"Lantern"}],"event_choices":[{"damage_healed":0.0,"max_hp_gain":0.0,"max_hp_loss":0.0,"gold_gain":0.0,"event_name":"Addict","player_choice":"Stole Relic","floor":21.0,"gold_loss":0.0,"damage_taken":0.0,"relics_obtained":["Omamori"],"cards_obtained":["Pride"]}],"is_beta":false,"boss_relics":[{"not_picked":["Runic Dome","Coffee Dripper"],"picked":"Busted Crown"},{"not_picked":["Tiny House","Astrolabe"],"picked":"Calling Bell"}],"items_purged_floors":[40],"is_endless":false,"potions_floor_spawned":[6,9,15,16,19,22,27,32,37,42,45,49],"ascension_level":0}}