{"host":"u5p72gjg7qm9i6r4","time":1613701160,"event":{"mods":["AchievementEnabler","BaseMod","Curses Come First","Highlight Path","Minty Spire (QoL Compilation)","Rare Cards Sparkle","StSLib"],"gold_per_floor":[117,136,149,165,182,212,224,224,292,325,340,340,383,348,348,467,467,485,500,500,104,104,104,147,171,217,0,0,0,0],"floor_reached":29,"language":"ENG","playtime":1582,"items_purged":["Injury"],"score":371,"play_id":"6f0cc50b-766c-4880-a353-9c4b9d143318","local_time":"20210218201920","is_ascension_mode":true,"campfire_choices":[{"floor":8,"key":"REST"},{"floor":15,"key":"REST"},{"floor":23,"key":"REST"},{"floor":28,"key":"REST"}],"circlet_count":0,"master_deck":["Strike_G","Strike_G","Strike_G","Strike_G","Strike_G","Defend_G","Defend_G","Defend_G","Defend_G+1","Defend_G","Survivor","Neutralize","Terror","Blade Dance","PiercingWail","Adrenaline","Flying Knee","Accuracy","PiercingWail","Dagger Throw","A Thousand Cuts","Wraith Form v2","Leg Sweep+1","Backflip+1","Footwork","Dodge and Roll","Neutralize","Backflip"],"relics":["Ring of the Snake","Matryoshka","Gremlin Horn","Mummified Hand","Tingsha","Golden Idol","Juzu Bracelet","Black Star","Nilry\u0027s Codex","War Paint","Lantern","Dream Catcher","Bag of Preparation","Toy Ornithopter","Art of War"],"acts_visited":["Exordium","TheCity"],"potions_floor_usage":[6,6,11,16,16,29],"damage_taken":[{"damage":0.0,"enemies":"Small Slimes","floor":1.0,"turns":4.0},{"damage":1.0,"enemies":"Cultist","floor":2.0,"turns":3.0},{"damage":3.0,"enemies":"Jaw Worm","floor":3.0,"turns":3.0},{"damage":0.0,"enemies":"2 Fungi Beasts","floor":4.0,"turns":4.0},{"damage":8.0,"enemies":"Blue Slaver","floor":5.0,"turns":3.0},{"damage":24,"enemies":"Gremlin Nob","floor":6,"turns":4},{"damage":11,"enemies":"Looter","floor":7,"turns":3},{"damage":16,"enemies":"Lagavulin","floor":10,"turns":6},{"damage":2,"enemies":"Gremlin Gang","floor":11,"turns":3},{"damage":24,"enemies":"3 Sentries","floor":13,"turns":5},{"damage":44,"enemies":"Slime Boss","floor":16,"turns":8},{"damage":1,"enemies":"Chosen","floor":18,"turns":6},{"damage":8,"enemies":"2 Thieves","floor":19,"turns":4},{"damage":23,"enemies":"Slavers","floor":24,"turns":7},{"damage":0,"enemies":"Sentry and Sphere","floor":25,"turns":6},{"damage":62,"enemies":"Gremlin Leader","floor":29,"turns":7}],"seed_played":"5118461277538505560","potions_obtained":[{"floor":3.0,"key":"GhostInAJar"},{"floor":4.0,"key":"Energy Potion"},{"floor":5.0,"key":"Swift Potion"},{"floor":10,"key":"Fire Potion"},{"floor":13,"key":"DuplicationPotion"},{"floor":18,"key":"FearPotion"},{"floor":25,"key":"Swift Potion"}],"is_trial":false,"path_per_floor":["M","M","M","M","M","E","M","R","T","E","M","?","E","?","R","B",null,"M","M","?","$","?","R","E","M","T","?","R","E"],"character_chosen":"THE_SILENT","items_purchased":["Footwork","War Paint","Lantern"],"campfire_rested":4,"item_purchase_floors":[21,21,21],"current_hp_per_floor":[70,69,66,66,58,34,23,46,46,30,28,28,4,23,46,2,58,57,49,33,33,33,56,33,33,33,33,56,0,0],"gold":0,"neow_bonus":"TEN_PERCENT_HP_BONUS","is_daily":false,"chose_seed":false,"campfire_upgraded":0,"win_rate":0.0,"timestamp":1613701160,"path_taken":["M","M","M","M","M","E","M","R","T","E","M","?","E","?","R","BOSS","M","M","?","$","?","R","E","M","T","?","R","E"],"items_purchased_type":["Card","Relic","Relic"],"build_version":"2020-12-22","purchased_purges":1,"victory":false,"max_hp_per_floor":[77,77,77,77,77,77,77,77,77,77,77,77,77,77,77,77,77,77,77,77,77,77,77,77,77,77,77,77,77,77],"card_choices":[{"not_picked":["Bane","Acrobatics"],"picked":"Terror","floor":1.0},{"not_picked":["Distraction","Reflex"],"picked":"Blade Dance","floor":2.0},{"not_picked":["Setup","Deflect"],"picked":"PiercingWail","floor":3.0},{"not_picked":["Predator","Deadly Poison"],"picked":"Adrenaline","floor":4.0},{"not_picked":["Cloak And Dagger","Flechettes"],"picked":"Flying Knee","floor":5.0},{"not_picked":["Phantasmal Killer","Bane"],"picked":"Accuracy","floor":6},{"not_picked":["Underhanded Strike","Deadly Poison"],"picked":"PiercingWail","floor":7},{"not_picked":["Deadly Poison","Calculated Gamble","Prepared"],"picked":"SKIP","floor":10},{"not_picked":["Quick Slash","Concentrate"],"picked":"Dagger Throw","floor":11},{"not_picked":["Unload","Eviscerate"],"picked":"A Thousand Cuts","floor":13},{"not_picked":["Tools of the Trade","Doppelganger"],"picked":"Wraith Form v2","floor":16},{"not_picked":["Expertise","Heel Hook"],"picked":"Leg Sweep","floor":18},{"not_picked":["Underhanded Strike","Acrobatics"],"picked":"Backflip+1","floor":19},{"not_picked":["Deflect","PiercingWail","Choke"],"picked":"SKIP","floor":24},{"not_picked":["Flechettes","Catalyst","Outmaneuver"],"picked":"SKIP","floor":25},{"not_picked":["Finisher","Catalyst"],"picked":"Backflip","floor":28}],"player_experience":160943,"relics_obtained":[{"floor":6,"key":"Matryoshka"},{"floor":9,"key":"Gremlin Horn"},{"floor":9,"key":"Mummified Hand"},{"floor":10,"key":"Tingsha"},{"floor":13,"key":"Juzu Bracelet"},{"floor":20,"key":"Nilry\u0027s Codex"},{"floor":24,"key":"Dream Catcher"},{"floor":24,"key":"Bag of Preparation"},{"floor":26,"key":"Toy Ornithopter"},{"floor":26,"key":"Art of War"}],"event_choices":[{"damage_healed":0,"gold_gain":0,"player_choice":"Take Wound","damage_taken":0,"relics_obtained":["Golden Idol"],"max_hp_gain":0,"max_hp_loss":0,"event_name":"Golden Idol","floor":12,"gold_loss":0,"cards_obtained":["Injury"]},{"damage_healed":19,"gold_gain":0,"player_choice":"Healed","damage_taken":0,"max_hp_gain":0,"max_hp_loss":0,"event_name":"The Cleric","floor":14,"gold_loss":35},{"damage_healed":0,"gold_gain":0,"player_choice":"Obtained Book","damage_taken":16,"max_hp_gain":0,"max_hp_loss":0,"event_name":"Cursed Tome","floor":20,"gold_loss":0},{"damage_healed":0,"gold_gain":0,"player_choice":"2 cards matched","damage_taken":0,"max_hp_gain":0,"max_hp_loss":0,"event_name":"Match and Keep!","floor":22,"gold_loss":0,"cards_obtained":["Dodge and Roll","Neutralize"]},{"damage_healed":0,"gold_gain":0,"player_choice":"Paid Fearfully","damage_taken":0,"max_hp_gain":0,"max_hp_loss":0,"event_name":"Masked Bandits","floor":27,"gold_loss":217}],"is_beta":false,"boss_relics":[{"not_picked":["Snecko Eye","Runic Dome"],"picked":"Black Star"}],"items_purged_floors":[21],"is_endless":false,"potions_floor_spawned":[3,4,5,10,13,18,25],"killed_by":"Gremlin Leader","ascension_level":8}}