{"host":"cpsutu8lprjuipd6","time":1613730784,"event":{"mods":["BaseMod","Colored Map","Minty Spire (QoL Compilation)","Permanent Neow","Quick Restart","StSLib","SuperFastMode","The Bug Knight","Together in Spire"],"gold_per_floor":[114,127,202,202,7,42,42,55,82,82,82,94,94,110,110,205,205,224,240,91,103,103,103,103],"floor_reached":23,"language":"KOR","playtime":645,"items_purged":[],"score":238,"play_id":"c25c585f-2ec5-4dbb-ba8b-63b98f067b42","local_time":"20210219193304","is_ascension_mode":true,"campfire_choices":[{"data":"HollowMod:BrokenVessel","floor":10,"key":"SMITH"},{"floor":13,"key":"REST"},{"floor":15,"key":"RECALL"}],"circlet_count":0,"master_deck":["HollowMod:NailStrikeStart","HollowMod:NailStrikeStart","HollowMod:NailStrikeStart","HollowMod:NailStrikeStart","HollowMod:QuickDashStart","HollowMod:QuickDashStart","HollowMod:QuickDashStart","HollowMod:FocusHealStart","HollowMod:PogoStrike","HollowMod:AbyssShriek","HollowMod:DescendingDark","HollowMod:DescendingDark","HollowMod:BrokenVessel+1","HollowMod:CloakDash","HollowMod:MothsMistake","HollowMod:CloakDash","HollowMod:DashSlash+1","HollowMod:SoulStrike"],"relics":["HollowMod:VesselMask","NeowsBlessing","TheAbacus","HollowMod:IsmasTear","SacredBark","HollowMod:JonisBlessing"],"acts_visited":["Exordium","TheCity"],"potions_floor_usage":[16,19,23],"damage_taken":[{"damage":0,"enemies":"Jaw Worm","floor":1,"turns":1},{"damage":0,"enemies":"2 Louse","floor":2,"turns":1},{"damage":0,"enemies":"Lagavulin","floor":6,"turns":1},{"damage":0,"enemies":"Small Slimes","floor":8,"turns":2},{"damage":17,"enemies":"Blue Slaver","floor":12,"turns":2},{"damage":0,"enemies":"Lots of Slimes","floor":14,"turns":1},{"damage":37,"enemies":"The Guardian","floor":16,"turns":10},{"damage":4,"enemies":"Chosen","floor":18,"turns":4},{"damage":9,"enemies":"Spheric Guardian","floor":19,"turns":3},{"damage":16,"enemies":"3 Cultists","floor":21,"turns":5},{"damage":47,"enemies":"Book of Stabbing","floor":23,"turns":7}],"seed_played":"-6255445416407566668","potions_obtained":[{"floor":1,"key":"SteroidPotion"},{"floor":2,"key":"SteroidPotion"},{"floor":14,"key":"AttackPotion"},{"floor":21,"key":"Regen Potion"}],"is_trial":false,"path_per_floor":["M","M","?","?","$","E","?","M","T","R","$","M","R","M","R","B",null,"M","M","$","M","?","E"],"character_chosen":"THE_BUGKNIGHT","items_purchased":["HollowMod:DescendingDark","TheAbacus","HollowMod:JonisBlessing"],"campfire_rested":1,"item_purchase_floors":[5,5,20],"current_hp_per_floor":[75,75,64,57,57,57,62,62,62,62,62,45,69,69,69,32,80,76,67,67,51,51,4,4],"gold":103,"neow_bonus":"THREE_ENEMY_KILL","is_daily":false,"chose_seed":false,"campfire_upgraded":1,"win_rate":0.0,"timestamp":1613730784,"path_taken":["M","M","?","?","$","E","?","M","T","R","?","M","R","M","R","BOSS","M","M","$","M","?","E"],"items_purchased_type":["Card","Relic","Relic"],"build_version":"2020-12-22","purchased_purges":0,"victory":false,"max_hp_per_floor":[75,75,75,75,75,75,80,80,80,80,80,80,80,80,80,80,80,80,80,80,80,80,80,80],"card_choices":[{"not_picked":["HollowMod:CycloneSlash","HollowMod:SoulStrike"],"picked":"HollowMod:AbyssShriek","floor":1},{"not_picked":["HollowMod:SoulStrike","HollowMod:CornifersMapStart"],"picked":"HollowMod:DescendingDark","floor":2},{"not_picked":["HollowMod:VoidDash","HollowMod:SoulStrike"],"picked":"HollowMod:BrokenVessel","floor":6},{"not_picked":["HollowMod:HeavyBlow","HollowMod:WraithStrike"],"picked":"HollowMod:CloakDash","floor":8},{"not_picked":["HollowMod:HowlingWraiths","HollowMod:InfectionAssault"],"picked":"HollowMod:MothsMistake","floor":12},{"not_picked":["HollowMod:Grubsong","HollowMod:GreatSlash"],"picked":"HollowMod:CloakDash","floor":14},{"not_picked":["HollowMod:RecoilStrike+1","HollowMod:HeavyBlow+1","HollowMod:LifebloodCocoon"],"picked":"SKIP","floor":18},{"not_picked":["HollowMod:RecoilStrike+1","HollowMod:SharpenedShadows+1","HollowMod:PureNailStrike"],"picked":"SKIP","floor":19},{"not_picked":["HollowMod:WraithStrike","HollowMod:ChannelNail"],"picked":"HollowMod:DashSlash+1","floor":21}],"player_experience":125922,"relics_obtained":[{"floor":6,"key":"HollowMod:IsmasTear"}],"event_choices":[{"damage_healed":0,"gold_gain":75,"player_choice":"Gather Gold","damage_taken":11,"max_hp_gain":0,"max_hp_loss":0,"event_name":"World of Goop","floor":3,"gold_loss":0},{"cards_removed":["HollowMod:QuickDashStart"],"damage_healed":0,"gold_gain":0,"player_choice":"Card Removal","damage_taken":7,"max_hp_gain":0,"max_hp_loss":0,"event_name":"Golden Wing","floor":4,"gold_loss":0},{"damage_healed":0,"gold_gain":0,"player_choice":"Donut","damage_taken":0,"max_hp_gain":5,"max_hp_loss":0,"event_name":"Big Fish","floor":7,"gold_loss":0},{"damage_healed":0,"gold_gain":0,"player_choice":"1 cards matched","damage_taken":0,"max_hp_gain":0,"max_hp_loss":0,"event_name":"Match and Keep!","floor":22,"gold_loss":0,"cards_obtained":["HollowMod:SoulStrike"]}],"is_beta":false,"boss_relics":[{"not_picked":["Ectoplasm","Snecko Eye"],"picked":"SacredBark"}],"items_purged_floors":[],"is_endless":false,"potions_floor_spawned":[1,2,14,21],"killed_by":"Book of Stabbing","ascension_level":2}}