{"host":"3n5xmnb54n2y5mb4","time":1613777193,"event":{"mods":["BaseMod","Colored Map","Colored Powertips","Downfall","Minty Spire (QoL Compilation)","Permanent Neow","StSLib","Unceasing Turn Reminder","everything is the same but u backflip on backflip"],"gold_per_floor":[99,109,109,19,36,36,59,77,106,116,116,150,150,178,197,293,293,293,151,161,175,113,127,127,127,153,166,3,28,28,28,39,39,39,39],"floor_reached":33,"language":"ENG","playtime":1762,"items_purged":["Guardian:Strike_Guardian","Guardian:Strike_Guardian"],"score":299,"play_id":"6a9a7494-1afa-4254-9e9c-b0bf4aa84230","local_time":"20210219182633","is_ascension_mode":true,"campfire_choices":[{"data":"Guardian:TwinSlam","floor":1.0,"key":"SMITH"},{"floor":11.0,"key":"REST"},{"data":"Guardian:Orbwalk","floor":13.0,"key":"SMITH"},{"data":"Guardian:Suspension","floor":18.0,"key":"SMITH"}],"circlet_count":0,"master_deck":["Guardian:Strike_Guardian","Guardian:Strike_Guardian","Guardian:Defend_Guardian","Guardian:Defend_Guardian","Guardian:Defend_Guardian","Guardian:Defend_Guardian","Guardian:CurlUp","Guardian:TwinSlam+1","Guardian:ChargeCore","Guardian:Orbwalk+1","Guardian:TwinSlam+1","Guardian:WalkerClaw","Guardian:Suspension+1","Guardian:ChargeUp","Guardian:Orbwalk","Guardian:BronzeArmor+1","Guardian:Recover","Guardian:Orbwalk+1","Guardian:Suspension","Guardian:HyperBeam_Guardian","Guardian:Gem_Fragmented","Guardian:Gem_Blue","Guardian:Clone","J.A.X.","Guardian:Clone"],"relics":["Guardian:ModeShifter","Ancient Tea Set","Bottled Lightning","Oddly Smooth Stone","Bag of Marbles","SlaversCollar","Bottled Tornado","Red Mask","Guardian:StasisUpgradeRelic","WingedGreaves"],"acts_visited":["Exordium","TheCity"],"potions_floor_usage":[29,33],"damage_taken":[{"damage":1.0,"enemies":"Cultist","floor":2.0,"turns":3.0},{"damage":5.0,"enemies":"downfall:FleeingMerchant","floor":4.0,"turns":4.0},{"damage":5.0,"enemies":"Small Slimes","floor":5.0,"turns":2.0},{"damage":1.0,"enemies":"2 Louse","floor":8.0,"turns":2.0},{"damage":18.0,"enemies":"Gremlin Nob","floor":9.0,"turns":4.0},{"damage":5.0,"enemies":"downfall:LooterAlt","floor":10.0,"turns":3.0},{"damage":5.0,"enemies":"3 Sentries","floor":12.0,"turns":7.0},{"damage":14.0,"enemies":"Gremlin Nob","floor":14.0,"turns":4.0},{"damage":6.0,"enemies":"Exordium Wildlife","floor":15.0,"turns":4.0},{"damage":34.0,"enemies":"WA_ARCHETYPE_RETAIN","floor":16.0,"turns":6.0},{"damage":0.0,"enemies":"downfall:FleeingMerchant","floor":19.0,"turns":4.0},{"damage":0.0,"enemies":"Chosen","floor":20.0,"turns":4.0},{"damage":5.0,"enemies":"3 Byrds","floor":21.0,"turns":7.0},{"damage":0.0,"enemies":"downfall:FleeingMerchant","floor":22.0,"turns":4.0},{"damage":7.0,"enemies":"Snecko","floor":23.0,"turns":5.0},{"damage":11.0,"enemies":"Masked Bandits","floor":26.0,"turns":4.0},{"damage":20.0,"enemies":"Cultist and Chosen","floor":27.0,"turns":7.0},{"damage":6.0,"enemies":"downfall:FleeingMerchant","floor":28.0,"turns":4.0},{"damage":27,"enemies":"Gremlin Leader","floor":29,"turns":7},{"damage":3,"enemies":"Centurion and Healer","floor":32,"turns":7},{"damage":6,"enemies":"DF_ARCHETYPE_CLAW","floor":33,"turns":3}],"seed_played":"-3292195548617109099","potions_obtained":[{"floor":3.0,"key":"Guardian:AcceleratePotion"},{"floor":3.0,"key":"Guardian:AcceleratePotion"},{"floor":3.0,"key":"ColorlessPotion"},{"floor":5.0,"key":"SkillPotion"},{"floor":14.0,"key":"Dexterity Potion"},{"floor":16.0,"key":"champ:CounterPotion"},{"floor":20.0,"key":"Fruit Juice"},{"floor":21.0,"key":"Guardian:DefensiveModePotion"},{"floor":25.0,"key":"CultistPotion"},{"floor":29,"key":"Guardian:DefensiveModePotion"}],"is_trial":false,"path_per_floor":["R","M","?","$","M","?","T","M","E","M","R","E","R","E","M","B",null,"R","$","M","M","$","M","T","?","?","M","$","E","?","?","M","B"],"character_chosen":"GUARDIAN","items_purchased":["Guardian:Recover","Guardian:Suspension","Guardian:StasisUpgradeRelic"],"campfire_rested":1,"item_purchase_floors":[19,22,28],"current_hp_per_floor":[80,79,79,74,69,69,69,68,50,45,69,64,64,50,44,10,80,80,80,80,80,80,73,73,73,62,42,36,9,9,9,6,0,0,0],"gold":39,"neow_bonus":"ONE_RANDOM_RARE_CARD","is_daily":false,"chose_seed":false,"campfire_upgraded":3,"win_rate":0.0,"timestamp":1613777193,"path_taken":["R","?","?","$","?","?","T","M","E","M","R","E","R","E","M","BOSS","R","?","?","M","$","?","T","?","?","M","?","E","?","?","M","BOSS"],"items_purchased_type":["Card","Card","Relic"],"build_version":"2020-12-22","purchased_purges":2,"victory":false,"max_hp_per_floor":[80,80,80,80,80,80,80,80,80,80,80,80,80,80,80,80,80,80,80,80,85,85,85,85,85,85,85,85,85,85,85,85,85,85,85],"card_choices":[{"not_picked":["Guardian:Gem_Green","Guardian:TemporalStrike"],"picked":"Guardian:ChargeCore","floor":2.0},{"not_picked":["Guardian:FuturePlans","Guardian:AncientConstruct"],"picked":"Guardian:Orbwalk","floor":4.0},{"not_picked":["Guardian:Emergency","Guardian:ChargeCore"],"picked":"Guardian:Gem_Purple","floor":5.0},{"not_picked":["Guardian:Gem_Cyan","Guardian:PrimingBeam"],"picked":"Guardian:Gem_Green","floor":8.0},{"not_picked":["Guardian:TemporalStrike","Guardian:Planning"],"picked":"Guardian:Gem_Yellow","floor":9.0},{"not_picked":["Guardian:Harden","Guardian:CrystalBeam"],"picked":"Guardian:WalkerClaw","floor":10.0},{"not_picked":["Guardian:GuardianWhirl","Guardian:Gem_Red"],"picked":"Guardian:Suspension","floor":12.0},{"not_picked":["Guardian:Gem_Lightblue","Guardian:TemporalShield"],"picked":"Guardian:ChargeUp","floor":14.0},{"not_picked":["Guardian:Planning","Guardian:StasisStrike"],"picked":"Guardian:Orbwalk","floor":15.0},{"not_picked":["Guardian:AncientConstruct","Guardian:CompilePackage"],"picked":"Guardian:Gem_Orange","floor":16.0},{"not_picked":["Guardian:Gem_Yellow","Guardian:Reroute+1"],"picked":"Guardian:BronzeArmor+1","floor":19.0},{"not_picked":["Guardian:ChargeCore","Guardian:Harden","Guardian:Gem_Green"],"picked":"SKIP","floor":20.0},{"not_picked":["Guardian:Incinerate","Guardian:Suspension"],"picked":"Guardian:Orbwalk+1","floor":21.0},{"not_picked":["Guardian:WalkerClaw","Guardian:Gem_Red","Guardian:Recover"],"picked":"SKIP","floor":22.0},{"not_picked":["Guardian:Gem_Lightblue","Guardian:Gem_Fragmented"],"picked":"Guardian:HyperBeam_Guardian","floor":23.0},{"not_picked":["Guardian:Gem_Cyan","Guardian:PrimingBeam+1"],"picked":"Guardian:Gem_Fragmented","floor":26.0},{"not_picked":["Guardian:VentSteam","Guardian:Gem_Purple"],"picked":"Guardian:Gem_Blue","floor":27.0},{"not_picked":["Guardian:DonusPower+1","Guardian:TemporalStrike+1","Guardian:Reroute"],"picked":"SKIP","floor":28.0},{"not_picked":["Guardian:Gem_Cyan","Guardian:VentSteam"],"picked":"Guardian:Clone","floor":29},{"not_picked":["Guardian:Suspension","Guardian:VentSteam+1"],"picked":"Guardian:Clone","floor":32}],"player_experience":1116241,"relics_obtained":[{"floor":7.0,"key":"Ancient Tea Set"},{"floor":9.0,"key":"Bottled Lightning"},{"floor":12.0,"key":"Oddly Smooth Stone"},{"floor":14.0,"key":"Bag of Marbles"},{"floor":24.0,"key":"Bottled Tornado"},{"floor":26.0,"key":"Red Mask"},{"floor":29,"key":"WingedGreaves"}],"event_choices":[{"damage_healed":0.0,"max_hp_gain":0.0,"max_hp_loss":0.0,"gold_gain":0.0,"event_name":"Lab","player_choice":"Got Potions","floor":3.0,"gold_loss":0.0,"damage_taken":0.0},{"damage_healed":0.0,"max_hp_gain":0.0,"max_hp_loss":0.0,"gold_gain":0.0,"event_name":"Masked Bandits","player_choice":"Fought Bandits","floor":26.0,"gold_loss":0.0,"damage_taken":0.0},{"damage_healed":0,"gold_gain":0,"player_choice":"Obtain J.A.X.","damage_taken":0,"max_hp_gain":0,"max_hp_loss":0,"event_name":"Drug Dealer","floor":31,"gold_loss":0,"cards_obtained":["J.A.X."]}],"is_beta":false,"boss_relics":[{"not_picked":["SacredBark","Snecko Eye"],"picked":"SlaversCollar"}],"items_purged_floors":[4,19],"is_endless":false,"potions_floor_spawned":[5,10,14,16,20,21,26,29,32],"killed_by":"DF_ARCHETYPE_CLAW","ascension_level":1}}