{"host":"d6oxvn0vsgxeumax","time":1613716777,"event":{"mods":["BaseMod","Better Altar","Better Match","Better Note","Better Sensory Stone","Better Skull","Better Third Choice","BetterRewards","Bossed Relics","Colored Map","Colored Powertips","Defuse TimeMaze Blight","Downfall","Hubris","Infinite Spire","Minty Spire (QoL Compilation)","Relic Sorter","Replay The Spire","Shop Mod","Spicy Shops","Spire Arcade","StSLib","The Bug Knight","Uncapped"],"gold_per_floor":[119,131,131,131,8,37,47,76,99,99,109,129,204,113,113,216,216,232,232,232,247,247,282,137,164,164,198,208,223,223,223,223,325,325,342,39,52,70,80,106,118,131,157,167,167,30,30,30,30,135,135,146,146,246,321,321,321,321,345,345,369,382,405,405,407,407,494,494,494,496,86,111,130,130,133,133,133,133,158,31,55,55,55,128,128,137,137,163,163,164,164,173,173,173,13,43,43,59,77,77,182,182,182],"floor_reached":102,"language":"ENG","playtime":3210,"items_purged":["hubris:Envy","ReplayTheSpireMod:Book of Names+1","Strike_G","Strike_G","Strike_G","Survivor","Clumsy","Defend_G"],"score":2376,"play_id":"88afebc4-c8ab-4457-984f-1c86a3a7dca4","local_time":"20210219003937","is_ascension_mode":true,"campfire_choices":[{"floor":15.0,"key":"DIG"},{"floor":30.0,"key":"DIG"},{"floor":32.0,"key":"DIG"},{"floor":47.0,"key":"DIG"},{"floor":49.0,"key":"DIG"},{"floor":57.0,"key":"DIG"},{"floor":58.0,"key":"DIG"},{"floor":66,"key":"DIG"},{"floor":74,"key":"DIG"},{"floor":76,"key":"DIG"},{"floor":78,"key":"DIG"},{"floor":83,"key":"DIG"},{"floor":91,"key":"DIG"},{"floor":93,"key":"DIG"},{"floor":100,"key":"DIG"}],"circlet_count":0,"master_deck":["Defend_G","Defend_G+1","Defend_G+1","Defend_G","Blade Dance+1","Cloak And Dagger+1","Cloak And Dagger+1","Blade Dance+1","Finisher+1","Accuracy+1","Blur+1","Accuracy+1","Blade Dance","Corpse Explosion+1","Burst+1","Adrenaline+1","infinitespire:SealOfDarkness+","infinitespire:Gouge"],"relics":["Ring of the Serpent","Replay:Kaleidoscope","hubris:BundleOfHerbs","hubris:Icosahedron","Membership Card","Ornamental Fan","Nunchaku","Replay:Wax Seal","Tiny Chest","MerchantsRug","Shovel","Bag of Marbles","PreservedInsect","ReplayTheSpireMod:CursedCoin","hubris:GlazedTorus","TungstenRod","hubris:Towel","Mummified Hand","Regal Pillow","hubris:OldNail","Vajra","Basket Of Snakes","Gremlin Food","infinitespire:BottledMercury","Snake Skull","ReplayFunnel","Calipers","Lantern","CaptainsWheel","Juzu Bracelet","Brimstone","Darkstone Periapt","hubris:TinFlute","Toxic Egg 2","Ancient Tea Set","hubris:SlimyHat","infinitespire:Cubic Diamond","hubris:PeanutButter","WristBlade","HandDrill","Medical Kit","Shuriken","hubris:Potato","Red Mask","infinitespire:Satchel","hexamod:BolsterEngine","ReplayTheSpireMod:Lightbulb","HollowMod:StagPassRelic","The Courier","Gremlin Horn","Garlic","Frozen Eye","champ:DuelingGlove","hubris:ToyBattleship","Mercury Hourglass","Bag of Preparation","Replay:Towering Pillar of Hats","Replay:Bandana","Slimebound:PreparedRelic","HollowMod:LifeEnderRelic","Pet Ghost","infinitespire:EmpoweringShard","hubris:Metronome","hubris:TenFootPole","hubris:Zylophone","Prayer Wheel","expansioncontent:StudyCardRelic"],"acts_visited":["Exordium","TheCity","TheBeyond","Exordium","TheCity","TheBeyond","Exordium"],"potions_floor_usage":[67],"damage_taken":[{"damage":0.0,"enemies":"infinitespire:Voidling","floor":1.0,"turns":1.0},{"damage":0.0,"enemies":"2 Louse","floor":2.0,"turns":1.0},{"damage":0.0,"enemies":"Replay:BlueRogue","floor":6.0,"turns":2.0},{"damage":0.0,"enemies":"Jaw Worm","floor":7.0,"turns":1.0},{"damage":0.0,"enemies":"Gremlin Nob","floor":8.0,"turns":2.0},{"damage":0.0,"enemies":"Looter","floor":11.0,"turns":1.0},{"damage":0.0,"enemies":"3 Louse","floor":12.0,"turns":1.0},{"damage":0.0,"enemies":"Slime Boss","floor":16.0,"turns":3.0},{"damage":0.0,"enemies":"Shell Parasite","floor":18.0,"turns":1.0},{"damage":0.0,"enemies":"Chosen","floor":21.0,"turns":1.0},{"damage":0.0,"enemies":"Replay:Snechameleon","floor":23.0,"turns":1.0},{"damage":30.0,"enemies":"Gremlin Leader","floor":25.0,"turns":2.0},{"damage":0.0,"enemies":"Replay:Snechameleon","floor":27.0,"turns":1.0},{"damage":0.0,"enemies":"Snake Plant","floor":28.0,"turns":1.0},{"damage":0.0,"enemies":"Cultist and Chosen","floor":29.0,"turns":2.0},{"damage":4.0,"enemies":"hubris:MusketHawk","floor":33.0,"turns":2.0},{"damage":26.0,"enemies":"3 Darklings","floor":35.0,"turns":4.0},{"damage":0.0,"enemies":"3 Shapes","floor":37.0,"turns":2.0},{"damage":0.0,"enemies":"Writhing Mass","floor":38.0,"turns":2.0},{"damage":0.0,"enemies":"Jaw Worm Horde","floor":39.0,"turns":2.0},{"damage":0.0,"enemies":"Nightmare","floor":40.0,"turns":1.0},{"damage":5.0,"enemies":"Sphere and 2 Shapes","floor":41.0,"turns":2.0},{"damage":0.0,"enemies":"Writhing Mass","floor":42.0,"turns":3.0},{"damage":0.0,"enemies":"Spire Growth","floor":44.0,"turns":2.0},{"damage":0.0,"enemies":"Replay:Hell Engine","floor":50.0,"turns":3.0},{"damage":0.0,"enemies":"2 Louse","floor":52.0,"turns":1.0},{"damage":0,"enemies":"3 Sentries","floor":59,"turns":1},{"damage":0,"enemies":"Replay:BlueRogue","floor":61,"turns":1},{"damage":0,"enemies":"Small Slimes","floor":62,"turns":1},{"damage":0,"enemies":"3 Sentries","floor":63,"turns":1},{"damage":0,"enemies":"Cultist","floor":65,"turns":1},{"damage":0,"enemies":"Slime Boss","floor":67,"turns":1},{"damage":0,"enemies":"Shell Parasite","floor":69,"turns":2},{"damage":0,"enemies":"Chosen","floor":70,"turns":1},{"damage":0,"enemies":"Masked Bandits","floor":73,"turns":2},{"damage":18,"enemies":"Nightmare","floor":75,"turns":3},{"damage":0,"enemies":"Slavers","floor":79,"turns":1},{"damage":0,"enemies":"Gremlin Leader","floor":81,"turns":1},{"damage":0,"enemies":"Automaton","floor":84,"turns":2},{"damage":0,"enemies":"3 Shapes","floor":86,"turns":1},{"damage":0,"enemies":"3 Darklings","floor":90,"turns":1},{"damage":0,"enemies":"R_Hoarder","floor":92,"turns":2},{"damage":0,"enemies":"Giant Head","floor":96,"turns":1},{"damage":0,"enemies":"Jaw Worm Horde","floor":98,"turns":1},{"damage":0,"enemies":"Maw","floor":99,"turns":1},{"damage":0,"enemies":"Replay:Hell Engine","floor":101,"turns":1}],"seed_played":"-1306671564305938278","potions_obtained":[{"floor":2.0,"key":"DuplicationPotion"},{"floor":6.0,"key":"Ancient Potion"},{"floor":12.0,"key":"Guardian:BlockOnCardUsePotion"},{"floor":40.0,"key":"Adrenaline Potion"},{"floor":41.0,"key":"Elixir"},{"floor":42.0,"key":"Guardian:BlockOnCardUsePotion"},{"floor":44.0,"key":"DistilledChaos"},{"floor":52.0,"key":"Flashbang"},{"floor":67,"key":"Poison Potion"},{"floor":73,"key":"Energy Potion"},{"floor":75,"key":"CunningPotion"}],"is_trial":false,"path_per_floor":["M","M","?","?","$","E","M","E","T","?","M","M","?","$","R","B",null,"M","?","?","M","AVR","E","$","E","T","E","M","M","R","?","R","B",null,"M","$","M","M","M","NM","M","M","T","M","?","$","R","T","R","B",null,"M","?","$","?","AVR","R","R","E","T","E","M","E","?","M","R_BF","B",null,"M","M","$","T","?","R","NM","R","T","R","E","$","E","?","R","B",null,"M","AVR","T","?","M","R","E","R","T","$","E","NS","M","M","R","B",null],"character_chosen":"THE_SILENT","items_purchased":["MerchantsRug","Golden Egg","bronze:BronzeIdol","bronze:DonusWashers","Blade Dance","Cloak And Dagger","Bag of Marbles","Orrery","Accuracy","PreservedInsect","ReplayTheSpireMod:CursedCoin","hubris:GlazedTorus","TungstenRod","Mummified Hand","Vajra","Basket Of Snakes","Guide Book","Membership Card","Calipers","Replay:Kaleidoscope","CaptainsWheel","Lee\u0027s Waffle","Strawberry","WingedGreaves","HandDrill","Medical Kit","Shuriken","hubris:Potato","Gremlin Horn","Garlic","Frozen Eye","Pet Ghost","infinitespire:EmpoweringShard","hubris:Metronome","hubris:TenFootPole"],"campfire_rested":0,"item_purchase_floors":[0,0,0,0,0,0,0,0,0,0,0,0,0,5,14,14,24,36,36,36,46,46,46,54,71,71,71,71,80,80,80,95,95,95,95],"current_hp_per_floor":[70,70,70,70,70,70,70,70,70,70,70,70,70,70,70,70,70,70,70,70,70,70,70,70,40,40,40,40,40,40,40,40,36,70,44,44,44,44,44,44,39,39,39,39,39,84,84,84,84,84,84,84,78,78,71,71,71,71,71,71,71,71,71,71,71,71,71,84,84,84,84,84,84,84,66,66,66,66,66,72,72,72,72,72,90,90,90,90,70,70,70,70,70,70,70,70,70,70,70,70,70,90,90],"gold":182,"neow_bonus":"","is_daily":false,"chose_seed":false,"campfire_upgraded":0,"win_rate":0.0,"timestamp":1613716777,"path_taken":["M","?","?","?","?","E","M","E","T","?","?","M","?","$","R","BOSS","M","?","?","M","AVR","E","?","E","T","E","M","M","R","?","R","BOSS","M","$","M","M","M","NM","M","M","T","M","?","?","R","?","R","BOSS","M","?","$","?","AVR","R","R","E","T","E","M","E","?","M","R_BF","BOSS","M","M","$","?","?","R","NM","R","T","R","E","?","E","?","R","BOSS","M","AVR","?","?","M","R","E","R","T","$","E","NS","M","M","R","BOSS"],"items_purchased_type":["Relic","Relic","Relic","Relic","Card","Card","Relic","Relic","Card","Relic","Relic","Relic","Relic","Relic","Relic","Relic","Relic","Relic","Relic","Relic","Relic","Relic","Relic","Relic","Relic","Relic","Relic","Relic","Relic","Relic","Relic","Relic","Relic","Relic","Relic"],"build_version":"2020-12-22","purchased_purges":8,"victory":false,"max_hp_per_floor":[70,70,70,70,70,70,70,70,70,70,70,70,70,70,70,70,70,70,70,70,70,70,70,70,70,70,70,70,70,70,70,70,70,70,70,70,70,70,70,70,70,70,70,70,70,84,84,84,84,84,84,84,84,84,84,84,84,84,84,84,84,84,84,84,84,84,84,84,84,84,84,84,84,84,84,84,84,84,84,90,90,90,90,90,90,90,90,90,90,90,90,90,90,90,90,90,90,90,90,90,90,90,90],"card_choices":[{"not_picked":["Distraction","Tactician"],"picked":"Blade Dance","floor":0.0},{"not_picked":["All Out Attack","Poisoned Stab"],"picked":"Cloak And Dagger","floor":0.0},{"not_picked":["Dagger Throw","Sucker Punch"],"picked":"Blade Dance","floor":0.0},{"not_picked":["Bane","Well Laid Plans"],"picked":"Finisher","floor":0.0},{"not_picked":["Fluid Movement","Heel Hook"],"picked":"Blur","floor":1.0},{"not_picked":["Dodge and Roll","ReplayTheSpireMod:Exploit Weakness","Quick Slash"],"picked":"SKIP","floor":2.0},{"not_picked":["Underhanded Strike","Crippling Poison","Acrobatics"],"picked":"SKIP","floor":6.0},{"not_picked":["Outmaneuver","hubris:Sniper","ReplayTheSpireMod:The Works"],"picked":"SKIP","floor":7.0},{"not_picked":["Outmaneuver","hubris:Sniper","ReplayTheSpireMod:The Works"],"picked":"SKIP","floor":7.0},{"not_picked":["Expertise","Underhanded Strike","Blur"],"picked":"SKIP","floor":8.0},{"not_picked":["Dagger Throw","Slice","Draining Mist"],"picked":"SKIP","floor":11.0},{"not_picked":["PiercingWail","Dagger Spray"],"picked":"Accuracy","floor":12.0},{"not_picked":["Deadly Poison","Poison Darts"],"picked":"Blade Dance","floor":13.0},{"not_picked":["Poison Darts","Replay:Bag of Tricks"],"picked":"Corpse Explosion","floor":16.0},{"not_picked":["Escape Plan+1","Leg Sweep","Skewer+1"],"picked":"SKIP","floor":18.0},{"not_picked":["Infinite Blades","Acrobatics+1","Sneak Up"],"picked":"SKIP","floor":21.0},{"not_picked":["Tools of the Trade","PiercingWail+1","Escape Plan"],"picked":"SKIP","floor":23.0},{"not_picked":["Tools of the Trade","PiercingWail+1","Escape Plan"],"picked":"SKIP","floor":23.0},{"not_picked":["Eviscerate+1","Poisoned Stab","Calculated Gamble"],"picked":"SKIP","floor":25.0},{"not_picked":["Dagger Throw+1","Noxious Fumes","Reflex"],"picked":"SKIP","floor":27.0},{"not_picked":["Blur","Blade Dance+1","Prepared"],"picked":"SKIP","floor":28.0},{"not_picked":["Masterful Stab","ReplayTheSpireMod:The Works","Bane"],"picked":"SKIP","floor":29.0},{"not_picked":["Die Die Die","Grand Finale"],"picked":"Burst","floor":33.0},{"not_picked":["Dodge and Roll+1","Underhanded Strike+1","Quick Slash+1"],"picked":"SKIP","floor":35.0},{"not_picked":["Footwork+1","Sucker Punch+1","All Out Attack+1"],"picked":"SKIP","floor":37.0},{"not_picked":["Backflip+1","Blur","Dagger Spray"],"picked":"SKIP","floor":38.0},{"not_picked":["Sucker Punch","Quick Slash","Masterful Stab+1"],"picked":"SKIP","floor":39.0},{"not_picked":["Dagger Throw","Cloak And Dagger","Poisoned Stab"],"picked":"SKIP","floor":40.0},{"not_picked":["Dagger Throw","Cloak And Dagger","Poisoned Stab"],"picked":"SKIP","floor":40.0},{"not_picked":["Crippling Poison+1","Bane+1","Blade Dance"],"picked":"SKIP","floor":41.0},{"not_picked":["Masterful Stab+1","Dagger Throw+1","Acrobatics+1"],"picked":"SKIP","floor":42.0},{"not_picked":["Dagger Spray+1","A Thousand Cuts","Deflect+1"],"picked":"SKIP","floor":44.0},{"not_picked":["Toxin Wave","Infinite Blades","ReplayTheSpireMod:Scrap Shanks"],"picked":"SKIP","floor":52.0},{"not_picked":["Bouncing Flask","Riddle With Holes","hubris:SlightOfHand"],"picked":"SKIP","floor":59},{"not_picked":["Setup+1","Poisoned Stab","Quick Slash"],"picked":"SKIP","floor":61},{"not_picked":["Quick Slash","Prepared+1","Hidden Blade+1"],"picked":"SKIP","floor":62},{"not_picked":["Hidden Blade+1","Flying Knee","ReplayTheSpireMod:The Works+1"],"picked":"SKIP","floor":63},{"not_picked":["Hidden Blade+1","Underhanded Strike","Slice"],"picked":"SKIP","floor":65},{"not_picked":["Poison Darts+1","Phantasmal Killer+1"],"picked":"Adrenaline+1","floor":67},{"not_picked":["hubris:SlightOfHand+1","Acrobatics+1","Bane"],"picked":"SKIP","floor":69},{"not_picked":["Envenom","ReplayTheSpireMod:Scrap Shanks","Blade Dance+1"],"picked":"SKIP","floor":70},{"not_picked":["Hidden Blade+1","hubris:SlightOfHand+1","Well Laid Plans"],"picked":"SKIP","floor":75},{"not_picked":["ReplayTheSpireMod:Necrosis+1","Backflip+1","hubris:TrickCloak+1"],"picked":"SKIP","floor":79},{"not_picked":["Blade Dance+1","Hidden Blade+1","ReplayTheSpireMod:Necrosis+1"],"picked":"SKIP","floor":81},{"not_picked":["Escape Plan+1","Deflect+1","Leg Sweep+1"],"picked":"SKIP","floor":86},{"not_picked":["Sucker Punch","Dagger Throw","Dagger Spray"],"picked":"SKIP","floor":90},{"not_picked":["Riddle With Holes","Prepared+1","Dagger Spray+1"],"picked":"SKIP","floor":92},{"not_picked":["Blade Dance+1","Cloak And Dagger+1","Slice+1"],"picked":"SKIP","floor":96},{"not_picked":["Flying Knee+1","Dagger Spray","ReplayTheSpireMod:Shiv Toss+1"],"picked":"SKIP","floor":98},{"not_picked":["Acrobatics+1","Riddle With Holes+1","Calculated Gamble+1"],"picked":"SKIP","floor":99}],"player_experience":1112245,"relics_obtained":[{"floor":6.0,"key":"Regal Pillow"},{"floor":8.0,"key":"hubris:OldNail"},{"floor":9.0,"key":"Omamori"},{"floor":13.0,"key":"HollowMod:PaleOreRelic"},{"floor":15.0,"key":"Gremlin Food"},{"floor":23.0,"key":"Nunchaku"},{"floor":25.0,"key":"Ornamental Fan"},{"floor":26.0,"key":"Replay:Wax Seal"},{"floor":27.0,"key":"Snake Skull"},{"floor":30.0,"key":"Tiny Chest"},{"floor":32.0,"key":"ReplayFunnel"},{"floor":40.0,"key":"Potion Belt"},{"floor":43.0,"key":"Lantern"},{"floor":47.0,"key":"Centennial Puzzle"},{"floor":48.0,"key":"War Paint"},{"floor":49.0,"key":"Juzu Bracelet"},{"floor":57.0,"key":"hubris:BundleOfHerbs"},{"floor":58.0,"key":"HollowMod:PaleOreRelic"},{"floor":59,"key":"hubris:TinFlute"},{"floor":60,"key":"Toxic Egg 2"},{"floor":61,"key":"Ancient Tea Set"},{"floor":63,"key":"hubris:SlimyHat"},{"floor":66,"key":"hubris:PeanutButter"},{"floor":72,"key":"CeramicFish"},{"floor":73,"key":"Red Mask"},{"floor":74,"key":"infinitespire:Satchel"},{"floor":75,"key":"Whetstone"},{"floor":76,"key":"hexamod:BolsterEngine"},{"floor":77,"key":"ReplayTheSpireMod:Lightbulb"},{"floor":78,"key":"HollowMod:StagPassRelic"},{"floor":79,"key":"The Courier"},{"floor":81,"key":"champ:DuelingGlove"},{"floor":83,"key":"hubris:ToyBattleship"},{"floor":88,"key":"Bag of Preparation"},{"floor":91,"key":"Replay:Towering Pillar of Hats"},{"floor":92,"key":"Replay:Bandana"},{"floor":93,"key":"Slimebound:PreparedRelic"},{"floor":94,"key":"HollowMod:LifeEnderRelic"},{"floor":96,"key":"hubris:Zylophone"},{"floor":100,"key":"Prayer Wheel"}],"event_choices":[{"damage_healed":0.0,"max_hp_gain":0.0,"max_hp_loss":0.0,"gold_gain":1.0,"event_name":"betterStone:BetterStone","player_choice":"1","floor":10.0,"gold_loss":0.0,"damage_taken":0.0},{"cards_removed":["ReplayTheSpireMod:Book of Names"],"damage_healed":0.0,"max_hp_gain":0.0,"max_hp_loss":0.0,"gold_gain":0.0,"event_name":"betterNote:BetterNote","player_choice":"Take \u0026 Give","floor":19.0,"gold_loss":0.0,"damage_taken":0.0,"cards_obtained":["ReplayTheSpireMod:Book of Names"]},{"cards_removed":["Neutralize"],"damage_healed":0.0,"max_hp_gain":0.0,"max_hp_loss":0.0,"gold_gain":0.0,"event_name":"Falling","player_choice":"Removed Attack","floor":45.0,"gold_loss":0.0,"damage_taken":0.0},{"cards_removed":["Strike_G"],"damage_healed":0.0,"max_hp_gain":0.0,"max_hp_loss":0.0,"gold_gain":0.0,"event_name":"Golden Wing","player_choice":"Card Removal","floor":53.0,"gold_loss":0.0,"damage_taken":7.0},{"damage_healed":0.0,"max_hp_gain":0.0,"max_hp_loss":0.0,"gold_gain":75.0,"event_name":"FaceTrader","player_choice":"Touch","floor":55.0,"gold_loss":0.0,"damage_taken":8.0},{"damage_healed":0,"gold_gain":0,"player_choice":"Fought Bandits","damage_taken":0,"max_hp_gain":0,"max_hp_loss":0,"event_name":"Masked Bandits","floor":73,"gold_loss":0},{"damage_healed":0,"gold_gain":0,"player_choice":"Ignored","damage_taken":0,"max_hp_gain":0,"max_hp_loss":0,"event_name":"Ghosts","floor":82,"gold_loss":0}],"is_beta":false,"boss_relics":[{"not_picked":["SlaversCollar","Sozu"],"picked":"Snecko Scales"},{"not_picked":["hubris:ScarierMask","Fusion Hammer"],"picked":"Ring of the Serpent"},{"not_picked":["Snecko Eye","Velvet Choker"],"picked":"hubris:Backtick"},{"not_picked":["hubris:VirtuousBlindfold","Replay:Grab Bag"],"picked":"WristBlade"},{"not_picked":["hubris:CrackedHourglass","ReplayTheSpireMod:DimensionalGlitch"],"picked":"HoveringKite"},{"not_picked":["Velvet Choker","hubris:BlackHole"],"picked":"expansioncontent:StudyCardRelic"}],"items_purged_floors":[0,22,36,54,54,71,80,87],"is_endless":true,"potions_floor_spawned":[2,6,12,23,25,27,33,35,40,41,42,44,52,65,67,73,75,81,92,99,101],"ascension_level":1}}