{"host":"o3b7ow6d1xe49css","time":1613718396,"event":{"mods":["Act Like it!","Aspiration","BaseMod","Bestiary","Better Altar","Better Match","Better Note","Better Sensory Stone","Better Skull","Better Third Choice","Colored Powertips","Conspire","Energized Spire","Force Act Four","GifTheSpireLib","Halation","Hermit","Hubris","Infinite Spire","Lobotomy","Minty Spire (QoL Compilation)","Quick Restart","Rare Cards Sparkle","Relic Filter Mod","Reliquary","Replay The Spire","Spicy Shops","Spikes Relics","StSLib","Stuff the Spire","The Blue Laboratory","The Hierophant","The Jungle","Wandering Minibosses"],"gold_per_floor":[113,129,149,149,5,39,39,68,68,68,80,108,108,134,134,238,238,254,254,254,254],"floor_reached":20,"language":"ENG","playtime":912,"items_purged":["Strike_G"],"score":275,"play_id":"4c635d83-249e-4c14-ae76-5e8972bf08f8","local_time":"20210218220636","daily_mods":["Heirloom","Flight"],"is_ascension_mode":true,"campfire_choices":[{"data":"ReplayTheSpireMod:Scrap Shanks","floor":7,"key":"SMITH"},{"floor":10,"key":"REST"},{"data":"Neutralize","floor":13,"key":"SMITH"},{"data":"Infinite Blades","floor":13,"key":"SMITH"}],"circlet_count":0,"master_deck":["Strike_G","Strike_G","Strike_G","Defend_G","Defend_G","Defend_G","Defend_G","Defend_G","Survivor","Neutralize+1","PiercingWail","UniverseFragment","Dagger Spray","ReplayTheSpireMod:Scrap Shanks+1","Infinite Blades+1","Blur","Burst","infinitespire:Starlight"],"relics":["Ring of the Snake","Ring of Chaos","halation:OrihimeAndHikoboshiSamaAndTears","CogitoBucket","aspiration:ChemicalBlood","Lantern","Replay:Arrowhead","Pear","AspirationHeart","Pantograph","Replay:Bottled Steam","energizedSpire:RedRose","hubris:MedicalManual"],"acts_visited":["Exordium","TheCity"],"potions_floor_usage":[8,8,11,12,14,16,16,18,20],"damage_taken":[{"damage":0,"enemies":"Jaw Worm","floor":1,"turns":5},{"damage":0,"enemies":"2 Louse","floor":2,"turns":2},{"damage":4,"enemies":"Cultist","floor":3,"turns":4},{"damage":23,"enemies":"Gremlin Nob","floor":6,"turns":5},{"damage":21,"enemies":"Lagavulin","floor":8,"turns":7},{"damage":1,"enemies":"Blue Slaver","floor":11,"turns":2},{"damage":16,"enemies":"3 Sentries","floor":12,"turns":4},{"damage":2,"enemies":"Gremlin Nob","floor":14,"turns":3},{"damage":39,"enemies":"The Guardian","floor":16,"turns":15},{"damage":33,"enemies":"conspire:FuzzyDice","floor":18,"turns":10},{"damage":28,"enemies":"Spheric Guardian","floor":20,"turns":2}],"seed_played":"-2402477263979932395","potions_obtained":[{"floor":6,"key":"FearPotion"},{"floor":8,"key":"SneckoOil"},{"floor":11,"key":"blueLaboratory:HummingbirdPotion"},{"floor":12,"key":"blueLaboratory:BlinkPotion"},{"floor":16,"key":"Energy Potion"},{"floor":20,"key":"Toxic Potion"}],"is_trial":true,"path_per_floor":["M","M","M","?","$","E","R","E","T","R","M","E","R","E","R","B",null,"M","AVR","M"],"character_chosen":"THE_SILENT","items_purchased":["conspire:TimeTravelPotion"],"campfire_rested":1,"item_purchase_floors":[5],"current_hp_per_floor":[70,70,66,54,54,31,31,10,20,44,53,37,37,35,35,48,80,47,47,39,39],"gold":254,"neow_bonus":"","is_daily":false,"chose_seed":false,"campfire_upgraded":3,"win_rate":0.0,"timestamp":1613718396,"path_taken":["M","M","M","?","$","E","R","E","T","R","M","E","R","E","R","BOSS","M","AVR","M"],"items_purchased_type":["Potion"],"build_version":"2020-12-22","purchased_purges":1,"victory":false,"max_hp_per_floor":[70,70,70,70,70,70,70,70,80,80,90,90,90,90,90,90,90,90,90,90,90],"card_choices":[{"not_picked":["Flying Knee","StuffTheSpire:BrimstoneBlast"],"picked":"PiercingWail","floor":1},{"not_picked":["ShyLook","QueenBee","Freischutz"],"picked":"Singing Bowl","floor":1},{"not_picked":["MHz","PunishingBird"],"picked":"UniverseFragment","floor":2},{"not_picked":["Poisoned Stab","Backstab","StuffTheSpire:BumpUp"],"picked":"SKIP","floor":2},{"not_picked":["Underhanded Strike","Finisher"],"picked":"Dagger Spray","floor":3},{"not_picked":["BlackSwan","Wellcheers","OSAHOGD"],"picked":"Singing Bowl","floor":3},{"not_picked":["StuffTheSpire:Shiver","Slice"],"picked":"ReplayTheSpireMod:Scrap Shanks","floor":6},{"not_picked":["PiercingWail","ReplayTheSpireMod:Speed Training"],"picked":"Infinite Blades","floor":8},{"not_picked":["Footwork","StuffTheSpire:ClusterCrunch","ReplayTheSpireMod:Necrosis"],"picked":"SKIP","floor":11},{"not_picked":["Deadly Poison","StuffTheSpire:BrimstoneBlast","Backflip"],"picked":"SKIP","floor":12},{"not_picked":["StuffTheSpire:DoubleShiv","Dagger Throw","Cloak And Dagger"],"picked":"SKIP","floor":14},{"not_picked":["StuffTheSpire:DoubleShiv","Dagger Throw","Cloak And Dagger"],"picked":"SKIP","floor":14},{"not_picked":["Atom Bomb","Poison Darts"],"picked":"Burst","floor":16},{"not_picked":["Dagger Spray","StuffTheSpire:Fury+1","StuffTheSpire:ClusterCrunch"],"picked":"SKIP","floor":18}],"player_experience":1418417,"relics_obtained":[{"floor":6,"key":"Lantern"},{"floor":8,"key":"Replay:Arrowhead"},{"floor":9,"key":"Pear"},{"floor":12,"key":"Pantograph"},{"floor":14,"key":"Replay:Bottled Steam"}],"event_choices":[{"damage_healed":0,"gold_gain":0,"player_choice":"Relic ","damage_taken":12,"max_hp_gain":0,"max_hp_loss":0,"event_name":"betterThird:BetterScrap","floor":4,"gold_loss":0,"cards_obtained":["Abandon"]}],"is_beta":false,"boss_relics":[{"not_picked":["halation:Risk","infinitespire:Cupcake"],"picked":"energizedSpire:RedRose"}],"items_purged_floors":[19],"is_endless":false,"potions_floor_spawned":[6,8,11,12,16],"killed_by":"Spheric Guardian","ascension_level":5}}