{"host":"i09pxcjttd31eh4q","time":1613697984,"event":{"mods":["AchievementEnabler","BaseMod","Colored Map","Keyboard Shortcuts","Minty Spire (QoL Compilation)","StSLib","SuperFastMode"],"gold_per_floor":[109,120,130,55,67,67,67,67,67,92,242,19,53,67,67,67,67],"floor_reached":16,"language":"KOR","playtime":287,"items_purged":["Strike_P","Doubt"],"score":220,"play_id":"6bfb331f-d21b-416c-9066-6aa8a6bc7168","local_time":"20210219102624","is_ascension_mode":true,"campfire_choices":[{"data":"Eruption","floor":6.0,"key":"SMITH"},{"data":"Tantrum","floor":8.0,"key":"SMITH"},{"data":"EmptyFist","floor":15,"key":"SMITH"}],"circlet_count":0,"master_deck":["AscendersBane","Strike_P","Strike_P","Strike_P","Defend_P","Defend_P","Defend_P","Defend_P","Eruption+1","Vigilance","EmptyFist+1","Tantrum+1"],"relics":["Coffee Dripper","Blood Vial","HornCleat","Membership Card","Nunchaku"],"acts_visited":["Exordium"],"potions_floor_usage":[],"damage_taken":[{"damage":0.0,"enemies":"Small Slimes","floor":1.0,"turns":3.0},{"damage":0.0,"enemies":"2 Louse","floor":2.0,"turns":2.0},{"damage":0.0,"enemies":"Cultist","floor":3.0,"turns":2.0},{"damage":10.0,"enemies":"Lots of Slimes","floor":5.0,"turns":4.0},{"damage":35.0,"enemies":"Lagavulin","floor":10.0,"turns":3.0},{"damage":15,"enemies":"3 Sentries","floor":13,"turns":8},{"damage":6,"enemies":"Exordium Thugs","floor":14,"turns":4},{"damage":8,"enemies":"The Guardian","floor":16,"turns":7}],"seed_played":"-9148773636409685303","potions_obtained":[{"floor":2.0,"key":"DuplicationPotion"},{"floor":3.0,"key":"BottledMiracle"},{"floor":10.0,"key":"Fruit Juice"}],"is_trial":false,"path_per_floor":["M","M","M","$","M","R","?","R","T","E","?","$","E","M","R","B"],"character_chosen":"WATCHER","items_purchased":["Membership Card"],"campfire_rested":0,"item_purchase_floors":[12],"current_hp_per_floor":[61,61,61,61,51,51,56,56,56,28,28,28,15,11,11,5,5],"gold":67,"neow_bonus":"BOSS_RELIC","is_daily":false,"chose_seed":false,"campfire_upgraded":3,"win_rate":0.0,"timestamp":1613697984,"path_taken":["M","M","M","$","M","R","?","R","T","E","?","$","E","M","R","BOSS"],"items_purchased_type":["Relic"],"build_version":"2020-12-22","purchased_purges":2,"victory":false,"max_hp_per_floor":[68,68,68,68,68,68,73,73,73,78,78,78,78,78,78,78,78],"card_choices":[{"not_picked":["BowlingBash","WindmillStrike"],"picked":"EmptyFist","floor":1.0},{"not_picked":["PathToVictory","SashWhip"],"picked":"Tantrum","floor":2.0},{"not_picked":["Prostrate","Indignation","Worship"],"picked":"SKIP","floor":3.0},{"not_picked":["Pray","Study","ThirdEye"],"picked":"SKIP","floor":5.0},{"not_picked":["FollowUp","Consecrate","Protect"],"picked":"SKIP","floor":10.0},{"not_picked":["ReachHeaven","EmptyBody","CutThroughFate"],"picked":"SKIP","floor":13},{"not_picked":["Consecrate","EmptyFist","SandsOfTime"],"picked":"SKIP","floor":14}],"player_experience":925329,"relics_obtained":[{"floor":9.0,"key":"Blood Vial"},{"floor":10.0,"key":"HornCleat"},{"floor":13,"key":"Nunchaku"}],"event_choices":[{"damage_healed":0.0,"max_hp_gain":5.0,"max_hp_loss":0.0,"gold_gain":0.0,"event_name":"Big Fish","player_choice":"Donut","floor":7.0,"gold_loss":0.0,"damage_taken":0.0},{"damage_healed":0,"gold_gain":150,"player_choice":"AGREE","damage_taken":0,"max_hp_gain":0,"max_hp_loss":0,"event_name":"Liars Game","floor":11,"gold_loss":0,"cards_obtained":["Doubt"]}],"is_beta":false,"boss_relics":[],"items_purged_floors":[4,12],"is_endless":false,"potions_floor_spawned":[2,3,10],"killed_by":"The Guardian","ascension_level":20}}