{"host":"8srk5r1dwtmjotwd","time":1613706917,"event":{"mods":["AchievementEnabler","Act Like it!","Aspiration","BaseMod","Beaked The Cultist","Bestiary","Better Note","Better Third Choice","Colored Map","Colored Powertips","Conspire","Custom Start","Friendly Minions","GifTheSpireLib","Halation","Hallownest","Hermit","Highlight Path","Hubris","Infinite Spire","Mimic Mod","Minty Spire (QoL Compilation)","Morshu Shopkeeper - ENHANCED","Quick Restart","Rare Cards Sparkle","Reliquary","Replay The Spire","Shop Mod","StSLib","SuperFastMode","Synergy Search","The Bug Knight","The Construct","The Cursed","The Disciple","The Marked","Thieving Mod","Wide Potions","Yohane!","everything is the same but u backflip on backflip","slay the spire mod where everything is the same but ironclad has a cowboy hat"],"gold_per_floor":[118,168,0,0,0,35,35,51,51,51,70,88,88,107,107,107,107],"floor_reached":16,"language":"ENG","playtime":566,"items_purged":[],"score":225,"play_id":"24df599a-35b3-46e0-8989-72e356edca84","local_time":"20210218225517","is_ascension_mode":false,"campfire_choices":[{"data":"Enlightenment","floor":7,"key":"SMITH"},{"data":"ReplayTheSpireMod:Stacked","floor":13,"key":"SMITH"},{"data":"conspire:ExplosiveBarrier","floor":15,"key":"SMITH"}],"circlet_count":0,"master_deck":["Strike_R","Strike_R","Strike_R","Strike_R","Strike_R","Defend_R","Defend_R","Defend_R","Defend_R","Perfected Strike","Enlightenment+1","Injury","Whirlwind","conspire:ExplosiveBarrier+1","ReplayTheSpireMod:Stacked+1","Warcry","hubris:Greed","Flame Barrier","hubris:Greed","hubris:Greed","hubris:Greed","hubris:Greed","hubris:Greed"],"relics":["Burning Blood","Ring of Greed","Blue Doll","Tiny Chest","ReplayTheSpireMod:Ring of Exchange","Golden Idol","CultistMask","halation:WeightlessCrab","Replay:Bottled Steam","reliquary:MedicineBall"],"acts_visited":["Exordium"],"potions_floor_usage":[16],"damage_taken":[{"damage":12,"enemies":"Small Slimes","floor":1,"turns":4},{"damage":27,"enemies":"Gremlin Nob","floor":6,"turns":4},{"damage":0,"enemies":"2 Louse","floor":8,"turns":1},{"damage":0,"enemies":"Cultist","floor":11,"turns":3},{"damage":6,"enemies":"Exordium Thugs","floor":12,"turns":3},{"damage":5,"enemies":"3 Louse","floor":14,"turns":2},{"damage":76,"enemies":"Hexaghost","floor":16,"turns":16}],"seed_played":"6486036648216189600","potions_obtained":[{"floor":1,"key":"Milkshake"},{"floor":11,"key":"EssenceOfSteel"}],"is_trial":false,"path_per_floor":["M","?","?","?","?","E","R","M","T","T","M","M","R","M","R","B"],"character_chosen":"IRONCLAD","items_purchased":[],"campfire_rested":0,"item_purchase_floors":[],"current_hp_per_floor":[74,74,80,80,80,59,59,65,65,65,71,71,71,72,72,0,0],"gold":107,"neow_bonus":"RANDOM_EVENT","is_daily":false,"chose_seed":false,"campfire_upgraded":3,"win_rate":0.0,"timestamp":1613706917,"path_taken":["M","?","?","?","?","E","R","M","T","?","M","?","R","M","R","BOSS"],"items_purchased_type":[],"build_version":"2020-12-22","purchased_purges":0,"victory":false,"max_hp_per_floor":[80,80,86,86,86,86,86,86,86,86,86,86,86,86,86,86,86],"card_choices":[{"not_picked":["Replay:Undeath\u0027s Touch","Entrench"],"picked":"Perfected Strike","floor":1},{"not_picked":["Bloodletting","Evolve"],"picked":"Whirlwind","floor":6},{"not_picked":["Heavy Blade","ReplayTheSpireMod:Corrosion Curse"],"picked":"conspire:ExplosiveBarrier","floor":8},{"not_picked":["Clothesline","Run Through"],"picked":"ReplayTheSpireMod:Stacked","floor":11},{"not_picked":["Battle Trance","ReplayTheSpireMod:Stacked"],"picked":"Warcry","floor":12},{"not_picked":["Dropkick","Disarm"],"picked":"Flame Barrier","floor":14}],"player_experience":133833,"relics_obtained":[{"floor":2,"key":"Ring of Greed"},{"floor":2,"key":"Blue Doll"},{"floor":2,"key":"Tiny Chest"},{"floor":2,"key":"ReplayTheSpireMod:Ring of Exchange"},{"floor":6,"key":"halation:WeightlessCrab"},{"floor":9,"key":"Replay:Bottled Steam"},{"floor":10,"key":"reliquary:MedicineBall"}],"event_choices":[{"cards_removed":["Bash"],"damage_healed":0,"gold_gain":0,"player_choice":"Forget","damage_taken":0,"max_hp_gain":0,"max_hp_loss":0,"event_name":"Living Wall","floor":0,"gold_loss":0},{"damage_healed":0,"gold_gain":0,"player_choice":"RENOUNCE","damage_taken":168,"max_hp_gain":0,"max_hp_loss":0,"event_name":"betterThird:BetterSerpent","floor":3,"gold_loss":168,"cards_obtained":["Enlightenment"]},{"damage_healed":0,"gold_gain":0,"player_choice":"Take Wound","damage_taken":0,"relics_obtained":["Golden Idol"],"max_hp_gain":0,"max_hp_loss":0,"event_name":"Golden Idol","floor":4,"gold_loss":0,"cards_obtained":["Injury"]},{"damage_healed":0,"gold_gain":0,"player_choice":"Trade","damage_taken":0,"relics_obtained":["CultistMask"],"max_hp_gain":0,"max_hp_loss":0,"event_name":"FaceTrader","floor":5,"gold_loss":0}],"is_beta":false,"boss_relics":[],"items_purged_floors":[],"is_endless":false,"potions_floor_spawned":[1,11],"killed_by":"Hexaghost","ascension_level":0}}