{"host":"cgwysqtmt736mr58","time":1613747414,"event":{"mods":["2.2 Compatiblity","Aspiration","BaseMod","Beaked The Cultist","BetterRewards","Colored Map","Colored Powertips","Downfall","Duelist Mod","GifTheSpireLib","Googly Eyes","Halation","Hermit","Hubris","Infinite Spire","Lobotomy","LobotomyExtend","Minty Spire (QoL Compilation)","Relic Stats","Replay The Spire","Shade Mod","Shop Mod","StSLib","The Construct","The Cursed","The Disciple","The Exalted","The Necromancer","The Runesmith","Waifu the Spire","Yuri Mod"],"gold_per_floor":[99,117,132,132,282,299,325,325,325,325,121,121,36,36,53,157,157,157,157,169,181,181,201,201,201,201,4,24,24,35,20,34,34,34,34],"floor_reached":33,"language":"ENG","playtime":1650,"items_purged":[],"score":355,"play_id":"4769ebc9-8b16-4135-8ad1-dd499b15fd82","local_time":"20210220021014","is_ascension_mode":true,"campfire_choices":[{"data":"bronze:GetLatest","floor":8,"key":"SMITH"},{"data":"bronze:InfiniteBeams","floor":10,"key":"SMITH"},{"data":"bronze:HardenedForm","floor":18,"key":"SMITH"},{"floor":25,"key":"REST"},{"floor":29,"key":"REST"}],"circlet_count":0,"master_deck":["AscendersBane","bronze:Strike","bronze:Strike","bronze:Strike","bronze:Strike","bronze:Defend","bronze:Defend","bronze:Defend","bronze:Defend","Blind","m_BronzeAgony","m_BronzeSurvivor","bronze:GetLatest+1","bronze:Branch","downfall:Icky","bronze:GetLatest","bronze:InfiniteBeams+1","bronze:Iterate","bronze:HardenedForm+1","bronze:BronzeOrb","bronze:InfiniteBeams","bronze:Mutator","bronze:FineTuning","bronze:DelayedSlice","bronze:Separator","Pain","bronze:InfiniteBeams","bronze:Repair","bronze:DelayedGuard","bronze:Branch"],"relics":["bronze:BronzeCore","LetterFromLob","Bromod:ArcaneNullifier","Replay:Wax Seal","Spirit Poop","Gaze_r","Bromod:ArcaneEnergize","Bromod:ArcaneUltimatum","Replay:Accelerometer","aspiration:StickyExplosives_weak","ClockworkSouvenir"],"acts_visited":["Exordium","TheCity"],"potions_floor_usage":[14,16,16,19,27,30,31,33],"damage_taken":[{"damage":0,"enemies":"Cultist","floor":2,"turns":3},{"damage":0,"enemies":"2 Louse","floor":3,"turns":3},{"damage":5,"enemies":"Small Slimes","floor":6,"turns":5},{"damage":2,"enemies":"downfall:FleeingMerchant","floor":11,"turns":4},{"damage":0,"enemies":"downfall:FleeingMerchant","floor":13,"turns":4},{"damage":0,"enemies":"3 Louse","floor":14,"turns":3},{"damage":0,"enemies":"3 Louse","floor":15,"turns":4},{"damage":14,"enemies":"WA_ARCHETYPE_RETAIN","floor":16,"turns":9},{"damage":0,"enemies":"3 Byrds","floor":19,"turns":2},{"damage":14,"enemies":"Spheric Guardian","floor":20,"turns":4},{"damage":17,"enemies":"Snake Plant","floor":21,"turns":5},{"damage":8,"enemies":"Cultist and Chosen","floor":23,"turns":7},{"damage":0,"enemies":"downfall:FleeingMerchant","floor":27,"turns":4},{"damage":5,"enemies":"Centurion and Healer","floor":28,"turns":5},{"damage":5,"enemies":"Sentry and Sphere","floor":30,"turns":4},{"damage":7,"enemies":"downfall:FleeingMerchant","floor":31,"turns":4},{"damage":19,"enemies":"3 Cultists","floor":32,"turns":5},{"damage":62,"enemies":"DF_ARCHETYPE_CLAW","floor":33,"turns":8}],"seed_played":"5278883468617433601","potions_obtained":[{"floor":2,"key":"Fire Potion"},{"floor":6,"key":"DistilledChaos"},{"floor":15,"key":"BlessingOfTheForge"},{"floor":16,"key":"SmokeBomb"},{"floor":23,"key":"LiquidBronze"},{"floor":28,"key":"AttackPotion"},{"floor":30,"key":"EssenceOfSteel"}],"is_trial":false,"path_per_floor":["R_BF","M","M","?","?","M","T","R","?","R","$","?","$","M","M","B",null,"R","M","M","M","AVR","M","T","R","?","$","M","R","M","$","M","B"],"character_chosen":"THE_AUTOMATON","items_purchased":["bronze:HardenedForm","PowerPotion","bronze:InfiniteBeams","bronze:InfiniteBeams","ClockworkSouvenir"],"campfire_rested":2,"item_purchase_floors":[11,11,13,27,27],"current_hp_per_floor":[63,63,63,63,63,58,58,58,58,58,56,56,56,56,56,42,63,63,63,49,32,32,24,24,45,45,45,40,61,56,56,44,0,0,0],"gold":34,"neow_bonus":"RANDOM_COLORLESS","is_daily":false,"chose_seed":false,"campfire_upgraded":3,"win_rate":0.0,"timestamp":1613747414,"path_taken":["R_BF","M","M","?","?","M","T","R","?","R","$","?","$","?","M","BOSS","R","M","M","M","AVR","M","T","R","?","$","M","R","M","?","M","BOSS"],"items_purchased_type":["Card","Potion","Card","Card","Relic"],"build_version":"2020-12-22","purchased_purges":0,"victory":false,"max_hp_per_floor":[70,70,70,70,70,70,70,70,70,70,70,70,70,70,70,70,70,70,70,70,70,70,70,70,70,70,70,70,70,70,70,70,70,70,70],"relic_stats":{"counters":[18,83],"obtain_stats":[{"Bromod:ArcaneUltimatum":22,"Replay:Accelerometer":24,"bronze:BronzeCore":0,"Bromod:ArcaneNullifier":4,"Spirit Poop":12,"Bromod:ArcaneEnergize":17,"LetterFromLob":2,"Replay:Wax Seal":7,"Gaze_r":14,"aspiration:StickyExplosives_weak":26,"ClockworkSouvenir":27},{"Bromod:ArcaneUltimatum":11,"Replay:Accelerometer":12,"bronze:BronzeCore":0,"Bromod:ArcaneNullifier":2,"Spirit Poop":4,"Bromod:ArcaneEnergize":8,"LetterFromLob":1,"Replay:Wax Seal":3,"Gaze_r":6,"aspiration:StickyExplosives_weak":12,"ClockworkSouvenir":13},{"Bromod:ArcaneUltimatum":46,"Replay:Accelerometer":53,"bronze:BronzeCore":0,"Bromod:ArcaneNullifier":6,"Spirit Poop":15,"Bromod:ArcaneEnergize":35,"LetterFromLob":3,"Replay:Wax Seal":11,"Gaze_r":22,"aspiration:StickyExplosives_weak":53,"ClockworkSouvenir":57}]},"card_choices":[{"not_picked":["Good Instincts","Trip"],"picked":"Blind","floor":0},{"not_picked":["bronze:BitShift","bronze:Safeguard"],"picked":"bronze:GetLatest","floor":2},{"not_picked":["bronze:CloningBeam","bronze:Frontload"],"picked":"bronze:Branch","floor":3},{"not_picked":["bronze:Overheat","bronze:Return"],"picked":"bronze:GetLatest","floor":6},{"not_picked":["bronze:BitShift","bronze:Turbo"],"picked":"bronze:Iterate","floor":11},{"not_picked":["bronze:Iterate","bronze:InfiniteLoop"],"picked":"bronze:BronzeOrb","floor":13},{"not_picked":["bronze:Terminator","bronze:NullPointer","bronze:BugBarrage"],"picked":"SKIP","floor":15},{"not_picked":["bronze:ThunderWave","bronze:SpaghettiCode"],"picked":"bronze:Mutator","floor":16},{"not_picked":["bronze:Separator","bronze:Shield+1"],"picked":"bronze:FineTuning","floor":20},{"not_picked":["bronze:Philosophize","bronze:Shield"],"picked":"bronze:DelayedSlice","floor":21},{"not_picked":["bronze:Philosophize","bronze:Allocate"],"picked":"bronze:Separator","floor":23},{"not_picked":["bronze:Invalidate","bronze:DelayedGuard","bronze:Fortify"],"picked":"SKIP","floor":27},{"not_picked":["bronze:Terminator","bronze:Overheat+1","bronze:Overload"],"picked":"SKIP","floor":28},{"not_picked":["bronze:Separator+1","bronze:WildBeam"],"picked":"bronze:Repair","floor":30},{"not_picked":["bronze:ShipIt","bronze:FineTuning"],"picked":"bronze:DelayedGuard","floor":31},{"not_picked":["bronze:WildBeam","bronze:Shield"],"picked":"bronze:Branch","floor":32}],"player_experience":1105566,"relics_obtained":[{"floor":2,"key":"LetterFromLob"},{"floor":7,"key":"Replay:Wax Seal"},{"floor":24,"key":"Replay:Accelerometer"}],"event_choices":[{"damage_healed":0,"gold_gain":0,"player_choice":"Box","damage_taken":0,"relics_obtained":["Bromod:ArcaneNullifier"],"max_hp_gain":0,"max_hp_loss":0,"event_name":"Big Fish","floor":4,"gold_loss":0,"cards_obtained":["Regret"]},{"cards_removed":["Regret"],"damage_healed":0,"gold_gain":0,"player_choice":"Offered Curse","damage_taken":0,"relics_obtained":["Spirit Poop"],"max_hp_gain":0,"max_hp_loss":0,"event_name":"Bonfire Elementals","floor":12,"gold_loss":0}],"is_beta":false,"boss_relics":[{"not_picked":["ChewingGum","hubris:GrandSneckoEye"],"picked":"Bromod:ArcaneEnergize"}],"items_purged_floors":[],"is_endless":false,"potions_floor_spawned":[2,6,14,15,16,23,28,30],"killed_by":"DF_ARCHETYPE_CLAW","ascension_level":10}}