{"host":"snampf0t8p8psf53","time":1613769954,"event":{"mods":["AchievementEnabler","BaseMod","Bestiary","DeckTracker","Minty Spire (QoL Compilation)","Permanent Neow","SuperFastMode"],"gold_per_floor":[114,125,142,156,176,213,213,213],"floor_reached":7,"language":"ENG","playtime":361,"items_purged":[],"score":83,"play_id":"28f8d243-9caf-4f1b-9219-9afa0d724d91","local_time":"20210219132554","daily_mods":["Vintage","Heirloom","Time Dilation","Flight","DeadlyEvents","Elite Swarm"],"is_ascension_mode":true,"campfire_choices":[],"circlet_count":0,"master_deck":["AscendersBane","Strike_G","Strike_G","Strike_G","Strike_G","Strike_G","Defend_G","Defend_G","Defend_G","Defend_G","Defend_G","Survivor","Neutralize","Venomology"],"relics":["Ring of the Snake","Ice Cream","White Beast Statue","CeramicFish","Ornamental Fan","Shuriken","Unceasing Top","Mercury Hourglass"],"acts_visited":["Exordium"],"potions_floor_usage":[4,5,6,6,6,6,6],"damage_taken":[{"damage":8,"enemies":"Small Slimes","floor":1,"turns":5},{"damage":9,"enemies":"2 Louse","floor":2,"turns":3},{"damage":0,"enemies":"Cultist","floor":3,"turns":3},{"damage":9,"enemies":"Red Slaver","floor":4,"turns":4},{"damage":15,"enemies":"Gremlin Gang","floor":5,"turns":5},{"damage":17,"enemies":"3 Sentries","floor":6,"turns":14},{"damage":10,"enemies":"Lagavulin","floor":7,"turns":2}],"seed_played":"-7333944421592624469","potions_obtained":[{"floor":1,"key":"Dexterity Potion"},{"floor":2,"key":"Swift Potion"},{"floor":3,"key":"EntropicBrew"},{"floor":4,"key":"Fire Potion"},{"floor":5,"key":"AttackPotion"},{"floor":6,"key":"Strength Potion"}],"is_trial":true,"path_per_floor":["M","M","M","M","M","E","E"],"character_chosen":"THE_SILENT","items_purchased":[],"campfire_rested":0,"item_purchase_floors":[],"current_hp_per_floor":[55,46,46,37,22,5,0,0],"gold":213,"neow_bonus":"","is_daily":false,"chose_seed":false,"campfire_upgraded":0,"win_rate":0.0,"timestamp":1613769954,"path_taken":["M","M","M","M","M","E","E"],"items_purchased_type":[],"build_version":"2020-12-22","purchased_purges":0,"victory":false,"max_hp_per_floor":[70,70,70,70,70,70,70,70],"card_choices":[{"not_picked":["Burst","Die Die Die"],"picked":"Venomology","floor":6}],"player_experience":120777,"relics_obtained":[{"floor":1,"key":"White Beast Statue"},{"floor":2,"key":"CeramicFish"},{"floor":3,"key":"Ornamental Fan"},{"floor":4,"key":"Shuriken"},{"floor":5,"key":"Unceasing Top"},{"floor":6,"key":"Mercury Hourglass"}],"event_choices":[],"is_beta":false,"boss_relics":[],"items_purged_floors":[],"is_endless":false,"potions_floor_spawned":[1,2,3,4,5,6],"killed_by":"Lagavulin","ascension_level":10}}