{"host":"rjmu5g8hpiele53d","time":1613759191,"event":{"mods":["2.2 Compatiblity","BaseMod","Hermit","Jorbs\u0027s Wanderer Trilogy","Minty Spire (QoL Compilation)","READ ME - Guardian Mod","Robot Space Explorer","Somnambulant","StSLib","The Construct","The Cursed","The Disciple","The Druid","The Forsaken","The Gatherer","The Hierophant","The Jungle","The Marked","The Runesmith","The Servant 0.9.4","The Valiant"],"gold_per_floor":[118,136,146,162,112,137,137,163,163,174,193,210,210,210,210,329,329,344,362,277,277,304,304,348,367,390,390,406,440,365,365,365,365,365],"floor_reached":33,"language":"ENG","playtime":3006,"items_purged":[],"score":297,"play_id":"47ddeb4f-c0fc-4b43-adee-e9887b58ac50","local_time":"20210219182631","is_ascension_mode":false,"campfire_choices":[{"data":"theMarked:EmpowerWeapon","floor":7,"key":"SMITH"},{"floor":15,"key":"REST"},{"data":"theMarked:BindingBlade","floor":23,"key":"SMITH"},{"data":"theMarked:BiggerThanFate","floor":27,"key":"SMITH"},{"floor":32,"key":"REST"}],"circlet_count":0,"master_deck":["theMarked:Strike","theMarked:Strike","theMarked:Strike","theMarked:Strike","theMarked:Defend","theMarked:Defend","theMarked:Defend","theMarked:Defend","theMarked:SoldierOfQuellstein","theMarked:ElectricStrings","theMarked:WardOff","theMarked:SwordAndMagic","theMarked:EmpowerWeapon+1","theMarked:BindingBlade+1","theMarked:Indomitable","theMarked:LightningStrikesTwice","theMarked:BiggerThanFate+1","theMarked:TwofoldDefense","theMarked:TwofoldDefense+1","theMarked:Pokerface"],"relics":["theMarked:ArtifactOfAir","Bag of Preparation","theMarked:Gun","Meat on the Bone","Golden Idol","Busted Crown","Winged Necklace","Enchiridion","theMarked:DemonDagger","Kunai","Potion Belt","Turnip"],"acts_visited":["Exordium","TheCity"],"potions_floor_usage":[6,8,12,16,28,33,33],"damage_taken":[{"damage":0,"enemies":"Cultist","floor":1,"turns":3},{"damage":7,"enemies":"Small Slimes","floor":2,"turns":3},{"damage":0,"enemies":"2 Louse","floor":3,"turns":2},{"damage":3,"enemies":"Looter","floor":4,"turns":3},{"damage":13,"enemies":"3 Sentries","floor":6,"turns":6},{"damage":16,"enemies":"Lagavulin","floor":8,"turns":4},{"damage":4,"enemies":"Blue Slaver","floor":10,"turns":4},{"damage":1,"enemies":"3 Louse","floor":11,"turns":4},{"damage":5,"enemies":"2 Fungi Beasts","floor":12,"turns":3},{"damage":10,"enemies":"Slime Boss","floor":16,"turns":5},{"damage":10,"enemies":"Shell Parasite","floor":18,"turns":6},{"damage":12,"enemies":"3 Byrds","floor":19,"turns":5},{"damage":15,"enemies":"Book of Stabbing","floor":24,"turns":4},{"damage":8,"enemies":"Shelled Parasite and Fungi","floor":25,"turns":6},{"damage":5,"enemies":"Centurion and Healer","floor":28,"turns":5},{"damage":39,"enemies":"Slavers","floor":29,"turns":6},{"damage":52,"enemies":"Automaton","floor":33,"turns":10}],"seed_played":"1576614155215670534","potions_obtained":[{"floor":2,"key":"PowerPotion"},{"floor":3,"key":"Explosive Potion"},{"floor":6,"key":"Fire Potion"},{"floor":8,"key":"Dexterity Potion"},{"floor":12,"key":"LiquidMemories"},{"floor":19,"key":"LiquidBronze"},{"floor":24,"key":"EssenceOfSteel"},{"floor":25,"key":"theMarked:HoverShot"},{"floor":29,"key":"Explosive Potion"}],"is_trial":false,"path_per_floor":["M","M","M","M","?","E","R","E","T","M","M","M","?","?","R","B",null,"M","M","?","?","T","R","E","M","T","R","M","E","?","?","R","B"],"character_chosen":"THE_DEFAULT","items_purchased":[],"campfire_rested":2,"item_purchase_floors":[],"current_hp_per_floor":[79,72,72,69,69,56,56,40,40,48,47,42,47,47,72,62,84,74,62,62,46,46,46,43,47,47,47,54,27,27,27,52,0,0],"gold":365,"neow_bonus":"TEN_PERCENT_HP_BONUS","is_daily":false,"chose_seed":false,"campfire_upgraded":3,"win_rate":0.0,"timestamp":1613759191,"path_taken":["M","M","M","?","?","E","R","E","T","M","M","M","?","?","R","BOSS","M","M","?","?","?","R","E","M","T","R","M","E","?","?","R","BOSS"],"items_purchased_type":[],"build_version":"2020-12-22","purchased_purges":0,"victory":false,"max_hp_per_floor":[79,79,79,79,79,79,79,79,79,79,79,79,84,84,84,84,84,84,84,84,84,84,84,84,84,84,84,84,84,84,84,84,84,84],"card_choices":[{"not_picked":["theMarked:Generate","theMarked:ChannelForce"],"picked":"theMarked:ElectricStrings","floor":1},{"not_picked":["theMarked:Memento","theMarked:Convert"],"picked":"theMarked:WardOff","floor":2},{"not_picked":["theMarked:HeightenedSenses","theMarked:TakeCover"],"picked":"theMarked:SwordAndMagic","floor":3},{"not_picked":["theMarked:GodGivenPower","theMarked:AttractMetal"],"picked":"theMarked:EmpowerWeapon","floor":4},{"not_picked":["theMarked:CreepingChasm","theMarked:Improvise","theMarked:Memento"],"picked":"SKIP","floor":6},{"not_picked":["theMarked:LightningStrikesTwice","theMarked:ChainLightning"],"picked":"theMarked:BindingBlade","floor":8},{"not_picked":["theMarked:TunnelVision","theMarked:Pokerface"],"picked":"theMarked:Indomitable","floor":10},{"not_picked":["theMarked:Friction","theMarked:HeightenedSenses"],"picked":"theMarked:LightningStrikesTwice","floor":11},{"not_picked":["theMarked:ContemptForTheProud","theMarked:EmpowerWeapon","theMarked:Electrocute"],"picked":"SKIP","floor":12},{"not_picked":["theMarked:ThrowWeapon","theMarked:Defy"],"picked":"theMarked:BiggerThanFate","floor":16},{"not_picked":["theMarked:TakeCover"],"picked":"SKIP","floor":18},{"not_picked":[],"picked":"theMarked:TwofoldDefense","floor":19},{"not_picked":["theMarked:SwordAndMagic"],"picked":"SKIP","floor":24},{"not_picked":["theMarked:TheMission"],"picked":"SKIP","floor":25},{"not_picked":[],"picked":"theMarked:TwofoldDefense+1","floor":28},{"not_picked":["theMarked:ShockingTouch"],"picked":"SKIP","floor":29}],"player_experience":2083540,"relics_obtained":[{"floor":6,"key":"Bag of Preparation"},{"floor":8,"key":"theMarked:Gun"},{"floor":9,"key":"Meat on the Bone"},{"floor":21,"key":"Enchiridion"},{"floor":22,"key":"theMarked:DemonDagger"},{"floor":24,"key":"Kunai"},{"floor":26,"key":"Potion Belt"},{"floor":29,"key":"Turnip"}],"event_choices":[{"cards_removed":["theMarked:Strike"],"damage_healed":0,"gold_gain":0,"player_choice":"Card Removal","damage_taken":0,"max_hp_gain":0,"max_hp_loss":0,"event_name":"The Cleric","floor":5,"gold_loss":50},{"damage_healed":0,"gold_gain":0,"player_choice":"Donut","damage_taken":0,"max_hp_gain":5,"max_hp_loss":0,"event_name":"Big Fish","floor":13,"gold_loss":0},{"damage_healed":0,"gold_gain":0,"player_choice":"Take Wound","damage_taken":0,"relics_obtained":["Golden Idol"],"max_hp_gain":0,"max_hp_loss":0,"event_name":"Golden Idol","floor":14,"gold_loss":0,"cards_obtained":["Injury"]},{"damage_healed":0,"gold_gain":0,"player_choice":"Obtained Relic","damage_taken":0,"relics_obtained":["Winged Necklace"],"max_hp_gain":0,"max_hp_loss":0,"event_name":"Addict","floor":20,"gold_loss":85},{"damage_healed":0,"gold_gain":0,"player_choice":"Obtained Book","damage_taken":16,"max_hp_gain":0,"max_hp_loss":0,"event_name":"Cursed Tome","floor":21,"gold_loss":0},{"cards_removed":["Injury"],"damage_healed":0,"gold_gain":0,"player_choice":"Gave Gold","damage_taken":0,"max_hp_gain":0,"max_hp_loss":0,"event_name":"Beggar","floor":30,"gold_loss":75},{"damage_healed":0,"gold_gain":0,"player_choice":"Read","damage_taken":0,"max_hp_gain":0,"max_hp_loss":0,"event_name":"The Library","floor":31,"gold_loss":0,"cards_obtained":["theMarked:Pokerface"]}],"is_beta":false,"boss_relics":[{"not_picked":["Black Star","Runesmith:UraniumAnvil"],"picked":"Busted Crown"}],"items_purged_floors":[],"is_endless":false,"potions_floor_spawned":[2,3,6,8,12,19,24,25,29],"killed_by":"Automaton","ascension_level":0}}