{"host":"373g0ui1bgeshz9m","time":1613746091,"event":{"mods":["Act Like it!","Aspiration","BaseMod","Beaked The Cultist","Better Third Choice","Colored Map","Conspire","Downfall","Halation","Hermit","Hubris","Infinite Spire","Minty Spire (QoL Compilation)","Pale of the Ancients","Permanent Neow","Quick Restart","Replay The Spire","Shade Mod","Shop Mod","Spikes Relics","StSLib","The Animator","The Bladedancer","The Florist","The Jungle","The Necromancer","The Sage","Trackpad"],"gold_per_floor":[112,287,66,80,96,96,128,128,128,220,220,220,220,239,239,239,239],"floor_reached":16,"language":"ENG","playtime":488,"items_purged":["Doubt"],"score":103,"play_id":"063e88a7-06f4-48de-b740-15709fc90cc0","local_time":"20210219094811","is_ascension_mode":true,"campfire_choices":[{"data":"ForeignInfluence","floor":6,"key":"SMITH"},{"data":"Eruption","floor":8,"key":"SMITH"},{"floor":13,"key":"REST"},{"floor":15,"key":"REST"}],"circlet_count":0,"master_deck":["Strike_P","Strike_P","Strike_P","Strike_P","Defend_P","Defend_P","Defend_P","Defend_P","Eruption+1","Vigilance","CutThroughFate","CutThroughFate","ThirdEye","Consecrate","FlyingSleeves","ForeignInfluence+1","ReachHeaven","JustLucky"],"relics":["PureWater","NeowsBlessing","Orrery","halation:QuantumPhysicsTextbook","aspiration:FetidBarrel"],"acts_visited":["Exordium"],"potions_floor_usage":[16,16],"damage_taken":[{"damage":0,"enemies":"Cultist","floor":1,"turns":1},{"damage":0,"enemies":"Small Slimes","floor":4,"turns":1},{"damage":0,"enemies":"2 Louse","floor":5,"turns":1},{"damage":15,"enemies":"Gremlin Nob","floor":7,"turns":3},{"damage":2,"enemies":"Looter","floor":14,"turns":3},{"damage":71,"enemies":"Hexaghost","floor":16,"turns":8}],"seed_played":"-7484397310569131953","potions_obtained":[{"floor":1,"key":"ColorlessPotion"},{"floor":14,"key":"LifebloodPotion"}],"is_trial":false,"path_per_floor":["M","?","$","M","M","R","E","R","T","?","?","?","R","M","R","B"],"character_chosen":"WATCHER","items_purchased":["Orrery"],"campfire_rested":2,"item_purchase_floors":[3],"current_hp_per_floor":[72,72,72,72,72,72,57,57,57,29,29,29,50,48,69,0,0],"gold":239,"neow_bonus":"THREE_ENEMY_KILL","is_daily":false,"chose_seed":false,"campfire_upgraded":2,"win_rate":0.0,"timestamp":1613746091,"path_taken":["M","?","$","M","M","R","E","R","T","?","?","?","R","M","R","BOSS"],"items_purchased_type":["Relic"],"build_version":"2020-12-22","purchased_purges":1,"victory":false,"max_hp_per_floor":[72,72,72,72,72,72,72,72,72,72,72,72,72,72,72,72,72],"card_choices":[{"not_picked":["PathToVictory","Protect"],"picked":"CutThroughFate","floor":1},{"not_picked":["JustLucky","Omniscience"],"picked":"CutThroughFate","floor":3},{"not_picked":["EmptyMind","Protect"],"picked":"ThirdEye","floor":3},{"not_picked":["ThirdEye","FlurryOfBlows"],"picked":"Consecrate","floor":3},{"not_picked":["Replay:Vibes","Replay:ManipulateFuture"],"picked":"FlyingSleeves","floor":3},{"not_picked":["InnerPeace","Indignation","PathToVictory"],"picked":"SKIP","floor":4},{"not_picked":["FlurryOfBlows","Weave"],"picked":"ForeignInfluence","floor":5},{"not_picked":["Replay:AllIn","Pray"],"picked":"ReachHeaven","floor":7},{"not_picked":["Vengeance","Sanctity"],"picked":"JustLucky","floor":10},{"not_picked":["InnerPeace","ReachHeaven","Replay:BluntJabs"],"picked":"SKIP","floor":14}],"player_experience":391729,"relics_obtained":[{"floor":7,"key":"halation:QuantumPhysicsTextbook"},{"floor":9,"key":"aspiration:FetidBarrel"}],"event_choices":[{"damage_healed":0,"gold_gain":175,"player_choice":"AGREE","damage_taken":112,"max_hp_gain":0,"max_hp_loss":0,"event_name":"betterThird:BetterSerpent","floor":2,"gold_loss":0}],"is_beta":false,"boss_relics":[],"items_purged_floors":[3],"is_endless":false,"potions_floor_spawned":[1,14],"killed_by":"Hexaghost","ascension_level":1}}