{"host":"e8rlfedn69rz2s07","time":1613748585,"event":{"mods":["AchievementEnabler","BaseMod","Minty Spire (QoL Compilation)","Permanent Neow","Relic Stats"],"gold_per_floor":[109,125,200,220,238,238,238],"floor_reached":6,"language":"ENG","playtime":305,"items_purged":[],"score":48,"play_id":"e0af75f8-a751-4df0-b7e1-a71ad77ef82f","local_time":"20210219172945","is_ascension_mode":true,"campfire_choices":[],"circlet_count":0,"master_deck":["Strike_P","Strike_P","Strike_P","Strike_P","Defend_P","Defend_P","Defend_P","Defend_P","Eruption","Vigilance","ConjureBlade","Wallop","WaveOfTheHand","InnerPeace"],"relics":["PureWater"],"acts_visited":["Exordium"],"potions_floor_usage":[5,6],"damage_taken":[{"damage":0,"enemies":"Small Slimes","floor":1,"turns":3},{"damage":0,"enemies":"Cultist","floor":2,"turns":3},{"damage":0,"enemies":"2 Louse","floor":4,"turns":3},{"damage":17,"enemies":"Lots of Slimes","floor":5,"turns":5},{"damage":45,"enemies":"Lagavulin","floor":6,"turns":9}],"seed_played":"-7540252308846878048","potions_obtained":[{"floor":1,"key":"FearPotion"},{"floor":2,"key":"SkillPotion"},{"floor":5,"key":"ColorlessPotion"}],"is_trial":false,"path_per_floor":["M","M","?","M","M","E"],"character_chosen":"WATCHER","items_purchased":[],"campfire_rested":0,"item_purchase_floors":[],"current_hp_per_floor":[65,65,59,59,42,0,0],"gold":238,"neow_bonus":"THREE_RARE_CARDS","is_daily":false,"chose_seed":false,"campfire_upgraded":0,"win_rate":0.0,"timestamp":1613748585,"path_taken":["M","M","?","?","M","E"],"items_purchased_type":[],"build_version":"2020-12-22","purchased_purges":0,"victory":false,"max_hp_per_floor":[65,65,65,65,65,65,65],"relic_stats":{"counters":[5,23],"obtain_stats":[{"PureWater":0},{"PureWater":0},{"PureWater":0}]},"card_choices":[{"not_picked":["Establishment","Judgement"],"picked":"ConjureBlade","floor":0},{"not_picked":["PathToVictory","SignatureMove"],"picked":"Wallop","floor":1},{"not_picked":["CrushJoints","DeceiveReality"],"picked":"WaveOfTheHand","floor":2},{"not_picked":["Sanctity","CutThroughFate","Crescendo"],"picked":"SKIP","floor":4},{"not_picked":["EmptyFist","Wireheading"],"picked":"InnerPeace","floor":5}],"player_experience":1099113,"relics_obtained":[],"event_choices":[{"damage_healed":0,"gold_gain":75,"player_choice":"Touch","damage_taken":6,"max_hp_gain":0,"max_hp_loss":0,"event_name":"FaceTrader","floor":3,"gold_loss":0}],"is_beta":false,"boss_relics":[],"items_purged_floors":[],"is_endless":false,"potions_floor_spawned":[1,2,5],"killed_by":"Lagavulin","ascension_level":5}}