{"host":"jegehu1t82aiec5j","time":1613762973,"event":{"mods":["BaseMod","Colored Map","Minty Spire (QoL Compilation)","Relic Stats","StSLib"],"gold_per_floor":[113,113,188,31,48,48,83,8,8,19,19,37,67,82,82,156,156,169,18,18,18,36,69,69,80,80,80,111,123,155,194,206,291,303,335,193,210,210,235,269,269,297,297,297,313,313,313,60,60,60],"floor_reached":51,"language":"ENG","playtime":7667,"items_purged":["Strike_R","Perfected Strike"],"score":1346,"play_id":"fd7a0751-5cec-46bb-90b3-09b52633012a","local_time":"20210219142933","is_ascension_mode":true,"campfire_choices":[{"data":"Whirlwind","floor":6,"key":"SMITH"},{"data":"Evolve","floor":11,"key":"SMITH"},{"data":"Thunderclap","floor":15,"key":"SMITH"},{"floor":24,"key":"REST"},{"data":"Disarm","floor":27,"key":"SMITH"},{"floor":32,"key":"REST"},{"data":"True Grit","floor":41,"key":"SMITH"},{"floor":44,"key":"REST"},{"data":"Armaments","floor":47,"key":"SMITH"},{"floor":49,"key":"REST"}],"circlet_count":0,"master_deck":["AscendersBane","Bash+1","Disarm+1","Whirlwind+1","Intimidate","Evolve+1","Thunderclap+1","Second Wind","Reaper","Impervious","Fiend Fire","Uppercut","Entrench","Bloodletting","Dark Embrace","Sword Boomerang","Heavy Blade","Flame Barrier","Dual Wield","Impervious","True Grit+1","Shrug It Off+1","Armaments+1","Metallicize","Ghostly Armor"],"relics":["Burning Blood","WarpedTongs","Bag of Preparation","Brimstone","Regal Pillow","Gambling Chip","Potion Belt","Pandora\u0027s Box","Medical Kit","Charon\u0027s Ashes","Thread and Needle","MawBank","Anchor","Runic Pyramid","Bird Faced Urn","Pantograph","Mercury Hourglass","HornCleat"],"acts_visited":["Exordium","TheCity","TheBeyond"],"potions_floor_usage":[13,18,23,33,33,33,50,50],"damage_taken":[{"damage":5,"enemies":"Jaw Worm","floor":1,"turns":5},{"damage":0,"enemies":"Cultist","floor":5,"turns":3},{"damage":10,"enemies":"Gremlin Nob","floor":7,"turns":3},{"damage":0,"enemies":"2 Louse","floor":10,"turns":1},{"damage":0,"enemies":"Blue Slaver","floor":12,"turns":4},{"damage":27,"enemies":"Lagavulin","floor":13,"turns":5},{"damage":0,"enemies":"3 Louse","floor":14,"turns":1},{"damage":30,"enemies":"Slime Boss","floor":16,"turns":5},{"damage":10,"enemies":"3 Byrds","floor":18,"turns":5},{"damage":0,"enemies":"Spheric Guardian","floor":22,"turns":1},{"damage":33,"enemies":"Book of Stabbing","floor":23,"turns":4},{"damage":13,"enemies":"3 Cultists","floor":25,"turns":4},{"damage":2,"enemies":"Gremlin Leader","floor":28,"turns":4},{"damage":11,"enemies":"Centurion and Healer","floor":30,"turns":5},{"damage":42,"enemies":"Slavers","floor":31,"turns":4},{"damage":104,"enemies":"Automaton","floor":33,"turns":9},{"damage":3,"enemies":"3 Darklings","floor":35,"turns":3},{"damage":22,"enemies":"3 Shapes","floor":37,"turns":3},{"damage":0,"enemies":"Mind Bloom Boss Battle","floor":39,"turns":8},{"damage":7,"enemies":"Nemesis","floor":40,"turns":5},{"damage":68,"enemies":"Reptomancer","floor":42,"turns":8},{"damage":6,"enemies":"Spire Growth","floor":45,"turns":6},{"damage":114,"enemies":"Donu and Deca","floor":50,"turns":11}],"seed_played":"4404891166124274298","potions_obtained":[{"floor":1,"key":"Weak Potion"},{"floor":12,"key":"SkillPotion"},{"floor":13,"key":"FearPotion"},{"floor":16,"key":"SkillPotion"},{"floor":18,"key":"BlessingOfTheForge"},{"floor":25,"key":"Explosive Potion"},{"floor":29,"key":"SkillPotion"},{"floor":40,"key":"PowerPotion"}],"is_trial":false,"path_per_floor":["M","?","?","$","M","R","E","$","T","M","R","M","E","M","R","B",null,"M","$","?","?","M","E","R","M","T","R","E","?","M","E","R","B",null,"M","$","M","?","?","E","R","E","T","R","M","?","R","$","R","B",null],"character_chosen":"IRONCLAD","items_purchased":["Brimstone","Medical Kit","True Grit","BloodPotion","BloodPotion","Metallicize","Ghostly Armor"],"campfire_rested":4,"item_purchase_floors":[4,19,36,48,48,48,48],"current_hp_per_floor":[69,64,53,53,59,59,55,55,55,61,61,67,46,52,52,28,63,59,59,59,38,44,23,62,73,73,73,77,77,80,54,80,7,62,65,65,64,64,80,79,79,18,18,57,75,75,75,75,80,75],"gold":60,"neow_bonus":"UPGRADE_CARD","is_daily":false,"chose_seed":false,"campfire_upgraded":6,"win_rate":0.0,"timestamp":1613762973,"path_taken":["M","?","?","$","?","R","E","$","T","M","R","M","E","?","R","BOSS","M","$","?","?","M","E","R","M","T","R","E","?","?","E","R","BOSS","M","$","M","?","?","E","R","E","T","R","M","?","R","$","R","BOSS"],"items_purchased_type":["Relic","Relic","Card","Potion","Potion","Card","Card"],"build_version":"2020-12-22","purchased_purges":2,"victory":true,"max_hp_per_floor":[75,75,75,75,75,75,75,75,75,75,75,75,75,75,75,75,75,75,75,75,80,80,80,80,80,80,80,80,80,80,80,80,80,80,80,80,80,80,80,80,80,80,80,80,80,80,80,80,80,80],"relic_stats":{"Regal Pillow":32,"counters":[23,107],"Charon\u0027s Ashes":[405],"Bag of Preparation":[44],"Medical Kit":[9],"MawBank":96,"Burning Blood":126,"WarpedTongs":[106],"Mercury Hourglass":[54],"Gambling Chip":[82],"Bird Faced Urn":[11],"Pantograph":0,"Pandora\u0027s Box":["Impervious","Fiend Fire","Uppercut","Entrench","Perfected Strike","Brutality","Bloodletting","Dark Embrace"],"obtain_stats":[{"Potion Belt":13,"Regal Pillow":7,"Thread and Needle":26,"Charon\u0027s Ashes":23,"Bag of Preparation":2,"Medical Kit":19,"MawBank":28,"Burning Blood":0,"WarpedTongs":0,"Mercury Hourglass":42,"Anchor":31,"HornCleat":43,"Brimstone":4,"Gambling Chip":9,"Bird Faced Urn":39,"Pantograph":40,"Pandora\u0027s Box":17,"Runic Pyramid":34},{"Potion Belt":6,"Regal Pillow":3,"Thread and Needle":12,"Charon\u0027s Ashes":11,"Bag of Preparation":1,"Medical Kit":9,"MawBank":13,"Burning Blood":0,"WarpedTongs":0,"Mercury Hourglass":21,"Anchor":15,"HornCleat":21,"Brimstone":1,"Gambling Chip":3,"Bird Faced Urn":19,"Pantograph":20,"Pandora\u0027s Box":8,"Runic Pyramid":16},{"Potion Belt":21,"Regal Pillow":11,"Thread and Needle":41,"Charon\u0027s Ashes":37,"Bag of Preparation":5,"Medical Kit":32,"MawBank":45,"Burning Blood":0,"WarpedTongs":0,"Mercury Hourglass":90,"Anchor":54,"HornCleat":90,"Brimstone":5,"Gambling Chip":11,"Bird Faced Urn":77,"Pantograph":82,"Pandora\u0027s Box":27,"Runic Pyramid":63}]},"card_choices":[{"not_picked":["Fire Breathing","Heavy Blade"],"picked":"Disarm","floor":1},{"not_picked":["Rage","Anger"],"picked":"Whirlwind","floor":5},{"not_picked":["Perfected Strike","Searing Blow"],"picked":"Intimidate","floor":7},{"not_picked":["Pommel Strike","Cleave"],"picked":"Evolve","floor":10},{"not_picked":["Anger","Headbutt"],"picked":"Thunderclap","floor":12},{"not_picked":["Armaments","Perfected Strike"],"picked":"Second Wind","floor":13},{"not_picked":["Combust","Pummel","Thunderclap"],"picked":"SKIP","floor":14},{"not_picked":["Barricade","Double Tap"],"picked":"Reaper","floor":16},{"not_picked":["Searing Blow","Heavy Blade","Whirlwind"],"picked":"SKIP","floor":18},{"not_picked":["Flex","Dark Embrace+1"],"picked":"Heavy Blade","floor":22},{"not_picked":["Flex","Fire Breathing","Second Wind"],"picked":"SKIP","floor":23},{"not_picked":["Reckless Charge","Combust+1"],"picked":"Flame Barrier","floor":25},{"not_picked":["Twin Strike","Body Slam","Infernal Blade"],"picked":"SKIP","floor":28},{"not_picked":["Pommel Strike","Headbutt","Body Slam"],"picked":"SKIP","floor":30},{"not_picked":["Combust","Inflame"],"picked":"Dual Wield","floor":31},{"not_picked":["Brutality","Immolate"],"picked":"Impervious","floor":33},{"not_picked":["Twin Strike","Inflame+1","Headbutt+1"],"picked":"SKIP","floor":35},{"not_picked":["Flex+1","Headbutt","Pommel Strike"],"picked":"SKIP","floor":37},{"not_picked":["Spot Weakness","Twin Strike"],"picked":"Shrug It Off+1","floor":39},{"not_picked":["Clothesline","Pommel Strike+1"],"picked":"Armaments","floor":40},{"not_picked":["Dark Embrace+1","Twin Strike","Burning Pact+1"],"picked":"SKIP","floor":42},{"not_picked":["Clash","Headbutt+1","Armaments"],"picked":"SKIP","floor":45}],"player_experience":2615399,"relics_obtained":[{"floor":7,"key":"Regal Pillow"},{"floor":9,"key":"Gambling Chip"},{"floor":13,"key":"Potion Belt"},{"floor":23,"key":"Charon\u0027s Ashes"},{"floor":26,"key":"Thread and Needle"},{"floor":28,"key":"MawBank"},{"floor":31,"key":"Anchor"},{"floor":39,"key":"Bird Faced Urn"},{"floor":40,"key":"Pantograph"},{"floor":42,"key":"Mercury Hourglass"},{"floor":43,"key":"HornCleat"}],"event_choices":[{"damage_healed":0,"gold_gain":0,"player_choice":"Success","damage_taken":5,"relics_obtained":["Bag of Preparation"],"max_hp_gain":0,"max_hp_loss":0,"event_name":"Scrap Ooze","floor":2,"gold_loss":0},{"damage_healed":0,"gold_gain":75,"player_choice":"Gather Gold","damage_taken":11,"max_hp_gain":0,"max_hp_loss":0,"event_name":"World of Goop","floor":3,"gold_loss":0},{"damage_healed":0,"gold_gain":0,"player_choice":"Read","damage_taken":0,"max_hp_gain":0,"max_hp_loss":0,"event_name":"The Library","floor":20,"gold_loss":0,"cards_obtained":["Sword Boomerang"]},{"damage_healed":0,"gold_gain":0,"player_choice":"Shed Blood","damage_taken":26,"max_hp_gain":5,"max_hp_loss":0,"event_name":"Forgotten Altar","floor":21,"gold_loss":0},{"damage_healed":0,"gold_gain":0,"player_choice":"Got Potions","damage_taken":0,"max_hp_gain":0,"max_hp_loss":0,"event_name":"Lab","floor":29,"gold_loss":0},{"damage_healed":0,"gold_gain":0,"player_choice":"Ignored","damage_taken":0,"max_hp_gain":0,"max_hp_loss":0,"event_name":"Mysterious Sphere","floor":38,"gold_loss":0},{"damage_healed":0,"gold_gain":0,"player_choice":"Fight","damage_taken":0,"max_hp_gain":0,"max_hp_loss":0,"event_name":"MindBloom","floor":39,"gold_loss":0},{"cards_removed":["Brutality"],"damage_healed":0,"gold_gain":0,"player_choice":"Removed Power","damage_taken":0,"max_hp_gain":0,"max_hp_loss":0,"event_name":"Falling","floor":46,"gold_loss":0}],"is_beta":false,"boss_relics":[{"not_picked":["Runic Dome","Busted Crown"],"picked":"Pandora\u0027s Box"},{"not_picked":["Black Star","Empty Cage"],"picked":"Runic Pyramid"}],"items_purged_floors":[8,36],"is_endless":false,"potions_floor_spawned":[1,12,13,16,18,25,40],"ascension_level":15}}