{"host":"oehe2dxjvdgux73m","time":1613742579,"event":{"mods":["AchievementEnabler","BaseMod","Colored Map","Colored Powertips","DeckTracker","Keyboard Shortcuts","Minty Spire (QoL Compilation)","Permanent Neow","Quick Restart","StSLib","SuperFastMode"],"gold_per_floor":[17,27,39,39,49,75,75,75,102,130,53,53,53,28,28,105,105,119,4,23,73,91,91,91,91],"floor_reached":24,"language":"KOR","playtime":846,"items_purged":["Strike_R"],"score":381,"play_id":"5a157014-be6c-407c-a58c-57d303df574e","local_time":"20210219224939","is_ascension_mode":true,"campfire_choices":[{"data":"Seeing Red","floor":8,"key":"SMITH"},{"floor":12,"key":"REST"},{"data":"Uppercut","floor":15,"key":"SMITH"},{"data":"Offering","floor":23,"key":"SMITH"}],"circlet_count":0,"master_deck":["AscendersBane","Strike_R","Strike_R","Strike_R","Defend_R","Defend_R","Defend_R","Defend_R","Bash","Flame Barrier","Burning Pact","Seeing Red+1","Shrug It Off","Disarm","Dark Embrace","Uppercut+1","Body Slam","Offering+1","Armaments","Fire Breathing"],"relics":["Burning Blood","Dead Branch","Dream Catcher","Toy Ornithopter","Oddly Smooth Stone","Cursed Key"],"acts_visited":["Exordium","TheCity"],"potions_floor_usage":[6,6,10,24],"damage_taken":[{"damage":6.0,"enemies":"Jaw Worm","floor":1.0,"turns":5.0},{"damage":3.0,"enemies":"2 Louse","floor":2.0,"turns":4.0},{"damage":7.0,"enemies":"Small Slimes","floor":3.0,"turns":3.0},{"damage":13.0,"enemies":"2 Fungi Beasts","floor":5.0,"turns":4.0},{"damage":32,"enemies":"Lagavulin","floor":6,"turns":7},{"damage":12,"enemies":"3 Sentries","floor":10,"turns":5},{"damage":12,"enemies":"Exordium Thugs","floor":14,"turns":5},{"damage":38,"enemies":"Hexaghost","floor":16,"turns":13},{"damage":8,"enemies":"Chosen","floor":18,"turns":3},{"damage":15,"enemies":"Shell Parasite","floor":20,"turns":6},{"damage":12,"enemies":"Snake Plant","floor":22,"turns":2},{"damage":46,"enemies":"Gremlin Leader","floor":24,"turns":5}],"seed_played":"-7102954727020230484","potions_obtained":[{"floor":1.0,"key":"FearPotion"},{"floor":3.0,"key":"Strength Potion"},{"floor":6,"key":"Explosive Potion"},{"floor":20,"key":"DuplicationPotion"},{"floor":22,"key":"EssenceOfSteel"}],"is_trial":false,"path_per_floor":["M","M","M","?","M","E","?","R","T","E","$","R","?","M","R","B",null,"M","$","M","?","M","R","E"],"character_chosen":"IRONCLAD","items_purchased":["Dark Embrace","Fire Breathing"],"campfire_rested":1,"item_purchase_floors":[11,19],"current_hp_per_floor":[68,71,70,75,68,42,42,42,42,41,41,65,65,59,59,27,67,65,65,56,56,50,50,9,9],"gold":91,"neow_bonus":"ONE_RARE_RELIC","is_daily":false,"chose_seed":false,"campfire_upgraded":3,"win_rate":0.0,"timestamp":1613742579,"path_taken":["M","M","M","?","M","E","?","R","T","E","$","R","?","M","R","BOSS","M","$","M","?","?","R","E"],"items_purchased_type":["Card","Card"],"build_version":"2020-12-22","purchased_purges":1,"victory":false,"max_hp_per_floor":[75,75,75,80,80,80,80,80,80,80,80,80,80,80,80,80,80,80,80,80,80,80,80,80,80],"card_choices":[{"not_picked":["Disarm","Clash"],"picked":"Flame Barrier","floor":1.0},{"not_picked":["Thunderclap","Iron Wave"],"picked":"Burning Pact","floor":2.0},{"not_picked":["Sword Boomerang","Rampage"],"picked":"Seeing Red","floor":3.0},{"not_picked":["Sword Boomerang","Thunderclap"],"picked":"Shrug It Off","floor":5.0},{"not_picked":["Flex","Warcry","Barricade"],"picked":"SKIP","floor":6},{"not_picked":["Power Through","Warcry"],"picked":"Disarm","floor":10},{"not_picked":["Flex","Reckless Charge"],"picked":"Uppercut","floor":12},{"not_picked":["Warcry","Rage"],"picked":"Body Slam","floor":14},{"not_picked":["Limit Break","Brutality"],"picked":"Offering","floor":16},{"not_picked":["Rage","Pummel"],"picked":"Armaments","floor":18},{"not_picked":["Pommel Strike","Cleave","Clash"],"picked":"SKIP","floor":20},{"not_picked":["Thunderclap","Armaments","Pummel"],"picked":"SKIP","floor":22}],"player_experience":481374,"relics_obtained":[{"floor":6,"key":"Dream Catcher"},{"floor":9,"key":"Toy Ornithopter"},{"floor":10,"key":"Oddly Smooth Stone"}],"event_choices":[{"damage_healed":0.0,"max_hp_gain":5.0,"max_hp_loss":0.0,"gold_gain":0.0,"event_name":"Big Fish","player_choice":"Donut","floor":4.0,"gold_loss":0.0,"damage_taken":0.0},{"cards_removed":["Strike_R"],"damage_healed":0,"gold_gain":0,"player_choice":"Forget","damage_taken":0,"max_hp_gain":0,"max_hp_loss":0,"event_name":"Living Wall","floor":7,"gold_loss":0},{"damage_healed":0,"gold_gain":0,"player_choice":"Leave","damage_taken":0,"max_hp_gain":0,"max_hp_loss":0,"event_name":"The Cleric","floor":13,"gold_loss":0},{"damage_healed":0,"gold_gain":50,"player_choice":"Pray","damage_taken":0,"max_hp_gain":0,"max_hp_loss":0,"event_name":"Golden Shrine","floor":21,"gold_loss":0}],"is_beta":false,"boss_relics":[{"not_picked":["Black Blood","Runic Pyramid"],"picked":"Cursed Key"}],"items_purged_floors":[19],"is_endless":false,"potions_floor_spawned":[1,3,6,20,22],"killed_by":"Gremlin Leader","ascension_level":17}}