{"host":"ymrxmazrubg7ht5t","time":1613760930,"event":{"mods":["2.2 Compatiblity","Act Like it!","Arknights","Bartender","BaseMod","Better Match","Better Note","Colored Powertips","Conspire","Evolution","Gensokyo","HololiveMod","Infinite Spire","Jorbs\u0027s Wanderer Trilogy","Lobotomy","LobotomyExtend","Marisa????????","Minty Spire (QoL Compilation)","Relic Stats","Replay The Spire","Ruina","StSLib","The Cursed","The Marked"],"gold_per_floor":[116,126,126,126,0,32,32,32,105,122,142,142,162,190,190,190,190],"floor_reached":16,"language":"ENG","playtime":1909,"items_purged":["Languid"],"score":110,"play_id":"0017a9ce-86dd-4c12-b4f6-1909db1958f1","local_time":"20210219145530","is_ascension_mode":false,"campfire_choices":[{"floor":7,"key":"REST"},{"floor":15,"key":"DIG"}],"circlet_count":0,"master_deck":["ats:Very Hot Blade","ats:Strike G","ats:Strike S","ats:Strike V","ats:Armor Crushing Shot","ats:Defend","ats:Defend","ats:Defend","ats:Emotion Absorption","ats:Neurotoxin","ats:Explosion Area Strengthen","ats:True Silver Slash","ats:Hammer On","ats:Defend Order","ats:Assault Order","ats:Flexible Camouflage","ats:Shadow Assault","ats:Revitalization"],"relics":["ats:Sanity","EVO:Axolotl","Ring of Fangs","Ring of Panic","ats:Originium","Sundial","StrikeDummy","Replay:Bottled Flurry","White Beast Statue","infinitespire:Beetle Shell"],"acts_visited":["Exordium"],"potions_floor_usage":[11],"damage_taken":[{"damage":2,"enemies":"Small Slimes","floor":1,"turns":3},{"damage":5,"enemies":"Jaw Worm","floor":2,"turns":6},{"damage":35,"enemies":"Lagavulin","floor":6,"turns":8},{"damage":5,"enemies":"Cultist","floor":10,"turns":4},{"damage":6,"enemies":"Large Slime","floor":11,"turns":6},{"damage":9,"enemies":"Blue Slaver","floor":13,"turns":3},{"damage":30,"enemies":"Gremlin Nob","floor":14,"turns":5},{"damage":21,"enemies":"Fading Forest","floor":16,"turns":5}],"seed_played":"6350081442626036350","potions_obtained":[{"floor":2,"key":"EssenceOfSteel"},{"floor":6,"key":"Block Potion"}],"is_trial":false,"path_per_floor":["M","M","?","?","$","E","R","?","T","M","M","?","M","E","R","B"],"character_chosen":"DOCTOR_CLASS","items_purchased":["ats:Hammer On"],"campfire_rested":1,"item_purchase_floors":[5],"current_hp_per_floor":[75,70,70,70,70,35,58,58,58,53,47,47,38,8,8,0,0],"gold":190,"neow_bonus":"RANDOM_EVENT","is_daily":false,"chose_seed":false,"campfire_upgraded":0,"win_rate":0.0,"timestamp":1613760930,"path_taken":["M","M","?","?","?","E","R","?","T","M","?","?","M","E","R","BOSS"],"items_purchased_type":["Card"],"build_version":"2020-12-22","purchased_purges":1,"victory":false,"max_hp_per_floor":[77,77,77,77,77,77,77,77,77,77,77,77,77,77,77,77,77],"relic_stats":{"counters":[8,40],"Sundial":[2],"obtain_stats":[{"Ring of Fangs":4,"ats:Originium":6,"Sundial":6,"infinitespire:Beetle Shell":15,"Replay:Bottled Flurry":12,"EVO:Axolotl":0,"ats:Sanity":0,"Ring of Panic":4,"StrikeDummy":9,"White Beast Statue":14},{"Ring of Fangs":2,"ats:Originium":3,"Sundial":3,"infinitespire:Beetle Shell":7,"Replay:Bottled Flurry":5,"EVO:Axolotl":0,"ats:Sanity":0,"Ring of Panic":2,"StrikeDummy":3,"White Beast Statue":7},{"Ring of Fangs":9,"ats:Originium":17,"Sundial":17,"infinitespire:Beetle Shell":35,"Replay:Bottled Flurry":27,"EVO:Axolotl":0,"ats:Sanity":0,"Ring of Panic":9,"StrikeDummy":17,"White Beast Statue":35}]},"card_choices":[{"not_picked":["ats:Assault Order","ats:Burning Ground"],"picked":"ats:Neurotoxin","floor":1},{"not_picked":["ats:Guardian Obelisk","ats:Curse Doll"],"picked":"ats:Explosion Area Strengthen","floor":2},{"not_picked":["ats:Curse Doll","ats:Fractured Body"],"picked":"ats:Defend Order","floor":6},{"not_picked":["ats:Curse Doll","ats:Song Of Battle"],"picked":"ats:Assault Order","floor":10},{"not_picked":["ats:Explosion Area Strengthen","ats:Ignite"],"picked":"ats:Flexible Camouflage","floor":11},{"not_picked":["ats:Collapsing Strike","ats:Guard Mode"],"picked":"ats:Shadow Assault","floor":13},{"not_picked":["ats:Part Time Job","ats:Curse Doll"],"picked":"ats:Revitalization","floor":14}],"player_experience":464304,"relics_obtained":[{"floor":4,"key":"Ring of Fangs"},{"floor":4,"key":"Ring of Panic"},{"floor":6,"key":"ats:Originium"},{"floor":6,"key":"Sundial"},{"floor":9,"key":"StrikeDummy"},{"floor":14,"key":"ats:Originium"},{"floor":14,"key":"White Beast Statue"},{"floor":15,"key":"infinitespire:Beetle Shell"}],"event_choices":[{"damage_healed":0,"gold_gain":0,"player_choice":"Donut","damage_taken":0,"max_hp_gain":5,"max_hp_loss":0,"event_name":"Big Fish","floor":0,"gold_loss":0},{"damage_healed":0,"gold_gain":0,"cards_transformed":["ats:Defend"],"player_choice":"Change","damage_taken":0,"max_hp_gain":0,"max_hp_loss":0,"event_name":"Living Wall","floor":3,"gold_loss":0,"cards_obtained":["ats:True Silver Slash"]},{"damage_healed":0,"gold_gain":0,"player_choice":"Gave Potion","damage_taken":0,"relics_obtained":["Replay:Bottled Flurry"],"max_hp_gain":0,"max_hp_loss":0,"event_name":"WeMeetAgain","floor":12,"gold_loss":0}],"is_beta":false,"boss_relics":[],"items_purged_floors":[5],"is_endless":false,"potions_floor_spawned":[2,6],"killed_by":"Fading Forest","ascension_level":0}}