{"host":"dlskvfecb6rtl9z1","time":1613774606,"event":{"mods":["2.2 Compatiblity","AchievementEnabler","Aspiration","BaseMod","Better Third Choice","Colored Map","Colored Powertips","Duelist Mod","Hermit","Hubris","Infinite Spire","KinomotoSakuraMod(????)","Koishi","Marisa????????","Minty Spire (QoL Compilation)","Remilia??????","Replay The Spire","Shop Mod","StSLib","Td1madao Mod","The Administrix","The Bug Knight","The Construct","The Cursed","The Disciple","The Hierophant","The Jungle","The Mystic","The Necromancer","The Runesmith","The Senshi","The Servant 0.9.4"],"gold_per_floor":[114,134,145,159,159,159,194,194,221,262,286,223,223,223,223,322,322,339,264,275,275,30,30,61,61,61,80,80,110,123,193,193,290,290,301,314,333,349,349,349,367,400,400,111,126,159,174,204,204,204,204],"floor_reached":50,"language":"ENG","playtime":2933,"items_purged":["Strike_B","Strike_B","Strike_B"],"score":813,"play_id":"c54ab874-889d-4818-aab7-38bfc974a829","local_time":"20210220004326","is_ascension_mode":true,"campfire_choices":[{"data":"Static Discharge","floor":6,"key":"SMITH"},{"data":"Defragment","floor":8,"key":"SMITH"},{"data":"Sweeping Beam","floor":13,"key":"SMITH"},{"floor":15,"key":"REST"},{"data":"Buffer","floor":23,"key":"SMITH"},{"floor":32,"key":"REST"},{"data":"ReplayRNGCard","floor":40,"key":"SMITH"},{"floor":49,"key":"REST"}],"circlet_count":0,"master_deck":["Defend_B","Defend_B","Defend_B","Defend_B","Zap","Dualcast","Core Surge","Static Discharge+1","Melter","Defragment+1","Sweeping Beam+1","Buffer+1","Tempest+1","Tempest+1","hubris:Fate","ReplayRNGCard+1","Seek"],"relics":["Cracked Core","aspiration:TomeofQuesting","MawBank","Akabeko","Du-Vu Doll","hubris:VirtuousBlindfold","ReplayTheSpireMod:TigerMarble","Replay:Mystery Machine","hubris:MysteriousPyramids","construct:FoamFinger","aspiration:HummingbirdHeart","Runic Dome","Molten Egg 2","hubris:DisguiseKit","Ice Cream","Bronze Scales"],"acts_visited":["Exordium","TheCity","TheBeyond"],"potions_floor_usage":[7,16,16,16,33,33,50,50,50],"damage_taken":[{"damage":1,"enemies":"Cultist","floor":1,"turns":3},{"damage":1,"enemies":"2 Louse","floor":2,"turns":2},{"damage":12,"enemies":"Jaw Worm","floor":3,"turns":2},{"damage":6,"enemies":"2 Fungi Beasts","floor":4,"turns":2},{"damage":14,"enemies":"HollowMod:MossKnight","floor":7,"turns":4},{"damage":10,"enemies":"Replay:BlueRogue","floor":10,"turns":3},{"damage":0,"enemies":"Exordium Wildlife","floor":11,"turns":2},{"damage":0,"enemies":"Slime Boss","floor":16,"turns":6},{"damage":11,"enemies":"Shell Parasite","floor":18,"turns":3},{"damage":12,"enemies":"Chosen","floor":20,"turns":3},{"damage":11,"enemies":"Nightmare","floor":24,"turns":7},{"damage":0,"enemies":"Centurion and Healer","floor":27,"turns":3},{"damage":8,"enemies":"theDuelist:KaibaA2","floor":29,"turns":3},{"damage":0,"enemies":"Snecko","floor":30,"turns":3},{"damage":53,"enemies":"hubris:MusketHawk","floor":33,"turns":8},{"damage":0,"enemies":"Orb Walker","floor":35,"turns":3},{"damage":6,"enemies":"3 Darklings","floor":36,"turns":3},{"damage":16,"enemies":"Sphere and 2 Shapes","floor":37,"turns":6},{"damage":0,"enemies":"4 Shapes","floor":38,"turns":2},{"damage":0,"enemies":"Spire Growth","floor":41,"turns":3},{"damage":0,"enemies":"Nemesis","floor":42,"turns":1},{"damage":0,"enemies":"Sphere and 2 Shapes","floor":45,"turns":3},{"damage":0,"enemies":"R_Hoarder","floor":46,"turns":1},{"damage":28,"enemies":"Transient","floor":47,"turns":5},{"damage":6,"enemies":"Giant Head","floor":48,"turns":7},{"damage":83,"enemies":"Awakened One","floor":50,"turns":8}],"seed_played":"-4062051270997442005","potions_obtained":[{"floor":1,"key":"CultistPotion"},{"floor":4,"key":"SkillPotion"},{"floor":5,"key":"Flashbang"},{"floor":5,"key":"Flashbang"},{"floor":10,"key":"LiquidBronze"},{"floor":18,"key":"Strength Potion"},{"floor":30,"key":"FearPotion"},{"floor":33,"key":"BlessingOfTheForge"},{"floor":35,"key":"Energy Potion"},{"floor":38,"key":"SpeedPotion"},{"floor":42,"key":"Toxic Potion"}],"is_trial":false,"path_per_floor":["M","M","M","M","?","R","E","R","T","E","M","$","R","?","R","B",null,"M","?","M","?","$","R","NM","?","T","M","?","E","M","T","R","B",null,"M","M","M","M","?","R","M","E","T","$","M","E","M","E","R","B"],"character_chosen":"DEFECT","items_purchased":["ReplayTheSpireMod:TigerMarble","Seek"],"campfire_rested":3,"item_purchase_floors":[22,44],"current_hp_per_floor":[74,73,61,55,55,55,41,41,41,31,31,31,31,6,28,28,75,64,64,52,52,52,52,41,27,27,27,27,19,19,19,43,5,80,80,74,58,58,58,58,58,58,58,58,58,58,30,39,63,0,0],"gold":204,"neow_bonus":"ONE_RANDOM_RARE_CARD","is_daily":false,"chose_seed":false,"campfire_upgraded":5,"win_rate":0.0,"timestamp":1613774606,"path_taken":["M","M","M","?","?","R","E","R","T","E","?","$","R","?","R","BOSS","M","?","M","?","$","R","NM","?","T","M","?","E","M","?","R","BOSS","M","M","?","M","?","R","M","E","T","$","M","E","M","E","R","BOSS"],"items_purchased_type":["Relic","Card"],"build_version":"2020-12-22","purchased_purges":3,"victory":false,"max_hp_per_floor":[75,75,75,75,75,75,75,75,75,75,75,75,75,75,75,75,75,75,75,75,75,75,75,75,80,80,80,80,80,80,80,80,80,80,80,80,80,80,80,80,80,80,80,80,80,80,80,80,80,80,80],"card_choices":[{"not_picked":["Cold Snap","Coolheaded"],"picked":"Static Discharge","floor":1},{"not_picked":["Fusion","Rip and Tear","Rebound"],"picked":"SKIP","floor":2},{"not_picked":["Barrage","Compile Driver","Blizzard"],"picked":"SKIP","floor":3},{"not_picked":["Turbo","Sunder"],"picked":"Melter","floor":4},{"not_picked":["Gash","Beam Cell"],"picked":"Defragment","floor":7},{"not_picked":["Panic Button","Creative AI"],"picked":"Sweeping Beam","floor":10},{"not_picked":["Turbo","Go for the Eyes","Darkness"],"picked":"SKIP","floor":11},{"not_picked":["Turbo","Go for the Eyes","Darkness"],"picked":"SKIP","floor":11},{"not_picked":["Rainbow","Echo Form"],"picked":"Buffer","floor":16},{"not_picked":["Cold Snap","Leap"],"picked":"Tempest+1","floor":18},{"not_picked":["Cold Snap","Go for the Eyes"],"picked":"Tempest+1","floor":20},{"not_picked":["ReplayTheSpireMod:??????????????????????","ReplayTheSpireMod:Black Plague"],"picked":"hubris:Fate","floor":24},{"not_picked":["BasicCrystalCard","Genetic Algorithm","Redo"],"picked":"SKIP","floor":24},{"not_picked":["Force Field+1","Auto Shields","Sweeping Beam"],"picked":"SKIP","floor":27},{"not_picked":["Rip and Tear","Redo+1","Steam"],"picked":"SKIP","floor":29},{"not_picked":["Compile Driver","Turbo","ReplayTheSpireMod:System Scan"],"picked":"SKIP","floor":30},{"not_picked":["Multi-Cast","Fission"],"picked":"ReplayRNGCard","floor":33},{"not_picked":["BootSequence+1","White Noise","Cold Snap+1"],"picked":"SKIP","floor":35},{"not_picked":["Sweeping Beam","Barrage+1","Hologram"],"picked":"SKIP","floor":36},{"not_picked":["Coolheaded+1","Sunder","Barrage+1"],"picked":"SKIP","floor":37},{"not_picked":["Heatsinks","Coolheaded","Barrage"],"picked":"SKIP","floor":38},{"not_picked":["Beam Cell","Conserve Battery+1","Cold Snap"],"picked":"SKIP","floor":41},{"not_picked":["Panic Button","aspiration:Polymerization+1","Streamline+1"],"picked":"SKIP","floor":42},{"not_picked":["Stack+1","Leap","Multi-Cast","mysticmod:SuddenClarity"],"picked":"SKIP","floor":45},{"not_picked":["Gash+1","ReplayTheSpireMod:Repulse+1","Redo","mysticmod:Snowball"],"picked":"SKIP","floor":46},{"not_picked":["Coolheaded","Sweeping Beam+1","Beam Cell+1","mysticmod:Snowball"],"picked":"SKIP","floor":47},{"not_picked":["Compile Driver+1","Go for the Eyes+1","Leap+1","mysticmod:Spellstrike"],"picked":"SKIP","floor":48}],"player_experience":162419,"relics_obtained":[{"floor":7,"key":"aspiration:TomeofQuesting"},{"floor":9,"key":"MawBank"},{"floor":10,"key":"Akabeko"},{"floor":24,"key":"Replay:Mystery Machine"},{"floor":26,"key":"hubris:MysteriousPyramids"},{"floor":29,"key":"construct:FoamFinger"},{"floor":31,"key":"aspiration:HummingbirdHeart"},{"floor":42,"key":"Molten Egg 2"},{"floor":43,"key":"hubris:DisguiseKit"},{"floor":46,"key":"Ice Cream"},{"floor":48,"key":"Bronze Scales"}],"event_choices":[{"damage_healed":0,"gold_gain":0,"player_choice":"Got Potions","damage_taken":0,"max_hp_gain":0,"max_hp_loss":0,"event_name":"Lab","floor":5,"gold_loss":0},{"damage_healed":0,"gold_gain":0,"player_choice":"Relic ","damage_taken":25,"max_hp_gain":0,"max_hp_loss":0,"event_name":"betterThird:BetterScrap","floor":14,"gold_loss":0,"cards_obtained":["ReplayTheSpireMod:Muscle Training"]},{"cards_removed":["Strike_B"],"damage_healed":0,"gold_gain":0,"player_choice":"Gave Gold","damage_taken":0,"max_hp_gain":0,"max_hp_loss":0,"event_name":"Beggar","floor":19,"gold_loss":75},{"damage_healed":0,"gold_gain":0,"player_choice":"Ignored","damage_taken":0,"max_hp_gain":0,"max_hp_loss":0,"event_name":"Vampires","floor":21,"gold_loss":0},{"damage_healed":0,"gold_gain":0,"player_choice":"Shed Blood","damage_taken":19,"max_hp_gain":5,"max_hp_loss":0,"event_name":"Forgotten Altar","floor":25,"gold_loss":0}],"is_beta":false,"boss_relics":[{"not_picked":["hubris:TerracottaHorce","aspiration:SilentSkillbook"],"picked":"hubris:VirtuousBlindfold"},{"not_picked":["hubris:GrandSneckoEye","Inserter"],"picked":"Runic Dome"}],"items_purged_floors":[12,22,44],"is_endless":false,"potions_floor_spawned":[1,4,10,11,18,30,33,35,38,42],"killed_by":"Awakened One","ascension_level":3}}