{"host":"ie50qk0ts9eskyyo","time":1613723077,"event":{"mods":["BaseMod","Colored Map","Downfall","Highlight Path","Hubris","Infinite Spire","Minty Spire (QoL Compilation)","Replay The Spire","StSLib","The Jungle"],"gold_per_floor":[111,111,163,177,177,209,209,223,223,223,40,40,55,55,55,153,153,170,170,188,288,288,300,325,350,441,464,490,502,514,564,576,697,709,733,670,681,698,711,711,731,743,743,743,760,760,810,823,823,823],"floor_reached":51,"language":"ENG","playtime":3790,"items_purged":["Strike_R","Bash"],"score":721,"play_id":"ba411d29-78a8-43e9-bc56-6ce69e9c5260","local_time":"20210219032437","is_ascension_mode":false,"campfire_choices":[{"data":"Sword Boomerang","floor":7.0,"key":"SMITH"},{"data":"infinitespire:TheBestDefense","floor":12.0,"key":"SMITH"},{"data":"Strike_R","floor":15.0,"key":"PURGE"},{"data":"Demonic Infusion","floor":23.0,"key":"SMITH"},{"data":"infinitespire:OneForAll","floor":29.0,"key":"SMITH"},{"data":"infinitespire:Collect","floor":32,"key":"SMITH"},{"data":"Limit Break","floor":40,"key":"SMITH"},{"data":"Body Slam","floor":44,"key":"SMITH"},{"data":"ReplayReversal","floor":46,"key":"SMITH"},{"data":"Defy Death","floor":49,"key":"SMITH"}],"circlet_count":0,"master_deck":["Defend_R","Defend_R","Flex","Replay:Undeath\u0027s Touch","Self Repair+1","Sword Boomerang+1","ReplayTheSpireMod:Stacked","infinitespire:TheBestDefense+1","Firewall","Demonic Infusion+1","Replay:Undeath\u0027s Touch","infinitespire:FutureSight","infinitespire:Collect+1","ReplayReversal+1","infinitespire:OneForAll+1","Defy Death+1","Limit Break+1","Body Slam+1","Body Slam+1"],"relics":["Red Skull","Iron Core","hubris:TenFootPole","hubris:SlimyHat","Replay:Lucky Slots","Painkiller Herb","MawBank","hubris:IronBody","Blue Doll","Empty Cage","Molten Egg 2","infinitespire:Joker Card"],"acts_visited":["Exordium","theJungle:Jungle","TheBeyond"],"potions_floor_usage":[39,39,48,50],"damage_taken":[{"damage":6.0,"enemies":"Cultist","floor":1.0,"turns":3.0},{"damage":6.0,"enemies":"Jaw Worm","floor":4.0,"turns":3.0},{"damage":31.0,"enemies":"Lagavulin","floor":6.0,"turns":5.0},{"damage":6.0,"enemies":"2 Louse","floor":8.0,"turns":3.0},{"damage":1.0,"enemies":"Blue Slaver","floor":13.0,"turns":2.0},{"damage":25.0,"enemies":"The Guardian","floor":16.0,"turns":11.0},{"damage":2.0,"enemies":"Shell Parasite","floor":18.0,"turns":5.0},{"damage":42.0,"enemies":"theJungle:Flameango_and_Byrd","floor":20.0,"turns":8.0},{"damage":0.0,"enemies":"theJungle:JungleHuntersEncounter","floor":24.0,"turns":4.0},{"damage":0.0,"enemies":"theJungle:Lyon","floor":25.0,"turns":3.0},{"damage":29.0,"enemies":"theJungle:2_Flameangoes","floor":27.0,"turns":10.0},{"damage":11.0,"enemies":"theJungle:2_Snecko_Cultists","floor":28.0,"turns":4.0},{"damage":0.0,"enemies":"theJungle:2_Phrogs","floor":31.0,"turns":8.0},{"damage":0,"enemies":"theJungle:QueenSpyder","floor":33,"turns":20},{"damage":27,"enemies":"3 Shapes","floor":35,"turns":5},{"damage":28,"enemies":"3 Darklings","floor":37,"turns":3},{"damage":23,"enemies":"Sphere and 2 Shapes","floor":38,"turns":4},{"damage":6,"enemies":"Jaw Worm Horde","floor":39,"turns":5},{"damage":9,"enemies":"Transient","floor":41,"turns":5},{"damage":0,"enemies":"Maw","floor":42,"turns":6},{"damage":18,"enemies":"Jaw Worm Horde","floor":45,"turns":3},{"damage":0,"enemies":"Mind Bloom Boss Battle","floor":47,"turns":4},{"damage":0,"enemies":"Transient","floor":48,"turns":5},{"damage":13,"enemies":"Time Eater","floor":50,"turns":7}],"seed_played":"-3116217708731952244","potions_obtained":[{"floor":1.0,"key":"DistilledChaos"},{"floor":4.0,"key":"hexamod:SoulburnPotion"},{"floor":20.0,"key":"champ:CounterPotion"},{"floor":33,"key":"sneckomod:MuddlingPotion"},{"floor":35,"key":"Weak Potion"},{"floor":38,"key":"ColorlessPotion"},{"floor":45,"key":"Cursed Concoction"},{"floor":47,"key":"DistilledChaos"}],"is_trial":false,"path_per_floor":["M","?","T","M","?","E","R","M","T","?","$","R","M","?","R_BF","B",null,"?","?","?","?","AVR","T","?","?","T","?","?","T","?","E","T","B",null,"?","T","?","?","?","T","?","?","T","T","?","T","?","?","T","B",null],"character_chosen":"IRONCLAD","items_purchased":["Replay:Lucky Slots"],"campfire_rested":0,"item_purchase_floors":[11],"current_hp_per_floor":[72,72,72,72,72,51,51,55,55,46,46,46,55,55,55,40,72,72,72,40,38,38,38,48,58,58,39,38,38,38,38,38,48,77,60,60,32,19,23,23,24,34,34,34,16,16,26,36,36,33],"gold":823,"neow_bonus":"REMOVE_TWO","is_daily":false,"chose_seed":false,"campfire_upgraded":9,"win_rate":0.0,"timestamp":1613723077,"path_taken":["M","?","?","?","?","E","R","M","T","?","?","R","M","?","R_BF","BOSS","?","?","?","?","AVR","T","?","?","T","?","?","T","?","E","T","BOSS","?","T","?","?","?","T","?","?","T","T","?","T","?","?","T","BOSS"],"items_purchased_type":["Relic"],"build_version":"2020-12-22","purchased_purges":2,"victory":true,"max_hp_per_floor":[72,72,72,72,72,72,72,72,72,72,72,72,72,72,72,72,72,72,77,77,77,77,77,77,77,77,77,77,77,77,77,77,77,77,77,77,77,77,77,77,77,77,77,77,77,77,77,77,77,77],"card_choices":[{"not_picked":["Shrug It Off","Body Slam"],"picked":"Flex","floor":1.0},{"not_picked":["Body Slam","Armaments","Fire Breathing"],"picked":"SKIP","floor":4.0},{"not_picked":["Battle Trance","True Grit"],"picked":"Sword Boomerang","floor":6.0},{"not_picked":["Perfected Strike","Evolve"],"picked":"ReplayTheSpireMod:Stacked","floor":8.0},{"not_picked":["ReplayTheSpireMod:??????????????????????","infinitespire:SealOfDarkness+"],"picked":"infinitespire:TheBestDefense","floor":10.0},{"not_picked":["Intimidate","Recycle"],"picked":"Firewall","floor":13.0},{"not_picked":["Reaper","hubris:StunningStrike"],"picked":"Demonic Infusion","floor":16.0},{"not_picked":["Iron Wave","Perfected Strike+1","Dual Wield+1"],"picked":"SKIP","floor":18.0},{"not_picked":["Clash","Cleave"],"picked":"Replay:Undeath\u0027s Touch","floor":20.0},{"not_picked":["Iron Wave","Combust","Dual Wield"],"picked":"SKIP","floor":24.0},{"not_picked":["Disarm","Inflame"],"picked":"ReplayReversal","floor":25.0},{"not_picked":["Warcry","Rage"],"picked":"infinitespire:OneForAll","floor":27.0},{"not_picked":["Dropkick","Power Through","Rampage"],"picked":"SKIP","floor":28.0},{"not_picked":["ReplayTheSpireMod:Corrosion Curse","Thunderclap","ReplayTheSpireMod:LeadingStrike"],"picked":"SKIP","floor":31},{"not_picked":["Reaper","Bludgeon"],"picked":"Limit Break","floor":33},{"not_picked":["Sword Boomerang","Massacre+1"],"picked":"Body Slam","floor":35},{"not_picked":["Sword Boomerang","hubris:ReadiedAction","Bloodletting+1"],"picked":"SKIP","floor":37},{"not_picked":["Flex","Cleave+1","Burning Pact+1"],"picked":"SKIP","floor":38},{"not_picked":["Replay:Undeath\u0027s Touch+1","Perfected Strike","Warcry"],"picked":"SKIP","floor":39},{"not_picked":["Iron Wave+1","Searing Blow","Rage+1"],"picked":"SKIP","floor":41},{"not_picked":["Fiend Fire","Combust","Body Slam"],"picked":"SKIP","floor":42},{"not_picked":["Anger+1","Warcry+1","Hemokinesis+1"],"picked":"SKIP","floor":45},{"not_picked":["Pommel Strike+1","Dark Embrace+1"],"picked":"Body Slam+1","floor":47},{"not_picked":["Whirlwind+1","Pommel Strike+1","Clash+1"],"picked":"SKIP","floor":48}],"player_experience":32636,"relics_obtained":[{"floor":3.0,"key":"Red Skull"},{"floor":6.0,"key":"hubris:TenFootPole"},{"floor":9.0,"key":"hubris:SlimyHat"},{"floor":26.0,"key":"hubris:IronBody"},{"floor":31,"key":"Blue Doll"},{"floor":43,"key":"Molten Egg 2"},{"floor":47,"key":"infinitespire:Joker Card"}],"event_choices":[{"damage_healed":0.0,"max_hp_gain":0.0,"max_hp_loss":0.0,"gold_gain":0.0,"cards_transformed":["Strike_R"],"event_name":"Transmorgrifier","player_choice":"Transformed","floor":30.0,"gold_loss":0.0,"damage_taken":0.0,"cards_obtained":["Defy Death"]},{"damage_healed":0,"gold_gain":0,"player_choice":"Fight","damage_taken":0,"max_hp_gain":0,"max_hp_loss":0,"event_name":"MindBloom","floor":47,"gold_loss":0}],"is_beta":false,"boss_relics":[{"not_picked":["Mark of Pain","Replay:Drink Me"],"picked":"Painkiller Herb"},{"not_picked":["SacredBark","Replay:Fungal Core"],"picked":"Empty Cage"}],"items_purged_floors":[22,36],"is_endless":false,"potions_floor_spawned":[1,4,20,24,33,35,38,45,47],"ascension_level":0}}