{"host":"65a95dzim48ko8ke","time":1613698871,"event":{"mods":["Act Like it!","BaseMod","Block Reminder","Colored Powertips","Curses Come First","DeckTracker","Energized Spire","Hallownest","Highlight Path","Minty Spire (QoL Compilation)","Permanent Neow","Quick Restart","Random Character Button","Rare Cards Sparkle","Relic Sorter","Spicy Shops","StSLib","Synergy Search","The Bug Knight","The IronCluck"],"gold_per_floor":[113,129,149,161,161,193,193,222,222,250,250,262,291,306,306,403,403,417,21,21,37,37,69,69,104,151,167,212,212,212,239,239,335,335,347,365,365,375,375,388,388,418,418,418,418,418,19,50,50,50,50,50,0,35,35,35],"floor_reached":55,"language":"ENG","playtime":5653,"items_purged":["HollowMod:NailStrikeStart","Hallownest:curseDreamersLament","HollowMod:NailStrikeStart","HollowMod:NailStrikeStart"],"score":1024,"play_id":"fe05b42c-d050-42ed-906e-73032122625d","local_time":"20210219104111","is_ascension_mode":true,"campfire_choices":[{"data":"HollowMod:HowlingWraiths","floor":7.0,"key":"SMITH"},{"data":"HollowMod:DesolateDive","floor":11.0,"key":"SMITH"},{"data":"HollowMod:ZotesMagnificence","floor":15.0,"key":"SMITH"},{"data":"Hallownest:attackMasterCycloneSlash","floor":24.0,"key":"SMITH"},{"data":"HollowMod:Weaversong","floor":29.0,"key":"SMITH"},{"data":"HollowMod:RecoilStrike","floor":32.0,"key":"SMITH"},{"data":"HollowMod:PureVessel","floor":41.0,"key":"SMITH"},{"data":"HollowMod:CornifersMapStart","floor":44.0,"key":"SMITH"},{"data":"HollowMod:NewJinnsSoul","floor":46.0,"key":"SMITH"},{"floor":49.0,"key":"RECALL"},{"data":"HollowMod:InfectedAttack","floor":52.0,"key":"SMITH"}],"circlet_count":0,"master_deck":["HollowMod:QuickDashStart","HollowMod:QuickDashStart","HollowMod:QuickDashStart","HollowMod:QuickDashStart","HollowMod:FocusHealStart","HollowMod:PogoStrike","HollowMod:CornifersMapStart+1","HollowMod:HowlingWraiths+1","HollowMod:NewJinnsSoul+1","HollowMod:RecoilStrike+1","HollowMod:SoulVessel","HollowMod:DesolateDive+1","HollowMod:MantisMark+1","HollowMod:MonarchWings+1","HollowMod:ZotesMagnificence+1","HollowMod:InfectedAttack+1","HollowMod:PureVessel+1","HollowMod:MothsMistake+1","HollowMod:DoubleDash+1","HollowMod:TaintedHusks+1","Hallownest:attackMasterCycloneSlash+1","HollowMod:InfectedAttack","HollowMod:InfectedCysts","HollowMod:CornifersMapStart+1","HollowMod:Weaversong+1","HollowMod:MawleksShell+1","HollowMod:MonarchWings+1","HollowMod:NewInfectedGuardian+1","HollowMod:CornifersMapStart+1","HollowMod:BaldurShell+1","HollowMod:CornifersMapStart+1","HollowMod:SiblingsSouls+1","HollowMod:Hiveblood+1","HollowMod:NewInfectedGuardian+1","HollowMod:MawleksShell+1"],"relics":["HollowMod:KingsSoulRelic","Hallownest:DreamNailRelic","Smiling Mask","Toxic Egg 2","Bird Faced Urn","Thread and Needle","HollowMod:KingsBrand","energizedSpire:MagnifyingGlass","HornCleat","Bag of Marbles","HollowMod:MillibellesNoteRelic","Potion Belt","PreservedInsect","energizedSpire:DeadBattery","Hallownest:HeavyBlowRelic","Bottled Tornado","Hallownest:BeastSealRelic","ClockworkSouvenir","Orichalcum","Happy Flower"],"acts_visited":["Exordium","Hallownest:Greenpath","Hallownest:CityofTears","TheEnding"],"potions_floor_usage":[54,54,54,54,54,54,54,55],"damage_taken":[{"damage":0.0,"enemies":"Hallownest:2_MossCreeps","floor":1.0,"turns":6.0},{"damage":2.0,"enemies":"2_ Uuma","floor":2.0,"turns":5.0},{"damage":2.0,"enemies":"Hallownest:monsterHuskWarrior","floor":3.0,"turns":3.0},{"damage":3.0,"enemies":"Hallownest:2_Tiktiks_1_Baldur_1_Crawlid","floor":4.0,"turns":2.0},{"damage":54.0,"enemies":"Hallownest:eliteMossKnight","floor":6.0,"turns":14.0},{"damage":16.0,"enemies":"Hallownest:eliteVengeflyKing","floor":8.0,"turns":7.0},{"damage":5.0,"enemies":"Hallownest:eliteMossKnight","floor":10.0,"turns":8.0},{"damage":0.0,"enemies":"Hallownest:MossCreep_and_Mosskin","floor":12.0,"turns":4.0},{"damage":0.0,"enemies":"Hallownest:eliteCrystalGuardian","floor":13.0,"turns":5.0},{"damage":0.0,"enemies":"Hallownest:Wandering_and_Horned","floor":14.0,"turns":5.0},{"damage":22.0,"enemies":"Hallownest:BossFalseKnight","floor":16.0,"turns":9.0},{"damage":0.0,"enemies":"Hallownest:3_Youths","floor":18.0,"turns":4.0},{"damage":5.0,"enemies":"Hallownest:2_Mistakes","floor":21.0,"turns":5.0},{"damage":0.0,"enemies":"Hallownest:2_Mistakes","floor":22.0,"turns":5.0},{"damage":8.0,"enemies":"Hallownest:eliteSoulWarrior","floor":23.0,"turns":5.0},{"damage":2.0,"enemies":"Hallownest:Nosk","floor":25.0,"turns":5.0},{"damage":4.0,"enemies":"Hallownest:Master_and_Novice","floor":27.0,"turns":3.0},{"damage":1.0,"enemies":"Hallownest:Glutton_and_Coward","floor":28.0,"turns":3.0},{"damage":5.0,"enemies":"Hallownest:eliteSoulWarrior","floor":31.0,"turns":8.0},{"damage":6.0,"enemies":"Hallownest:BossGrimm","floor":33.0,"turns":9.0},{"damage":0.0,"enemies":"Hallownest:3_Siblings","floor":35.0,"turns":8.0},{"damage":21.0,"enemies":"Hallownest:2_Littles","floor":36.0,"turns":6.0},{"damage":0.0,"enemies":"Hallownest:2_Wandering_and_1_Horned","floor":38.0,"turns":5.0},{"damage":39.0,"enemies":"Hallownest:Xero_Hu_Marmu","floor":40.0,"turns":8.0},{"damage":38.0,"enemies":"Hallownest:eliteHiveKnight","floor":42.0,"turns":9.0},{"damage":14.0,"enemies":"Hallownest:eliteCollector","floor":48.0,"turns":8.0},{"damage":63.0,"enemies":"Hallownest:BossHollowKnight","floor":50.0,"turns":9.0},{"damage":21,"enemies":"Shield and Spear","floor":54,"turns":6},{"damage":109,"enemies":"The Heart","floor":55,"turns":6}],"seed_played":"6112540536172573701","potions_obtained":[{"floor":6.0,"key":"Strength Potion"},{"floor":8.0,"key":"Weak Potion"},{"floor":12.0,"key":"FearPotion"},{"floor":14.0,"key":"BlessingOfTheForge"},{"floor":23.0,"key":"Block Potion"},{"floor":25.0,"key":"SkillPotion"},{"floor":27.0,"key":"Weak Potion"},{"floor":28.0,"key":"Explosive Potion"},{"floor":35.0,"key":"AttackPotion"},{"floor":36.0,"key":"EntropicBrew"}],"is_trial":false,"path_per_floor":["M","M","M","M","?","E","R","E","T","E","R","M","E","M","R","B",null,"M","$","?","M","?","E","R","E","T","M","M","R","?","E","R","B",null,"M","M","?","M","?","M","R","E","T","R","?","R","$","E","R","B",null,"R","$","E","B"],"character_chosen":"THE_BUGKNIGHT","items_purchased":["HornCleat","HollowMod:DoubleDash+1","HollowMod:TaintedHusks+1","ClockworkSouvenir","HollowMod:Hiveblood+1"],"campfire_rested":0,"item_purchase_floors":[19,19,19,47,47],"current_hp_per_floor":[75,75,75,72,72,28,28,18,18,21,21,29,37,45,45,31,75,75,75,75,73,75,69,69,69,69,65,70,70,70,75,75,75,75,75,64,64,68,68,49,49,31,31,31,31,31,31,62,62,35,75,75,75,75,0,0],"gold":35,"neow_bonus":"BOSS_RELIC","is_daily":false,"chose_seed":false,"campfire_upgraded":10,"win_rate":0.0,"timestamp":1613698871,"path_taken":["M","?","M","M","?","E","R","E","T","E","R","M","E","?","R","BOSS","M","$","?","M","?","E","R","E","T","M","M","R","?","E","R","BOSS","M","M","?","M","?","M","R","E","T","R","?","R","$","E","R","BOSS","R","$","E","BOSS"],"items_purchased_type":["Relic","Card","Card","Relic","Card"],"build_version":"2020-12-22","purchased_purges":4,"victory":false,"max_hp_per_floor":[75,75,75,75,75,75,75,75,75,75,75,75,75,75,75,75,75,75,75,75,75,75,75,75,75,75,75,75,75,75,75,75,75,75,75,75,75,75,75,75,75,75,75,75,75,75,75,75,75,75,75,75,75,75,75,75],"card_choices":[{"not_picked":["HollowMod:HeavyBlow","HollowMod:SoulStrike"],"picked":"HollowMod:CornifersMapStart","floor":1.0},{"not_picked":["HollowMod:GreatSlash","HollowMod:BlackTendrils"],"picked":"HollowMod:HowlingWraiths","floor":2.0},{"not_picked":["HollowMod:InfectedCysts","HollowMod:SiblingsSouls"],"picked":"HollowMod:NewJinnsSoul","floor":3.0},{"not_picked":["HollowMod:VengefulVoid","HollowMod:FastStrike"],"picked":"HollowMod:RecoilStrike","floor":4.0},{"not_picked":["HollowMod:LordofShades","HollowMod:TaintedHusks"],"picked":"HollowMod:SoulVessel","floor":6.0},{"not_picked":["HollowMod:Grubsong","HollowMod:VengefulVoid"],"picked":"HollowMod:DesolateDive","floor":8.0},{"not_picked":["HollowMod:DashSlash","HollowMod:InfectedAttack"],"picked":"HollowMod:MantisMark+1","floor":10.0},{"not_picked":["HollowMod:NewJinnsSoul+1","HollowMod:ShadowDash+1"],"picked":"HollowMod:MonarchWings+1","floor":12.0},{"not_picked":["HollowMod:NewLittleFool","HollowMod:CoiledNail"],"picked":"HollowMod:ZotesMagnificence","floor":13.0},{"not_picked":["HollowMod:SharpenedNail","HollowMod:InfectionAssault"],"picked":"HollowMod:InfectedAttack","floor":14.0},{"not_picked":["HollowMod:SoulMaster","HollowMod:ZotesMagnificence"],"picked":"HollowMod:PureVessel","floor":16.0},{"not_picked":["HollowMod:SoulSplash+1","HollowMod:CoiledNail+1"],"picked":"HollowMod:MothsMistake+1","floor":18.0},{"not_picked":["HollowMod:SoulEater","HollowMod:SoulStrike"],"picked":"HollowMod:InfectedAttack","floor":21.0},{"not_picked":["HollowMod:InfectedAttack","HollowMod:FallenFury+1"],"picked":"HollowMod:InfectedCysts","floor":23.0},{"not_picked":["HollowMod:HeavyBlow","HollowMod:BlackTendrils+1"],"picked":"HollowMod:CornifersMapStart+1","floor":25.0},{"not_picked":["HollowMod:HowlingWraiths","HollowMod:MonomonsArchive+1"],"picked":"HollowMod:Weaversong","floor":27.0},{"not_picked":["HollowMod:GreatSlash+1","HollowMod:SoulShaman+1"],"picked":"HollowMod:MawleksShell+1","floor":28.0},{"not_picked":["HollowMod:SiblingsSouls+1","HollowMod:CornifersMapStart+1"],"picked":"HollowMod:MonarchWings+1","floor":31.0},{"not_picked":["HollowMod:Weaversong","HollowMod:ElderbugsWisdom"],"picked":"HollowMod:NewInfectedGuardian+1","floor":33.0},{"not_picked":["HollowMod:DashSlash+1","HollowMod:InfectedAttack"],"picked":"HollowMod:CornifersMapStart+1","floor":35.0},{"not_picked":["HollowMod:GoodIntentions+1","HollowMod:SoulStrike+1","HollowMod:SharpenedNail"],"picked":"SKIP","floor":36.0},{"not_picked":["HollowMod:TaintedHusks+1","HollowMod:DashSlash+1"],"picked":"HollowMod:BaldurShell+1","floor":38.0},{"not_picked":["HollowMod:NewLittleFool","HollowMod:LifebloodCocoon+1"],"picked":"HollowMod:CornifersMapStart+1","floor":40.0},{"not_picked":["HollowMod:NewJinnsSoul+1","HollowMod:PureNailStrike+1"],"picked":"HollowMod:SiblingsSouls+1","floor":42.0},{"not_picked":["HollowMod:SoulVessel","HollowMod:InfectedCysts+1"],"picked":"HollowMod:NewInfectedGuardian+1","floor":48.0},{"not_picked":["HollowMod:NewLittleFool","HollowMod:SoulStrike"],"picked":"HollowMod:MawleksShell+1","floor":54}],"player_experience":429140,"relics_obtained":[{"floor":6.0,"key":"Smiling Mask"},{"floor":8.0,"key":"Toxic Egg 2"},{"floor":9.0,"key":"Bird Faced Urn"},{"floor":10.0,"key":"Thread and Needle"},{"floor":13.0,"key":"HollowMod:KingsBrand"},{"floor":23.0,"key":"Bag of Marbles"},{"floor":25.0,"key":"HollowMod:MillibellesNoteRelic"},{"floor":26.0,"key":"Potion Belt"},{"floor":31.0,"key":"PreservedInsect"},{"floor":42.0,"key":"Bottled Tornado"},{"floor":48.0,"key":"Orichalcum"},{"floor":54,"key":"Happy Flower"}],"event_choices":[],"is_beta":false,"boss_relics":[{"not_picked":["Busted Crown","Astrolabe"],"picked":"energizedSpire:MagnifyingGlass"},{"not_picked":["Cursed Key","energizedSpire:EnergizedDie"],"picked":"energizedSpire:DeadBattery"}],"items_purged_floors":[19,47,47,53],"is_endless":false,"potions_floor_spawned":[6,8,12,14,23,25,27,28,35,36],"killed_by":"The Heart","ascension_level":4}}