{"host":"fkig9nrckec4xsh0","time":1613701724,"event":{"mods":["Act Like it!","BaseMod","Colored Map","Gensokyo","Hermit","Marisa????????","Minty Spire (QoL Compilation)","Quick Restart","Replay The Spire","StSLib","The Cursed","The Necromancer","The Servant 0.9.4"],"gold_per_floor":[118,293,368,368,384,412,412,441,493,527,487,503,523,523,535,649,661,691,703,22,37,54,54,54,54,101,135,35,53,53,53,53,156,156,166,180,192,246,246,246,277,277,277],"floor_reached":42,"language":"ENG","playtime":2096,"items_purged":["Strike_W"],"score":1206,"play_id":"3323685b-ca2f-4e18-8dff-c77fbc4f71bf","local_time":"20210218212844","is_ascension_mode":true,"campfire_choices":[{"data":"Summon_Undead","floor":7,"key":"SMITH"},{"data":"Summon_Lich","floor":15,"key":"SMITH"},{"data":"Bone_Prison","floor":23,"key":"SMITH"},{"data":"Summon_Lich","floor":25,"key":"SMITH"},{"data":"Shade_Step","floor":30,"key":"SMITH"},{"data":"Uncharnel","floor":32,"key":"SMITH"},{"data":"Negative_Energy_Mist","floor":40,"key":"SMITH"}],"circlet_count":0,"master_deck":["Strike_W","Strike_W","Strike_W","Defend_W","Defend_W","Defend_W","Defend_W","Negative_Energy_Arrows","Bone_Wall","Summon_Undead+1","Pandemic","Uncharnel+1","Shade_Step+1","Summon_Lich+1","Negative_Energy_Mist+1","Bone_Prison+1","Grasp_Heart+1","Cloudkill+1","Summon_Lich+1","Exploit+1","Finger_Of_Death+1","Bone_Prison","Siphon_Strength","Siphon_Strength","Panacea+1","Consume_Illness","Summon_Lich+1","Hellfire+1","Scare+1","Vampiric_Strike+1","Negative_Energy_Sphere+1","Corrupt","Writhe"],"relics":["Vampire_Amulet","NeowsBlessing","ReplayTheSpireMod:Ring of Addiction","Chameleon Ring","SacredBark","ReplayTheSpireMod:Ring of Collecting","Bronze Scales","Nunchaku","Bag of Preparation","Molten Egg 2","Odd Mushroom","MawBank","ChewingGum","Replay:Baseball","Strange Spoon","Blue Doll","Ring of Fury","Replay:Bottled Snecko","Ring of Hypnosis","Art of War","Kunai","Black Star","CatCart","Mercury Hourglass","Quantum Egg"],"acts_visited":["Exordium","TheCity","TheBeyond"],"potions_floor_usage":[8,8,10,10,13,13,13,13,16,18,27,33,38,41,41,42],"damage_taken":[{"damage":0,"enemies":"Small Slimes","floor":1,"turns":1},{"damage":0,"enemies":"2 Louse","floor":5,"turns":1},{"damage":0,"enemies":"Gremlin Nob","floor":6,"turns":1},{"damage":0,"enemies":"3 Sentries","floor":8,"turns":6},{"damage":16,"enemies":"Lagavulin","floor":10,"turns":4},{"damage":0,"enemies":"Cultist","floor":12,"turns":3},{"damage":0,"enemies":"The Mushroom Lair","floor":13,"turns":2},{"damage":34,"enemies":"Fading Forest","floor":16,"turns":11},{"damage":1,"enemies":"Spheric Guardian","floor":18,"turns":5},{"damage":12,"enemies":"3 Byrds","floor":21,"turns":2},{"damage":14,"enemies":"Snake Plant","floor":22,"turns":3},{"damage":0,"enemies":"Book of Stabbing","floor":27,"turns":4},{"damage":2,"enemies":"Snecko","floor":29,"turns":5},{"damage":10,"enemies":"Pondfish","floor":33,"turns":6},{"damage":15,"enemies":"Orb Walker","floor":35,"turns":3},{"damage":30,"enemies":"3 Shapes","floor":36,"turns":3},{"damage":3,"enemies":"Maw","floor":37,"turns":6},{"damage":13,"enemies":"Orin","floor":38,"turns":7},{"damage":63,"enemies":"Nemesis","floor":41,"turns":8},{"damage":38,"enemies":"Spire Growth","floor":42,"turns":3}],"seed_played":"-4265246523526232978","potions_obtained":[{"floor":1,"key":"LiquidMemories"},{"floor":4,"key":"BlessingOfTheForge"},{"floor":4,"key":"Explosive Potion"},{"floor":4,"key":"Energy Potion"},{"floor":5,"key":"LifebloodPotion"},{"floor":8,"key":"DuplicationPotion"},{"floor":11,"key":"SpeedPotion"},{"floor":11,"key":"BlessingOfTheForge"},{"floor":11,"key":"EntropicBrew"},{"floor":12,"key":"Adrenaline Potion"},{"floor":18,"key":"Dexterity Potion"},{"floor":22,"key":"LifebloodPotion"},{"floor":27,"key":"Block Potion"},{"floor":33,"key":"Milkshake"},{"floor":36,"key":"Elixir"},{"floor":38,"key":"Energy Potion"}],"is_trial":false,"path_per_floor":["M","?","?","?","M","E","R","E","T","E","?","M","?","?","R","B",null,"M","?","$","M","M","R","T","R","T","E","$","M","R","?","R","B",null,"M","M","M","?","?","R","E","M"],"character_chosen":"NECROMANCER","items_purchased":["Cloudkill+1","Replay:Baseball","Summon_Lich","Strange Spoon","Blue Doll","Siphon_Strength","Panacea+1"],"campfire_rested":0,"item_purchase_floors":[20,20,20,20,20,28,28],"current_hp_per_floor":[75,75,64,64,68,70,70,73,73,59,59,67,73,66,66,52,68,69,69,69,66,54,54,54,54,54,56,56,59,59,59,59,56,64,54,30,34,46,62,62,14,0,0],"gold":277,"neow_bonus":"THREE_ENEMY_KILL","is_daily":false,"chose_seed":false,"campfire_upgraded":7,"win_rate":0.0,"timestamp":1613701724,"path_taken":["M","?","?","?","M","E","R","E","T","E","?","?","?","?","R","BOSS","M","?","$","M","?","R","?","R","T","E","?","M","R","?","R","BOSS","M","M","?","?","?","R","E","M"],"items_purchased_type":["Card","Relic","Card","Relic","Relic","Card","Card"],"build_version":"2020-12-22","purchased_purges":1,"victory":false,"max_hp_per_floor":[75,75,75,75,75,75,75,73,73,73,73,73,73,73,73,73,73,73,73,73,73,71,71,71,69,69,69,69,69,69,67,67,67,67,67,67,65,65,65,65,65,65,65],"card_choices":[{"not_picked":["Negative_Energy_Sphere","Toxic_Smoke_Screen"],"picked":"Summon_Undead","floor":1},{"not_picked":["Blood_Is_Power","Bones_to_Steel"],"picked":"Pandemic","floor":5},{"not_picked":["Corrupt","Bones_to_Steel"],"picked":"Uncharnel","floor":6},{"not_picked":["Plague_Bolt","Skeleton_Dragon"],"picked":"Shade_Step","floor":8},{"not_picked":["Pandemic","Spectral_Walk"],"picked":"Summon_Lich","floor":10},{"not_picked":["Consume_Illness","Negative_Energy_Sphere+1"],"picked":"Negative_Energy_Mist","floor":12},{"not_picked":["Shackles_Of_Pain","Bones_to_Steel"],"picked":"Bone_Prison","floor":13},{"not_picked":["Reap_The_Weak+1","Detonate_Bones+1"],"picked":"Grasp_Heart+1","floor":16},{"not_picked":["Bone_Bullets+1","Toxic_Smoke_Screen","Shackles_Of_Pain"],"picked":"SKIP","floor":18},{"not_picked":["Chill_Blood","Bone_Bullets+1"],"picked":"Exploit+1","floor":21},{"not_picked":["Bone_Armor+1","Spectral_Armor+1"],"picked":"Finger_Of_Death+1","floor":22},{"not_picked":["Shackles_Of_Pain","Bone_Armor"],"picked":"Bone_Prison","floor":27},{"not_picked":["Negative_Energy_Shield","Finger_Of_Death+1"],"picked":"Consume_Illness","floor":29},{"not_picked":["Skeleton_Dragon","Negative_Energy_Bomb+1"],"picked":"Hellfire+1","floor":33},{"not_picked":["Spectral_Armor","Epidemic+1"],"picked":"Scare+1","floor":35},{"not_picked":["Negative_Energy_Javelin+1","Blood_Whip+1"],"picked":"Vampiric_Strike+1","floor":36},{"not_picked":["Bone_Armor+1","Bones_to_Steel"],"picked":"Negative_Energy_Sphere+1","floor":37},{"not_picked":["Negative_Energy_Sphere+1","Chill_Blood"],"picked":"Corrupt","floor":38},{"not_picked":["Epidemic","Finger_Of_Death+1","Bones_to_Steel"],"picked":"SKIP","floor":41}],"player_experience":466757,"relics_obtained":[{"floor":4,"key":"ReplayTheSpireMod:Ring of Addiction"},{"floor":4,"key":"Chameleon Ring"},{"floor":4,"key":"SacredBark"},{"floor":4,"key":"ReplayTheSpireMod:Ring of Collecting"},{"floor":6,"key":"Bronze Scales"},{"floor":8,"key":"Nunchaku"},{"floor":9,"key":"Bag of Preparation"},{"floor":10,"key":"Molten Egg 2"},{"floor":13,"key":"Odd Mushroom"},{"floor":24,"key":"Ring of Fury"},{"floor":24,"key":"Replay:Bottled Snecko"},{"floor":26,"key":"Ring of Hypnosis"},{"floor":26,"key":"Art of War"},{"floor":27,"key":"Kunai"},{"floor":38,"key":"CatCart"},{"floor":41,"key":"Mercury Hourglass"},{"floor":41,"key":"Quantum Egg"}],"event_choices":[{"damage_healed":0,"gold_gain":175,"player_choice":"AGREE","damage_taken":0,"max_hp_gain":0,"max_hp_loss":0,"event_name":"Liars Game","floor":2,"gold_loss":0,"cards_obtained":["Doubt"]},{"damage_healed":0,"gold_gain":75,"player_choice":"Gather Gold","damage_taken":11,"max_hp_gain":0,"max_hp_loss":0,"event_name":"World of Goop","floor":3,"gold_loss":0},{"damage_healed":0,"gold_gain":0,"player_choice":"Bought 3 Potions","damage_taken":0,"max_hp_gain":0,"max_hp_loss":0,"event_name":"The Woman in Blue","floor":11,"gold_loss":0},{"damage_healed":0,"gold_gain":0,"player_choice":"Fought Mushrooms","damage_taken":0,"max_hp_gain":0,"max_hp_loss":0,"event_name":"Mushrooms","floor":13,"gold_loss":0},{"damage_healed":0,"gold_gain":0,"player_choice":"Success","damage_taken":7,"relics_obtained":["MawBank"],"max_hp_gain":0,"max_hp_loss":0,"event_name":"Scrap Ooze","floor":14,"gold_loss":0},{"cards_removed":["Looming Evil","Doubt"],"damage_healed":0,"gold_gain":0,"player_choice":"Removed Curses","damage_taken":0,"max_hp_gain":0,"max_hp_loss":0,"event_name":"Fountain of Cleansing","floor":19,"gold_loss":0},{"damage_healed":0,"gold_gain":0,"player_choice":"Copied","damage_taken":0,"max_hp_gain":0,"max_hp_loss":0,"event_name":"Duplicator","floor":31,"gold_loss":0,"cards_obtained":["Summon_Lich"]},{"damage_healed":0,"gold_gain":0,"player_choice":"Fight","damage_taken":0,"max_hp_gain":0,"max_hp_loss":0,"event_name":"OrinTheCat","floor":38,"gold_loss":0},{"damage_healed":16,"gold_gain":0,"player_choice":"Writhe","damage_taken":0,"max_hp_gain":0,"max_hp_loss":0,"event_name":"Winding Halls","floor":39,"gold_loss":0,"cards_obtained":["Writhe"]}],"is_beta":false,"boss_relics":[{"not_picked":["Snecko Eye","Replay:Drink Me"],"picked":"ChewingGum"},{"not_picked":["Honey Jar","Painkiller Herb"],"picked":"Black Star"}],"items_purged_floors":[20],"is_endless":false,"potions_floor_spawned":[1,5,8,12,18,22,27,33,36,38],"killed_by":"Spire Growth","ascension_level":5}}