{"host":"zlmf7uudqr1sj8t0","time":1613716527,"event":{"mods":["BaseMod","Colored Map","DeckTracker","Highlight Path","Minty Spire (QoL Compilation)"],"gold_per_floor":[114,78,153,118,136,161,174,200,200,12,12,29,46,74,74,74,74],"floor_reached":16,"language":"ENG","playtime":801,"items_purged":[],"score":174,"play_id":"a2486e9e-15d9-4d2f-a6e4-6e2db46553a9","local_time":"20210218223527","is_ascension_mode":true,"campfire_choices":[{"data":"Redo","floor":11,"key":"SMITH"},{"floor":15,"key":"REST"}],"circlet_count":0,"master_deck":["Strike_B","Strike_B","Strike_B","Strike_B","Defend_B","Defend_B","Defend_B","Defend_B","Zap","Dualcast","Redo+1","White Noise","Coolheaded","Capacitor","Blizzard","Barrage","Glacier"],"relics":["Cracked Core","NeowsBlessing","Matryoshka","Juzu Bracelet","Meat on the Bone","Happy Flower","Shuriken"],"acts_visited":["Exordium"],"potions_floor_usage":[8],"damage_taken":[{"damage":0,"enemies":"Jaw Worm","floor":1,"turns":1},{"damage":0,"enemies":"Cultist","floor":5,"turns":1},{"damage":0,"enemies":"Lagavulin","floor":6,"turns":1},{"damage":5,"enemies":"2 Louse","floor":7,"turns":2},{"damage":18,"enemies":"Gremlin Nob","floor":8,"turns":3},{"damage":14,"enemies":"Blue Slaver","floor":12,"turns":3},{"damage":11,"enemies":"Red Slaver","floor":13,"turns":4},{"damage":34,"enemies":"3 Sentries","floor":14,"turns":7},{"damage":44,"enemies":"The Guardian","floor":16,"turns":5}],"seed_played":"5222351461965291472","potions_obtained":[{"floor":6,"key":"AttackPotion"},{"floor":8,"key":"FocusPotion"},{"floor":12,"key":"PowerPotion"},{"floor":13,"key":"PowerPotion"}],"is_trial":false,"path_per_floor":["M","$","?","?","M","E","M","E","T","$","R","M","M","E","R","B"],"character_chosen":"DEFECT","items_purchased":["White Noise","Blizzard","Happy Flower"],"campfire_rested":1,"item_purchase_floors":[2,10,10],"current_hp_per_floor":[75,75,64,75,75,75,70,52,52,52,52,38,39,17,39,0,0],"gold":74,"neow_bonus":"THREE_ENEMY_KILL","is_daily":false,"chose_seed":false,"campfire_upgraded":1,"win_rate":0.0,"timestamp":1613716527,"path_taken":["M","$","?","?","M","E","M","E","T","?","R","M","M","E","R","BOSS"],"items_purchased_type":["Card","Card","Relic"],"build_version":"2020-12-22","purchased_purges":0,"victory":false,"max_hp_per_floor":[75,75,75,75,75,75,75,75,75,75,75,75,75,75,75,75,75],"card_choices":[{"not_picked":["Scrape","Coolheaded"],"picked":"Redo","floor":1},{"not_picked":["Sunder","Gash"],"picked":"Coolheaded","floor":5},{"not_picked":["Doom and Gloom","Meteor Strike"],"picked":"Capacitor","floor":6},{"not_picked":["Streamline","Leap","Conserve Battery"],"picked":"SKIP","floor":7},{"not_picked":["Self Repair","Beam Cell","Storm"],"picked":"SKIP","floor":8},{"not_picked":["Recycle","Gash","Loop"],"picked":"SKIP","floor":12},{"not_picked":["Recycle","BootSequence"],"picked":"Barrage","floor":13},{"not_picked":["Sunder","Buffer"],"picked":"Glacier","floor":14}],"player_experience":190570,"relics_obtained":[{"floor":6,"key":"Matryoshka"},{"floor":8,"key":"Juzu Bracelet"},{"floor":9,"key":"Meat on the Bone"},{"floor":14,"key":"Shuriken"}],"event_choices":[{"damage_healed":0,"gold_gain":75,"player_choice":"Gather Gold","damage_taken":11,"max_hp_gain":0,"max_hp_loss":0,"event_name":"World of Goop","floor":3,"gold_loss":0},{"damage_healed":18,"gold_gain":0,"player_choice":"Healed","damage_taken":0,"max_hp_gain":0,"max_hp_loss":0,"event_name":"The Cleric","floor":4,"gold_loss":35}],"is_beta":false,"boss_relics":[],"items_purged_floors":[],"is_endless":false,"potions_floor_spawned":[6,8,12,13,14],"killed_by":"The Guardian","ascension_level":4}}