{"host":"dh4nu8nelr2izibb","time":1613766964,"event":{"mods":["BaseMod","Better Skull","Better Third Choice","Card Filter","Card Forge","Curses Come First","Displayed Cursed Tome","HololiveMod","Marisa????????","Minty Spire (QoL Compilation)","Poor People Problems","Quick Restart","Relic Filter","Reliquary","StSLib","The Servant 0.9.4","WarShipGirlsR/????R mod","Yakumo Yukari mod"],"gold_per_floor":[115,130,130,3,18,30,30,62,116,116,142,162,162,173,173,252,252,266,38,38,53,69,69,96,96,96,123,139,150,150,168,168,242,242,252,252,271,100,115,142,142,142,142],"floor_reached":42,"language":"ENG","playtime":1785,"items_purged":["Strike_G","Strike_G"],"score":981,"play_id":"88f36cf9-4e0d-4755-9302-c138582fdb33","local_time":"20210219153604","is_ascension_mode":true,"campfire_choices":[{"data":"All Out Attack","floor":7.0,"key":"SMITH"},{"data":"Underhanded Strike","floor":10.0,"key":"SMITH"},{"data":"Finisher","floor":15.0,"key":"SMITH"},{"data":"Phantasmal Killer","floor":23,"key":"SMITH"},{"data":"Blade Dance","floor":25,"key":"SMITH"},{"data":"Concentrate","floor":30,"key":"SMITH"},{"data":"Eviscerate","floor":32,"key":"SMITH"}],"circlet_count":0,"master_deck":["AscendersBane","Strike_G","Strike_G","Defend_G","Defend_G","Defend_G","Survivor+1","Neutralize+1","Underhanded Strike+1","Leg Sweep+1","Dagger Throw","All Out Attack+1","Footwork+1","Acrobatics","Blade Dance+1","Slice","Finisher+1","Phantasmal Killer+1","Prepared","Blade Dance+1","Well Laid Plans","PiercingWail","Backstab","Backflip","Eviscerate+1","Backflip","Concentrate+1","Tactician","Deflect","Acrobatics","Footwork"],"relics":["Ring of the Snake","Hammer of Thor","Seething Fire","Anvil of the Gods","reliquary:GummyVitamins","Anchor","reliquary:Buckler","Odd Mushroom","reliquary:RustamsPendant","Strawberry","reliquary:Pushpin","reliquary:SilkGlove","reliquary:ThirdArm","reliquary:BrokenClock","reliquary:FeatherDuster"],"acts_visited":["Exordium","TheCity","TheBeyond"],"potions_floor_usage":[18,22,24,29],"damage_taken":[{"damage":2.0,"enemies":"Jaw Worm","floor":1.0,"turns":5.0},{"damage":1.0,"enemies":"2 Louse","floor":2.0,"turns":3.0},{"damage":3.0,"enemies":"Small Slimes","floor":5.0,"turns":4.0},{"damage":6.0,"enemies":"2 Fungi Beasts","floor":6.0,"turns":3.0},{"damage":10.0,"enemies":"Lagavulin","floor":8.0,"turns":6.0},{"damage":3.0,"enemies":"3 Sentries","floor":11.0,"turns":4.0},{"damage":0.0,"enemies":"The Mushroom Lair","floor":12.0,"turns":3.0},{"damage":1.0,"enemies":"Exordium Thugs","floor":14.0,"turns":2.0},{"damage":29.0,"enemies":"Slime Boss","floor":16.0,"turns":6.0},{"damage":7,"enemies":"Shell Parasite","floor":18,"turns":4},{"damage":0,"enemies":"Spheric Guardian","floor":21,"turns":1},{"damage":0,"enemies":"Centurion and Healer","floor":22,"turns":6},{"damage":5,"enemies":"Book of Stabbing","floor":24,"turns":4},{"damage":0,"enemies":"Gremlin Leader","floor":27,"turns":5},{"damage":0,"enemies":"Chosen and Byrds","floor":28,"turns":3},{"damage":0,"enemies":"3 Cultists","floor":29,"turns":2},{"damage":0,"enemies":"Snecko","floor":31,"turns":2},{"damage":19,"enemies":"Collector","floor":33,"turns":7},{"damage":7,"enemies":"Orb Walker","floor":35,"turns":4},{"damage":15,"enemies":"3 Darklings","floor":37,"turns":3},{"damage":5,"enemies":"Spire Growth","floor":39,"turns":4},{"damage":34,"enemies":"Nemesis","floor":40,"turns":9},{"damage":41,"enemies":"Transient","floor":42,"turns":2}],"seed_played":"1424035915287690510","potions_obtained":[{"floor":6.0,"key":"Explosive Potion"},{"floor":12.0,"key":"Energy Potion"},{"floor":14.0,"key":"Regen Potion"},{"floor":18,"key":"DistilledChaos"},{"floor":27,"key":"Block Potion"},{"floor":28,"key":"SkillPotion"}],"is_trial":false,"path_per_floor":["M","M","?","$","M","M","R","E","T","R","E","?","?","M","R","B",null,"M","$","?","M","M","R","E","R","T","E","M","M","R","M","R","B",null,"M","?","M","$","M","E","?","M"],"character_chosen":"THE_SILENT","items_purchased":["Dagger Throw","Blade Dance","Well Laid Plans","reliquary:BrokenClock"],"campfire_rested":0,"item_purchase_floors":[4,19,19,38],"current_hp_per_floor":[57,56,61,61,58,52,52,42,42,42,39,39,39,38,38,9,56,49,49,49,49,64,64,66,66,66,66,66,66,66,66,66,47,70,63,63,48,48,43,9,9,0,0],"gold":142,"neow_bonus":"REMOVE_CARD","is_daily":false,"chose_seed":false,"campfire_upgraded":7,"win_rate":0.0,"timestamp":1613766964,"path_taken":["M","M","?","?","M","M","R","E","T","R","E","?","?","M","R","BOSS","M","$","?","M","?","R","E","R","T","E","M","M","R","M","R","BOSS","M","?","M","$","M","E","?","M"],"items_purchased_type":["Card","Card","Card","Relic"],"build_version":"2020-12-22","purchased_purges":2,"victory":false,"max_hp_per_floor":[66,66,71,71,71,71,71,71,71,71,71,71,71,71,71,71,71,71,71,71,71,71,71,78,78,78,78,78,78,78,78,78,78,78,78,78,78,78,78,78,78,78,78],"card_choices":[{"not_picked":["Poisoned Stab","Bane"],"picked":"Underhanded Strike","floor":1.0},{"not_picked":["Deadly Poison","Cloak And Dagger"],"picked":"Leg Sweep","floor":2.0},{"not_picked":["Dagger Throw","Prepared"],"picked":"All Out Attack","floor":5.0},{"not_picked":["PiercingWail","Endless Agony"],"picked":"Footwork","floor":6.0},{"not_picked":["Deadly Poison","Choke"],"picked":"Acrobatics","floor":8.0},{"not_picked":["Dagger Spray","All Out Attack"],"picked":"Blade Dance","floor":11.0},{"not_picked":["Deflect","Blade Dance"],"picked":"Slice","floor":12.0},{"not_picked":["Riddle With Holes","Deadly Poison"],"picked":"Finisher","floor":14.0},{"not_picked":["Burst","Tools of the Trade"],"picked":"Phantasmal Killer","floor":16.0},{"not_picked":["Dodge and Roll","Slice"],"picked":"Prepared","floor":18},{"not_picked":["Escape Plan","Prepared"],"picked":"PiercingWail","floor":21},{"not_picked":["Flying Knee","Sucker Punch"],"picked":"Backstab","floor":22},{"not_picked":["Slice","Glass Knife"],"picked":"Backflip","floor":24},{"not_picked":["Dagger Spray","Escape Plan"],"picked":"Eviscerate","floor":27},{"not_picked":["Prepared","Quick Slash"],"picked":"Backflip","floor":28},{"not_picked":["Venomology","Flying Knee"],"picked":"Concentrate","floor":29},{"not_picked":["Backflip","Heel Hook"],"picked":"Tactician","floor":31},{"not_picked":["Poisoned Stab+1","Deflect","Sucker Punch"],"picked":"SKIP","floor":35},{"not_picked":["Poisoned Stab+1","Sucker Punch"],"picked":"Deflect","floor":35},{"not_picked":["Catalyst+1","All Out Attack"],"picked":"Acrobatics","floor":37},{"not_picked":["Quick Slash+1","Dash+1"],"picked":"Footwork","floor":39},{"not_picked":["Prepared","Quick Slash","Skewer"],"picked":"SKIP","floor":40}],"player_experience":1190251,"relics_obtained":[{"floor":8.0,"key":"reliquary:GummyVitamins"},{"floor":9.0,"key":"Anchor"},{"floor":11.0,"key":"reliquary:Buckler"},{"floor":12.0,"key":"Odd Mushroom"},{"floor":24,"key":"Strawberry"},{"floor":26,"key":"reliquary:Pushpin"},{"floor":27,"key":"reliquary:SilkGlove"},{"floor":40,"key":"reliquary:FeatherDuster"}],"event_choices":[{"damage_healed":0.0,"max_hp_gain":5.0,"max_hp_loss":0.0,"gold_gain":0.0,"event_name":"Big Fish","player_choice":"Donut","floor":3.0,"gold_loss":0.0,"damage_taken":0.0},{"damage_healed":0.0,"max_hp_gain":0.0,"max_hp_loss":0.0,"gold_gain":0.0,"event_name":"Mushrooms","player_choice":"Fought Mushrooms","floor":12.0,"gold_loss":0.0,"damage_taken":0.0},{"damage_healed":0,"gold_gain":0,"player_choice":"Upgraded","damage_taken":0,"max_hp_gain":0,"max_hp_loss":0,"event_name":"Upgrade Shrine","floor":20,"gold_loss":0,"cards_upgraded":["Leg Sweep"]},{"damage_healed":0,"gold_gain":0,"player_choice":"Memory 1","damage_taken":0,"max_hp_gain":0,"max_hp_loss":0,"event_name":"SensoryStone","floor":41,"gold_loss":0}],"is_beta":false,"boss_relics":[{"not_picked":["Empty Cage","Calling Bell"],"picked":"reliquary:RustamsPendant"},{"not_picked":["SacredBark","Runic Pyramid"],"picked":"reliquary:ThirdArm"}],"items_purged_floors":[4,19],"is_endless":false,"potions_floor_spawned":[6,12,14,16,18,27,28],"killed_by":"Transient","ascension_level":19}}