{"host":"utqe55yv0jihe4d6","time":1613706269,"event":{"mods":["2.2 Compatiblity","AchievementEnabler","BaseMod","Block Reminder","Colored Map","Colored Powertips","Minty Spire (QoL Compilation)","Quick Restart","Rare Cards Sparkle","Relic Stats","SuperFastMode"],"gold_per_floor":[118,118,138,63,63,63,102,102,102,102,102,141,159,183,183,282,282,307,328,278,86,106,106,137,137,137,137,158,174,199,224,224,318,318,333,356,376,709,198,525,525,401,401,436,436,462,475,485,485,485,485,485,485,125,156,156],"floor_reached":57,"language":"ENG","playtime":2871,"items_purged":["Juggernaut","Immolate+1"],"score":3094,"play_id":"5b6569e8-1f55-4571-b645-ede9fee306f1","local_time":"20210218224429","is_ascension_mode":true,"campfire_choices":[{"data":"Battle Trance","floor":6.0,"key":"SMITH"},{"data":"Bludgeon","floor":8.0,"key":"SMITH"},{"data":"Whirlwind","floor":11.0,"key":"SMITH"},{"data":"Berserk","floor":15.0,"key":"SMITH"},{"data":"Entrench","floor":23.0,"key":"SMITH"},{"data":"Offering","floor":25.0,"key":"SMITH"},{"floor":32.0,"key":"REST"},{"floor":41.0,"key":"RECALL"},{"floor":45.0,"key":"REST"},{"floor":49.0,"key":"REST"},{"floor":53.0,"key":"REST"}],"circlet_count":0,"master_deck":["AscendersBane","Impervious","Berserk+1","Battle Trance+1","Bludgeon+1","Whirlwind+1","Burning Pact","Pommel Strike","Iron Wave+1","Shockwave","Rage+1","Offering+1","Barricade+1","Twin Strike+1","Shrug It Off","Entrench+1","Dark Embrace+1","True Grit","Inflame","Limit Break","Reaper","Disarm","Disarm","Pommel Strike","Entrench","Entrench","Dual Wield","Metallicize","Clothesline","Power Through+1"],"relics":["Pandora\u0027s Box","Letter Opener","Gremlin Horn","HornCleat","Mummified Hand","Astrolabe","Oddly Smooth Stone","Toy Ornithopter","Paper Frog","CultistMask","Fusion Hammer","Medical Kit","Bag of Marbles","Old Coin","Bag of Preparation","Pear","MealTicket","Happy Flower","Art of War"],"acts_visited":["Exordium","TheCity","TheBeyond","TheEnding"],"potions_floor_usage":[55],"damage_taken":[{"damage":12.0,"enemies":"Jaw Worm","floor":1.0,"turns":2.0},{"damage":10.0,"enemies":"Small Slimes","floor":3.0,"turns":4.0},{"damage":7.0,"enemies":"Gremlin Nob","floor":7.0,"turns":3.0},{"damage":15.0,"enemies":"Lagavulin","floor":12.0,"turns":5.0},{"damage":0.0,"enemies":"Cultist","floor":13.0,"turns":2.0},{"damage":3.0,"enemies":"Blue Slaver","floor":14.0,"turns":3.0},{"damage":13.0,"enemies":"Hexaghost","floor":16.0,"turns":8.0},{"damage":16.0,"enemies":"Shell Parasite","floor":18.0,"turns":3.0},{"damage":6.0,"enemies":"2 Thieves","floor":19.0,"turns":1.0},{"damage":0.0,"enemies":"Cultist and Chosen","floor":22.0,"turns":6.0},{"damage":0.0,"enemies":"Book of Stabbing","floor":24.0,"turns":8.0},{"damage":10.0,"enemies":"Shelled Parasite and Fungi","floor":28.0,"turns":5.0},{"damage":0.0,"enemies":"Chosen and Byrds","floor":29.0,"turns":5.0},{"damage":6.0,"enemies":"Centurion and Healer","floor":30.0,"turns":3.0},{"damage":17.0,"enemies":"Shelled Parasite and Fungi","floor":31.0,"turns":2.0},{"damage":6.0,"enemies":"Automaton","floor":33.0,"turns":10.0},{"damage":6.0,"enemies":"3 Shapes","floor":35.0,"turns":2.0},{"damage":6.0,"enemies":"Orb Walker","floor":36.0,"turns":4.0},{"damage":6.0,"enemies":"Transient","floor":37.0,"turns":6.0},{"damage":6.0,"enemies":"Nemesis","floor":40.0,"turns":7.0},{"damage":6.0,"enemies":"Giant Head","floor":44.0,"turns":11.0},{"damage":6.0,"enemies":"Reptomancer","floor":46.0,"turns":4.0},{"damage":8.0,"enemies":"3 Darklings","floor":47.0,"turns":4.0},{"damage":6.0,"enemies":"Spire Growth","floor":48.0,"turns":5.0},{"damage":17.0,"enemies":"Awakened One","floor":50.0,"turns":18.0},{"damage":6.0,"enemies":"Time Eater","floor":51.0,"turns":23.0},{"damage":47,"enemies":"Shield and Spear","floor":55,"turns":23},{"damage":11,"enemies":"The Heart","floor":56,"turns":17}],"seed_played":"703709243657990521","potions_obtained":[{"floor":7.0,"key":"LiquidBronze"},{"floor":12.0,"key":"Strength Potion"},{"floor":16.0,"key":"AttackPotion"},{"floor":19.0,"key":"SteroidPotion"},{"floor":24.0,"key":"BloodPotion"},{"floor":35.0,"key":"SkillPotion"},{"floor":37.0,"key":"GamblersBrew"}],"is_trial":false,"path_per_floor":["M","?","M","$","?","R","E","R","T","T","R","E","M","M","R","B",null,"M","M","?","$","M","R","E","R","T","?","M","M","M","M","R","B",null,"M","M","M","?","$","E","R","?","T","E","R","E","M","M","R","B","B",null,"R","$","E","B",null],"character_chosen":"IRONCLAD","items_purchased":["Shrug It Off","Oddly Smooth Stone","Medical Kit","Bag of Marbles","Disarm","Pommel Strike","Happy Flower","Dual Wield","Metallicize","Clothesline"],"campfire_rested":4,"item_purchase_floors":[21,21,39,39,39,39,54,54,54,54],"current_hp_per_floor":[56,49,39,39,39,39,32,32,32,32,32,17,17,14,14,1,51,35,29,29,29,29,29,29,29,29,29,19,19,13,14,34,28,58,68,68,68,68,68,68,68,68,68,78,78,72,70,78,78,69,71,76,78,78,47,78],"gold":156,"neow_bonus":"BOSS_RELIC","is_daily":false,"chose_seed":false,"campfire_upgraded":6,"win_rate":0.0,"timestamp":1613706269,"path_taken":["M","?","M","$","?","R","E","R","T","?","R","E","M","M","R","BOSS","M","?","?","?","M","R","E","R","T","?","M","M","M","M","R","BOSS","M","M","M","?","$","E","R","?","T","E","R","E","M","M","R","BOSS","BOSS","R","$","E","BOSS"],"items_purchased_type":["Card","Relic","Relic","Relic","Card","Card","Relic","Card","Card","Card"],"build_version":"2020-12-22","purchased_purges":2,"victory":true,"max_hp_per_floor":[75,75,75,75,68,68,68,68,68,68,68,68,68,68,68,68,68,68,68,68,68,68,68,68,68,68,68,68,68,68,68,68,68,68,68,68,68,68,68,68,68,68,68,78,78,78,78,78,78,78,78,78,78,78,78,78],"relic_stats":{"Gremlin Horn":[15,17],"Happy Flower":[13],"counters":[28,194],"Astrolabe":["Barricade","Immolate","Twin Strike"],"Bag of Preparation":[16],"Letter Opener":[435],"Medical Kit":[44],"Mummified Hand":[97],"Pandora\u0027s Box":["Impervious","Berserk","Reckless Charge","Juggernaut","Battle Trance","Bludgeon","Whirlwind","Burning Pact","Bludgeon"],"MealTicket":0,"Art of War":[2],"obtain_stats":[{"Pear":44,"Gremlin Horn":9,"Happy Flower":54,"Golden Idol":5,"Astrolabe":17,"Oddly Smooth Stone":21,"Bag of Preparation":42,"Letter Opener":7,"Medical Kit":39,"Burning Blood":0,"Old Coin":40,"HornCleat":10,"Mummified Hand":12,"Pandora\u0027s Box":0,"MealTicket":46,"CultistMask":27,"Fusion Hammer":34,"Bag of Marbles":39,"Art of War":55,"Toy Ornithopter":24,"Paper Frog":26},{"Pear":21,"Gremlin Horn":3,"Happy Flower":26,"Golden Idol":2,"Astrolabe":7,"Oddly Smooth Stone":9,"Bag of Preparation":20,"Letter Opener":3,"Medical Kit":19,"Burning Blood":0,"Old Coin":20,"HornCleat":3,"Mummified Hand":4,"Pandora\u0027s Box":0,"MealTicket":22,"CultistMask":11,"Fusion Hammer":16,"Bag of Marbles":19,"Art of War":27,"Toy Ornithopter":11,"Paper Frog":11},{"Pear":100,"Gremlin Horn":9,"Happy Flower":154,"Golden Idol":6,"Astrolabe":27,"Oddly Smooth Stone":31,"Bag of Preparation":89,"Letter Opener":9,"Medical Kit":82,"Burning Blood":0,"Old Coin":89,"HornCleat":9,"Mummified Hand":14,"Pandora\u0027s Box":0,"MealTicket":104,"CultistMask":45,"Fusion Hammer":70,"Bag of Marbles":82,"Art of War":177,"Toy Ornithopter":45,"Paper Frog":45}],"Toy Ornithopter":5},"card_choices":[{"not_picked":["Clash","Perfected Strike"],"picked":"Pommel Strike","floor":1.0},{"not_picked":["Warcry","Cleave"],"picked":"Iron Wave","floor":3.0},{"not_picked":["Wild Strike","Double Tap","Twin Strike"],"picked":"SKIP","floor":7.0},{"not_picked":["Seeing Red","Sever Soul"],"picked":"Iron Wave","floor":12.0},{"not_picked":["Havoc","Wild Strike"],"picked":"Shockwave","floor":13.0},{"not_picked":["Seeing Red","Warcry"],"picked":"Rage","floor":14.0},{"not_picked":["Fiend Fire","Reaper"],"picked":"Offering","floor":16.0},{"not_picked":["Warcry","Perfected Strike","Flex"],"picked":"SKIP","floor":18.0},{"not_picked":["Clothesline","Heavy Blade+1","Clash+1"],"picked":"SKIP","floor":19.0},{"not_picked":["Rampage+1","Bloodletting"],"picked":"Entrench","floor":22.0},{"not_picked":["Cleave","Pummel","Heavy Blade"],"picked":"SKIP","floor":24.0},{"not_picked":["Clothesline","Cleave"],"picked":"Dark Embrace+1","floor":28.0},{"not_picked":["Armaments","Fire Breathing"],"picked":"True Grit","floor":29.0},{"not_picked":["Heavy Blade","Cleave"],"picked":"Inflame","floor":30.0},{"not_picked":["Sword Boomerang","Infernal Blade"],"picked":"Limit Break","floor":31.0},{"not_picked":["Barricade","Juggernaut"],"picked":"Reaper","floor":33.0},{"not_picked":["Flex","Cleave"],"picked":"Disarm","floor":35.0},{"not_picked":["Rage","Iron Wave","Blood for Blood"],"picked":"SKIP","floor":36.0},{"not_picked":["Intimidate","Cleave+1","Rampage"],"picked":"SKIP","floor":37.0},{"not_picked":["Perfected Strike+1","Sever Soul+1","Clothesline"],"picked":"SKIP","floor":40.0},{"not_picked":["Carnage","Bludgeon","Armaments"],"picked":"SKIP","floor":44.0},{"not_picked":["Armaments","Ghostly Armor","Clash"],"picked":"SKIP","floor":46.0},{"not_picked":["Warcry","Whirlwind"],"picked":"Entrench","floor":47.0},{"not_picked":["Heavy Blade","Iron Wave+1"],"picked":"Entrench","floor":48.0},{"not_picked":["Entrench","Clash+1"],"picked":"Power Through+1","floor":55}],"player_experience":3091757,"relics_obtained":[{"floor":7.0,"key":"Letter Opener"},{"floor":9.0,"key":"Gremlin Horn"},{"floor":10.0,"key":"HornCleat"},{"floor":12.0,"key":"Mummified Hand"},{"floor":24.0,"key":"Toy Ornithopter"},{"floor":26.0,"key":"Paper Frog"},{"floor":40.0,"key":"Old Coin"},{"floor":44.0,"key":"Pear"},{"floor":46.0,"key":"MealTicket"},{"floor":55,"key":"Art of War"}],"event_choices":[{"cards_removed":["Bludgeon"],"damage_healed":0.0,"max_hp_gain":0.0,"max_hp_loss":0.0,"gold_gain":0.0,"event_name":"Golden Wing","player_choice":"Card Removal","floor":2.0,"gold_loss":0.0,"damage_taken":7.0},{"damage_healed":0.0,"max_hp_gain":0.0,"max_hp_loss":7.0,"gold_gain":0.0,"event_name":"Golden Idol","player_choice":"Lose Max HP","floor":5.0,"gold_loss":0.0,"damage_taken":0.0,"relics_obtained":["Golden Idol"]},{"damage_healed":0.0,"max_hp_gain":0.0,"max_hp_loss":0.0,"gold_gain":0.0,"event_name":"Designer","player_choice":"Upgraded Two","floor":20.0,"gold_loss":50.0,"damage_taken":0.0,"cards_upgraded":["Rage","Iron Wave"]},{"damage_healed":0.0,"max_hp_gain":0.0,"max_hp_loss":0.0,"gold_gain":0.0,"event_name":"FaceTrader","player_choice":"Trade","floor":27.0,"gold_loss":0.0,"damage_taken":0.0,"relics_obtained":["CultistMask"]},{"damage_healed":0.0,"max_hp_gain":0.0,"max_hp_loss":0.0,"gold_gain":333.0,"event_name":"The Moai Head","player_choice":"Gave Idol","floor":38.0,"relics_lost":["Golden Idol"],"gold_loss":0.0,"damage_taken":0.0},{"damage_healed":0.0,"max_hp_gain":0.0,"max_hp_loss":0.0,"gold_gain":0.0,"event_name":"WeMeetAgain","player_choice":"Paid Gold","floor":42.0,"gold_loss":124.0,"damage_taken":0.0,"relics_obtained":["Bag of Preparation"]}],"is_beta":false,"boss_relics":[{"not_picked":["Philosopher\u0027s Stone","Cursed Key"],"picked":"Astrolabe"},{"not_picked":["Runic Pyramid","Empty Cage"],"picked":"Fusion Hammer"}],"items_purged_floors":[4,39],"is_endless":false,"potions_floor_spawned":[7,12,16,18,19,24,35,37,40],"ascension_level":20}}