{"host":"7cp3z5w0tcrrm8ys","time":1613702616,"event":{"mods":["AchievementEnabler","BaseMod","DeckTracker","Minty Spire (QoL Compilation)","StSLib","SuperFastMode"],"gold_per_floor":[359,359,379,13,163,189,189,264,344,344,356,356,369,60,60,137,137,149,161,193,205,130,145,3,3,3,3,18,29,29,40,40,117,117,136,36,56,66,66,97,97,97,97,97,97,97],"floor_reached":45,"language":"KOR","playtime":1460,"items_purged":["Doubt","Strike_R"],"score":961,"play_id":"b564008d-b652-4921-ae69-2163d1539565","local_time":"20210219114336","is_ascension_mode":true,"campfire_choices":[{"floor":7,"key":"REST"},{"floor":10,"key":"REST"},{"data":"Blood for Blood","floor":12,"key":"SMITH"},{"data":"Metallicize","floor":15,"key":"SMITH"},{"data":"Ghostly","floor":27,"key":"SMITH"},{"data":"Barricade","floor":32,"key":"SMITH"},{"data":"Ghostly","floor":42,"key":"SMITH"},{"data":"Offering","floor":44,"key":"SMITH"}],"circlet_count":0,"master_deck":["AscendersBane","Strike_R","Strike_R","Strike_R","Defend_R","Defend_R","Defend_R","Defend_R","Bash+1","Intimidate","Heavy Blade","Blood for Blood+1","Clothesline","Shrug It Off","Dual Wield","Reckless Charge","Sword Boomerang","Iron Wave+1","Thunderclap+1","Sword Boomerang+1","Impervious","Sword Boomerang+1","Iron Wave+1","Headbutt+1","Thunderclap+1","Ghostly Armor","Shrug It Off","Ghostly+1","Ghostly+1","Ghostly","Body Slam+1","Metallicize","Barricade+1","Offering+1","Body Slam+1","Entrench","Enlightenment"],"relics":["Black Blood","Orrery","Happy Flower","Bag of Marbles","Molten Egg 2","Cursed Key","Red Mask","Gremlin Horn","Bag of Preparation"],"acts_visited":["Exordium","TheCity","TheBeyond"],"potions_floor_usage":[6,16,16,20,23,29,33,45],"damage_taken":[{"damage":2,"enemies":"Cultist","floor":1,"turns":4},{"damage":15,"enemies":"Small Slimes","floor":3,"turns":5},{"damage":55,"enemies":"3 Sentries","floor":6,"turns":10},{"damage":0,"enemies":"2 Louse","floor":11,"turns":1},{"damage":8,"enemies":"Blue Slaver","floor":13,"turns":2},{"damage":9,"enemies":"Hexaghost","floor":16,"turns":7},{"damage":25,"enemies":"Spheric Guardian","floor":18,"turns":4},{"damage":7,"enemies":"3 Byrds","floor":19,"turns":6},{"damage":15,"enemies":"Masked Bandits","floor":20,"turns":5},{"damage":0,"enemies":"Centurion and Healer","floor":21,"turns":5},{"damage":16,"enemies":"Cultist and Chosen","floor":23,"turns":4},{"damage":18,"enemies":"Snake Plant","floor":28,"turns":4},{"damage":2,"enemies":"Centurion and Healer","floor":29,"turns":7},{"damage":28,"enemies":"3 Cultists","floor":31,"turns":7},{"damage":5,"enemies":"Champ","floor":33,"turns":20},{"damage":6,"enemies":"Orb Walker","floor":35,"turns":4},{"damage":7,"enemies":"3 Shapes","floor":37,"turns":4},{"damage":21,"enemies":"Writhing Mass","floor":38,"turns":9},{"damage":6,"enemies":"Nemesis","floor":40,"turns":11},{"damage":42,"enemies":"2 Orb Walkers","floor":45,"turns":4}],"seed_played":"-8054136698499511715","potions_obtained":[{"floor":3,"key":"Dexterity Potion"},{"floor":6,"key":"FearPotion"},{"floor":13,"key":"Weak Potion"},{"floor":19,"key":"Fire Potion"},{"floor":20,"key":"DuplicationPotion"},{"floor":23,"key":"Fire Potion"},{"floor":31,"key":"Ancient Potion"},{"floor":40,"key":"Dexterity Potion"}],"is_trial":false,"path_per_floor":["M","?","M","$","?","E","R","?","T","R","M","R","M","$","R","B",null,"M","M","?","M","?","M","$","?","T","R","M","M","?","M","R","B",null,"M","$","M","M","?","E","?","R","T","R","?"],"character_chosen":"IRONCLAD","items_purchased":["Blood for Blood","Orrery","Happy Flower","Metallicize","CultistPotion","Sword Boomerang+1","Shrug It Off","Regen Potion"],"campfire_rested":2,"item_purchase_floors":[4,4,4,14,14,14,24,24],"current_hp_per_floor":[68,68,59,59,59,10,30,19,19,39,45,45,43,43,43,40,61,42,41,32,38,38,28,28,28,28,28,16,34,34,12,12,13,29,34,34,34,25,25,31,21,21,21,21,0,0],"gold":97,"neow_bonus":"TWO_FIFTY_GOLD","is_daily":false,"chose_seed":false,"campfire_upgraded":6,"win_rate":0.0,"timestamp":1613702616,"path_taken":["M","?","M","$","?","E","R","?","T","R","M","R","M","$","R","BOSS","M","M","?","M","?","M","$","?","T","R","M","M","?","M","R","BOSS","M","?","M","M","?","E","?","R","T","R","?"],"items_purchased_type":["Card","Relic","Relic","Card","Potion","Card","Card","Potion"],"build_version":"2020-12-22","purchased_purges":2,"victory":false,"max_hp_per_floor":[68,68,68,68,68,68,68,68,68,68,68,68,68,68,68,68,68,68,68,68,68,68,68,68,34,34,34,34,34,34,34,34,34,34,34,34,34,34,34,34,34,34,34,34,34,34],"card_choices":[{"not_picked":["Armaments","Rupture"],"picked":"Intimidate","floor":1},{"not_picked":["Warcry","Entrench"],"picked":"Heavy Blade","floor":3},{"not_picked":["Demon Form","Heavy Blade"],"picked":"Clothesline","floor":4},{"not_picked":["Exhume","Infernal Blade"],"picked":"Shrug It Off","floor":4},{"not_picked":["Havoc","True Grit"],"picked":"Dual Wield","floor":4},{"not_picked":["Reaper","Clash"],"picked":"Reckless Charge","floor":4},{"not_picked":["Flex","Shrug It Off"],"picked":"Sword Boomerang","floor":6},{"not_picked":["Warcry","Sword Boomerang+1"],"picked":"Iron Wave+1","floor":11},{"not_picked":["Searing Blow+1","Havoc"],"picked":"Thunderclap+1","floor":13},{"not_picked":["Bludgeon+1","Brutality"],"picked":"Impervious","floor":16},{"not_picked":["Hemokinesis+1","Reckless Charge+1"],"picked":"Sword Boomerang+1","floor":18},{"not_picked":["Seeing Red","Power Through"],"picked":"Iron Wave+1","floor":19},{"not_picked":["Warcry","Wild Strike+1"],"picked":"Headbutt+1","floor":20},{"not_picked":["Rage","Entrench"],"picked":"Thunderclap+1","floor":21},{"not_picked":["Power Through","Dropkick+1"],"picked":"Ghostly Armor","floor":23},{"not_picked":["Flex","Dual Wield"],"picked":"Body Slam+1","floor":28},{"not_picked":["Havoc","Heavy Blade+1"],"picked":"Metallicize","floor":29},{"not_picked":["True Grit","Flame Barrier"],"picked":"Barricade","floor":31},{"not_picked":["Bludgeon+1","Reaper+1"],"picked":"Offering","floor":33},{"not_picked":["Pommel Strike+1","Anger+1"],"picked":"Body Slam+1","floor":35},{"not_picked":["Armaments","Wild Strike+1","Warcry"],"picked":"SKIP","floor":37},{"not_picked":["Feel No Pain+1","True Grit"],"picked":"Entrench","floor":38},{"not_picked":["Twin Strike+1","Dual Wield","Immolate+1"],"picked":"SKIP","floor":40},{"not_picked":["Impatience","Transmutation"],"picked":"Enlightenment","floor":41}],"player_experience":819347,"relics_obtained":[{"floor":6,"key":"Bag of Marbles"},{"floor":9,"key":"Molten Egg 2"},{"floor":20,"key":"Red Mask"},{"floor":40,"key":"Bag of Preparation"}],"event_choices":[{"damage_healed":0,"gold_gain":0,"player_choice":"Upgraded","damage_taken":0,"max_hp_gain":0,"max_hp_loss":0,"event_name":"Upgrade Shrine","floor":2,"gold_loss":0,"cards_upgraded":["Bash"]},{"damage_healed":0,"gold_gain":150,"player_choice":"AGREE","damage_taken":0,"max_hp_gain":0,"max_hp_loss":0,"event_name":"Liars Game","floor":5,"gold_loss":0,"cards_obtained":["Doubt"]},{"damage_healed":0,"gold_gain":75,"player_choice":"Gather Gold","damage_taken":11,"max_hp_gain":0,"max_hp_loss":0,"event_name":"World of Goop","floor":8,"gold_loss":0},{"damage_healed":0,"gold_gain":0,"player_choice":"Fought Bandits","damage_taken":0,"max_hp_gain":0,"max_hp_loss":0,"event_name":"Masked Bandits","floor":20,"gold_loss":0},{"cards_removed":["Strike_R"],"damage_healed":0,"gold_gain":0,"player_choice":"Gave Gold","damage_taken":0,"max_hp_gain":0,"max_hp_loss":0,"event_name":"Beggar","floor":22,"gold_loss":75},{"damage_healed":0,"gold_gain":0,"player_choice":"Became a Ghost","damage_taken":0,"max_hp_gain":0,"max_hp_loss":34,"event_name":"Ghosts","floor":25,"gold_loss":0,"cards_obtained":["Ghostly","Ghostly","Ghostly"]},{"damage_healed":0,"gold_gain":0,"player_choice":"Gave Potion","damage_taken":0,"relics_obtained":["Gremlin Horn"],"max_hp_gain":0,"max_hp_loss":0,"event_name":"WeMeetAgain","floor":30,"gold_loss":0},{"cards_removed":["Metallicize"],"damage_healed":0,"gold_gain":0,"player_choice":"Removed Power","damage_taken":0,"max_hp_gain":0,"max_hp_loss":0,"event_name":"Falling","floor":39,"gold_loss":0},{"damage_healed":0,"gold_gain":0,"player_choice":"Memory 3","damage_taken":10,"max_hp_gain":0,"max_hp_loss":0,"event_name":"SensoryStone","floor":41,"gold_loss":0},{"damage_healed":0,"gold_gain":0,"player_choice":"Fight","damage_taken":0,"max_hp_gain":0,"max_hp_loss":0,"event_name":"Mysterious Sphere","floor":45,"gold_loss":0}],"is_beta":false,"boss_relics":[{"not_picked":["Tiny House","Black Star"],"picked":"Cursed Key"},{"not_picked":["SlaversCollar","Mark of Pain"],"picked":"Black Blood"}],"items_purged_floors":[14,36],"is_endless":false,"potions_floor_spawned":[3,6,13,19,20,23,31,40],"killed_by":"2 Orb Walkers","ascension_level":20}}