{"host":"w11d5xug8ost5klq","time":1613769384,"event":{"mods":["100% Spire Juice","2.2 Compatiblity","BaseMod","Better Third Choice","Emptier Cage","Highlight Path","KinomotoSakuraMod(????)","Minty Spire (QoL Compilation)","Quick Restart","Reliquary","Shapeshifter Mod","Spicy Shops","StSLib","The Alterego","WarShipGirlsR/????R mod"],"gold_per_floor":[110,110,124,199,219,219,257,257,283,311,322,55,68,93,93,190,190,209,209,95,95,109,137,137,62,109,109,121,149,77,95,95,193,193,210,7,21,21,34,34,34],"floor_reached":40,"language":"ENG","playtime":2039,"items_purged":["StSShapeShifter:FoxForm"],"score":494,"play_id":"d7f797b5-5ade-448c-a04c-16ccf6ee79ab","local_time":"20210219151624","is_ascension_mode":false,"campfire_choices":[{"data":"StSShapeShifter:ThornedSkin","floor":6,"key":"SMITH"},{"data":"StSShapeShifter:Tortoise_Form","floor":8,"key":"SMITH"},{"floor":15,"key":"REST"},{"data":"StSShapeShifter:Spring","floor":24,"key":"SMITH"},{"floor":27,"key":"RECALL"},{"floor":32,"key":"REST"}],"circlet_count":0,"master_deck":["StSShapeShifter:ShapeShifter_Strike","StSShapeShifter:ShapeShifter_Strike","StSShapeShifter:ShapeShifter_Strike","StSShapeShifter:ShapeShifter_Strike","StSShapeShifter:ShapeShifter_Strike","StSShapeShifter:ShapeShifter_Defend","StSShapeShifter:ShapeShifter_Defend","StSShapeShifter:ShapeShifter_Defend","StSShapeShifter:ShapeShifter_Defend","StSShapeShifter:ShapeShifter_Defend","StSShapeShifter:Tortoise_Form+1","StSShapeShifter:Lynx_Form+1","StSShapeShifter:ThornedSkin+1","Apotheosis+1","StSShapeShifter:TopazSkin+1","StSShapeShifter:Spring+1","StSShapeShifter:BurstingSpore","StSShapeShifter:MysticalSeed","StSShapeShifter:PoisonIvy","StSShapeShifter:RockSlide+1","StSShapeShifter:RitualOfTheElders","StSShapeShifter:BurstingSpore+1"],"relics":["StSShapeShifter:AnimalHeart","StSShapeShifter:TheShapeShiftersMagnolia","NeowsBlessing","reliquary:TridentHead","reliquary:RosewoodLute","Oddly Smooth Stone","StSShapeShifter:MysticalFossil","Membership Card","Bag of Preparation","reliquary:ThirdArm","OrangePellets","reliquary:Buckler","Turnip","StSShapeShifter:EmeraldPantherFigurine","reliquary:Spinner","reliquary:WeakTea","Vajra","Black Star","reliquary:HotPoker","reliquary:FingerTrap"],"acts_visited":["Exordium","TheCity","TheBeyond"],"potions_floor_usage":[10],"damage_taken":[{"damage":0,"enemies":"2 Louse","floor":1,"turns":1},{"damage":0,"enemies":"Small Slimes","floor":3,"turns":1},{"damage":0,"enemies":"Cultist","floor":5,"turns":1},{"damage":6,"enemies":"Lagavulin","floor":7,"turns":12},{"damage":26,"enemies":"3 Sentries","floor":10,"turns":12},{"damage":0,"enemies":"Looter","floor":11,"turns":5},{"damage":0,"enemies":"Large Slime","floor":13,"turns":3},{"damage":0,"enemies":"Gremlin Nob","floor":14,"turns":3},{"damage":5,"enemies":"The Guardian","floor":16,"turns":15},{"damage":0,"enemies":"Chosen","floor":18,"turns":7},{"damage":5,"enemies":"Spheric Guardian","floor":22,"turns":8},{"damage":8,"enemies":"Slavers","floor":23,"turns":5},{"damage":5,"enemies":"Chosen and Byrds","floor":28,"turns":8},{"damage":44,"enemies":"Gremlin Leader","floor":29,"turns":9},{"damage":1,"enemies":"Shelled Parasite and Fungi","floor":31,"turns":7},{"damage":21,"enemies":"Champ","floor":33,"turns":12},{"damage":0,"enemies":"Orb Walker","floor":35,"turns":7},{"damage":16,"enemies":"3 Darklings","floor":37,"turns":5},{"damage":16,"enemies":"Spire Growth","floor":39,"turns":8},{"damage":64,"enemies":"Reptomancer","floor":40,"turns":4}],"seed_played":"-9160004878412469851","potions_obtained":[{"floor":1,"key":"Fire Potion"},{"floor":7,"key":"SpeedPotion"},{"floor":10,"key":"SkillPotion"}],"is_trial":false,"path_per_floor":["M","?","M","?","M","R","E","R","T","E","M","$","M","E","R","B",null,"M","?","$","?","M","E","R","?","T","R","M","E","$","M","R","B",null,"M","$","M","?","M","E"],"character_chosen":"SHAPESHIFTER","items_purchased":["StSShapeShifter:MysticalFossil","StSShapeShifter:BurstingSpore","Membership Card","OrangePellets","reliquary:Buckler","Vajra","reliquary:HotPoker","reliquary:FingerTrap"],"campfire_rested":2,"item_purchase_floors":[12,12,12,20,20,30,36,36],"current_hp_per_floor":[78,78,78,67,67,67,61,61,61,35,35,35,35,35,58,53,78,78,78,78,78,73,65,65,65,65,65,60,16,16,15,38,17,78,81,81,68,68,54,0,0],"gold":34,"neow_bonus":"THREE_ENEMY_KILL","is_daily":false,"chose_seed":false,"campfire_upgraded":3,"win_rate":0.0,"timestamp":1613769384,"path_taken":["M","?","M","?","M","R","E","R","T","E","M","$","M","E","R","BOSS","M","?","$","?","M","E","R","?","T","R","M","E","$","M","R","BOSS","M","$","M","?","M","E"],"items_purchased_type":["Relic","Card","Relic","Relic","Relic","Relic","Relic","Relic"],"build_version":"2020-12-22","purchased_purges":1,"victory":false,"max_hp_per_floor":[78,78,78,78,78,78,78,78,78,78,78,78,78,78,78,78,78,78,78,78,78,78,78,78,78,78,78,78,78,78,78,78,78,78,81,81,84,84,86,88,88],"card_choices":[{"not_picked":["StSShapeShifter:BulwarkOfDiscovery","StSShapeShifter:Rest"],"picked":"StSShapeShifter:ThornedSkin","floor":1},{"not_picked":["StSShapeShifter:ThrashAbout","StSShapeShifter:LeapingSlash"],"picked":"StSShapeShifter:TopazSkin","floor":3},{"not_picked":["StSShapeShifter:BarkSkin","StSShapeShifter:WiltingWrath"],"picked":"StSShapeShifter:FoxForm","floor":5},{"not_picked":["StSShapeShifter:DiverseSpirit","StSShapeShifter:Sapling","StSShapeShifter:WaspSwarmForm"],"picked":"SKIP","floor":7},{"not_picked":["StSShapeShifter:Roar","StSShapeShifter:Rest","StSShapeShifter:FlowerShield"],"picked":"SKIP","floor":10},{"not_picked":["StSShapeShifter:OwlForm","StSShapeShifter:BarkSkin"],"picked":"StSShapeShifter:Spring","floor":11},{"not_picked":["StSShapeShifter:Sapling","StSShapeShifter:Maul","StSShapeShifter:SpiritOfTheEarth"],"picked":"SKIP","floor":13},{"not_picked":["StSShapeShifter:FlowerShield","StSShapeShifter:CosmicShifter","StSShapeShifter:BurstOfLifeEscapeDeath"],"picked":"SKIP","floor":14},{"not_picked":["StSShapeShifter:SkullBash","StSShapeShifter:Tornado"],"picked":"StSShapeShifter:MysticalSeed","floor":16},{"not_picked":["StSShapeShifter:SquirrelForm","StSShapeShifter:OakBlade+1","StSShapeShifter:Efflorescence"],"picked":"SKIP","floor":18},{"not_picked":["StSShapeShifter:EntForm","StSShapeShifter:Flourish","StSShapeShifter:EagleForm"],"picked":"SKIP","floor":22},{"not_picked":["StSShapeShifter:MonkeyForm","StSShapeShifter:FruitBasket"],"picked":"StSShapeShifter:PoisonIvy","floor":23},{"not_picked":["StSShapeShifter:Maul","StSShapeShifter:FlowerShield","StSShapeShifter:DeepWound+1"],"picked":"SKIP","floor":28},{"not_picked":["StSShapeShifter:Rest+1","StSShapeShifter:FlowerShield"],"picked":"StSShapeShifter:RockSlide+1","floor":29},{"not_picked":["StSShapeShifter:BaskInBloom","StSShapeShifter:MultiSpiritedStrike","StSShapeShifter:PoisonIvy"],"picked":"SKIP","floor":31},{"not_picked":["StSShapeShifter:Blossom2","StSShapeShifter:Tornado"],"picked":"StSShapeShifter:RitualOfTheElders","floor":33},{"not_picked":["StSShapeShifter:Rest","StSShapeShifter:Efflorescence+1"],"picked":"StSShapeShifter:BurstingSpore+1","floor":35},{"not_picked":["StSShapeShifter:BurstingSpore","StSShapeShifter:VineHandcuffs+1","StSShapeShifter:MonkeyForm+1"],"picked":"SKIP","floor":37},{"not_picked":["StSShapeShifter:PorcupineForm","StSShapeShifter:OwlForm+1","StSShapeShifter:BurstingSpore"],"picked":"SKIP","floor":39}],"player_experience":119841,"relics_obtained":[{"floor":7,"key":"reliquary:TridentHead"},{"floor":9,"key":"reliquary:RosewoodLute"},{"floor":10,"key":"Oddly Smooth Stone"},{"floor":14,"key":"Bag of Preparation"},{"floor":23,"key":"StSShapeShifter:EmeraldPantherFigurine"},{"floor":26,"key":"reliquary:Spinner"},{"floor":29,"key":"reliquary:WeakTea"}],"event_choices":[{"damage_healed":78,"gold_gain":0,"player_choice":"Embrace","damage_taken":0,"max_hp_gain":0,"max_hp_loss":78,"event_name":"betterThird:BetterShining","floor":2,"gold_loss":0},{"damage_healed":0,"gold_gain":75,"player_choice":"Gold","damage_taken":11,"max_hp_gain":0,"max_hp_loss":0,"event_name":"betterThird:BetterGoop","floor":4,"gold_loss":0},{"damage_healed":0,"gold_gain":0,"player_choice":"Opened","damage_taken":0,"relics_obtained":["Turnip"],"max_hp_gain":0,"max_hp_loss":0,"event_name":"The Mausoleum","floor":21,"gold_loss":0},{"cards_removed":["StSShapeShifter:UnicornForm"],"damage_healed":0,"gold_gain":0,"player_choice":"Gave Gold","damage_taken":0,"max_hp_gain":0,"max_hp_loss":0,"event_name":"Beggar","floor":25,"gold_loss":75},{"damage_healed":0,"gold_gain":0,"player_choice":"Memory 1","damage_taken":0,"max_hp_gain":0,"max_hp_loss":0,"event_name":"SensoryStone","floor":38,"gold_loss":0}],"is_beta":false,"boss_relics":[{"not_picked":["Fusion Hammer","Coffee Dripper"],"picked":"reliquary:ThirdArm"},{"not_picked":["Sozu","reliquary:Craggleroot"],"picked":"Black Star"}],"items_purged_floors":[12],"is_endless":false,"potions_floor_spawned":[1,7,10,14,22,28,31],"killed_by":"Reptomancer","ascension_level":0}}