{"host":"y0i0tbisecj7yjyn","time":1613712893,"event":{"mods":["2.2 Compatiblity","AchievementEnabler","AlwaysNeverKeys","BaseMod","Better Third Choice","BetterRewards","Colored Map","Colored Powertips","Curses Come First","Disable Question Mark Monsters","Displayed Cursed Tome","Highlight Path","Keyboard Shortcuts","Minty Spire (QoL Compilation)","Quick Restart","Random Character Button","Rare Cards Sparkle","Relic Stats","Reliquary","Smile Girya","StSLib","SuperFastMode","The Marked","Transform Curses","Weighted Paths"],"gold_per_floor":[110,110,124,49,62,96,96,96,96,96,96,106,106,136,136,231,231,242,242,157,157,173,204,204,232,304,635,652,667,667,167,167,267,267,281,281,293,310,310,336,336,356,356,369,419,419,419,116,116,116,116,116,39,70,70,70],"floor_reached":55,"language":"ENG","playtime":2776,"items_purged":["Regret"],"score":862,"play_id":"ff692fbe-5480-497d-bb86-e69c31f08a63","local_time":"20210218233453","is_ascension_mode":true,"campfire_choices":[{"floor":8.0,"key":"REST"},{"floor":11.0,"key":"REST"},{"data":"Venomology","floor":13.0,"key":"SMITH"},{"floor":15.0,"key":"REST"},{"floor":24.0,"key":"REST"},{"floor":30.0,"key":"REST"},{"floor":32.0,"key":"REST"},{"floor":41.0,"key":"REST"},{"floor":47,"key":"REST"},{"floor":49,"key":"REST"},{"floor":52,"key":"REST"}],"circlet_count":0,"master_deck":["Strike_G","Strike_G","Strike_G","Strike_G","Strike_G","Defend_G","Defend_G","Defend_G","Defend_G","Defend_G","Survivor","Neutralize","Apotheosis+1","Choke+1","Venomology+1","Envenom","Heel Hook+1","Noxious Fumes+1","Dagger Spray","Deadly Poison","Corpse Explosion","Infinite Blades","Backstab","Infinite Blades","Corpse Explosion","Dagger Spray+1","Parasite","Catalyst+1","Bouncing Flask+1","Blade Dance+1","Venomology+1","Noxious Fumes","Riddle With Holes+1"],"relics":["Ring of the Snake","Sundial","Bird Faced Urn","Anchor","Pen Nib","WingedGreaves","Fusion Hammer","reliquary:Buckler","HornCleat","Pocketwatch","Meat on the Bone","Old Coin","Juzu Bracelet","Singing Bowl","WristBlade","Bag of Preparation","Bottled Flame","StoneCalendar","DollysMirror","PreservedInsect","reliquary:WeakTea"],"acts_visited":["Exordium","TheCity","TheBeyond","TheEnding"],"potions_floor_usage":[45,50,50,50,50,55,55,55,55,55],"damage_taken":[{"damage":3.0,"enemies":"Small Slimes","floor":1.0,"turns":6.0},{"damage":5.0,"enemies":"2 Louse","floor":3.0,"turns":2.0},{"damage":0.0,"enemies":"Jaw Worm","floor":5.0,"turns":3.0},{"damage":32.0,"enemies":"Gremlin Nob","floor":6.0,"turns":5.0},{"damage":4.0,"enemies":"Large Slime","floor":12.0,"turns":4.0},{"damage":4.0,"enemies":"3 Sentries","floor":14.0,"turns":7.0},{"damage":27.0,"enemies":"The Guardian","floor":16.0,"turns":10.0},{"damage":27.0,"enemies":"Spheric Guardian","floor":18.0,"turns":4.0},{"damage":2.0,"enemies":"Chosen","floor":22.0,"turns":3.0},{"damage":26.0,"enemies":"Gremlin Leader","floor":23.0,"turns":6.0},{"damage":19.0,"enemies":"Slavers","floor":25.0,"turns":4.0},{"damage":20.0,"enemies":"Gremlin Leader","floor":27.0,"turns":6.0},{"damage":0.0,"enemies":"3 Cultists","floor":28.0,"turns":5.0},{"damage":0.0,"enemies":"Snecko","floor":29.0,"turns":3.0},{"damage":50.0,"enemies":"Automaton","floor":33.0,"turns":9.0},{"damage":0.0,"enemies":"3 Shapes","floor":35.0,"turns":2.0},{"damage":0.0,"enemies":"3 Darklings","floor":37.0,"turns":2.0},{"damage":29.0,"enemies":"Writhing Mass","floor":38.0,"turns":5.0},{"damage":44.0,"enemies":"Giant Head","floor":40.0,"turns":7.0},{"damage":1,"enemies":"Jaw Worm Horde","floor":42,"turns":2},{"damage":0,"enemies":"4 Shapes","floor":44,"turns":3},{"damage":0,"enemies":"Mind Bloom Boss Battle","floor":45,"turns":3},{"damage":44,"enemies":"Time Eater","floor":50,"turns":6},{"damage":35,"enemies":"Shield and Spear","floor":54,"turns":3},{"damage":109,"enemies":"The Heart","floor":55,"turns":6}],"seed_played":"-6869966973921158230","potions_obtained":[{"floor":1.0,"key":"Block Potion"},{"floor":6.0,"key":"Dexterity Potion"},{"floor":14.0,"key":"FearPotion"},{"floor":16.0,"key":"Ancient Potion"},{"floor":18.0,"key":"Strength Potion"},{"floor":23.0,"key":"AttackPotion"},{"floor":28.0,"key":"PowerPotion"},{"floor":33.0,"key":"GhostInAJar"},{"floor":37.0,"key":"SpeedPotion"},{"floor":40.0,"key":"SkillPotion"},{"floor":44,"key":"FairyPotion"}],"is_trial":false,"path_per_floor":["M","?","M","$","M","E","?","R","T","?","R","M","R","E","R","B",null,"M","?","?","?","M","E","R","E","T","E","M","M","R","$","R","B",null,"M","?","M","M","?","E","R","M","T","M","?","?","R","$","R","B",null,"R","$","E","B"],"character_chosen":"THE_SILENT","items_purchased":["Backstab","Infinite Blades","Juzu Bracelet","Singing Bowl","DollysMirror","PreservedInsect","Noxious Fumes"],"campfire_rested":10,"item_purchase_floors":[31,31,31,31,48,48,53],"current_hp_per_floor":[67,67,62,62,62,30,30,51,51,33,54,50,50,48,69,42,70,45,45,45,45,47,25,46,31,31,27,43,49,70,70,70,36,70,70,70,72,51,51,29,51,50,50,50,58,58,76,76,76,48,76,76,76,41,0,0],"gold":70,"neow_bonus":"RANDOM_COLORLESS_2","is_daily":false,"chose_seed":false,"campfire_upgraded":1,"win_rate":0.0,"timestamp":1613712893,"path_taken":["M","?","M","$","M","E","?","R","T","?","R","M","R","E","R","BOSS","M","?","?","?","?","E","R","E","T","E","M","M","R","$","R","BOSS","M","?","M","M","?","E","R","M","T","M","?","?","R","$","R","BOSS","R","$","E","BOSS"],"items_purchased_type":["Card","Card","Relic","Relic","Relic","Relic","Card"],"build_version":"2020-12-22","purchased_purges":1,"victory":false,"max_hp_per_floor":[70,70,70,70,70,70,70,70,70,70,70,70,70,70,70,70,70,70,70,70,70,70,70,70,70,70,70,70,70,70,70,70,70,70,70,70,72,72,72,74,74,74,74,74,76,76,76,76,76,76,76,76,76,76,76,76],"relic_stats":{"Singing Bowl":6,"counters":[25,116],"StoneCalendar":[0],"Pen Nib":[23],"PreservedInsect":68,"Juzu Bracelet":1,"Bag of Preparation":[12],"Sundial":[10],"Bird Faced Urn":[70],"obtain_stats":[{"Singing Bowl":31,"StoneCalendar":45,"Pen Nib":10,"PreservedInsect":48,"Juzu Bracelet":31,"Bag of Preparation":40,"reliquary:WeakTea":54,"Old Coin":27,"Anchor":9,"Bottled Flame":43,"HornCleat":23,"WristBlade":34,"Sundial":6,"DollysMirror":48,"Bird Faced Urn":7,"reliquary:Buckler":20,"WingedGreaves":14,"Fusion Hammer":17,"Ring of the Snake":0,"Pocketwatch":25,"Meat on the Bone":26},{"Singing Bowl":14,"StoneCalendar":22,"Pen Nib":4,"PreservedInsect":22,"Juzu Bracelet":14,"Bag of Preparation":19,"reliquary:WeakTea":24,"Old Coin":12,"Anchor":4,"Bottled Flame":20,"HornCleat":10,"WristBlade":15,"Sundial":4,"DollysMirror":22,"Bird Faced Urn":4,"reliquary:Buckler":8,"WingedGreaves":6,"Fusion Hammer":7,"Ring of the Snake":0,"Pocketwatch":11,"Meat on the Bone":11},{"Singing Bowl":68,"StoneCalendar":101,"Pen Nib":16,"PreservedInsect":101,"Juzu Bracelet":68,"Bag of Preparation":93,"reliquary:WeakTea":110,"Old Coin":60,"Anchor":16,"Bottled Flame":95,"HornCleat":50,"WristBlade":77,"Sundial":16,"DollysMirror":101,"Bird Faced Urn":16,"reliquary:Buckler":41,"WingedGreaves":27,"Fusion Hammer":37,"Ring of the Snake":0,"Pocketwatch":54,"Meat on the Bone":54}],"Ring of the Snake":[50],"Pocketwatch":[27],"Meat on the Bone":60},"card_choices":[{"not_picked":["Mayhem","HandOfGreed"],"picked":"Apotheosis","floor":0.0},{"not_picked":["Dagger Throw","PiercingWail"],"picked":"Choke","floor":1.0},{"not_picked":["Dash","Slice"],"picked":"Poisoned Stab","floor":3.0},{"not_picked":["Setup","Quick Slash","Deflect"],"picked":"SKIP","floor":5.0},{"not_picked":["Dagger Spray","Blade Dance"],"picked":"Venomology","floor":6.0},{"not_picked":["Skewer","Deflect","Blur"],"picked":"SKIP","floor":12.0},{"not_picked":["Blur","Acrobatics","Eviscerate"],"picked":"SKIP","floor":14.0},{"not_picked":["Bullet Time","Unload"],"picked":"Envenom","floor":16.0},{"not_picked":["PiercingWail","Flying Knee"],"picked":"Heel Hook+1","floor":18.0},{"not_picked":["Dagger Throw+1","Outmaneuver"],"picked":"Dagger Spray","floor":22.0},{"not_picked":["Dodge and Roll","Concentrate+1","Skewer+1"],"picked":"SKIP","floor":23.0},{"not_picked":["Dagger Throw","Quick Slash"],"picked":"Deadly Poison","floor":25.0},{"not_picked":["Concentrate","Prepared","Backflip"],"picked":"SKIP","floor":27.0},{"not_picked":["Backstab","Prepared"],"picked":"Corpse Explosion","floor":28.0},{"not_picked":["Deflect+1","Underhanded Strike"],"picked":"Infinite Blades","floor":29.0},{"not_picked":["Unload","Glass Knife"],"picked":"Corpse Explosion","floor":33.0},{"not_picked":["Sucker Punch","Dagger Throw+1"],"picked":"Dagger Spray+1","floor":35.0},{"not_picked":["Prepared","Unload","Dagger Throw"],"picked":"Singing Bowl","floor":37.0},{"not_picked":["PiercingWail+1","Cloak And Dagger"],"picked":"Catalyst+1","floor":38.0},{"not_picked":["Slice+1","Calculated Gamble+1","Dodge and Roll+1"],"picked":"Singing Bowl","floor":40.0},{"not_picked":["Dodge and Roll","Finisher"],"picked":"Bouncing Flask+1","floor":42},{"not_picked":["Flying Knee","PiercingWail+1"],"picked":"Blade Dance+1","floor":44},{"not_picked":["Flying Knee","Flechettes","Prepared"],"picked":"Singing Bowl","floor":45},{"not_picked":["Heel Hook","Slice"],"picked":"Riddle With Holes+1","floor":54}],"player_experience":480182,"relics_obtained":[{"floor":6.0,"key":"Sundial"},{"floor":9.0,"key":"Anchor"},{"floor":14.0,"key":"WingedGreaves"},{"floor":23.0,"key":"HornCleat"},{"floor":25.0,"key":"Pocketwatch"},{"floor":26.0,"key":"Meat on the Bone"},{"floor":27.0,"key":"Old Coin"},{"floor":40.0,"key":"Bag of Preparation"},{"floor":43,"key":"Bottled Flame"},{"floor":45,"key":"StoneCalendar"},{"floor":54,"key":"reliquary:WeakTea"}],"event_choices":[{"damage_healed":0.0,"max_hp_gain":0.0,"max_hp_loss":0.0,"gold_gain":0.0,"event_name":"Living Wall","player_choice":"Grow","floor":2.0,"gold_loss":0.0,"damage_taken":0.0,"cards_upgraded":["Apotheosis"]},{"damage_healed":0.0,"max_hp_gain":0.0,"max_hp_loss":0.0,"gold_gain":0.0,"event_name":"Big Fish","player_choice":"Box","floor":7.0,"gold_loss":0.0,"damage_taken":0.0,"relics_obtained":["Bird Faced Urn"],"cards_obtained":["Regret"]},{"damage_healed":0.0,"max_hp_gain":0.0,"max_hp_loss":0.0,"gold_gain":0.0,"event_name":"betterThird:BetterScrap","player_choice":"Relic ","floor":10.0,"gold_loss":0.0,"damage_taken":18.0,"cards_obtained":["Reckless Charge"]},{"cards_removed":["Regret"],"damage_healed":0.0,"max_hp_gain":0.0,"max_hp_loss":0.0,"gold_gain":0.0,"event_name":"betterThird:BetterWriting","player_choice":"Elegance","floor":19.0,"gold_loss":0.0,"damage_taken":0.0},{"damage_healed":0.0,"max_hp_gain":0.0,"max_hp_loss":0.0,"gold_gain":0.0,"event_name":"Addict","player_choice":"Obtained Relic","floor":20.0,"gold_loss":85.0,"damage_taken":0.0,"relics_obtained":["reliquary:Buckler"]},{"damage_healed":0.0,"max_hp_gain":0.0,"max_hp_loss":0.0,"gold_gain":0.0,"event_name":"The Library","player_choice":"Read","floor":21.0,"gold_loss":0.0,"damage_taken":0.0,"cards_obtained":["Noxious Fumes"]},{"cards_removed":["Poisoned Stab"],"damage_healed":0.0,"max_hp_gain":0.0,"max_hp_loss":0.0,"gold_gain":0.0,"event_name":"Falling","player_choice":"Removed Attack","floor":36.0,"gold_loss":0.0,"damage_taken":0.0},{"damage_healed":0.0,"max_hp_gain":0.0,"max_hp_loss":0.0,"gold_gain":0.0,"event_name":"betterThird:BetterPortal","player_choice":"Ignored","floor":39.0,"gold_loss":0.0,"damage_taken":0.0},{"damage_healed":0,"gold_gain":0,"player_choice":"Fight","damage_taken":0,"max_hp_gain":0,"max_hp_loss":0,"event_name":"MindBloom","floor":45,"gold_loss":0},{"damage_healed":0,"gold_gain":0,"player_choice":"Ignored","damage_taken":0,"max_hp_gain":0,"max_hp_loss":0,"event_name":"Purifier","floor":46,"gold_loss":0}],"is_beta":false,"boss_relics":[{"not_picked":["Empty Cage","Sozu"],"picked":"Fusion Hammer"},{"not_picked":["reliquary:Craggleroot","Astrolabe"],"picked":"WristBlade"}],"items_purged_floors":[4],"is_endless":false,"potions_floor_spawned":[1,6,14,16,18,23,28,33,37,40,44],"killed_by":"The Heart","ascension_level":2}}