{"host":"o1wkfo8ppvrprpet","time":1613725323,"event":{"mods":["Aspiration","Astrologer","BaseMod","CapriCore","Colored Powertips","Koishi","Minty Spire (QoL Compilation)","MostiFishMod","Reimu£¨²©ÀöÁéÃÎ£©","Replay The Spire","RumiaBox-Â¶Ã×æ«µÄÉñÃØºÐ×Ó","Spicy Shops","StSLib","The Administrix","The Gatherer","The Immortal","Waifu the Spire","Yakumo Yukari mod"],"gold_per_floor":[111,161,178,178,25,51,51,51,123,150,169,169,169],"floor_reached":12,"language":"ZHS","playtime":270,"items_purged":[],"score":211,"play_id":"25b89424-0a3a-42b7-97b2-c35a6b9b3a14","local_time":"20210219170203","is_ascension_mode":true,"campfire_choices":[{"data":"Limit Break","floor":8,"key":"SMITH"}],"circlet_count":0,"master_deck":["AscendersBane","Strike_R","Strike_R","Strike_R","Strike_R","Defend_R","Defend_R","Defend_R","Defend_R","Bash","Flex","Armaments","Limit Break+1","Headbutt","Whirlwind","Flex"],"relics":["Burning Blood","DaveBox","NeowsBlessing","SynthV:TestCard","Happy Flower","ReplayTheSpireMod:Shallot","GodSword7"],"acts_visited":["Exordium"],"potions_floor_usage":[],"damage_taken":[{"damage":0,"enemies":"2 Louse","floor":1,"turns":1},{"damage":0,"enemies":"Cultist","floor":3,"turns":1},{"damage":0,"enemies":"3 Sentries","floor":6,"turns":2},{"damage":61,"enemies":"Gremlin Nob","floor":10,"turns":6},{"damage":1,"enemies":"Small Slimes","floor":11,"turns":4},{"damage":40,"enemies":"Lagavulin","floor":12,"turns":8}],"seed_played":"7625812490859657704","potions_obtained":[{"floor":11,"key":"ZuzhouPotion:ReiMu"}],"is_trial":false,"path_per_floor":["M","?","M","?","$","E","$","R","T","E","M","E"],"character_chosen":"IRONCLAD","items_purchased":["Limit Break"],"campfire_rested":0,"item_purchase_floors":[5],"current_hp_per_floor":[74,74,75,75,75,75,75,75,75,20,25,25,25],"gold":169,"neow_bonus":"THREE_ENEMY_KILL","is_daily":false,"chose_seed":false,"campfire_upgraded":1,"win_rate":0.0,"timestamp":1613725323,"path_taken":["M","?","?","?","$","E","$","R","T","E","M","E"],"items_purchased_type":["Card"],"build_version":"2020-12-22","purchased_purges":0,"victory":false,"max_hp_per_floor":[75,75,75,75,75,75,75,75,75,75,75,75,75],"card_choices":[{"not_picked":["Uppercut","Rampage"],"picked":"Flex","floor":1},{"not_picked":["True Grit","Thunderclap","Clash","Perfected Strike"],"picked":"Armaments","floor":3},{"not_picked":["Flame Barrier","Wild Strike","Defy Death","MostiFishMod:BrandingRite"],"picked":"Headbutt","floor":6},{"not_picked":["Flex","Sever Soul","Impervious","Clothesline"],"picked":"Whirlwind","floor":10},{"not_picked":["Armaments","Havoc","Replay:Undeath\u0027s Touch","Pummel"],"picked":"Flex","floor":11}],"player_experience":637707,"relics_obtained":[{"floor":1,"key":"SynthV:TestCard"},{"floor":6,"key":"Happy Flower"},{"floor":9,"key":"ReplayTheSpireMod:Shallot"},{"floor":10,"key":"GodSword7"}],"event_choices":[{"damage_healed":0,"gold_gain":50,"player_choice":"Pray","damage_taken":0,"max_hp_gain":0,"max_hp_loss":0,"event_name":"Golden Shrine","floor":2,"gold_loss":0},{"cards_removed":["Strike_R"],"damage_healed":0,"gold_gain":0,"player_choice":"Offered Basic","damage_taken":0,"max_hp_gain":0,"max_hp_loss":0,"event_name":"Bonfire Elementals","floor":4,"gold_loss":0}],"is_beta":false,"boss_relics":[],"items_purged_floors":[],"is_endless":false,"potions_floor_spawned":[11],"killed_by":"Lagavulin","ascension_level":18}}