{"host":"ppqll9nf92xyjrj9","time":1613698714,"event":{"mods":["Act Like it!","Arknights","BaseMod","Bestiary","Better Third Choice","Bossed Relics","Curses Come First","Ekko","Evolution","Hermit","Jorbs\u0027s Wanderer Trilogy","Keyboard Shortcuts","Marked Mod","Minty Spire (QoL Compilation)","Relic Stats","Shapeshifter Mod","Spicy Shops","StS++","StSLib","The Marked","The Runesmith","Weighted Paths","【遗物卡牌】REMEMod"],"gold_per_floor":[116,191,204,48,48,77,77,111,111,129,79,79,79,103,103,222,222,238,238,257,31,131,204,223,223,223,223,223],"floor_reached":27,"language":"ENG","playtime":4983,"items_purged":[],"score":259,"play_id":"39809e5d-8901-4a75-825f-b453fd122341","local_time":"20210218173834","is_ascension_mode":false,"campfire_choices":[{"floor":7,"key":"REST"},{"data":"theMarked:Toughness","floor":12,"key":"SMITH"},{"data":"ekkoTheBoyWhoShatteredTime:TimeMaster","floor":15,"key":"SMITH"}],"circlet_count":0,"master_deck":["ekkoTheBoyWhoShatteredTime:Strike","ekkoTheBoyWhoShatteredTime:Strike+1","ekkoTheBoyWhoShatteredTime:Strike","ekkoTheBoyWhoShatteredTime:Strike+1","ekkoTheBoyWhoShatteredTime:Defend","ekkoTheBoyWhoShatteredTime:Defend","ekkoTheBoyWhoShatteredTime:Defend","ekkoTheBoyWhoShatteredTime:Defend","ekkoTheBoyWhoShatteredTime:TimeMaster+1","ekkoTheBoyWhoShatteredTime:Powered","theMarked:Toughness+1","ekkoTheBoyWhoShatteredTime:AfterimageHit","ekkoTheBoyWhoShatteredTime:MotivateCrowds","ekkoTheBoyWhoShatteredTime:SandstormSympathy","ekkoTheBoyWhoShatteredTime:NashorsTooth","ekkoTheBoyWhoShatteredTime:NaggingBlow","ekkoTheBoyWhoShatteredTime:FeelIt","ekkoTheBoyWhoShatteredTime:CommittedStrike","ekkoTheBoyWhoShatteredTime:AcademyAttraction","ekkoTheBoyWhoShatteredTime:Unchained+1","stsjorbsmod:Withering","ekkoTheBoyWhoShatteredTime:NashorsTooth+1","ekkoTheBoyWhoShatteredTime:GrandeFinale","ekkoTheBoyWhoShatteredTime:PlayTheBeat+1","ekkoTheBoyWhoShatteredTime:NashorsTooth","stsjorbsmod:Amnesia"],"relics":["ekkoTheBoyWhoShatteredTime:zDriveResonance","EVO:Axolotl","REME_ComplimentaryCards","Whetstone","Mercury Hourglass","Eternal Feather","Sundial","Golden Idol","Cursed Key","Membership Card","Strawberry","StSpp:SailingBoat"],"acts_visited":["Exordium","TheCity"],"potions_floor_usage":[23,23,24,25,25],"damage_taken":[{"damage":0,"enemies":"Jaw Worm","floor":1,"turns":5},{"damage":11,"enemies":"2 Louse","floor":3,"turns":5},{"damage":22,"enemies":"Gremlin Nob","floor":6,"turns":5},{"damage":25,"enemies":"3 Sentries","floor":8,"turns":7},{"damage":0,"enemies":"Cultist","floor":10,"turns":3},{"damage":0,"enemies":"Large Slime","floor":14,"turns":4},{"damage":16,"enemies":"Slime Boss","floor":16,"turns":6},{"damage":19,"enemies":"Spheric Guardian","floor":18,"turns":4},{"damage":0,"enemies":"Chosen","floor":20,"turns":4},{"damage":11,"enemies":"Book of Stabbing","floor":23,"turns":5},{"damage":24,"enemies":"Sentry and Sphere","floor":24,"turns":4},{"damage":19,"enemies":"Slavers","floor":25,"turns":3},{"damage":14,"enemies":"Snake Plant","floor":27,"turns":2}],"seed_played":"2428212170233980768","potions_obtained":[{"floor":6,"key":"StSpp:SecondWindPotion"},{"floor":8,"key":"ekkoTheBoyWhoShatteredTime:BottledSheen"},{"floor":10,"key":"StSpp:ScatteredWeakPotion"},{"floor":24,"key":"SmokeBomb"}],"is_trial":false,"path_per_floor":["M","?","M","$","$","E","R","E","T","M","?","R","?","M","R","B",null,"M","?","M","$","?","E","M","E","T","M"],"character_chosen":"EKKO_THE_BOY_WHO_SHATTERED_TIME","items_purchased":["ekkoTheBoyWhoShatteredTime:SandstormSympathy","Membership Card","ekkoTheBoyWhoShatteredTime:GrandeFinale"],"campfire_rested":1,"item_purchase_floors":[4,21,21],"current_hp_per_floor":[78,67,56,56,56,34,57,32,32,32,32,41,41,41,50,34,72,53,53,53,53,53,51,27,8,8,0,0],"gold":223,"neow_bonus":"RANDOM_COMMON_RELIC","is_daily":false,"chose_seed":false,"campfire_upgraded":2,"win_rate":0.0,"timestamp":1613698714,"path_taken":["M","?","M","?","$","E","R","E","T","M","?","R","?","M","R","BOSS","M","?","?","$","?","E","?","E","T","M"],"items_purchased_type":["Card","Relic","Card"],"build_version":"2020-12-22","purchased_purges":0,"victory":false,"max_hp_per_floor":[78,78,78,78,78,78,78,78,78,78,78,78,72,72,72,72,72,72,72,72,72,72,79,79,79,79,79,79],"relic_stats":{"counters":[13,55],"Sundial":[2],"Golden Idol":57,"Eternal Feather":18,"Whetstone":["ekkoTheBoyWhoShatteredTime:Strike","ekkoTheBoyWhoShatteredTime:Strike"],"Cursed Key":1,"obtain_stats":[{"Sundial":9,"Golden Idol":13,"Strawberry":23,"Eternal Feather":8,"EVO:Axolotl":0,"Whetstone":0,"Membership Card":21,"StSpp:SailingBoat":26,"ekkoTheBoyWhoShatteredTime:zDriveResonance":0,"Cursed Key":17,"REME_ComplimentaryCards":0,"Mercury Hourglass":6},{"Sundial":4,"Golden Idol":5,"Strawberry":10,"Eternal Feather":4,"EVO:Axolotl":0,"Whetstone":0,"Membership Card":9,"StSpp:SailingBoat":12,"ekkoTheBoyWhoShatteredTime:zDriveResonance":0,"Cursed Key":7,"REME_ComplimentaryCards":0,"Mercury Hourglass":3},{"Sundial":20,"Golden Idol":23,"Strawberry":46,"Eternal Feather":20,"EVO:Axolotl":0,"Whetstone":0,"Membership Card":41,"StSpp:SailingBoat":53,"ekkoTheBoyWhoShatteredTime:zDriveResonance":0,"Cursed Key":33,"REME_ComplimentaryCards":0,"Mercury Hourglass":13}],"Mercury Hourglass":[171]},"card_choices":[{"not_picked":["ekkoTheBoyWhoShatteredTime:AfterimageBait","ekkoTheBoyWhoShatteredTime:SneakHit"],"picked":"ekkoTheBoyWhoShatteredTime:AfterimageHit","floor":1},{"not_picked":["ekkoTheBoyWhoShatteredTime:ComeAtMe","ekkoTheBoyWhoShatteredTime:Acceleration"],"picked":"ekkoTheBoyWhoShatteredTime:MotivateCrowds","floor":3},{"not_picked":["ekkoTheBoyWhoShatteredTime:SktSynergy","ekkoTheBoyWhoShatteredTime:Backtrack"],"picked":"ekkoTheBoyWhoShatteredTime:NashorsTooth","floor":6},{"not_picked":["ekkoTheBoyWhoShatteredTime:HauntedAfterimage","ekkoTheBoyWhoShatteredTime:NeedlesslyLargeRod"],"picked":"ekkoTheBoyWhoShatteredTime:NaggingBlow","floor":8},{"not_picked":["ekkoTheBoyWhoShatteredTime:Overflow","ekkoTheBoyWhoShatteredTime:AfterimageTimeWrap"],"picked":"ekkoTheBoyWhoShatteredTime:FeelIt","floor":10},{"not_picked":["ekkoTheBoyWhoShatteredTime:SneakHit","ekkoTheBoyWhoShatteredTime:KneeNSwordCombo"],"picked":"ekkoTheBoyWhoShatteredTime:CommittedStrike","floor":14},{"not_picked":["ekkoTheBoyWhoShatteredTime:TrueDamageTendency","ekkoTheBoyWhoShatteredTime:SandstormSympathy"],"picked":"ekkoTheBoyWhoShatteredTime:AcademyAttraction","floor":16},{"not_picked":["ekkoTheBoyWhoShatteredTime:SneakHit","ekkoTheBoyWhoShatteredTime:FeelIt"],"picked":"ekkoTheBoyWhoShatteredTime:Unchained+1","floor":18},{"not_picked":["ekkoTheBoyWhoShatteredTime:AfterimageTease","ekkoTheBoyWhoShatteredTime:HauntedAfterimage"],"picked":"ekkoTheBoyWhoShatteredTime:NashorsTooth+1","floor":20},{"not_picked":["ekkoTheBoyWhoShatteredTime:DelayedWork","ekkoTheBoyWhoShatteredTime:Timewinder"],"picked":"ekkoTheBoyWhoShatteredTime:PlayTheBeat+1","floor":23},{"not_picked":["ekkoTheBoyWhoShatteredTime:BansheesVeil","ekkoTheBoyWhoShatteredTime:AfterimageHit+1"],"picked":"ekkoTheBoyWhoShatteredTime:NashorsTooth","floor":24}],"player_experience":91958,"relics_obtained":[{"floor":6,"key":"Mercury Hourglass"},{"floor":8,"key":"Eternal Feather"},{"floor":9,"key":"Sundial"},{"floor":23,"key":"Strawberry"},{"floor":26,"key":"StSpp:SailingBoat"}],"event_choices":[{"damage_healed":0,"gold_gain":75,"player_choice":"Gold","damage_taken":11,"max_hp_gain":0,"max_hp_loss":0,"event_name":"betterThird:BetterGoop","floor":2,"gold_loss":0},{"cards_removed":["ekkoTheBoyWhoShatteredTime:Strike"],"damage_healed":0,"gold_gain":0,"player_choice":"Card Removal","damage_taken":0,"max_hp_gain":0,"max_hp_loss":0,"event_name":"The Cleric","floor":11,"gold_loss":50},{"damage_healed":0,"gold_gain":0,"player_choice":"Lose Max HP","damage_taken":0,"relics_obtained":["Golden Idol"],"max_hp_gain":0,"max_hp_loss":6,"event_name":"Golden Idol","floor":13,"gold_loss":0},{"damage_healed":0,"gold_gain":0,"player_choice":"1 cards matched","damage_taken":0,"max_hp_gain":0,"max_hp_loss":0,"event_name":"Match and Keep!","floor":19,"gold_loss":0,"cards_obtained":["stsjorbsmod:Withering"]},{"damage_healed":0,"gold_gain":100,"player_choice":"Pray","damage_taken":0,"max_hp_gain":0,"max_hp_loss":0,"event_name":"Golden Shrine","floor":22,"gold_loss":0}],"is_beta":false,"boss_relics":[{"not_picked":["SacredBark","REME_LowDesire"],"picked":"Cursed Key"}],"items_purged_floors":[],"is_endless":false,"potions_floor_spawned":[6,8,10,16,20,24,25],"killed_by":"Snake Plant","ascension_level":0}}