{"host":"1v3mnj67s3trvm6y","time":1613718131,"event":{"mods":["BaseMod","Challenge The Spire","Minty Spire (QoL Compilation)","StSLib","The Cursed"],"gold_per_floor":[114,126,126,1,69,69,179,191,191,208,208,219,269,331,343,454,466,488,550,269,319,369,399,548,245,245,245,259,259,294,305,305,403,403,417,467,534,187,1236,1267,1267,1317,1317,1349,893,907,907,921,921,921,921,921,226,253,253],"floor_reached":56,"language":"ENG","playtime":4443,"items_purged":["TheCursedMod:Strike_TheCursed","TheCursedMod:Strike_TheCursed","TheCursedMod:Strike_TheCursed","Normality","TheCursedMod:Defend_TheCursed"],"score":1381,"play_id":"1181ac6d-031e-49f8-a128-c29f516f8f21","local_time":"20210219160211","is_ascension_mode":false,"campfire_choices":[{"data":"TheCursedMod:SpitefulPlan","floor":6,"key":"SMITH"},{"data":"TheCursedMod:CursedRelics","floor":11,"key":"SMITH"},{"floor":15,"key":"REST"},{"floor":27,"key":"RECALL"},{"data":"TheCursedMod:CollectTribute","floor":29,"key":"SMITH"},{"data":"TheCursedMod:Evocation","floor":32,"key":"SMITH"},{"data":"TheCursedMod:CleanUpWorkshop","floor":41,"key":"SMITH"},{"data":"TheCursedMod:Strike_TheCursed","floor":47,"key":"PURGE"},{"data":"TheCursedMod:Defend_TheCursed","floor":49,"key":"PURGE"},{"data":"TheCursedMod:Defend_TheCursed","floor":52,"key":"PURGE"}],"circlet_count":0,"master_deck":["TheCursedMod:Defend_TheCursed","TheCursedMod:CursedWand","TheCursedMod:CleanUpWorkshop+1","TheCursedMod:Dregs","TheCursedMod:SpitefulStrike","TheCursedMod:Hemoplague","TheCursedMod:SpitefulPlan+1","TheCursedMod:WearCloak","TheCursedMod:TacticalStrike","TheCursedMod:CursedRelics+1","TheCursedMod:AshesToAshes","TheCursedMod:TacticalStrike","TheCursedMod:Evocation+1","TheCursedMod:CollectTribute+1","TheCursedMod:WearCloak","TheCursedMod:LuckyCharm","Shame","TheCursedMod:SoulReap+1","TheCursedMod:DemonSword+1","Injury","TheCursedMod:RavingStaff+1","TheCursedMod:VitalStrike+1","TheCursedMod:SoulReap+1","TheCursedMod:CursedRelics+1","TheCursedMod:SmokeScreen+1","TheCursedMod:CollectTribute+1","TheCursedMod:ReleasedStrength","TheCursedMod:AntiAging","Normality","TheCursedMod:CursedShiv+1","Clumsy","TheCursedMod:Evocation","TheCursedMod:AshesToAshes","Sadistic Nature","Dark Shackles","TheCursedMod:FleshFromBone+1","TheCursedMod:Obscuration","TheCursedMod:Stretching","TheCursedMod:Obscuration","TheCursedMod:SmokeScreen+1"],"relics":["TheCursedMod:BlackMagic101","SsserpentHead","Calipers","MawBank","Cursed Key","Blood Vial","Molten Egg 2","Blue Candle","Matryoshka","Vajra","Thread and Needle","Gremlin Horn","TheCursedMod:FourLeafCloverCharm","PreservedInsect","Peace Pipe","Art of War","Shuriken","Pen Nib","TungstenRod","Centennial Puzzle","Bag of Marbles"],"acts_visited":["Exordium","TheCity","TheBeyond","TheEnding"],"potions_floor_usage":[18,23,23,23,23,30,30,35,54,55,55],"damage_taken":[{"damage":0,"enemies":"2 Louse","floor":1,"turns":3},{"damage":0,"enemies":"Cultist","floor":2,"turns":2},{"damage":0,"enemies":"Small Slimes","floor":5,"turns":4},{"damage":29,"enemies":"Lagavulin Event","floor":7,"turns":8},{"damage":7,"enemies":"3 Louse","floor":8,"turns":5},{"damage":0,"enemies":"Exordium Wildlife","floor":10,"turns":6},{"damage":0,"enemies":"Large Slime","floor":12,"turns":5},{"damage":43,"enemies":"The Guardian","floor":16,"turns":12},{"damage":12,"enemies":"Spheric Guardian","floor":18,"turns":4},{"damage":19,"enemies":"Book of Stabbing","floor":23,"turns":5},{"damage":0,"enemies":"3 Byrds","floor":28,"turns":5},{"damage":4,"enemies":"Slavers","floor":30,"turns":4},{"damage":4,"enemies":"Centurion and Healer","floor":31,"turns":4},{"damage":24,"enemies":"Collector","floor":33,"turns":10},{"damage":21,"enemies":"3 Shapes","floor":35,"turns":4},{"damage":22,"enemies":"3 Darklings","floor":37,"turns":5},{"damage":1,"enemies":"Giant Head","floor":40,"turns":7},{"damage":6,"enemies":"Reptomancer","floor":44,"turns":5},{"damage":0,"enemies":"4 Shapes","floor":46,"turns":4},{"damage":7,"enemies":"Maw","floor":48,"turns":6},{"damage":23,"enemies":"Time Eater","floor":50,"turns":7},{"damage":9,"enemies":"Shield and Spear","floor":54,"turns":5},{"damage":62,"enemies":"The Heart","floor":55,"turns":9}],"seed_played":"5075299728958115743","potions_obtained":[{"floor":7,"key":"Ancient Potion"},{"floor":10,"key":"ColorlessPotion"},{"floor":12,"key":"EntropicBrew"},{"floor":18,"key":"Strength Potion"},{"floor":28,"key":"Regen Potion"},{"floor":30,"key":"SkillPotion"},{"floor":35,"key":"Regen Potion"},{"floor":44,"key":"EssenceOfSteel"}],"is_trial":false,"path_per_floor":["M","M","?","$","M","R","?","M","T","M","R","M","?","$","R","B",null,"M","?","$","?","?","E","?","$","T","R","M","R","E","M","R","B",null,"M","?","M","$","?","E","R","?","T","E","$","M","R","M","R","B",null,"R","$","E","B",null],"character_chosen":"THE_CURSED","items_purchased":["TheCursedMod:SpitefulPlan","TheCursedMod:WearCloak","TheCursedMod:LuckyCharm","Blood Vial","Matryoshka","PreservedInsect","TheCursedMod:AntiAging","TheCursedMod:AshesToAshes","Sadistic Nature","Dark Shackles","TungstenRod","TheCursedMod:Stretching","TheCursedMod:Obscuration","Centennial Puzzle"],"campfire_rested":1,"item_purchase_floors":[4,4,20,20,25,38,38,45,45,45,53,53,53,53],"current_hp_per_floor":[82,82,82,82,82,82,53,46,46,46,46,46,21,21,45,2,82,70,70,70,70,70,62,62,62,62,62,71,71,82,82,82,82,82,81,81,80,80,80,84,84,84,84,86,86,86,86,88,88,67,90,90,90,92,94],"gold":253,"neow_bonus":"TEN_PERCENT_HP_BONUS","is_daily":false,"chose_seed":false,"campfire_upgraded":5,"win_rate":0.0,"timestamp":1613718131,"path_taken":["M","M","?","$","?","R","?","M","T","M","R","M","?","?","R","BOSS","M","?","$","?","?","E","?","?","T","R","M","R","E","M","R","BOSS","M","?","?","$","?","E","R","?","T","E","$","M","R","M","R","BOSS","R","$","E","BOSS"],"items_purchased_type":["Card","Card","Card","Relic","Relic","Relic","Card","Card","Card","Card","Relic","Card","Card","Relic"],"build_version":"2020-12-22","purchased_purges":5,"victory":true,"max_hp_per_floor":[82,82,82,82,82,82,82,82,82,82,82,82,82,82,82,82,82,82,82,82,82,82,82,82,82,82,82,82,82,82,82,82,82,82,82,82,82,82,82,84,84,84,84,86,86,86,86,88,88,90,90,90,90,92,94],"card_choices":[{"not_picked":["TheCursedMod:Wield","TheCursedMod:CursedShiv"],"picked":"TheCursedMod:SpitefulStrike","floor":1},{"not_picked":["TheCursedMod:CursedShiv","TheCursedMod:SmokeScreen"],"picked":"TheCursedMod:Hemoplague","floor":2},{"not_picked":["TheCursedMod:SaltUponWound","TheCursedMod:RavingStaff"],"picked":"TheCursedMod:TacticalStrike","floor":5},{"not_picked":["TheCursedMod:Obscuration","TheCursedMod:SpitefulPlan"],"picked":"TheCursedMod:CursedRelics","floor":7},{"not_picked":["TheCursedMod:CursedShiv","TheCursedMod:EmpowerCircles"],"picked":"TheCursedMod:AshesToAshes","floor":8},{"not_picked":["TheCursedMod:SmokeScreen","TheCursedMod:RavingStaff"],"picked":"TheCursedMod:TacticalStrike","floor":10},{"not_picked":["TheCursedMod:CircleOfFlame","TheCursedMod:RavingStaff"],"picked":"TheCursedMod:Evocation","floor":12},{"not_picked":["TheCursedMod:UltimatePain","TheCursedMod:DarkBarrier"],"picked":"TheCursedMod:CollectTribute","floor":16},{"not_picked":["TheCursedMod:CircleOfAmplification","TheCursedMod:CircleOfFlame"],"picked":"TheCursedMod:WearCloak","floor":18},{"not_picked":["TheCursedMod:SmokeScreen","TheCursedMod:TroublousMinions"],"picked":"TheCursedMod:DemonSword+1","floor":23},{"not_picked":["TheCursedMod:SmokeScreen","TheCursedMod:CircleOfFocus"],"picked":"TheCursedMod:RavingStaff+1","floor":28},{"not_picked":["TheCursedMod:CircleOfFocus+1","TheCursedMod:CircleOfFlame"],"picked":"TheCursedMod:VitalStrike+1","floor":30},{"not_picked":["TheCursedMod:VitalStrike+1","TheCursedMod:AshesToAshes"],"picked":"TheCursedMod:SoulReap+1","floor":31},{"not_picked":["TheCursedMod:UltimatePain","TheCursedMod:NeowsMight"],"picked":"TheCursedMod:CursedRelics+1","floor":33},{"not_picked":["TheCursedMod:Torture+1","TheCursedMod:CircleOfFlame"],"picked":"TheCursedMod:SmokeScreen+1","floor":35},{"not_picked":["TheCursedMod:CircleOfFlame+1","TheCursedMod:SaltUponWound+1"],"picked":"TheCursedMod:ReleasedStrength","floor":37},{"not_picked":["TheCursedMod:SaltUponWound","TheCursedMod:Evocation"],"picked":"TheCursedMod:CursedShiv+1","floor":40},{"not_picked":["TheCursedMod:CircleOfBlood","TheCursedMod:SmokeScreen"],"picked":"TheCursedMod:Evocation","floor":44},{"not_picked":["TheCursedMod:CircleOfFlame","TheCursedMod:Obscuration+1"],"picked":"TheCursedMod:FleshFromBone+1","floor":46},{"not_picked":["TheCursedMod:AntiAging","TheCursedMod:TacticalStrike+1"],"picked":"TheCursedMod:Obscuration","floor":48},{"not_picked":["TheCursedMod:SoulReap+1","TheCursedMod:CursedShiv+1"],"picked":"TheCursedMod:SmokeScreen+1","floor":54}],"player_experience":1532612,"relics_obtained":[{"floor":7,"key":"Calipers"},{"floor":23,"key":"Blue Candle"},{"floor":26,"key":"Vajra"},{"floor":26,"key":"Thread and Needle"},{"floor":30,"key":"Gremlin Horn"},{"floor":40,"key":"Peace Pipe"},{"floor":43,"key":"Art of War"},{"floor":43,"key":"Shuriken"},{"floor":44,"key":"Pen Nib"},{"floor":54,"key":"Bag of Marbles"}],"event_choices":[{"damage_healed":0,"gold_gain":0,"player_choice":"Trade","damage_taken":0,"relics_obtained":["SsserpentHead"],"max_hp_gain":0,"max_hp_loss":0,"event_name":"FaceTrader","floor":3,"gold_loss":0},{"damage_healed":0,"gold_gain":30,"player_choice":"Searched \u00272\u0027 times","damage_taken":0,"max_hp_gain":0,"max_hp_loss":0,"event_name":"Dead Adventurer","floor":7,"gold_loss":0},{"damage_healed":0,"gold_gain":0,"player_choice":"Success","damage_taken":25,"relics_obtained":["MawBank"],"max_hp_gain":0,"max_hp_loss":0,"event_name":"Scrap Ooze","floor":13,"gold_loss":0},{"damage_healed":0,"gold_gain":0,"player_choice":"Ignored","damage_taken":0,"max_hp_gain":0,"max_hp_loss":0,"event_name":"Ghosts","floor":19,"gold_loss":0},{"damage_healed":0,"gold_gain":0,"player_choice":"Stole Relic","damage_taken":0,"relics_obtained":["Molten Egg 2"],"max_hp_gain":0,"max_hp_loss":0,"event_name":"Addict","floor":21,"gold_loss":0,"cards_obtained":["Shame"]},{"damage_healed":0,"gold_gain":0,"player_choice":"Read","damage_taken":0,"max_hp_gain":0,"max_hp_loss":0,"event_name":"The Library","floor":22,"gold_loss":0,"cards_obtained":["TheCursedMod:SoulReap"]},{"damage_healed":0,"gold_gain":99,"player_choice":"Stole From Cult","damage_taken":0,"max_hp_gain":0,"max_hp_loss":0,"event_name":"Nest","floor":24,"gold_loss":0},{"damage_healed":0,"gold_gain":0,"player_choice":"Copied","damage_taken":0,"max_hp_gain":0,"max_hp_loss":0,"event_name":"Duplicator","floor":36,"gold_loss":0,"cards_obtained":["TheCursedMod:CollectTribute"]},{"damage_healed":0,"gold_gain":999,"player_choice":"Gold","damage_taken":0,"max_hp_gain":0,"max_hp_loss":0,"event_name":"MindBloom","floor":39,"gold_loss":0,"cards_obtained":["Normality","Normality"]},{"damage_healed":0,"gold_gain":0,"player_choice":"Ignored","damage_taken":0,"max_hp_gain":0,"max_hp_loss":0,"event_name":"Tomb of Lord Red Mask","floor":42,"gold_loss":0}],"is_beta":false,"boss_relics":[{"not_picked":["Empty Cage","Sozu"],"picked":"Cursed Key"},{"not_picked":["Runic Dome","Snecko Eye"],"picked":"TheCursedMod:FourLeafCloverCharm"}],"items_purged_floors":[20,25,38,45,53],"is_endless":false,"potions_floor_spawned":[7,10,12,16,18,28,30,35,44,48],"ascension_level":0}}