{"host":"8d3fefv2347kqkpz","time":1613749537,"event":{"mods":["AchievementEnabler","BaseMod","Better Vampires","BetterRewards","Colored Map","Colored Powertips","Downfall","Emptier Cage","Highlight Path","Marked Mod","Minty Spire (QoL Compilation)","Permanent Neow","Quick Restart","Rare Cards Sparkle","Relic Stats","Say the Spire","Spicy Shops","StSLib","Waifu the Spire"],"gold_per_floor":[116,132,132,132,142,167,167,194,217,217,236,186,199,218,218,218,218],"floor_reached":16,"language":"ZHS","playtime":458,"items_purged":[],"score":112,"play_id":"0d07c4f8-fd67-4e08-9a08-010869d0130c","local_time":"20210219234537","is_ascension_mode":false,"campfire_choices":[{"data":"Uppercut","floor":7.0,"key":"SMITH"},{"data":"Pommel Strike","floor":10.0,"key":"SMITH"},{"data":"Body Slam","floor":15.0,"key":"SMITH"}],"circlet_count":0,"master_deck":["Strike_R","Strike_R","Strike_R","Strike_R","Defend_R","Defend_R","Defend_R","Defend_R","Pommel Strike+1","Uppercut+1","Body Slam+1","Clash"],"relics":["Burning Blood","MealTicket","Happy Flower","White Beast Statue"],"acts_visited":["Exordium"],"potions_floor_usage":[16,16,16],"damage_taken":[{"damage":1.0,"enemies":"Cultist","floor":1.0,"turns":4.0},{"damage":1.0,"enemies":"Jaw Worm","floor":2.0,"turns":4.0},{"damage":0.0,"enemies":"Small Slimes","floor":5.0,"turns":3.0},{"damage":38.0,"enemies":"3 Sentries","floor":6.0,"turns":9.0},{"damage":15.0,"enemies":"Lagavulin","floor":8.0,"turns":5.0},{"damage":2.0,"enemies":"Exordium Wildlife","floor":11.0,"turns":2.0},{"damage":7.0,"enemies":"3 Louse","floor":13.0,"turns":2.0},{"damage":2.0,"enemies":"Blue Slaver","floor":14.0,"turns":3.0},{"damage":47,"enemies":"Slime Boss","floor":16,"turns":11}],"seed_played":"-2011342232073774825","potions_obtained":[{"floor":5.0,"key":"SkillPotion"},{"floor":6.0,"key":"Strength Potion"},{"floor":8.0,"key":"Swift Potion"},{"floor":11.0,"key":"Ancient Potion"},{"floor":13.0,"key":"Block Potion"}],"is_trial":false,"path_per_floor":["M","M","?","?","M","E","R","E","T","R","M","?","M","M","R","B"],"character_chosen":"IRONCLAD","items_purchased":[],"campfire_rested":0,"item_purchase_floors":[],"current_hp_per_floor":[80,80,80,77,80,48,48,39,39,39,43,43,42,46,46,0,0],"gold":218,"neow_bonus":"REMOVE_CARD","is_daily":false,"chose_seed":false,"campfire_upgraded":3,"win_rate":0.0,"timestamp":1613749537,"path_taken":["M","M","?","?","M","E","R","E","T","R","M","?","M","M","R","BOSS"],"items_purchased_type":[],"build_version":"2020-12-22","purchased_purges":0,"victory":false,"max_hp_per_floor":[80,80,80,80,80,80,80,80,80,80,80,80,80,80,80,80,80],"relic_stats":{"Happy Flower":[7],"counters":[9,43],"MealTicket":0,"obtain_stats":[{"Happy Flower":6,"MealTicket":4,"Burning Blood":0,"White Beast Statue":8},{"Happy Flower":4,"MealTicket":2,"Burning Blood":0,"White Beast Statue":5},{"Happy Flower":20,"MealTicket":8,"Burning Blood":0,"White Beast Statue":25}],"Burning Blood":35},"card_choices":[{"not_picked":["True Grit","Headbutt"],"picked":"Pommel Strike","floor":1.0},{"not_picked":["Iron Wave","Clash"],"picked":"Uppercut","floor":2.0},{"not_picked":["Havoc","Sentinel","Wild Strike"],"picked":"SKIP","floor":5.0},{"not_picked":["Wild Strike","Anger"],"picked":"Body Slam","floor":6.0},{"not_picked":["Bloodletting","Flex"],"picked":"Clash","floor":8.0},{"not_picked":["Juggernaut","Body Slam","Clash"],"picked":"SKIP","floor":11.0},{"not_picked":["Burning Pact","Uppercut","Power Through"],"picked":"SKIP","floor":13.0},{"not_picked":["Armaments","Second Wind","Clash"],"picked":"SKIP","floor":14.0}],"player_experience":474938,"relics_obtained":[{"floor":6.0,"key":"Happy Flower"},{"floor":8.0,"key":"White Beast Statue"}],"event_choices":[{"damage_healed":0.0,"max_hp_gain":0.0,"max_hp_loss":0.0,"gold_gain":0.0,"event_name":"Liars Game","player_choice":"Ignored","floor":3.0,"gold_loss":0.0,"damage_taken":0.0},{"damage_healed":0.0,"max_hp_gain":0.0,"max_hp_loss":0.0,"gold_gain":0.0,"event_name":"Scrap Ooze","player_choice":"Success","floor":4.0,"gold_loss":0.0,"damage_taken":3.0,"relics_obtained":["MealTicket"]},{"cards_removed":["Bash"],"damage_healed":0.0,"max_hp_gain":0.0,"max_hp_loss":0.0,"gold_gain":0.0,"event_name":"The Cleric","player_choice":"Card Removal","floor":12.0,"gold_loss":50.0,"damage_taken":0.0}],"is_beta":false,"boss_relics":[],"items_purged_floors":[],"is_endless":false,"potions_floor_spawned":[5,6,8,11,13,14],"killed_by":"Slime Boss","ascension_level":0}}