{"host":"hg2vyukq38ky973l","time":1613768606,"event":{"mods":["AchievementEnabler","BaseMod","Minty Spire (QoL Compilation)"],"gold_per_floor":[112,86,105,132,152,152,166,181,181,200,200,44,54,67,67,171,171,187,199,124,53,53,69,85,85,109,128,128,27,27,37,37,37,37],"floor_reached":33,"language":"ENG","playtime":2025,"items_purged":["Strike_P"],"score":243,"play_id":"54b037ec-4867-4b1c-a7b4-d9905260f14a","local_time":"20210220070326","is_ascension_mode":false,"campfire_choices":[{"data":"Vault","floor":6.0,"key":"SMITH"},{"data":"ConjureBlade","floor":11.0,"key":"SMITH"},{"data":"EmptyBody","floor":15.0,"key":"SMITH"},{"floor":25.0,"key":"REST"},{"floor":28.0,"key":"REST"},{"floor":30.0,"key":"REST"},{"floor":32.0,"key":"REST"}],"circlet_count":0,"master_deck":["Strike_P","Strike_P","Strike_P","Defend_P","Defend_P","Defend_P","Defend_P","Eruption","Vigilance","Vault+1","Prostrate","FollowUp","ConjureBlade+1","EmptyFist","EmptyFist","EmptyMind","Wallop","FollowUp","EmptyBody+1","FollowUp","FlurryOfBlows","Pray","CutThroughFate","Perseverance+1","Prostrate","CutThroughFate","JustLucky"],"relics":["HolyWater","Nloth\u0027s Gift","Omamori"],"acts_visited":["Exordium","TheCity"],"potions_floor_usage":[],"damage_taken":[{"damage":0.0,"enemies":"Small Slimes","floor":1.0,"turns":4.0},{"damage":2.0,"enemies":"Jaw Worm","floor":3.0,"turns":4.0},{"damage":0.0,"enemies":"2 Louse","floor":5.0,"turns":3.0},{"damage":2.0,"enemies":"2 Fungi Beasts","floor":7.0,"turns":5.0},{"damage":5.0,"enemies":"Lots of Slimes","floor":8.0,"turns":4.0},{"damage":12.0,"enemies":"Gremlin Gang","floor":10.0,"turns":5.0},{"damage":8.0,"enemies":"Red Slaver","floor":13.0,"turns":4.0},{"damage":1.0,"enemies":"Lots of Slimes","floor":14.0,"turns":6.0},{"damage":34.0,"enemies":"Hexaghost","floor":16.0,"turns":12.0},{"damage":5.0,"enemies":"3 Byrds","floor":18.0,"turns":6.0},{"damage":0.0,"enemies":"Spheric Guardian","floor":19.0,"turns":3.0},{"damage":10.0,"enemies":"Centurion and Healer","floor":23.0,"turns":6.0},{"damage":40.0,"enemies":"Snecko","floor":24.0,"turns":8.0},{"damage":33.0,"enemies":"Shelled Parasite and Fungi","floor":27.0,"turns":8.0},{"damage":54.0,"enemies":"3 Cultists","floor":31.0,"turns":9.0},{"damage":34,"enemies":"Champ","floor":33,"turns":11}],"seed_played":"-5970884459276879125","potions_obtained":[{"floor":3.0,"key":"AttackPotion"},{"floor":8.0,"key":"Swift Potion"},{"floor":13.0,"key":"ColorlessPotion"},{"floor":23.0,"key":"Fruit Juice"},{"floor":24.0,"key":"StancePotion"}],"is_trial":false,"path_per_floor":["M","?","M","T","M","R","M","M","T","M","R","$","M","M","R","B",null,"M","M","?","$","?","M","M","R","T","M","R","$","R","M","R","B"],"character_chosen":"WATCHER","items_purchased":["Wallop","Pray","Prostrate","CutThroughFate"],"campfire_rested":4,"item_purchase_floors":[12,21,29,29],"current_hp_per_floor":[72,72,70,70,70,70,68,63,63,51,51,51,43,42,42,8,72,67,67,67,67,67,62,22,45,45,12,35,35,58,4,27,0,0],"gold":37,"neow_bonus":"ONE_RANDOM_RARE_CARD","is_daily":false,"chose_seed":false,"campfire_upgraded":3,"win_rate":0.0,"timestamp":1613768606,"path_taken":["M","?","M","?","M","R","M","M","T","M","R","$","M","?","R","BOSS","M","M","?","$","?","M","M","R","T","M","R","$","R","M","R","BOSS"],"items_purchased_type":["Card","Card","Card","Card"],"build_version":"2020-12-22","purchased_purges":1,"victory":false,"max_hp_per_floor":[72,72,72,72,72,72,72,72,72,72,72,72,72,72,72,72,72,72,72,72,72,72,77,77,77,77,77,77,77,77,77,77,77,77],"card_choices":[{"not_picked":["EmptyBody","SandsOfTime"],"picked":"Prostrate","floor":1.0},{"not_picked":["JustLucky","Halt"],"picked":"FollowUp","floor":3.0},{"not_picked":["WreathOfFlame","CarveReality"],"picked":"ConjureBlade","floor":5.0},{"not_picked":["Study","Vengeance"],"picked":"EmptyFist","floor":7.0},{"not_picked":["SashWhip","Swivel"],"picked":"EmptyFist","floor":8.0},{"not_picked":["JustLucky","Collect"],"picked":"EmptyMind","floor":10.0},{"not_picked":["Evaluate","DeusExMachina"],"picked":"FollowUp","floor":13.0},{"not_picked":["DeceiveReality","EmptyMind"],"picked":"EmptyBody","floor":14.0},{"not_picked":["Blasphemy","DevaForm"],"picked":"Omniscience","floor":16.0},{"not_picked":["FlyingSleeves","Consecrate"],"picked":"FollowUp","floor":18.0},{"not_picked":["Indignation","WheelKick"],"picked":"FlurryOfBlows","floor":19.0},{"not_picked":["Collect","Study"],"picked":"CutThroughFate","floor":23.0},{"not_picked":["EmptyFist","SignatureMove","Nirvana+1"],"picked":"SKIP","floor":24.0},{"not_picked":["WindmillStrike","ReachHeaven+1"],"picked":"Perseverance+1","floor":27.0},{"not_picked":["Fasting2+1","FollowUp"],"picked":"JustLucky","floor":31.0}],"player_experience":316255,"relics_obtained":[{"floor":9.0,"key":"Nunchaku"},{"floor":26.0,"key":"Omamori"}],"event_choices":[{"damage_healed":0.0,"max_hp_gain":0.0,"max_hp_loss":0.0,"gold_gain":0.0,"event_name":"World of Goop","player_choice":"Left Gold","floor":2.0,"gold_loss":26.0,"damage_taken":0.0},{"cards_removed":["Omniscience"],"damage_healed":0.0,"max_hp_gain":0.0,"max_hp_loss":0.0,"gold_gain":0.0,"event_name":"Beggar","player_choice":"Gave Gold","floor":20.0,"gold_loss":75.0,"damage_taken":0.0},{"damage_healed":0.0,"max_hp_gain":0.0,"max_hp_loss":0.0,"gold_gain":0.0,"event_name":"N\u0027loth","player_choice":"Traded Relic","floor":22.0,"relics_lost":["Nunchaku"],"gold_loss":0.0,"damage_taken":0.0,"relics_obtained":["Nloth\u0027s Gift"]}],"is_beta":false,"boss_relics":[{"not_picked":["Snecko Eye","SlaversCollar"],"picked":"HolyWater"}],"items_purged_floors":[12],"is_endless":false,"potions_floor_spawned":[3,8,13,23,24],"killed_by":"Champ","ascension_level":0}}