{"host":"f5gffvlv6a66yqkd","time":1613718594,"event":{"mods":["2.2 Compatiblity","BaseMod","Colored Map","Custom Start","DeckTracker","Keyboard Shortcuts","Minty Spire (QoL Compilation)","Permanent Neow","Quick Restart","Relic Stats","StSLib","SuperFastMode"],"gold_per_floor":[119,137,49,68,33,33,59,59,59,70,81,106,106,167,167,239,239,259,259,259,278,203,233,233,246,246,171,71,71,97,110,110,187,187,199,199,123,139,159,159,191,191,191,191,202,202,231,231,231,231,231,231,19,45,45,45],"floor_reached":55,"language":"KOR","playtime":1816,"items_purged":["Strike_P+1","Strike_P+1","CutThroughFate"],"score":1613,"play_id":"fe2981b3-18ee-49c3-b9df-a322dcbf664b","local_time":"20210219160954","is_ascension_mode":true,"campfire_choices":[{"data":"Eruption","floor":6.0,"key":"SMITH"},{"data":"TalkToTheHand","floor":8.0,"key":"SMITH"},{"data":"Tantrum","floor":13.0,"key":"SMITH"},{"data":"ForeignInfluence","floor":15.0,"key":"SMITH"},{"data":"WheelKick","floor":24.0,"key":"SMITH"},{"data":"Vault","floor":29.0,"key":"SMITH"},{"floor":32.0,"key":"RECALL"},{"data":"MentalFortress","floor":40.0,"key":"SMITH"},{"data":"Ragnarok","floor":42.0,"key":"SMITH"},{"data":"Study","floor":44.0,"key":"SMITH"},{"data":"Madness","floor":49.0,"key":"SMITH"},{"data":"Thinking Ahead","floor":52.0,"key":"SMITH"}],"circlet_count":0,"master_deck":["AscendersBane","Defend_P+1","Defend_P+1","Defend_P+1","Eruption+1","Vigilance+1","FlurryOfBlows","Consecrate","TalkToTheHand+1","FearNoEvil","InnerPeace+1","Tantrum+1","ForeignInfluence+1","Vault+1","WheelKick+1","Ragnarok+1","Study+1","Madness+1","Madness+1","MentalFortress+1","Dark Shackles","Secret Technique","Thinking Ahead+1","Adaptation"],"relics":["PureWater","Ornamental Fan","FossilizedHelix","Blue Candle","Bronze Scales","SacredBark","Lizard Tail","MealTicket","War Paint","Juzu Bracelet","Empty Cage","InkBottle","Torii","Lantern"],"acts_visited":["Exordium","TheCity","TheBeyond","TheEnding"],"potions_floor_usage":[],"damage_taken":[{"damage":9.0,"enemies":"2 Louse","floor":1.0,"turns":2.0},{"damage":5.0,"enemies":"Small Slimes","floor":2.0,"turns":4.0},{"damage":11.0,"enemies":"Jaw Worm","floor":4.0,"turns":4.0},{"damage":13.0,"enemies":"Gremlin Nob","floor":7.0,"turns":3.0},{"damage":0.0,"enemies":"Red Slaver","floor":10.0,"turns":2.0},{"damage":0.0,"enemies":"Blue Slaver","floor":11.0,"turns":1.0},{"damage":0.0,"enemies":"Lagavulin","floor":12.0,"turns":6.0},{"damage":0.0,"enemies":"3 Sentries","floor":14.0,"turns":2.0},{"damage":8.0,"enemies":"Hexaghost","floor":16.0,"turns":6.0},{"damage":0.0,"enemies":"Chosen","floor":18.0,"turns":4.0},{"damage":0.0,"enemies":"Spheric Guardian","floor":21.0,"turns":2.0},{"damage":0.0,"enemies":"Gremlin Leader","floor":23.0,"turns":4.0},{"damage":0.0,"enemies":"Snecko","floor":25.0,"turns":4.0},{"damage":0.0,"enemies":"Book of Stabbing","floor":30.0,"turns":5.0},{"damage":0.0,"enemies":"Cultist and Chosen","floor":31.0,"turns":4.0},{"damage":0.0,"enemies":"Collector","floor":33.0,"turns":7.0},{"damage":0.0,"enemies":"3 Darklings","floor":35.0,"turns":3.0},{"damage":1.0,"enemies":"3 Shapes","floor":38.0,"turns":6.0},{"damage":0.0,"enemies":"Maw","floor":39.0,"turns":6.0},{"damage":0.0,"enemies":"Reptomancer","floor":41.0,"turns":7.0},{"damage":0.0,"enemies":"Jaw Worm Horde","floor":45.0,"turns":3.0},{"damage":0.0,"enemies":"Giant Head","floor":47.0,"turns":6.0},{"damage":86.0,"enemies":"Time Eater","floor":50.0,"turns":11.0},{"damage":35.0,"enemies":"Shield and Spear","floor":54.0,"turns":8.0},{"damage":80,"enemies":"The Heart","floor":55,"turns":4}],"seed_played":"6836505009761284317","potions_obtained":[{"floor":4.0,"key":"Swift Potion"},{"floor":7.0,"key":"Explosive Potion"},{"floor":16.0,"key":"CultistPotion"},{"floor":33.0,"key":"Fruit Juice"},{"floor":47.0,"key":"GamblersBrew"}],"is_trial":false,"path_per_floor":["M","M","$","M","?","R","E","R","T","M","M","E","R","?","R","B",null,"M","?","T","M","$","E","R","M","T","?","$","R","E","M","R","B",null,"M","?","$","M","M","R","E","R","T","R","M","?","E","?","R","B",null,"R","$","E","B"],"character_chosen":"WATCHER","items_purchased":["TalkToTheHand","MentalFortress","Adaptation"],"campfire_rested":0,"item_purchase_floors":[3,37,53],"current_hp_per_floor":[52,47,47,36,53,53,40,40,40,40,40,40,40,40,40,32,59,59,59,59,59,59,59,59,59,59,59,68,68,68,68,68,68,68,68,56,68,67,67,67,67,67,67,67,67,67,67,57,57,23,64,64,78,43,0,0],"gold":45,"neow_bonus":"THREE_CARDS","is_daily":false,"chose_seed":false,"campfire_upgraded":11,"win_rate":0.0,"timestamp":1613718594,"path_taken":["M","M","$","M","?","R","E","R","T","M","M","E","R","?","R","BOSS","M","?","?","M","$","E","R","?","T","?","$","R","E","M","R","BOSS","M","?","$","M","M","R","E","R","T","R","M","?","E","?","R","BOSS","R","$","E","BOSS"],"items_purchased_type":["Card","Card","Card"],"build_version":"2020-12-22","purchased_purges":3,"victory":false,"max_hp_per_floor":[68,68,68,68,68,68,68,68,68,68,68,68,68,68,68,68,68,68,68,68,68,68,68,68,68,68,68,68,68,68,68,68,68,68,68,68,68,68,68,68,68,68,68,68,68,68,68,68,68,78,78,78,78,78,78,78],"relic_stats":{"Lizard Tail":39,"Torii":25,"counters":[25,114],"Ornamental Fan":[316],"Blue Candle":[0],"Bronze Scales":[252],"MealTicket":35,"Juzu Bracelet":1,"War Paint":["InnerPeace","Vigilance"],"obtain_stats":[{"Lantern":54,"Torii":47,"Blue Candle":12,"SacredBark":17,"Juzu Bracelet":30,"War Paint":26,"Empty Cage":34,"Lizard Tail":20,"Ornamental Fan":7,"Bronze Scales":14,"MealTicket":23,"PureWater":0,"FossilizedHelix":9,"InkBottle":41},{"Lantern":24,"Torii":22,"Blue Candle":7,"SacredBark":9,"Juzu Bracelet":14,"War Paint":13,"Empty Cage":16,"Lizard Tail":10,"Ornamental Fan":4,"Bronze Scales":8,"MealTicket":12,"PureWater":0,"FossilizedHelix":4,"InkBottle":20},{"Lantern":110,"Torii":91,"Blue Candle":22,"SacredBark":30,"Juzu Bracelet":49,"War Paint":44,"Empty Cage":60,"Lizard Tail":34,"Ornamental Fan":13,"Bronze Scales":24,"MealTicket":40,"PureWater":0,"FossilizedHelix":13,"InkBottle":82}],"InkBottle":[17]},"card_choices":[{"not_picked":["Halt","BowlingBash"],"picked":"CutThroughFate","floor":0.0},{"not_picked":["Indignation","FlyingSleeves"],"picked":"FlurryOfBlows","floor":1.0},{"not_picked":["BowlingBash","FlyingSleeves"],"picked":"Consecrate","floor":2.0},{"not_picked":["Halt","Pray"],"picked":"FearNoEvil","floor":4.0},{"not_picked":["ThirdEye","BattleHymn"],"picked":"InnerPeace","floor":7.0},{"not_picked":["EmptyBody","BowlingBash"],"picked":"Tantrum","floor":10.0},{"not_picked":["ThirdEye","CrushJoints","Meditate"],"picked":"SKIP","floor":11.0},{"not_picked":["SpiritShield","Evaluate"],"picked":"ForeignInfluence","floor":12.0},{"not_picked":["Blasphemy","Alpha"],"picked":"Vault","floor":16.0},{"not_picked":["DeceiveReality","Wireheading","SashWhip"],"picked":"SKIP","floor":18.0},{"not_picked":["ClearTheMind","ThirdEye"],"picked":"WheelKick","floor":21.0},{"not_picked":["SignatureMove","Judgement","Nirvana"],"picked":"SKIP","floor":23.0},{"not_picked":["SashWhip","Wireheading","CrushJoints"],"picked":"SKIP","floor":25.0},{"not_picked":["SashWhip","Wireheading","CrushJoints"],"picked":"SKIP","floor":25.0},{"not_picked":["EmptyFist","WreathOfFlame+1","InnerPeace+1"],"picked":"SKIP","floor":30.0},{"not_picked":["EmptyFist","SignatureMove","ClearTheMind"],"picked":"SKIP","floor":31.0},{"not_picked":["Establishment","DevaForm"],"picked":"Ragnarok","floor":33.0},{"not_picked":["Consecrate","Halt"],"picked":"Study","floor":35.0},{"not_picked":["FollowUp","ClearTheMind","PathToVictory+1"],"picked":"SKIP","floor":38.0},{"not_picked":["ForeignInfluence","Meditate","Protect+1"],"picked":"SKIP","floor":39.0},{"not_picked":["Fasting2","FollowUp+1","CutThroughFate"],"picked":"SKIP","floor":41.0},{"not_picked":["Evaluate","Wireheading","Fasting2"],"picked":"SKIP","floor":45.0},{"not_picked":["WindmillStrike","Halt+1","Sanctity"],"picked":"SKIP","floor":47.0},{"not_picked":["Trip","Violence"],"picked":"Dark Shackles","floor":48.0},{"not_picked":["Secret Weapon","Thinking Ahead"],"picked":"Secret Technique","floor":48.0},{"not_picked":["Panacea","Forethought"],"picked":"Thinking Ahead","floor":48.0},{"not_picked":["EmptyBody","Prostrate","JustLucky"],"picked":"SKIP","floor":54.0}],"player_experience":1503724,"relics_obtained":[{"floor":7.0,"key":"Ornamental Fan"},{"floor":9.0,"key":"FossilizedHelix"},{"floor":12.0,"key":"Blue Candle"},{"floor":14.0,"key":"Bronze Scales"},{"floor":20.0,"key":"Lizard Tail"},{"floor":23.0,"key":"MealTicket"},{"floor":26.0,"key":"War Paint"},{"floor":30.0,"key":"Juzu Bracelet"},{"floor":41.0,"key":"InkBottle"},{"floor":47.0,"key":"Torii"},{"floor":54.0,"key":"Lantern"}],"event_choices":[{"damage_healed":17.0,"max_hp_gain":0.0,"max_hp_loss":0.0,"gold_gain":0.0,"event_name":"The Cleric","player_choice":"Healed","floor":5.0,"gold_loss":35.0,"damage_taken":0.0},{"damage_healed":0.0,"max_hp_gain":0.0,"max_hp_loss":0.0,"gold_gain":30.0,"event_name":"Dead Adventurer","player_choice":"Searched \u00272\u0027 times","floor":14.0,"gold_loss":0.0,"damage_taken":0.0},{"damage_healed":0.0,"max_hp_gain":0.0,"max_hp_loss":0.0,"gold_gain":0.0,"event_name":"Back to Basics","player_choice":"Simplicity","floor":19.0,"gold_loss":0.0,"damage_taken":0.0,"cards_upgraded":["Strike_P","Strike_P","Strike_P","Strike_P","Defend_P","Defend_P","Defend_P","Defend_P"]},{"cards_removed":["Strike_P"],"damage_healed":0.0,"max_hp_gain":0.0,"max_hp_loss":0.0,"gold_gain":0.0,"event_name":"Beggar","player_choice":"Gave Gold","floor":27.0,"gold_loss":75.0,"damage_taken":0.0},{"damage_healed":0.0,"max_hp_gain":0.0,"max_hp_loss":0.0,"gold_gain":0.0,"event_name":"Winding Halls","player_choice":"Embrace Madness","floor":36.0,"gold_loss":0.0,"damage_taken":12.0,"cards_obtained":["Madness","Madness"]},{"damage_healed":0.0,"max_hp_gain":0.0,"max_hp_loss":0.0,"gold_gain":0.0,"event_name":"Upgrade Shrine","player_choice":"Upgraded","floor":46.0,"gold_loss":0.0,"damage_taken":0.0,"cards_upgraded":["Madness"]},{"damage_healed":0.0,"max_hp_gain":0.0,"max_hp_loss":0.0,"gold_gain":0.0,"event_name":"SensoryStone","player_choice":"Memory 3","floor":48.0,"gold_loss":0.0,"damage_taken":10.0}],"is_beta":false,"boss_relics":[{"not_picked":["Snecko Eye","Philosopher\u0027s Stone"],"picked":"SacredBark"},{"not_picked":["Calling Bell","Cursed Key"],"picked":"Empty Cage"}],"items_purged_floors":[22,28,53],"is_endless":false,"potions_floor_spawned":[4,7,10,16,21,23,25,31,33,35,47],"killed_by":"The Heart","ascension_level":16}}