{"host":"373g0ui1bgeshz9m","time":1613697962,"event":{"mods":["Act Like it!","Aspiration","BaseMod","Beaked The Cultist","Better Third Choice","Colored Map","Conspire","Downfall","Halation","Hermit","Hubris","Infinite Spire","Minty Spire (QoL Compilation)","Pale of the Ancients","Permanent Neow","Quick Restart","Replay The Spire","Shade Mod","Shop Mod","Spikes Relics","StSLib","The Animator","The Bladedancer","The Florist","The Jungle","The Necromancer","The Sage","Trackpad"],"gold_per_floor":[213,240,5,20,20,55,5,5,31,44,44,79,79,96,96,199,199,211,230,230,145,1,1,36,56,104,136,136,146,175,23,23,120,120,147,147,147,147,72,105,132,132,157,198,198,242,242,274,274,274,274,274,274],"floor_reached":52,"language":"ENG","playtime":2923,"items_purged":["Strike_P"],"score":1221,"play_id":"b2667b40-e806-41d4-bf68-6d340de0e9fe","local_time":"20210218202602","is_ascension_mode":true,"campfire_choices":[{"data":"Eruption","floor":11.0,"key":"SMITH"},{"data":"Ragnarok","floor":13.0,"key":"SMITH"},{"data":"TalkToTheHand","floor":15.0,"key":"SMITH"},{"data":"Crescendo","floor":23,"key":"SMITH"},{"floor":32,"key":"DIG"},{"floor":42,"key":"REST"},{"data":"DevaForm","floor":45,"key":"SMITH"},{"floor":47,"key":"REST"},{"floor":49,"key":"DIG"}],"circlet_count":0,"master_deck":["Strike_P","Defend_P","Defend_P","Defend_P","Eruption+1","Vigilance","Crescendo+1","Ragnarok+1","ReachHeaven","Conclude","TalkToTheHand+1","CutThroughFate","EmptyBody","SandsOfTime","DeusExMachina","Replay:Hum+1","MentalFortress","WindmillStrike","Consecrate+1","DevaForm+1","Perseverance+1","Replay:Vibes+1","Blasphemy+1","Vault","Vault","Wallop+1"],"relics":["PureWater","Centennial Puzzle","infinitespire:Broken Mirror","trackpad:Mousetrap","trackpad:SappingStone","Thread and Needle","SlaversCollar","hubris:Towel","trackpad:RapidFire","infinitespire:Satchel","SpikesRelics:DaevaFist","Replay:Rubber Ducky","Bag of Preparation","Onion Ring","Anchor","aspiration:SeaSaltIceCream","aspiration:Nostalgia","sneckomod:SneckoSoul","infinitespire:EvilPickle","Astrolabe","halation:PinkSoulGem","halation:LettersToHer","PreservedInsect","infinitespire:CheckeredPen","Rawhide","paleoftheancients:Timepiece","paleoftheancients:KeyRelic","CultistMask"],"acts_visited":["Exordium","TheCity","TheBeyond","paleoftheancients:PaleOfTheAncients"],"potions_floor_usage":[33,33,50,50,50],"damage_taken":[{"damage":4.0,"enemies":"Cultist","floor":1.0,"turns":3.0},{"damage":0.0,"enemies":"2 Louse","floor":4.0,"turns":2.0},{"damage":0.0,"enemies":"Gremlin Nob","floor":6.0,"turns":2.0},{"damage":0.0,"enemies":"Small Slimes","floor":10.0,"turns":2.0},{"damage":18.0,"enemies":"3 Sentries","floor":12.0,"turns":3.0},{"damage":0.0,"enemies":"2 Fungi Beasts","floor":14.0,"turns":2.0},{"damage":29.0,"enemies":"Fading Forest","floor":16.0,"turns":11.0},{"damage":0.0,"enemies":"Shell Parasite","floor":18.0,"turns":3.0},{"damage":1,"enemies":"3 Byrds","floor":19,"turns":4},{"damage":0,"enemies":"Gremlin Leader","floor":24,"turns":4},{"damage":0,"enemies":"Snecko","floor":25,"turns":3},{"damage":0,"enemies":"Slavers","floor":27,"turns":3},{"damage":0,"enemies":"Shelled Parasite and Fungi","floor":29,"turns":2},{"damage":13,"enemies":"Gremlin Leader","floor":30,"turns":3},{"damage":34,"enemies":"Pondfish","floor":33,"turns":10},{"damage":0,"enemies":"3 Darklings","floor":35,"turns":4},{"damage":36,"enemies":"beaked:SuperParasite","floor":40,"turns":4},{"damage":0,"enemies":"3 Shapes","floor":41,"turns":2},{"damage":0,"enemies":"Nemesis","floor":44,"turns":4},{"damage":0,"enemies":"Reptomancer","floor":46,"turns":3},{"damage":0,"enemies":"Writhing Mass","floor":48,"turns":2},{"damage":35,"enemies":"infinitespire:MassOfShapes","floor":50,"turns":7},{"damage":84,"enemies":"infinitespire:MassOfShapes","floor":51,"turns":5},{"damage":7,"enemies":"infinitespire:MassOfShapes","floor":52,"turns":3}],"seed_played":"-3086051112670722478","potions_obtained":[{"floor":4.0,"key":"BlessingOfTheForge"},{"floor":10.0,"key":"Block Potion"},{"floor":16.0,"key":"Block Potion"},{"floor":18.0,"key":"ColorlessPotion"},{"floor":25,"key":"Block Potion"},{"floor":40,"key":"LiquidBronze"},{"floor":46,"key":"Languid Potion"}],"is_trial":false,"path_per_floor":["M","T","$","M","?","E","$","?","T","M","R","E","R","M","R","B",null,"M","M","?","?","$","R","E","M","T","E","?","M","E","$","R_BF","B",null,"M","?","?","?","$","E","M","R","T","E","R","E","R","M","R_BF","B","M","M"],"character_chosen":"WATCHER","items_purchased":["Ragnarok","ReachHeaven","CutThroughFate","infinitespire:Satchel","Anchor"],"campfire_rested":2,"item_purchase_floors":[3,3,7,22,31],"current_hp_per_floor":[68,68,68,68,68,68,68,68,68,68,68,50,50,50,50,31,72,72,71,71,71,71,71,71,71,71,71,71,71,58,58,58,24,72,72,72,72,72,72,36,36,57,57,57,57,57,72,72,72,79,27,20,20],"gold":274,"neow_bonus":"HUNDRED_GOLD","is_daily":false,"chose_seed":false,"campfire_upgraded":5,"win_rate":0.0,"timestamp":1613697962,"path_taken":["M","?","$","M","?","E","$","?","T","M","R","E","R","M","R","BOSS","M","M","?","?","?","R","E","?","T","E","?","M","E","?","R_BF","BOSS","M","?","?","?","$","E","M","R","T","E","R","E","R","M","R_BF","BOSS","M","M"],"items_purchased_type":["Card","Card","Card","Relic","Relic"],"build_version":"2020-12-22","purchased_purges":1,"victory":false,"max_hp_per_floor":[72,72,72,72,72,72,72,72,72,72,72,72,72,72,72,72,72,72,72,72,72,72,72,72,72,72,72,72,72,72,72,72,72,72,72,72,72,72,72,72,72,72,72,72,72,72,72,72,72,79,79,79,79],"card_choices":[{"not_picked":["ClearTheMind","Evaluate"],"picked":"Crescendo","floor":1.0},{"not_picked":["Evaluate","TalkToTheHand"],"picked":"Conclude","floor":4.0},{"not_picked":["Establishment","WheelKick"],"picked":"TalkToTheHand","floor":6.0},{"not_picked":["Halt","InnerPeace"],"picked":"EmptyBody","floor":10.0},{"not_picked":["FlurryOfBlows","EmptyFist"],"picked":"SandsOfTime","floor":12.0},{"not_picked":["CrushJoints","Replay:BluntJabs","PathToVictory"],"picked":"SKIP","floor":14.0},{"not_picked":["Vault","Devotion"],"picked":"DeusExMachina","floor":16.0},{"not_picked":["EmptyFist","Replay:BluntJabs"],"picked":"Replay:Hum+1","floor":18.0},{"not_picked":["ThirdEye","Pray"],"picked":"MentalFortress","floor":19},{"not_picked":["Brilliance","Wireheading"],"picked":"WindmillStrike","floor":24},{"not_picked":["Replay:AtTheReady","Replay:ManipulateFuture+1","CutThroughFate"],"picked":"SKIP","floor":25},{"not_picked":["Replay:AllIn","Halt","InnerPeace"],"picked":"SKIP","floor":27},{"not_picked":["Replay:Vibes+1","Replay:Cycle","Collect+1"],"picked":"SKIP","floor":29},{"not_picked":["Replay:Battleflow","CutThroughFate"],"picked":"Consecrate+1","floor":30},{"not_picked":["Alpha","Ragnarok"],"picked":"DevaForm","floor":33},{"not_picked":["Pray+1","Nirvana"],"picked":"Vault","floor":35},{"not_picked":["Study+1","SashWhip"],"picked":"Vault","floor":40},{"not_picked":["Adaptation","BattleHymn","CutThroughFate"],"picked":"SKIP","floor":41},{"not_picked":["Sanctity+1","Replay:BluntJabs","Worship"],"picked":"SKIP","floor":44},{"not_picked":["SandsOfTime+1","SpiritShield"],"picked":"Wallop+1","floor":46},{"not_picked":["FearNoEvil+1","Consecrate+1","Perseverance"],"picked":"SKIP","floor":48}],"player_experience":388216,"relics_obtained":[{"floor":2.0,"key":"Centennial Puzzle"},{"floor":6.0,"key":"infinitespire:Broken Mirror"},{"floor":8.0,"key":"trackpad:Mousetrap"},{"floor":9.0,"key":"trackpad:SappingStone"},{"floor":12.0,"key":"Thread and Needle"},{"floor":24,"key":"SpikesRelics:DaevaFist"},{"floor":26,"key":"Replay:Rubber Ducky"},{"floor":27,"key":"Bag of Preparation"},{"floor":30,"key":"Onion Ring"},{"floor":32,"key":"aspiration:SeaSaltIceCream"},{"floor":40,"key":"halation:LettersToHer"},{"floor":43,"key":"halation:LettersToHer"},{"floor":43,"key":"PreservedInsect"},{"floor":44,"key":"infinitespire:CheckeredPen"},{"floor":46,"key":"Rawhide"}],"event_choices":[{"damage_healed":0.0,"max_hp_gain":0.0,"max_hp_loss":0.0,"gold_gain":0.0,"event_name":"conspire:LoneGhost","player_choice":"Disagree","floor":5.0,"gold_loss":0.0,"damage_taken":0.0},{"damage_healed":0,"gold_gain":0,"player_choice":"Obtained Relic","damage_taken":0,"relics_obtained":["trackpad:RapidFire"],"max_hp_gain":0,"max_hp_loss":0,"event_name":"Addict","floor":21,"gold_loss":85},{"damage_healed":0,"gold_gain":0,"player_choice":"0 cards matched","damage_taken":0,"max_hp_gain":0,"max_hp_loss":0,"event_name":"Match and Keep!","floor":28,"gold_loss":0,"cards_obtained":[]},{"damage_healed":0,"gold_gain":0,"player_choice":"Memory 1","damage_taken":0,"max_hp_gain":0,"max_hp_loss":0,"event_name":"SensoryStone","floor":37,"gold_loss":0},{"damage_healed":0,"gold_gain":0,"player_choice":"Leave","damage_taken":0,"max_hp_gain":0,"max_hp_loss":0,"event_name":"conspire:Investor","floor":38,"gold_loss":0}],"is_beta":false,"boss_relics":[{"not_picked":["aspiration:RitualDagger","Replay:Fungal Core"],"picked":"SlaversCollar"},{"not_picked":["CosmicIsotope","halation:HeavySnake"],"picked":"Astrolabe"}],"items_purged_floors":[39],"is_endless":false,"potions_floor_spawned":[4,10,16,18,25,27,29,40,46],"killed_by":"infinitespire:MassOfShapes","ascension_level":1}}