{"host":"wyy6fgvi1wiq0rmi","time":1613744116,"event":{"mods":["BaseMod","Marisa£®ÏF”Í°°ƒß¿Ì…≥£©","Minty Spire (QoL Compilation)","Remilia£®¿Ÿ√◊¿Ú—«£©","Spicy Shops","StSLib","The Bug Knight","The Servant 0.9.4","TheSwordswoman","WarShipGirlsR/’ΩΩ¢…Ÿ≈ÆR mod","Youmu£®ªÍ∆«—˝√Œ£©"],"gold_per_floor":[110,110,130,130,130,155,155,175,200,200,200,200,214,240,240,379,379,401,401,401,420,420,420],"floor_reached":22,"language":"ZHS","playtime":1383,"items_purged":[],"score":207,"play_id":"91e41fc3-0e7b-421f-99a2-69930ad9622b","local_time":"20210219221516","is_ascension_mode":false,"campfire_choices":[{"floor":7,"key":"RECALL"},{"floor":11,"key":"REST"},{"floor":15,"key":"REST"}],"circlet_count":0,"master_deck":["rmod:strick","rmod:strick","rmod:strick+1","rmod:strick","rmod:defend","rmod:defend","rmod:defend+1","rmod:defend","rmod:basicallowance","rmod:maingunfire","rmod:punchline","rmod:bulid","rmod:abidefaith","rmod:goodsister","rmod:maintain","rmod:tearstotiara","rmod:windflower","rmod:tearstotiara+1","rmod:diaomin+1"],"relics":["rmod:firstchargereward","NeowsBlessing","Tiny Chest","Bloody Idol","Pocketwatch","CeramicFish","SlaversCollar"],"acts_visited":["Exordium","TheCity"],"potions_floor_usage":[13,13,13,13,16,16,22],"damage_taken":[{"damage":0,"enemies":"Jaw Worm","floor":1,"turns":1},{"damage":0,"enemies":"2 Louse","floor":3,"turns":1},{"damage":0,"enemies":"3 Sentries","floor":6,"turns":2},{"damage":13,"enemies":"Small Slimes","floor":8,"turns":6},{"damage":8,"enemies":"Gremlin Gang","floor":13,"turns":3},{"damage":30,"enemies":"Hexaghost","floor":16,"turns":9},{"damage":24,"enemies":"Spheric Guardian","floor":18,"turns":4},{"damage":35,"enemies":"3 Byrds","floor":21,"turns":6},{"damage":34,"enemies":"3 Cultists","floor":22,"turns":3}],"seed_played":"2126123509558095720","potions_obtained":[{"floor":1,"key":"EntropicBrew"},{"floor":3,"key":"Dexterity Potion"},{"floor":8,"key":"FearPotion"},{"floor":21,"key":"ColorlessPotion"}],"is_trial":false,"path_per_floor":["M","?","M","?","?","E","R","M","T","?","R","T","M","T","R","B",null,"M","?","?","M","M"],"character_chosen":"PRAEFECT","items_purchased":[],"campfire_rested":2,"item_purchase_floors":[],"current_hp_per_floor":[75,80,80,64,64,64,64,51,51,31,55,55,47,47,71,41,80,56,56,56,31,0,0],"gold":420,"neow_bonus":"THREE_ENEMY_KILL","is_daily":false,"chose_seed":false,"campfire_upgraded":0,"win_rate":0.0,"timestamp":1613744116,"path_taken":["M","?","M","?","?","E","R","?","T","?","R","?","M","?","R","BOSS","M","?","?","M","M"],"items_purchased_type":[],"build_version":"2020-12-22","purchased_purges":0,"victory":false,"max_hp_per_floor":[75,80,80,80,80,80,80,80,80,80,80,80,80,80,80,80,80,80,80,80,80,80,80],"card_choices":[{"not_picked":["rmod:advancebysurprise","rmod:garrisonisland"],"picked":"rmod:punchline","floor":1},{"not_picked":["rmod:supportescort","rmod:fletcherpendant"],"picked":"rmod:bulid","floor":3},{"not_picked":[],"picked":"rmod:abidefaith","floor":5},{"not_picked":["rmod:rockthrower","rmod:supportescort"],"picked":"rmod:goodsister","floor":6},{"not_picked":["rmod:firesupport","rmod:supportescort"],"picked":"rmod:maintain","floor":8},{"not_picked":["rmod:circuitoustactics","rmod:guardianhero"],"picked":"rmod:tearstotiara","floor":13},{"not_picked":["rmod:supriseattacks","rmod:seals"],"picked":"rmod:windflower","floor":16},{"not_picked":["rmod:ammunitionsupply","rmod:aluminumsupply"],"picked":"rmod:tearstotiara+1","floor":18},{"not_picked":["rmod:circuitoustactics+1","rmod:steelsupply"],"picked":"rmod:diaomin+1","floor":21}],"player_experience":195924,"relics_obtained":[{"floor":6,"key":"Tiny Chest"},{"floor":12,"key":"Pocketwatch"},{"floor":14,"key":"CeramicFish"}],"event_choices":[{"damage_healed":0,"gold_gain":0,"player_choice":"Donut","damage_taken":0,"max_hp_gain":5,"max_hp_loss":0,"event_name":"Big Fish","floor":2,"gold_loss":0},{"damage_healed":0,"gold_gain":0,"player_choice":"Entered Light","damage_taken":16,"max_hp_gain":0,"max_hp_loss":0,"event_name":"Shining Light","floor":4,"gold_loss":0,"cards_upgraded":["rmod:strick","rmod:defend"]},{"damage_healed":0,"gold_gain":0,"player_choice":"Take Damage","damage_taken":20,"relics_obtained":["Golden Idol"],"max_hp_gain":0,"max_hp_loss":0,"event_name":"Golden Idol","floor":10,"gold_loss":0},{"damage_healed":0,"gold_gain":0,"player_choice":"Ignored","damage_taken":0,"max_hp_gain":0,"max_hp_loss":0,"event_name":"Vampires","floor":19,"gold_loss":0},{"damage_healed":0,"gold_gain":0,"player_choice":"Gave Idol","damage_taken":0,"relics_obtained":["Bloody Idol"],"max_hp_gain":0,"max_hp_loss":0,"event_name":"Forgotten Altar","floor":20,"relics_lost":["Golden Idol"],"gold_loss":0}],"is_beta":false,"boss_relics":[{"not_picked":["Astrolabe","Tiny House"],"picked":"SlaversCollar"}],"items_purged_floors":[],"is_endless":false,"potions_floor_spawned":[1,3,8,21],"killed_by":"3 Cultists","ascension_level":0}}