{"host":"uhi6g4fgvyietct9","time":1613738772,"event":{"mods":["AchievementEnabler","BaseMod","Colored Map","Colored Powertips","Minty Spire (QoL Compilation)","StSLib","SuperFastMode"],"gold_per_floor":[109,109,109,284,284,327,327,348,348,387,407,426,276,299,299,299,299],"floor_reached":16,"language":"KOR","playtime":419,"items_purged":["Strike_R"],"score":223,"play_id":"eaf68740-b9c7-4501-b4ea-473e449e1ca6","local_time":"20210219214612","is_ascension_mode":true,"campfire_choices":[{"data":"Offering","floor":7,"key":"SMITH"},{"floor":15,"key":"REST"}],"circlet_count":0,"master_deck":["AscendersBane","Strike_R","Strike_R","Strike_R","Strike_R","Defend_R","Defend_R","Defend_R","Defend_R","Bash","Cleave","Offering+1","Body Slam","Seeing Red","Reckless Charge","Evolve"],"relics":["Burning Blood","NeowsBlessing","Golden Idol","Mummified Hand","Bottled Lightning","Happy Flower"],"acts_visited":["Exordium"],"potions_floor_usage":[10,14],"damage_taken":[{"damage":0,"enemies":"2 Louse","floor":1,"turns":1},{"damage":0,"enemies":"Gremlin Nob","floor":6,"turns":1},{"damage":0,"enemies":"Small Slimes","floor":8,"turns":1},{"damage":68,"enemies":"Lagavulin","floor":10,"turns":7},{"damage":10,"enemies":"Jaw Worm","floor":11,"turns":3},{"damage":14,"enemies":"Blue Slaver","floor":12,"turns":3},{"damage":10,"enemies":"2 Fungi Beasts","floor":14,"turns":2},{"damage":39,"enemies":"Slime Boss","floor":16,"turns":5}],"seed_played":"-5344445541793163825","potions_obtained":[{"floor":8,"key":"Regen Potion"},{"floor":10,"key":"AttackPotion"},{"floor":12,"key":"FairyPotion"}],"is_trial":false,"path_per_floor":["M","?","?","?","?","E","R","M","T","E","M","M","$","M","R","B"],"character_chosen":"IRONCLAD","items_purchased":["Reckless Charge"],"campfire_rested":1,"item_purchase_floors":[13],"current_hp_per_floor":[78,58,80,80,73,79,79,80,80,33,29,21,21,17,41,2,2],"gold":299,"neow_bonus":"THREE_ENEMY_KILL","is_daily":false,"chose_seed":false,"campfire_upgraded":1,"win_rate":0.0,"timestamp":1613738772,"path_taken":["M","?","?","?","?","E","R","?","T","E","M","M","$","M","R","BOSS"],"items_purchased_type":["Card"],"build_version":"2020-12-22","purchased_purges":1,"victory":false,"max_hp_per_floor":[80,80,80,80,80,80,80,80,80,80,80,80,80,80,80,80,80],"card_choices":[{"not_picked":["Clash","Wild Strike"],"picked":"Cleave","floor":1},{"not_picked":["Havoc","Uppercut"],"picked":"Offering","floor":6},{"not_picked":["Armaments","Cleave"],"picked":"Body Slam","floor":8},{"not_picked":["Cleave","Feed"],"picked":"Seeing Red","floor":10},{"not_picked":["Sword Boomerang","Ghostly Armor","Rage"],"picked":"SKIP","floor":11},{"not_picked":["Rampage","True Grit","Sword Boomerang"],"picked":"SKIP","floor":12},{"not_picked":["Body Slam","Burning Pact"],"picked":"Evolve","floor":14}],"player_experience":594228,"relics_obtained":[{"floor":6,"key":"Mummified Hand"},{"floor":9,"key":"Bottled Lightning"},{"floor":10,"key":"Happy Flower"}],"event_choices":[{"damage_healed":0,"gold_gain":0,"player_choice":"Take Damage","damage_taken":20,"relics_obtained":["Golden Idol"],"max_hp_gain":0,"max_hp_loss":0,"event_name":"Golden Idol","floor":2,"gold_loss":0},{"damage_healed":26,"gold_gain":0,"player_choice":"Banana","damage_taken":0,"max_hp_gain":0,"max_hp_loss":0,"event_name":"Big Fish","floor":3,"gold_loss":0},{"damage_healed":0,"gold_gain":175,"player_choice":"AGREE","damage_taken":0,"max_hp_gain":0,"max_hp_loss":0,"event_name":"Liars Game","floor":4,"gold_loss":0,"cards_obtained":["Doubt"]},{"cards_removed":["Doubt"],"damage_healed":0,"gold_gain":0,"player_choice":"Card Removal","damage_taken":7,"max_hp_gain":0,"max_hp_loss":0,"event_name":"Golden Wing","floor":5,"gold_loss":0}],"is_beta":false,"boss_relics":[],"items_purged_floors":[13],"is_endless":false,"potions_floor_spawned":[8,10,12],"killed_by":"Slime Boss","ascension_level":13}}