{"host":"ormi09wwzv7sq47a","time":1613701148,"event":{"mods":["2.2 Compatiblity","AchievementEnabler","Act Like it!","BaseMod","Bestiary","Better Altar","Better Note","Better Sensory Stone","Better Silent Start","Better Skull","Better Third Choice","Better Vampires","BetterRewards","Block Reminder","Card Forge","Colored Map","Colored Powertips","Curses Come First","DeckTracker","Downfall","Highlight Path","Minty Spire (QoL Compilation)","Permanent Neow","Quick Restart","Rare Cards Sparkle","Relic Stats","Shop Mod","StSLib","The Jungle"],"gold_per_floor":[112,128,128,138,61,61,88,88,141,141,160,178,194,208,208,282,282,300,300,300,316,68,88,119,119,142,142,171,171,171,200,200,274,274,294,294,311,321,2,33,33,68,68,68,86,105,125,150,150,150,150,150,20,20,20],"floor_reached":54,"language":"ENG","playtime":3020,"items_purged":["Strike_B","Strike_B","Strike_B"],"score":2281,"play_id":"5c100864-888b-4747-9ba4-344e4deabfaf","local_time":"20210219001908","is_ascension_mode":true,"campfire_choices":[{"data":"Hyperbeam","floor":6.0,"key":"SMITH"},{"data":"Zap","floor":8.0,"key":"SMITH"},{"data":"Scrape","floor":10.0,"key":"SMITH"},{"data":"Dualcast","floor":15.0,"key":"SMITH"},{"data":"Reinforced Body","floor":25.0,"key":"SMITH"},{"data":"Stack","floor":30.0,"key":"SMITH"},{"data":"Double Energy","floor":32.0,"key":"SMITH"},{"floor":41.0,"key":"REST"},{"floor":49,"key":"RECALL"},{"data":"Buffer","floor":52,"key":"SMITH"}],"circlet_count":0,"master_deck":["AscendersBane","Defend_B+1","Defend_B","Defend_B","Zap+1","Dualcast+1","Beam Cell","Scrape+1","Gash","Aggregate+1","Hyperbeam+1","Leap","Gash","Scrape","Gash","Scrape","Core Surge","Go for the Eyes","Reinforced Body+1","Master of Strategy","Double Energy+1","Stack+1","Stack+1","Tempest+1","All For One","Glacier+1","Steam Power","Capacitor","FTL","Buffer+1","Scrape"],"relics":["FrozenCore","Hammer of Thor","Seething Fire","Anvil of the Gods","Calipers","Guardian:PocketSentry","Thread and Needle","Dream Catcher","Oddly Smooth Stone","Nilry\u0027s Codex","MutagenicStrength","The Courier","Bronze Scales","Bag of Marbles","Kunai","Busted Crown","War Paint","Toy Ornithopter","Slimebound:StickyStick","champ:DeflectingBracers","hexamod:BolsterEngine"],"acts_visited":["Exordium","TheCity","TheBeyond","TheEnding"],"potions_floor_usage":[42,46,48,50,54],"damage_taken":[{"damage":0.0,"enemies":"Jaw Worm","floor":1.0,"turns":2.0},{"damage":0.0,"enemies":"Cultist","floor":2.0,"turns":2.0},{"damage":0.0,"enemies":"2 Louse","floor":4.0,"turns":2.0},{"damage":0.0,"enemies":"Gremlin Nob","floor":7.0,"turns":2.0},{"damage":0.0,"enemies":"2 Fungi Beasts","floor":11.0,"turns":2.0},{"damage":0.0,"enemies":"Large Slime","floor":12.0,"turns":4.0},{"damage":0.0,"enemies":"3 Louse","floor":13.0,"turns":3.0},{"damage":0.0,"enemies":"Looter","floor":14.0,"turns":1.0},{"damage":12.0,"enemies":"The Guardian","floor":16.0,"turns":9.0},{"damage":0.0,"enemies":"2 Thieves","floor":18.0,"turns":4.0},{"damage":0.0,"enemies":"Spheric Guardian","floor":21.0,"turns":3.0},{"damage":0.0,"enemies":"Cultist and Chosen","floor":23.0,"turns":5.0},{"damage":0.0,"enemies":"Slavers","floor":24.0,"turns":2.0},{"damage":7.0,"enemies":"Book of Stabbing","floor":28.0,"turns":5.0},{"damage":0.0,"enemies":"Slavers","floor":31.0,"turns":4.0},{"damage":0.0,"enemies":"Champ","floor":33.0,"turns":8.0},{"damage":0.0,"enemies":"3 Darklings","floor":35.0,"turns":3.0},{"damage":0.0,"enemies":"3 Shapes","floor":37.0,"turns":5.0},{"damage":0.0,"enemies":"Jaw Worm Horde","floor":38.0,"turns":1.0},{"damage":39.0,"enemies":"Reptomancer","floor":40.0,"turns":5.0},{"damage":0,"enemies":"Nemesis","floor":42,"turns":7},{"damage":7,"enemies":"4 Shapes","floor":45,"turns":1},{"damage":0,"enemies":"Spire Growth","floor":46,"turns":2},{"damage":0,"enemies":"Sphere and 2 Shapes","floor":47,"turns":3},{"damage":0,"enemies":"Mind Bloom Boss Battle","floor":48,"turns":3},{"damage":0,"enemies":"Donu and Deca","floor":50,"turns":8},{"damage":75,"enemies":"Shield and Spear","floor":54,"turns":3}],"seed_played":"3046728862554590136","potions_obtained":[{"floor":1.0,"key":"Ancient Potion"},{"floor":11.0,"key":"DuplicationPotion"},{"floor":16.0,"key":"SpeedPotion"},{"floor":23.0,"key":"FocusPotion"},{"floor":28.0,"key":"Fire Potion"},{"floor":31.0,"key":"SpeedPotion"},{"floor":38.0,"key":"Ancient Potion"},{"floor":40.0,"key":"sneckomod:MuddlingPotion"},{"floor":42,"key":"Regen Potion"},{"floor":46,"key":"AttackPotion"},{"floor":48,"key":"hexamod:SoulburnPotion"}],"is_trial":false,"path_per_floor":["M","M","?","M","$","R","E","R","T","R","M","M","M","M","R","B",null,"M","?","?","M","$","M","E","R","T","?","E","?","R","E","R","B",null,"M","?","M","M","$","E","R","E","T","?","M","M","M","?","R","B",null,"R","$","E"],"character_chosen":"DEFECT","items_purchased":["Guardian:PocketSentry","Beam Cell","Scrape","champ:CounterPotion","Hyperbeam","Master of Strategy","Double Energy","War Paint","Capacitor","FTL","hexamod:BolsterEngine"],"campfire_rested":1,"item_purchase_floors":[0,0,0,0,5,22,22,39,39,39,53],"current_hp_per_floor":[25,25,25,25,25,25,25,25,25,25,25,25,25,25,25,13,57,57,36,36,36,36,36,36,36,36,36,29,29,29,29,29,29,61,61,61,61,61,61,22,43,48,48,48,41,51,51,56,56,61,69,69,69,0,0],"gold":20,"neow_bonus":"","is_daily":false,"chose_seed":false,"campfire_upgraded":8,"win_rate":0.0,"timestamp":1613701148,"path_taken":["M","M","?","M","$","R","E","R","T","R","M","M","?","M","R","BOSS","M","?","?","M","$","M","E","R","T","?","E","?","R","E","R","BOSS","M","?","M","M","$","E","R","E","T","?","M","?","M","?","R","BOSS","R","$","E"],"items_purchased_type":["Relic","Card","Card","Potion","Card","Card","Card","Relic","Card","Card","Relic"],"build_version":"2020-12-22","purchased_purges":3,"victory":false,"max_hp_per_floor":[71,71,71,71,71,71,71,71,71,71,71,71,71,71,71,71,71,71,71,71,71,71,71,71,71,71,71,71,71,71,71,71,71,71,71,71,71,71,71,71,71,71,71,71,71,71,71,71,71,71,71,71,71,71,71],"relic_stats":{"Dream Catcher":1,"Busted Crown":24,"counters":[56,180],"Bronze Scales":[194],"Kunai":[66],"War Paint":["Defend_B","Aggregate"],"obtain_stats":[{"Regal Pillow":21,"Calipers":0,"Nilry\u0027s Codex":19,"Hammer of Thor":0,"Whetstone":21,"Ginger":36,"Cursed Key":34,"FrozenCore":17,"Dream Catcher":7,"Slimebound:StickyStick":42,"Prayer Wheel":0,"Kunai":41,"Cracked Core":0,"InkBottle":30,"bronze:DonusWashers":21,"Pear":9,"Oddly Smooth Stone":9,"Thread and Needle":0,"champ:DeflectingBracers":23,"The Courier":24,"Guardian:PocketSentry":0,"Seething Fire":0,"War Paint":39,"Busted Crown":34,"Anvil of the Gods":0,"MutagenicStrength":20,"Bronze Scales":26,"Pandora\u0027s Box":17,"Slimebound:PreparedRelic":26,"Bag of Marbles":28,"hexamod:BolsterEngine":53,"FossilizedHelix":0,"Toy Ornithopter":40},{"Regal Pillow":11,"Calipers":29,"Nilry\u0027s Codex":39,"Hammer of Thor":0,"Whetstone":11,"Ginger":21,"Cursed Key":19,"FrozenCore":38,"Dream Catcher":33,"Slimebound:StickyStick":50,"Prayer Wheel":0,"Kunai":24,"Cracked Core":0,"InkBottle":17,"bronze:DonusWashers":11,"Pear":6,"Oddly Smooth Stone":33,"Thread and Needle":29,"champ:DeflectingBracers":13,"The Courier":42,"Guardian:PocketSentry":29,"Seething Fire":0,"War Paint":48,"Busted Crown":45,"Anvil of the Gods":0,"MutagenicStrength":39,"Bronze Scales":42,"Pandora\u0027s Box":10,"Slimebound:PreparedRelic":14,"Bag of Marbles":43,"hexamod:BolsterEngine":55,"FossilizedHelix":0,"Toy Ornithopter":49},{"Regal Pillow":29,"Calipers":84,"Nilry\u0027s Codex":113,"Hammer of Thor":0,"Whetstone":29,"Ginger":56,"Cursed Key":51,"FrozenCore":109,"Dream Catcher":91,"Slimebound:StickyStick":160,"Prayer Wheel":0,"Kunai":70,"Cracked Core":0,"InkBottle":44,"bronze:DonusWashers":29,"Pear":14,"Oddly Smooth Stone":91,"Thread and Needle":84,"champ:DeflectingBracers":35,"The Courier":122,"Guardian:PocketSentry":84,"Seething Fire":0,"War Paint":148,"Busted Crown":139,"Anvil of the Gods":0,"MutagenicStrength":113,"Bronze Scales":122,"Pandora\u0027s Box":26,"Slimebound:PreparedRelic":38,"Bag of Marbles":127,"hexamod:BolsterEngine":177,"FossilizedHelix":0,"Toy Ornithopter":153}],"Toy Ornithopter":22,"FrozenCore":[35]},"card_choices":[{"not_picked":["Ball Lightning","Rebound","Stack"],"picked":"SKIP","floor":1.0},{"not_picked":["Ball Lightning","Doom and Gloom"],"picked":"Gash","floor":2.0},{"not_picked":["Beam Cell","Coolheaded"],"picked":"Aggregate","floor":4.0},{"not_picked":["Rebound","Conserve Battery"],"picked":"Leap","floor":7.0},{"not_picked":["Genetic Algorithm","Scrape"],"picked":"Gash","floor":11.0},{"not_picked":["Ball Lightning","Rebound"],"picked":"Scrape","floor":12.0},{"not_picked":["Creative AI","Recycle"],"picked":"Gash","floor":13.0},{"not_picked":["Chill","Lockon"],"picked":"Scrape","floor":14.0},{"not_picked":["Echo Form","Creative AI"],"picked":"Core Surge","floor":16.0},{"not_picked":["Scrape","White Noise"],"picked":"Go for the Eyes","floor":18.0},{"not_picked":["Barrage","Genetic Algorithm"],"picked":"Reinforced Body","floor":21.0},{"not_picked":["Sweeping Beam","Chill"],"picked":"Stack+1","floor":23.0},{"not_picked":["Chill","Conserve Battery","Beam Cell+1"],"picked":"SKIP","floor":24.0},{"not_picked":["Chill","Loop"],"picked":"Stack","floor":28.0},{"not_picked":["Storm","Rebound"],"picked":"Tempest+1","floor":31.0},{"not_picked":["Meteor Strike","Electrodynamics"],"picked":"All For One","floor":33.0},{"not_picked":[],"picked":"Glacier+1","floor":35.0},{"not_picked":[],"picked":"Steam Power","floor":37.0},{"not_picked":["Lockon"],"picked":"SKIP","floor":38.0},{"not_picked":["Sweeping Beam+1"],"picked":"SKIP","floor":40.0},{"not_picked":["Ball Lightning"],"picked":"SKIP","floor":42},{"not_picked":[],"picked":"Scrape","floor":45},{"not_picked":["Darkness"],"picked":"SKIP","floor":46},{"not_picked":["Barrage"],"picked":"SKIP","floor":47}],"player_experience":1110506,"relics_obtained":[{"floor":7.0,"key":"Dream Catcher"},{"floor":9.0,"key":"Oddly Smooth Stone"},{"floor":19.0,"key":"Nilry\u0027s Codex"},{"floor":24.0,"key":"The Courier"},{"floor":26.0,"key":"Bronze Scales"},{"floor":28.0,"key":"Bag of Marbles"},{"floor":31.0,"key":"Kunai"},{"floor":40.0,"key":"Toy Ornithopter"},{"floor":42,"key":"Slimebound:StickyStick"},{"floor":48,"key":"champ:DeflectingBracers"}],"event_choices":[{"damage_healed":0.0,"max_hp_gain":0.0,"max_hp_loss":0.0,"gold_gain":0.0,"event_name":"Match and Keep!","player_choice":"0 cards matched","floor":3.0,"gold_loss":0.0,"damage_taken":0.0,"cards_obtained":[]},{"damage_healed":0.0,"max_hp_gain":0.0,"max_hp_loss":0.0,"gold_gain":0.0,"event_name":"Cursed Tome","player_choice":"Obtained Book","floor":19.0,"gold_loss":0.0,"damage_taken":21.0},{"damage_healed":0.0,"max_hp_gain":0.0,"max_hp_loss":0.0,"gold_gain":0.0,"event_name":"Drug Dealer","player_choice":"Inject Mutagens","floor":20.0,"gold_loss":0.0,"damage_taken":0.0,"relics_obtained":["MutagenicStrength"]},{"cards_removed":["Strike_B"],"damage_healed":0.0,"max_hp_gain":0.0,"max_hp_loss":0.0,"gold_gain":0.0,"event_name":"betterThird:BetterWriting","player_choice":"Elegance","floor":27.0,"gold_loss":0.0,"damage_taken":0.0},{"damage_healed":0.0,"max_hp_gain":0.0,"max_hp_loss":0.0,"gold_gain":3.0,"event_name":"betterStone:BetterStone","player_choice":"1","floor":36.0,"gold_loss":0.0,"damage_taken":0.0},{"damage_healed":0,"gold_gain":0,"cards_transformed":["Defend_B"],"player_choice":"Transformed","damage_taken":0,"max_hp_gain":0,"max_hp_loss":0,"event_name":"Transmorgrifier","floor":44,"gold_loss":0,"cards_obtained":["Buffer"]},{"damage_healed":0,"gold_gain":0,"player_choice":"Fight","damage_taken":0,"max_hp_gain":0,"max_hp_loss":0,"event_name":"MindBloom","floor":48,"gold_loss":0}],"is_beta":false,"boss_relics":[{"not_picked":["expansioncontent:StudyCardRelic","SlaversCollar"],"picked":"FrozenCore"},{"not_picked":["Calling Bell","Sozu"],"picked":"Busted Crown"}],"items_purged_floors":[0,0,39],"is_endless":false,"potions_floor_spawned":[1,7,11,13,16,23,28,31,38,40,42,46,48],"killed_by":"Shield and Spear","ascension_level":19}}