{"host":"4epvxsx6d4oxmc67","time":1613738307,"event":{"mods":["AchievementEnabler","BaseMod","Colored Map","Highlight Path","Minty Spire (QoL Compilation)"],"gold_per_floor":[114,125,125,11,26,26,56,56,82,82,82,102,102,102,102,198,198,208,227,246,246,261,261,276,289,314,346,364,364,375,71,71,171,171,181,200,210,210,210,210,225,55,130,130,141,155,11,11,11,11,11],"floor_reached":50,"language":"ENG","playtime":2330,"items_purged":["Doubt","Doubt","Strike_G"],"score":584,"play_id":"13489ac2-c78b-4938-a756-12f34a37ebf7","local_time":"20210219123827","is_ascension_mode":true,"campfire_choices":[{"data":"Setup","floor":6.0,"key":"SMITH"},{"data":"Caltrops","floor":8.0,"key":"SMITH"},{"data":"Dagger Throw","floor":10.0,"key":"SMITH"},{"data":"Poisoned Stab","floor":13.0,"key":"SMITH"},{"data":"Survivor","floor":15.0,"key":"SMITH"},{"floor":23.0,"key":"REST"},{"floor":29,"key":"REST"},{"floor":32,"key":"REST"},{"floor":40,"key":"REST"},{"data":"Envenom","floor":44,"key":"SMITH"},{"floor":49,"key":"REST"}],"circlet_count":0,"master_deck":["Strike_G","Strike_G","Strike_G","Defend_G","Defend_G","Defend_G","Defend_G","Defend_G+1","Survivor+1","Neutralize","Outmaneuver","Setup+1","Footwork+1","Caltrops+1","Dagger Throw+1","Poisoned Stab+1","Envenom+1","Poisoned Stab","Crippling Poison+1","Dodge and Roll+1","Predator+1","Dagger Spray+1","Sucker Punch","Footwork","Flechettes","PiercingWail","Flying Knee","Die Die Die","Dagger Throw+1","Footwork+1","Blur","Backflip","Parasite","Skewer+1","Blur"],"relics":["Ring of the Snake","CaptainsWheel","MealTicket","Orichalcum","Happy Flower","Cursed Key","CultistMask","Lantern","Bag of Preparation","Art of War","Sozu","Singing Bowl"],"acts_visited":["Exordium","TheCity","TheBeyond"],"potions_floor_usage":[27,28,36],"damage_taken":[{"damage":12.0,"enemies":"Jaw Worm","floor":1.0,"turns":6.0},{"damage":0.0,"enemies":"Cultist","floor":2.0,"turns":4.0},{"damage":4.0,"enemies":"Small Slimes","floor":5.0,"turns":5.0},{"damage":12.0,"enemies":"Gremlin Nob","floor":7.0,"turns":5.0},{"damage":0.0,"enemies":"3 Louse","floor":12.0,"turns":3.0},{"damage":10.0,"enemies":"Hexaghost","floor":16.0,"turns":11.0},{"damage":7.0,"enemies":"3 Byrds","floor":18.0,"turns":3.0},{"damage":9.0,"enemies":"Spheric Guardian","floor":19.0,"turns":5.0},{"damage":20.0,"enemies":"Shelled Parasite and Fungi","floor":20.0,"turns":6.0},{"damage":23.0,"enemies":"3 Cultists","floor":22.0,"turns":6.0},{"damage":3.0,"enemies":"Centurion and Healer","floor":24.0,"turns":9.0},{"damage":10.0,"enemies":"Snake Plant","floor":25.0,"turns":4.0},{"damage":15,"enemies":"Book of Stabbing","floor":27,"turns":5},{"damage":0,"enemies":"3 Cultists","floor":28,"turns":4},{"damage":1,"enemies":"Shelled Parasite and Fungi","floor":30,"turns":6},{"damage":54,"enemies":"Collector","floor":33,"turns":11},{"damage":3,"enemies":"3 Darklings","floor":35,"turns":4},{"damage":0,"enemies":"Orb Walker","floor":36,"turns":2},{"damage":16,"enemies":"4 Shapes","floor":37,"turns":7},{"damage":34,"enemies":"Spire Growth","floor":41,"turns":6},{"damage":29,"enemies":"Transient","floor":45,"turns":5},{"damage":0,"enemies":"3 Darklings","floor":46,"turns":4},{"damage":70,"enemies":"Awakened One","floor":50,"turns":6}],"seed_played":"4440891590060476903","potions_obtained":[{"floor":2.0,"key":"SteroidPotion"},{"floor":5.0,"key":"Block Potion"},{"floor":7.0,"key":"Fire Potion"},{"floor":12.0,"key":"Swift Potion"},{"floor":20.0,"key":"SkillPotion"},{"floor":22.0,"key":"Swift Potion"},{"floor":24.0,"key":"Explosive Potion"},{"floor":33,"key":"CunningPotion"}],"is_trial":false,"path_per_floor":["M","M","?","$","M","R","E","R","T","R","?","M","R","?","R","B",null,"M","M","M","?","M","R","M","M","T","E","M","R","M","$","R","B",null,"M","M","M","?","?","R","M","$","T","R","M","M","$","?","R","B"],"character_chosen":"THE_SILENT","items_purchased":["Footwork","Art of War","Flying Knee","Backflip","Skewer","Blur"],"campfire_rested":5,"item_purchase_floors":[4,31,31,42,47,47],"current_hp_per_floor":[58,58,58,70,66,66,54,54,54,54,59,59,59,44,44,34,75,68,59,39,39,16,38,35,25,25,10,10,32,31,46,68,14,75,72,72,56,56,56,75,41,56,56,56,29,31,46,46,69,0,0],"gold":11,"neow_bonus":"ONE_RARE_RELIC","is_daily":false,"chose_seed":false,"campfire_upgraded":6,"win_rate":0.0,"timestamp":1613738307,"path_taken":["M","M","?","$","?","R","E","R","T","R","?","M","R","?","R","BOSS","M","M","M","?","M","R","M","M","T","E","M","R","M","$","R","BOSS","M","?","M","?","?","R","M","$","T","R","M","M","?","?","R","BOSS"],"items_purchased_type":["Card","Relic","Card","Card","Card","Card"],"build_version":"2020-12-22","purchased_purges":3,"victory":false,"max_hp_per_floor":[70,70,70,70,70,70,70,70,70,70,75,75,75,75,75,75,75,75,75,75,75,75,75,75,75,75,75,75,75,75,75,75,75,75,75,75,75,75,75,75,75,75,75,75,77,79,79,79,79,79,79],"card_choices":[{"not_picked":["Prepared","Accuracy"],"picked":"Outmaneuver","floor":1.0},{"not_picked":["Backflip","Tactician"],"picked":"Setup","floor":2.0},{"not_picked":["Endless Agony","Calculated Gamble"],"picked":"Caltrops","floor":5.0},{"not_picked":["Bane","Escape Plan"],"picked":"Dagger Throw","floor":7.0},{"not_picked":["Expertise","Prepared"],"picked":"Poisoned Stab","floor":12.0},{"not_picked":["Phantasmal Killer","Bullet Time"],"picked":"Envenom","floor":16.0},{"not_picked":["Flechettes","Sucker Punch"],"picked":"Poisoned Stab","floor":18.0},{"not_picked":["Slice","Underhanded Strike"],"picked":"Crippling Poison+1","floor":19.0},{"not_picked":["Dagger Spray","Outmaneuver"],"picked":"Dodge and Roll+1","floor":20.0},{"not_picked":["Acrobatics","Footwork"],"picked":"Predator+1","floor":22.0},{"not_picked":["Eviscerate","Heel Hook"],"picked":"Dagger Spray+1","floor":24.0},{"not_picked":["Quick Slash","Reflex"],"picked":"Sucker Punch","floor":25.0},{"not_picked":["Night Terror","Deadly Poison"],"picked":"Footwork","floor":27},{"not_picked":["Outmaneuver","Setup+1"],"picked":"Flechettes","floor":28},{"not_picked":["Catalyst","Deflect"],"picked":"PiercingWail","floor":30},{"not_picked":["After Image","Envenom"],"picked":"Die Die Die","floor":33},{"not_picked":["Sucker Punch+1","Blade Dance"],"picked":"Dagger Throw+1","floor":35},{"not_picked":["Heel Hook+1","Concentrate+1"],"picked":"Footwork+1","floor":36},{"not_picked":["Choke+1","Reflex+1"],"picked":"Blur","floor":37},{"not_picked":["Dagger Throw","Bane","Deflect"],"picked":"SKIP","floor":41},{"not_picked":["Acrobatics+1","Deflect","Catalyst"],"picked":"Singing Bowl","floor":45},{"not_picked":["PiercingWail","Distraction","Slice"],"picked":"Singing Bowl","floor":46}],"player_experience":145973,"relics_obtained":[{"floor":3.0,"key":"MealTicket"},{"floor":7.0,"key":"Orichalcum"},{"floor":9.0,"key":"Happy Flower"},{"floor":26.0,"key":"Lantern"},{"floor":27,"key":"Bag of Preparation"},{"floor":43,"key":"Singing Bowl"}],"event_choices":[{"damage_healed":0.0,"max_hp_gain":0.0,"max_hp_loss":0.0,"gold_gain":0.0,"event_name":"Wheel of Change","player_choice":"Relic","floor":3.0,"gold_loss":0.0,"damage_taken":0.0},{"damage_healed":0.0,"max_hp_gain":5.0,"max_hp_loss":0.0,"gold_gain":0.0,"event_name":"Big Fish","player_choice":"Donut","floor":11.0,"gold_loss":0.0,"damage_taken":0.0},{"damage_healed":0.0,"max_hp_gain":0.0,"max_hp_loss":0.0,"gold_gain":0.0,"event_name":"Shining Light","player_choice":"Entered Light","floor":14.0,"gold_loss":0.0,"damage_taken":15.0,"cards_upgraded":["Defend_G","Footwork"]},{"damage_healed":0.0,"max_hp_gain":0.0,"max_hp_loss":0.0,"gold_gain":0.0,"event_name":"FaceTrader","player_choice":"Trade","floor":21.0,"gold_loss":0.0,"damage_taken":0.0,"relics_obtained":["CultistMask"]},{"cards_removed":["Strike_G"],"damage_healed":0,"gold_gain":0,"player_choice":"Removed Attack","damage_taken":0,"max_hp_gain":0,"max_hp_loss":0,"event_name":"Falling","floor":38,"gold_loss":0},{"damage_healed":0,"gold_gain":0,"player_choice":"Ignored","damage_taken":0,"max_hp_gain":0,"max_hp_loss":0,"event_name":"Tomb of Lord Red Mask","floor":39,"gold_loss":0},{"damage_healed":0,"gold_gain":0,"player_choice":"Upgraded","damage_taken":0,"max_hp_gain":0,"max_hp_loss":0,"event_name":"Upgrade Shrine","floor":48,"gold_loss":0,"cards_upgraded":["Skewer"]}],"is_beta":false,"boss_relics":[{"not_picked":["HoveringKite","Tiny House"],"picked":"Cursed Key"},{"not_picked":["Empty Cage","Coffee Dripper"],"picked":"Sozu"}],"items_purged_floors":[4,31,42],"is_endless":false,"potions_floor_spawned":[2,5,7,12,20,22,24,33,36,37,41,45],"killed_by":"Awakened One","ascension_level":4}}