{"host":"vhrbb9mxb8fcxsba","time":1613777215,"event":{"mods":["2.2 Compatiblity","Act Like it!","Aspiration","BaseMod","Downfall","GungeonMod","Hubris","Infinite Spire","Minty Spire (QoL Compilation)","Quick Restart","StSLib","The Disciple","Wandering Minibosses"],"gold_per_floor":[115,134,134,153,163,188,208,208,208,223,223,14,29,63,63,164,164,178,178,193,193,206,233,233,260,260,260,295,295,295,325,325,422,422,437,437,437],"floor_reached":36,"language":"ENG","playtime":1865,"items_purged":["Defend_G"],"score":659,"play_id":"fc2c181c-6a40-415d-b66c-a8e9f92e230f","local_time":"20210220122655","is_ascension_mode":true,"campfire_choices":[{"data":"Cloak And Dagger","floor":8.0,"key":"SMITH"},{"data":"Neutralize","floor":15.0,"key":"SMITH"},{"data":"Finisher","floor":24,"key":"SMITH"},{"data":"Blade Dance","floor":27,"key":"SMITH"},{"data":"Hyperbeam","floor":30,"key":"SMITH"},{"data":"Hologram","floor":32,"key":"SMITH"}],"circlet_count":0,"master_deck":["Strike_G","Strike_G","Strike_G","Defend_G","Defend_G","Defend_G","Defend_G","Survivor","Neutralize+1","Dagger Spray","Well Laid Plans","Cloak And Dagger+1","Terror","Backflip","Blade Dance+1","Finisher+1","Adrenaline+1","Hologram+1","Hyperbeam+1"],"relics":["Ring of the Snake","Regal Pillow","DemoMod:WhiteGuonStone","Ninja Scroll","infinitespire:ShieldingShard","Membership Card","WingedGreaves","aspiration:DefectSkillbook","hubris:Towel","Torii","Matryoshka","Pear","infinitespire:Bottled Soul","Turnip","Philosopher\u0027s Stone"],"acts_visited":["Exordium","TheCity","TheBeyond"],"potions_floor_usage":[18,22,23,33,36,36],"damage_taken":[{"damage":1.0,"enemies":"Cultist","floor":1.0,"turns":4.0},{"damage":1.0,"enemies":"Jaw Worm","floor":2.0,"turns":4.0},{"damage":0.0,"enemies":"Small Slimes","floor":4.0,"turns":3.0},{"damage":9.0,"enemies":"3 Louse","floor":5.0,"turns":6.0},{"damage":21.0,"enemies":"3 Sentries","floor":6.0,"turns":9.0},{"damage":0.0,"enemies":"2 Fungi Beasts","floor":7.0,"turns":4.0},{"damage":4.0,"enemies":"Blue Slaver","floor":10.0,"turns":3.0},{"damage":0.0,"enemies":"3 Louse","floor":13.0,"turns":1.0},{"damage":0.0,"enemies":"Lagavulin","floor":14.0,"turns":4.0},{"damage":5.0,"enemies":"Hexaghost","floor":16.0,"turns":8.0},{"damage":0,"enemies":"Chosen","floor":18,"turns":2},{"damage":0,"enemies":"Shell Parasite","floor":20,"turns":3},{"damage":0,"enemies":"Snake Plant","floor":22,"turns":4},{"damage":0,"enemies":"Gremlin Leader","floor":23,"turns":6},{"damage":18,"enemies":"Book of Stabbing","floor":25,"turns":4},{"damage":0,"enemies":"Slavers","floor":28,"turns":4},{"damage":7,"enemies":"Book of Stabbing","floor":31,"turns":3},{"damage":11,"enemies":"Champ","floor":33,"turns":6},{"damage":0,"enemies":"Orb Walker","floor":35,"turns":1},{"damage":0,"enemies":"infinitespire:Three Voidlings","floor":36,"turns":3},{"damage":69,"enemies":"Nightmare_Alpha","floor":36,"turns":5}],"seed_played":"1609982618515045424","potions_obtained":[{"floor":4.0,"key":"Weak Potion"},{"floor":6.0,"key":"GhostInAJar"},{"floor":7.0,"key":"Explosive Potion"},{"floor":14.0,"key":"SkillPotion"},{"floor":16.0,"key":"Fire Potion"},{"floor":18,"key":"sneckomod:MuddlingPotion"},{"floor":28,"key":"LiquidBronze"},{"floor":33,"key":"bronze:BurnAndBuffPotion"}],"is_trial":false,"path_per_floor":["M","M","?","M","M","E","M","R","T","M","T","$","M","E","R","B",null,"M","?","M","?","M","E","R","E","T","R","E","?","R","E","R","B",null,"M","?"],"character_chosen":"THE_SILENT","items_purchased":["Membership Card","Finisher"],"campfire_rested":0,"item_purchase_floors":[12,12],"current_hp_per_floor":[69,68,65,65,56,35,35,35,35,31,31,31,31,31,31,26,59,59,59,59,59,59,59,59,41,51,51,51,51,51,44,44,33,68,68,0,0],"gold":437,"neow_bonus":"TRANSFORM_CARD","is_daily":false,"chose_seed":false,"campfire_upgraded":6,"win_rate":0.0,"timestamp":1613777215,"path_taken":["M","M","?","M","M","E","M","R","T","M","?","$","?","E","R","BOSS","M","?","M","?","M","E","R","E","T","R","E","?","R","E","R","BOSS","M","?"],"items_purchased_type":["Relic","Card"],"build_version":"2020-12-22","purchased_purges":1,"victory":false,"max_hp_per_floor":[70,70,70,70,70,70,70,70,70,70,70,70,70,70,70,70,70,70,70,70,70,70,70,70,70,80,80,80,80,80,80,80,80,80,80,80,80],"card_choices":[{"not_picked":["Cloak And Dagger","Endless Agony"],"picked":"Well Laid Plans","floor":1.0},{"not_picked":["Outmaneuver","Underhanded Strike"],"picked":"Cloak And Dagger","floor":2.0},{"not_picked":["Flying Knee","hubris:SlightOfHand"],"picked":"Terror","floor":4.0},{"not_picked":["Endless Agony","hubris:SlightOfHand"],"picked":"Backflip","floor":5.0},{"not_picked":["Concentrate","Escape Plan"],"picked":"Blade Dance","floor":6.0},{"not_picked":["Flying Knee","Riddle With Holes","hubris:SlightOfHand"],"picked":"SKIP","floor":7.0},{"not_picked":["Dodge and Roll","Deflect","Deadly Poison"],"picked":"SKIP","floor":10.0},{"not_picked":["Underhanded Strike","Dagger Throw","hubris:SlightOfHand"],"picked":"SKIP","floor":13.0},{"not_picked":["Endless Agony","Acrobatics","Terror"],"picked":"SKIP","floor":14.0},{"not_picked":["infinitespire:Neurotoxin","Envenom"],"picked":"Adrenaline","floor":16.0},{"not_picked":["Quick Slash+1","Terror","Dagger Spray","Go for the Eyes+1"],"picked":"SKIP","floor":18},{"not_picked":["hubris:TrickCloak","Defragment","Cold Snap","Auto Shields+1"],"picked":"SKIP","floor":20},{"not_picked":["Doom and Gloom","Rip and Tear","Flying Knee+1","Wraith Form v2"],"picked":"SKIP","floor":22},{"not_picked":["Cold Snap","Go for the Eyes","Deflect"],"picked":"Hologram","floor":23},{"not_picked":["Sucker Punch","Dodge and Roll","Electrodynamics","Doom and Gloom"],"picked":"SKIP","floor":25},{"not_picked":["Dagger Throw+1","Ball Lightning+1","Sucker Punch+1"],"picked":"Hyperbeam","floor":28},{"not_picked":["hubris:Counter","Buffer","Streamline","Gash"],"picked":"SKIP","floor":31},{"not_picked":["Go for the Eyes+1","Dash+1","Outmaneuver+1","Poisoned Stab+1"],"picked":"SKIP","floor":35}],"player_experience":180234,"relics_obtained":[{"floor":6.0,"key":"DemoMod:WhiteGuonStone"},{"floor":9.0,"key":"Ninja Scroll"},{"floor":11.0,"key":"infinitespire:ShieldingShard"},{"floor":14.0,"key":"WingedGreaves"},{"floor":23,"key":"Torii"},{"floor":25,"key":"Matryoshka"},{"floor":26,"key":"Pear"},{"floor":28,"key":"infinitespire:Bottled Soul"},{"floor":31,"key":"Turnip"}],"event_choices":[{"damage_healed":0.0,"max_hp_gain":0.0,"max_hp_loss":0.0,"gold_gain":0.0,"event_name":"Scrap Ooze","player_choice":"Success","floor":3.0,"gold_loss":0.0,"damage_taken":3.0,"relics_obtained":["Regal Pillow"]},{"cards_removed":["Strike_G"],"damage_healed":0,"gold_gain":0,"player_choice":"Elegance","damage_taken":0,"max_hp_gain":0,"max_hp_loss":0,"event_name":"Back to Basics","floor":21,"gold_loss":0}],"is_beta":false,"boss_relics":[{"not_picked":["aspiration:FutureDiary","hubris:HollowSoul"],"picked":"aspiration:DefectSkillbook"},{"not_picked":["hubris:GrandSneckoEye","DemoMod:RiddleOfLead"],"picked":"Philosopher\u0027s Stone"}],"items_purged_floors":[12],"is_endless":false,"potions_floor_spawned":[4,6,7,14,16,18,28,33,36],"killed_by":"Nightmare_Alpha","ascension_level":5}}