{"host":"ufhw4cf0hh51lveu","time":1613728323,"event":{"mods":["BaseMod","DeckTracker","Lobotomy","Minty Spire (QoL Compilation)","SuperFastMode"],"gold_per_floor":[112,126,79,95,115,115,149,149,175,187,199,136,136,151,151,277,277,297,297,96,119,133,133,151,151,151],"floor_reached":25,"language":"KOR","playtime":864,"items_purged":["Injury","MeatLantern"],"score":228,"play_id":"74300ef5-dc44-42cf-8b7c-fec9eb2ed304","local_time":"20210219185203","is_ascension_mode":false,"campfire_choices":[],"circlet_count":0,"master_deck":["SpecialBullet","SpecialBullet","SpecialBullet","SpecialBullet","SpecialBullet","SpecialBullet","SpecialBullet","SpecialBullet","InformationCode","SecurityCode","CentralCode","GrinderMk4","Scorched","ParadiseLost","Wingbeat","Soda","SomewhereSpear","Hornet","OldLady","Horn","DisciplinaryCode","Wellcheers","TheSmile","CherryBlossoms","Harvest","Wingbeat","OSAHOGD","Penitence","Gaze"],"relics":["CogitoBucket","Toy Ornithopter","MawBank","Golden Idol","LuminousBracelet","Sozu"],"acts_visited":["Exordium","TheCity"],"potions_floor_usage":[7,16,16],"damage_taken":[{"damage":13,"enemies":"Jaw Worm","floor":1,"turns":4},{"damage":0,"enemies":"2 Louse","floor":2,"turns":2},{"damage":0,"enemies":"Cultist","floor":4,"turns":3},{"damage":41,"enemies":"Red Slaver","floor":5,"turns":3},{"damage":12,"enemies":"3 Sentries","floor":7,"turns":6},{"damage":0,"enemies":"Gremlin Gang","floor":14,"turns":1},{"damage":105,"enemies":"The Guardian","floor":16,"turns":12},{"damage":17,"enemies":"Shell Parasite","floor":18,"turns":5},{"damage":35,"enemies":"Spheric Guardian","floor":21,"turns":5},{"damage":45,"enemies":"Centurion and Healer","floor":22,"turns":6},{"damage":44,"enemies":"3 Cultists","floor":24,"turns":7},{"damage":56,"enemies":"Snake Plant","floor":25,"turns":4}],"seed_played":"-3007934662092670591","potions_obtained":[{"floor":1,"key":"LiquidMemories"},{"floor":4,"key":"Weak Potion"},{"floor":5,"key":"Block Potion"}],"is_trial":false,"path_per_floor":["M","M","$","M","M","R","E","R","T","?","?","$","R","M","R","B",null,"M","?","$","M","M","R","M","M"],"character_chosen":"Angela","items_purchased":["Wingbeat","Harvest","Wingbeat"],"campfire_rested":0,"item_purchase_floors":[3,20,20],"current_hp_per_floor":[72,77,77,77,50,50,56,56,56,56,56,56,56,85,85,59,92,92,92,92,78,55,55,43,0,0],"gold":151,"neow_bonus":"TEN_PERCENT_HP_BONUS","is_daily":false,"chose_seed":false,"campfire_upgraded":0,"win_rate":0.0,"timestamp":1613728323,"path_taken":["M","M","$","M","M","R","E","R","T","?","?","$","R","M","R","BOSS","M","?","$","M","?","R","M","M"],"items_purchased_type":["Card","Card","Card"],"build_version":"2020-12-22","purchased_purges":2,"victory":false,"max_hp_per_floor":[77,77,77,77,77,77,77,77,77,77,77,77,77,92,92,92,92,92,92,92,92,92,92,92,92,92],"card_choices":[{"not_picked":["OSAHOGD","WallGazer"],"picked":"MeatLantern","floor":1},{"not_picked":["Beak"],"picked":"GrinderMk4","floor":1},{"not_picked":["VoidDream","Wellcheers"],"picked":"Scorched","floor":2},{"not_picked":["Beak"],"picked":"ParadiseLost","floor":2},{"not_picked":["Regret_ego"],"picked":"Soda","floor":4},{"not_picked":["CUTE"],"picked":"SomewhereSpear","floor":5},{"not_picked":["Noise"],"picked":"Hornet","floor":7},{"not_picked":["Rudolta","WallGazer"],"picked":"OldLady","floor":14},{"not_picked":["WristCuter"],"picked":"Horn","floor":14},{"not_picked":["FairyFestival","Murderer"],"picked":"Wellcheers","floor":16},{"not_picked":["Pinks"],"picked":"TheSmile","floor":16},{"not_picked":["Scarecrow","Alriune"],"picked":"CherryBlossoms","floor":18},{"not_picked":["MagicBullet","LifeForTheDareDevil"],"picked":"SKIP","floor":18},{"not_picked":["SnowQueen","MHz"],"picked":"OSAHOGD","floor":21},{"not_picked":["Horn"],"picked":"Penitence","floor":21},{"not_picked":["Regret_ego","Wingbeat"],"picked":"SKIP","floor":22},{"not_picked":["Regret_ego+1"],"picked":"Gaze","floor":24}],"player_experience":61118,"relics_obtained":[{"floor":7,"key":"Toy Ornithopter"},{"floor":9,"key":"MawBank"}],"event_choices":[{"damage_healed":0,"gold_gain":0,"player_choice":"Ignored","damage_taken":0,"max_hp_gain":0,"max_hp_loss":0,"event_name":"Liars Game","floor":10,"gold_loss":0},{"damage_healed":0,"gold_gain":0,"player_choice":"Take Wound","damage_taken":0,"relics_obtained":["Golden Idol"],"max_hp_gain":0,"max_hp_loss":0,"event_name":"Golden Idol","floor":11,"gold_loss":0,"cards_obtained":["Injury"]},{"damage_healed":0,"gold_gain":0,"player_choice":"Bought 0 Potions","damage_taken":0,"max_hp_gain":0,"max_hp_loss":0,"event_name":"The Woman in Blue","floor":19,"gold_loss":0}],"is_beta":false,"boss_relics":[{"not_picked":["Runic Pyramid","Fusion Hammer"],"picked":"Sozu"}],"items_purged_floors":[12,20],"is_endless":false,"potions_floor_spawned":[1,4,5,18,22,24],"killed_by":"Snake Plant","ascension_level":0}}