{"host":"jsd6g3c2vo13e69c","time":1613774355,"event":{"mods":["2.2 Compatiblity","Act Like it!","BaseMod","Better Note","Better Third Choice","BetterRewards","Colored Map","Colored Powertips","Conspire","DeckTracker","Downfall","Friendly Minions","GifTheSpireLib","Googly Eyes","Hermit","Highlight Path","Hubris","Infinite Spire","Lobotomy","LobotomyExtend","Minty Spire (QoL Compilation)","Quick Restart","Random Character Button","Rare Cards Sparkle","Relic Sorter","Relic Stats","Replay The Spire","Ruina","Shop Mod","Spire Arcade","StSLib","SuperFastMode","The Cursed","The Disciple","The Forsaken","The Jungle"],"gold_per_floor":[99,113,113,65,65,57,57,57,77,77,77,77,98,98,118,118,140,247,247,247,247,247,247,247,247,274,286,286,306,306,317,317,343,358,461,461,461,474,488,488,488,488],"floor_reached":40,"language":"ENG","playtime":2549,"items_purged":[],"score":399,"play_id":"65e122df-58df-4f2b-a042-f972c500967d","local_time":"20210219173915","is_ascension_mode":false,"campfire_choices":[{"data":"hexamod:Float","floor":1,"key":"SMITH"},{"data":"hexamod:RainOfEmbers","floor":8,"key":"SMITH"},{"floor":14,"key":"REST"},{"data":"hexamod:ForkedFlame","floor":20,"key":"SMITH"},{"data":"RitualDagger","floor":28,"key":"SMITH"},{"data":"hexamod:ForkedFlame","floor":30,"key":"SMITH"},{"data":"hexamod:HexaLevel","floor":37,"key":"SMITH"}],"circlet_count":0,"master_deck":["hexamod:Strike","hexamod:Strike","hexamod:Strike","hexamod:Strike","hexamod:Defend","hexamod:Defend+1","hexamod:Defend","hexamod:Defend+1","hexamod:Sear+1","hexamod:Float+1","hexamod:Firestarter","hexamod:RainOfEmbers+1","hexamod:ThirdSeal","hexamod:SecondSeal","hexamod:FirstSeal","hexamod:SixthSeal","hexamod:NightmareStrike+1","hexamod:HeatMetal+1","hexamod:HexaLevel+1","hexamod:FourthSeal","hexamod:NightmareStrike+1","hexamod:Again+1","hexamod:FirstSeal","hexamod:ForkedFlame+1","hexamod:ForkedFlame+1","downfall:Bewildered","RitualDagger+1","hexamod:HauntingEcho+1","hexamod:SoulSteal+1","hexamod:ForkedFlame","hexamod:VolcanoVisage","hexamod:ThermalTransfer+1","hexamod:HexaLevel+1","hexamod:WildfireWeapon","hexamod:TimeOfNeed+1","hexamod:NightmareStrike","hexamod:Again+1","hexamod:EtherealExpedition","hexamod:HeatMetal+1"],"relics":["hexamod:SpiritBrand","LetterFromLob","Mirror","hubris:Towel","MagicBullet_r","Nilry\u0027s Codex","sneckomod:BabySnecko","Replay:WaspNest","conspire:TopHat","conspire:SpecialSausage"],"acts_visited":["Exordium","TheCity","TheBeyond"],"potions_floor_usage":[15,18,27,29,33,33,35,35,38,40],"damage_taken":[{"damage":1,"enemies":"Cultist","floor":2,"turns":4},{"damage":0,"enemies":"downfall:FleeingMerchant","floor":4,"turns":4},{"damage":8,"enemies":"Jaw Worm","floor":9,"turns":3},{"damage":0,"enemies":"Small Slimes","floor":13,"turns":2},{"damage":1,"enemies":"3 Louse","floor":15,"turns":3},{"damage":21,"enemies":"Red Slaver","floor":17,"turns":3},{"damage":24,"enemies":"SI_SHIV_ARCHETYPE","floor":18,"turns":10},{"damage":5,"enemies":"downfall:LooterAlt2","floor":27,"turns":2},{"damage":7,"enemies":"Shell Parasite","floor":29,"turns":2},{"damage":30,"enemies":"Snecko","floor":31,"turns":3},{"damage":15,"enemies":"3 Cultists","floor":33,"turns":4},{"damage":1,"enemies":"Cultist and Chosen","floor":34,"turns":5},{"damage":14,"enemies":"WA_ARCHETYPE_CALM","floor":35,"turns":6},{"damage":48,"enemies":"3 Darklings","floor":38,"turns":4},{"damage":13,"enemies":"3 Shapes","floor":39,"turns":3},{"damage":35,"enemies":"infinitespire:Three Voidlings","floor":40,"turns":6},{"damage":37,"enemies":"Nightmare_Alpha","floor":40,"turns":2}],"seed_played":"3373021083047364171","potions_obtained":[{"floor":9,"key":"DistilledChaos"},{"floor":17,"key":"Regen Potion"},{"floor":18,"key":"FearPotion"},{"floor":18,"key":"champ:CounterPotion"},{"floor":27,"key":"Languid Potion"},{"floor":29,"key":"Fruit Juice"},{"floor":29,"key":"Strength Potion"},{"floor":31,"key":"FearPotion"},{"floor":33,"key":"infinitespire:BlackPotion"},{"floor":34,"key":"SmokeBomb"},{"floor":34,"key":"Flashbang"},{"floor":35,"key":"Block Potion"},{"floor":38,"key":"Swift Potion"}],"is_trial":false,"path_per_floor":["R","M","T","$","?","?","T","R","M","?","PTL","PTL","M","R","M","?","M","B",null,"R","?","?","?","T","?","T","M","R","M","R","M","?","M","M","B",null,"R_BF","M","M","?"],"character_chosen":"THE_SPIRIT","items_purchased":["hexamod:RainOfEmbers"],"campfire_rested":1,"item_purchase_floors":[4],"current_hp_per_floor":[77,76,76,76,76,69,69,69,68,13,13,13,13,36,42,42,28,33,77,77,77,61,61,61,55,55,57,57,55,55,25,25,24,30,30,82,82,41,35,0,0,0],"gold":488,"neow_bonus":"TEN_PERCENT_HP_BONUS","is_daily":false,"chose_seed":false,"campfire_upgraded":6,"win_rate":0.0,"timestamp":1613774355,"path_taken":["R","M","?","?","?","?","T","R","M","?","PTL","PTL","M","R","?","?","M","BOSS","R","?","?","?","?","?","T","M","R","M","R","M","?","M","M","BOSS","R_BF","M","M","?"],"items_purchased_type":["Card"],"build_version":"2020-12-22","purchased_purges":0,"victory":false,"max_hp_per_floor":[77,77,77,77,77,77,77,77,77,77,77,77,77,77,77,77,77,77,77,77,77,77,77,77,77,77,77,77,82,82,82,82,82,82,82,82,82,82,82,82,82,82],"relic_stats":{"counters":[17,66],"obtain_stats":[{"sneckomod:BabySnecko":23,"MagicBullet_r":10,"Nilry\u0027s Codex":22,"conspire:SpecialSausage":36,"Replay:WaspNest":24,"LetterFromLob":2,"hubris:Towel":5,"Mirror":3,"hexamod:SpiritBrand":0,"conspire:TopHat":26,"conspire:Flyswatter":7},{"sneckomod:BabySnecko":7,"MagicBullet_r":3,"Nilry\u0027s Codex":7,"conspire:SpecialSausage":13,"Replay:WaspNest":7,"LetterFromLob":1,"hubris:Towel":2,"Mirror":1,"hexamod:SpiritBrand":0,"conspire:TopHat":7,"conspire:Flyswatter":2},{"sneckomod:BabySnecko":29,"MagicBullet_r":11,"Nilry\u0027s Codex":29,"conspire:SpecialSausage":51,"Replay:WaspNest":29,"LetterFromLob":4,"hubris:Towel":8,"Mirror":4,"hexamod:SpiritBrand":0,"conspire:TopHat":29,"conspire:Flyswatter":8}]},"card_choices":[{"not_picked":["hexamod:SwordOfDarkness","hexamod:FastForward"],"picked":"hexamod:Firestarter","floor":2},{"not_picked":["hexamod:Hexaguard","hexamod:ExtraCrispy"],"picked":"hexamod:SpectersWail","floor":4},{"not_picked":["hexamod:RetreatToShadows","hexamod:Firestarter"],"picked":"hexamod:SixthSeal","floor":9},{"not_picked":["hexamod:Haunt","hexamod:BacktrackSmack"],"picked":"hexamod:NightmareStrike","floor":9},{"not_picked":["hexamod:GhostflameBarrier","hexamod:Firestarter"],"picked":"hexamod:HeatMetal","floor":13},{"not_picked":["hexamod:Firestarter","hexamod:NightmareGuise"],"picked":"hexamod:HexaLevel","floor":13},{"not_picked":["hexamod:BurningTouch","hexamod:AdvancingGuard"],"picked":"hexamod:FourthSeal","floor":15},{"not_picked":["hexamod:ThermalTransfer","hexamod:SkipABeat"],"picked":"hexamod:NightmareStrike","floor":15},{"not_picked":["hexamod:NightmareGuise","hexamod:SwordOfDarkness"],"picked":"hexamod:Again","floor":17},{"not_picked":["hexamod:ShieldOfDarkness","hexamod:NightmareGuise"],"picked":"hexamod:FirstSeal","floor":17},{"not_picked":["hexamod:UnlimitedPower","hexamod:TurnItUp"],"picked":"hexamod:ForkedFlame","floor":18},{"not_picked":["hexamod:GhostOfSpirePresent","hexamod:TurnItUp"],"picked":"hexamod:ForkedFlame","floor":18},{"not_picked":["hexamod:BacktrackSmack","hexamod:Hexaguard"],"picked":"hexamod:HauntingEcho+1","floor":27},{"not_picked":["hexamod:GhostShield","hexamod:EtherealExpedition+1"],"picked":"hexamod:SoulSteal+1","floor":29},{"not_picked":["hexamod:EtherealExpedition","hexamod:Hexaguard+1"],"picked":"hexamod:ForkedFlame","floor":31},{"not_picked":["hexamod:Firestarter","hexamod:InspiringFlames"],"picked":"hexamod:ThermalTransfer+1","floor":33},{"not_picked":["hexamod:Hexaguard","hexamod:HeatShield+1"],"picked":"hexamod:HexaLevel","floor":34},{"not_picked":["hexamod:VolcanoVisage","hexamod:GhostOfSpirePresent"],"picked":"hexamod:WildfireWeapon","floor":35},{"not_picked":["hexamod:WildfireWeapon","hexamod:UnleashSpirits"],"picked":"hexamod:TimeOfNeed","floor":35},{"not_picked":["hexamod:Rewind","hexamod:FirstSeal"],"picked":"hexamod:NightmareStrike","floor":38},{"not_picked":["hexamod:NightmareGuise","hexamod:ThermalTransfer"],"picked":"hexamod:Again+1","floor":38},{"not_picked":["hexamod:RecurringNightmare","hexamod:Haunt"],"picked":"hexamod:EtherealExpedition","floor":39},{"not_picked":["hexamod:HauntingEcho","hexamod:BacktrackSmack+1"],"picked":"hexamod:HeatMetal+1","floor":39}],"player_experience":363006,"relics_obtained":[{"floor":2,"key":"LetterFromLob"},{"floor":3,"key":"Mirror"},{"floor":7,"key":"conspire:Flyswatter"},{"floor":22,"key":"Nilry\u0027s Codex"},{"floor":24,"key":"Replay:WaspNest"},{"floor":26,"key":"conspire:TopHat"}],"event_choices":[{"damage_healed":0,"gold_gain":0,"player_choice":"Ignored","damage_taken":0,"max_hp_gain":0,"max_hp_loss":0,"event_name":"betterNote:BetterNote","floor":16,"gold_loss":0,"cards_obtained":["Metallicize"]}],"is_beta":false,"boss_relics":[{"not_picked":["Busted Crown","Replay:Grab Bag","Coffee Dripper"]},{"not_picked":["hexamod:IceCube","conspire:RoyalGoblet"],"picked":"conspire:SpecialSausage"}],"items_purged_floors":[],"is_endless":false,"potions_floor_spawned":[9,17,18,27,29,31,34,38],"killed_by":"Nightmare_Alpha","ascension_level":0}}