{"host":"rm0ctv8qd8mnbkg1","time":1613738193,"event":{"mods":["BaseMod","Beaked The Cultist","BetterRewards","Colored Map","DNKmod","Dark Map","Defuse TimeMaze Blight","Downfall","Friendly Minions","Hubris","Marisa????????","Minty Spire (QoL Compilation)","MostiFishMod","Permanent Neow","Rare Cards Sparkle","Relic Sorter","Reliquary","Replay The Spire","RumiaBox-????????","Shade Mod","Shop Mod","Spicy Shops","Spire Arcade","StSLib","The Construct","The Servant 0.9.4","TheVacant","Wandering Minibosses","??????REMEMod"],"gold_per_floor":[10000,10012,10024,10042,10059,10091,10116,10016,9457,9557,9570,9595,9612,9073,9085,9183,9183,9183,9201,9220,8628,8643,8654,8681,8691,8705,8755,8755,7960,7960,7247,7260,7260,7260,7260],"floor_reached":33,"language":"ENG","playtime":1203,"items_purged":["Doubt"],"score":401,"play_id":"e7d6a710-d78a-4e32-a3db-fafb158775f6","local_time":"20210219123633","is_ascension_mode":true,"campfire_choices":[{"data":"sneckomod:Unknown","floor":1,"key":"SMITH"}],"circlet_count":0,"master_deck":["sneckomod:Strike","sneckomod:Strike","sneckomod:Strike+1","sneckomod:Defend","sneckomod:Defend","sneckomod:Defend","sneckomod:TailWhip","sneckomod:SnekBite","sneckomod:Unknown+1","MostiFishMod:DarkDeal+1","sneckomod:Unknown2Cost","sneckomod:UnknownBlock","sneckomod:UnknownX","sneckomod:UnknownClassGREEN","sneckomod:RainOfDice","LessonLearned+1","sneckomod:UnknownBlock+1","sneckomod:RainOfDice","sneckomod:RainOfDice","sneckomod:UnknownUncommonAttack","sneckomod:UnknownUncommonPower","sneckomod:Unknown0Cost","sneckomod:UnknownCommonSkill","sneckomod:SnekBeam","sneckomod:RainOfDice+1","After Image+1","sneckomod:Unknown0Cost+1","sneckomod:SnakeSap","sneckomod:UnknownStrength","Fasting2","ReplayTheSpireMod:From All Sides+1","sneckomod:UnknownUncommonPower"],"relics":["sneckomod:SneckoSoul","REME_ComplimentaryCards","DaveBox","ImprovedEquipment","sneckomod:SneckoCommon","Ancient Tea Set","downfall:HeartBlessingGreen","Replay:Wax Seal","ClockworkSouvenir","Mummified Hand","hubris:TenFootPole","downfall:GremlinWheel","Juzu Bracelet","Du-Vu Doll","Gremlin Food","Guardian:PocketSentry","Bag of Marbles","xbg","reliquary:Spinner","hubris:SlimyHat","Guide Book","reliquary:Stiletto","SynthV:C4","reliquary:FingerTrap","Snack Pack","Anchor","Ornamental Fan","White Beast Statue","sneckomod:SleevedAce","SSSystem","Shovel","hubris:MysteriousPyramids"],"acts_visited":["Exordium","TheCity"],"potions_floor_usage":[16,20,21,25],"damage_taken":[{"damage":5,"enemies":"Small Slimes","floor":2,"turns":1},{"damage":6,"enemies":"Cultist","floor":3,"turns":2},{"damage":0,"enemies":"2 Louse","floor":4,"turns":3},{"damage":5,"enemies":"Large Slime","floor":5,"turns":4},{"damage":14,"enemies":"3 Sentries","floor":6,"turns":2},{"damage":5,"enemies":"downfall:FleeingMerchant","floor":9,"turns":4},{"damage":0,"enemies":"downfall:FleeingMerchant","floor":10,"turns":2},{"damage":0,"enemies":"downfall:LooterAlt","floor":11,"turns":2},{"damage":5,"enemies":"Gremlin Nob","floor":12,"turns":2},{"damage":0,"enemies":"Exordium Wildlife","floor":13,"turns":3},{"damage":5,"enemies":"downfall:FleeingMerchant","floor":14,"turns":2},{"damage":5,"enemies":"Red Slaver","floor":15,"turns":2},{"damage":5,"enemies":"DF_ARCHETYPE_STREAMLINE","floor":16,"turns":3},{"damage":0,"enemies":"3 Byrds","floor":19,"turns":3},{"damage":0,"enemies":"Chosen","floor":20,"turns":1},{"damage":0,"enemies":"Snake Plant","floor":22,"turns":4},{"damage":0,"enemies":"Cultist and Chosen","floor":23,"turns":2},{"damage":0,"enemies":"Snecko","floor":25,"turns":2},{"damage":0,"enemies":"Centurion and Healer","floor":26,"turns":2},{"damage":0,"enemies":"3 Cultists","floor":32,"turns":1},{"damage":0,"enemies":"IC_MUSHROOM_ARCHETYPE","floor":33,"turns":1}],"seed_played":"5322450245307313973","potions_obtained":[{"floor":2,"key":"hexamod:SoulburnPotion"},{"floor":5,"key":"Explosive Potion"},{"floor":6,"key":"sneckomod:CheatPotion"},{"floor":13,"key":"sneckomod:DiceRollPotion"},{"floor":16,"key":"Strength Potion"},{"floor":25,"key":"GamblersBrew"},{"floor":26,"key":"SteroidPotion"}],"is_trial":false,"path_per_floor":["R","M","M","M","M","E","T","R","$","?","M","E","M","$","M","B",null,"R","M","M","$","M","M","T","M","M","T","R","$","R","$","M","B"],"character_chosen":"THE_SNECKO","items_purchased":["Replay:Wax Seal","ClockworkSouvenir","sneckomod:RainOfDice","Mummified Hand","hubris:TenFootPole","Du-Vu Doll","Gremlin Food","Guardian:PocketSentry","Bag of Marbles","sneckomod:UnknownCommonSkill","sneckomod:SnekBeam","reliquary:Spinner","hubris:SlimyHat","Guide Book","Fruit Juice","reliquary:FingerTrap","Snack Pack","Anchor","Ornamental Fan","sneckomod:UnknownUncommonPower","sneckomod:SleevedAce","SSSystem","Shovel","hubris:MysteriousPyramids"],"campfire_rested":0,"item_purchase_floors":[9,9,9,9,9,14,14,14,14,14,14,21,21,21,21,29,29,29,29,31,31,31,31,31],"current_hp_per_floor":[1000,995,989,989,984,970,970,970,965,965,965,960,960,955,950,945,1000,1000,1000,1000,1007,1007,1007,1007,1007,1007,1007,1007,1007,1007,1007,1007,1007,1007,1007],"gold":7260,"neow_bonus":"THREE_CARDS","is_daily":false,"chose_seed":false,"campfire_upgraded":1,"win_rate":0.0,"timestamp":1613738193,"path_taken":["R","M","M","M","M","E","T","R","$","?","M","E","M","$","M","BOSS","R","M","M","$","M","M","T","M","M","?","R","$","R","$","M","BOSS"],"items_purchased_type":["Relic","Relic","Card","Relic","Relic","Relic","Relic","Relic","Relic","Card","Card","Relic","Relic","Relic","Potion","Relic","Relic","Relic","Relic","Card","Relic","Relic","Relic","Relic"],"build_version":"2020-12-22","purchased_purges":1,"victory":false,"max_hp_per_floor":[1000,1000,1000,1000,1000,1000,1000,1000,1000,1000,1000,1000,1000,1000,1000,1000,1000,1000,1000,1000,1007,1007,1007,1007,1007,1007,1007,1007,1007,1007,1007,1007,1007,1007,1007],"card_choices":[{"not_picked":["sneckomod:SoulDraw","sneckomod:WideSting"],"picked":"sneckomod:Unknown2Cost","floor":0},{"not_picked":["sneckomod:SoulRoll","sneckomod:SoulDraw"],"picked":"sneckomod:UnknownBlock","floor":2},{"not_picked":["sneckomod:SoulRoll","sneckomod:UnknownCommonAttack"],"picked":"sneckomod:UnknownX","floor":3},{"not_picked":["sneckomod:UnknownColorless","sneckomod:Unknown1Cost"],"picked":"sneckomod:UnknownStrength","floor":4},{"not_picked":["sneckomod:UnknownExhaust","sneckomod:IronFang","sneckomod:SoulCleanse"],"picked":"SKIP","floor":5},{"not_picked":["sneckomod:SlitherStrike","sneckomod:ImprovisedAttack"],"picked":"sneckomod:RainOfDice","floor":6},{"not_picked":["sneckomod:DefensiveFlair","sneckomod:WideSting"],"picked":"sneckomod:UnknownBlock","floor":9},{"not_picked":["sneckomod:PureSnecko","sneckomod:IronFang"],"picked":"sneckomod:UnknownUncommonAttack","floor":11},{"not_picked":["sneckomod:RainOfDice","sneckomod:UnendingSupply","sneckomod:TrashToTreasure"],"picked":"SKIP","floor":12},{"not_picked":["sneckomod:DiceBlock","sneckomod:SoulDraw"],"picked":"sneckomod:UnknownUncommonPower","floor":13},{"not_picked":["sneckomod:DiceCrush","sneckomod:SoulRoll"],"picked":"sneckomod:Unknown0Cost","floor":14},{"not_picked":["sneckomod:UnknownUncommonSkill","sneckomod:SoulRoll"],"picked":"sneckomod:RainOfDice","floor":15},{"not_picked":["sneckomod:SoulExchange","sneckomod:MorePower"],"picked":"sneckomod:UnknownRarePower","floor":16},{"not_picked":["sneckomod:SoulCleanse","sneckomod:TrashToTreasure","sneckomod:UnknownUncommonSkill"],"picked":"SKIP","floor":19},{"not_picked":["sneckomod:WideSting","sneckomod:DiceBlock"],"picked":"sneckomod:Unknown0Cost+1","floor":20},{"not_picked":["sneckomod:SoulRoll","sneckomod:Unknown0Cost"],"picked":"sneckomod:UnknownX+1","floor":22},{"not_picked":["sneckomod:QuickMove+1","sneckomod:PureSnecko","sneckomod:IronFang"],"picked":"SKIP","floor":23},{"not_picked":["sneckomod:Rotation","sneckomod:CheapStock+1"],"picked":"sneckomod:SnakeSap","floor":25},{"not_picked":["sneckomod:DiceBlock","sneckomod:UnknownBlock+1"],"picked":"sneckomod:UnknownStrength","floor":26},{"not_picked":["sneckomod:PureSnecko","sneckomod:QuickBite","sneckomod:Mudshield"],"picked":"SKIP","floor":32}],"player_experience":379842,"relics_obtained":[{"floor":6,"key":"sneckomod:SneckoCommon"},{"floor":7,"key":"Ancient Tea Set"},{"floor":10,"key":"downfall:GremlinWheel"},{"floor":12,"key":"Juzu Bracelet"},{"floor":24,"key":"reliquary:Stiletto"},{"floor":27,"key":"SynthV:C4"},{"floor":30,"key":"White Beast Statue"}],"event_choices":[{"damage_healed":0,"gold_gain":0,"player_choice":"Relic","damage_taken":0,"max_hp_gain":0,"max_hp_loss":0,"event_name":"Wheel of Change","floor":30,"gold_loss":0}],"is_beta":false,"boss_relics":[{"not_picked":["JellyFishMachine","NightmareShop"],"picked":"xbg"}],"items_purged_floors":[21],"is_endless":false,"potions_floor_spawned":[2,5,6,13,15,16,19,25,26,32],"killed_by":"IC_MUSHROOM_ARCHETYPE","ascension_level":1}}