{"host":"dxgv5rrg6e29tc63","time":1613770038,"event":{"mods":["BaseMod","Colored Map","Downfall","Minty Spire (QoL Compilation)","StSLib"],"gold_per_floor":[99,99,99,99,99,99,123,133,167,167,184,219,274,274,274,274],"floor_reached":14,"language":"ENG","playtime":2319,"items_purged":[],"score":94,"play_id":"cd96e67c-f144-4dbc-aa55-fbd8eeec2059","local_time":"20210219132718","is_ascension_mode":false,"campfire_choices":[{"data":"Slimebound:Split","floor":1,"key":"SMITH"},{"data":"Slimebound:ForwardTackle","floor":10,"key":"SMITH"}],"circlet_count":0,"master_deck":["Slimebound:Strike_Slimebound","Slimebound:Strike_Slimebound","Slimebound:Strike_Slimebound","Slimebound:Tackle","Slimebound:Defend_Slimebound","Slimebound:Defend_Slimebound","Slimebound:Defend_Slimebound","Slimebound:Defend_Slimebound","Slimebound:Split+1","Slimebound:CorrosiveSpit","Slimebound:DisruptingSlam","Slimebound:MinionMaster","Slimebound:SlimeBrawl","Slimebound:Prepare","Slimebound:ForwardTackle+1","Slimebound:SplitBruiser","Slimebound:FormOfPuddle","Slimebound:SlimeBarrage"],"relics":["Slimebound:AbsorbEndCombat","downfall:HeartsMalice","Lantern","Akabeko","Bag of Preparation","Ice Cream","Bronze Scales"],"acts_visited":["Exordium"],"potions_floor_usage":[],"damage_taken":[{"damage":0,"enemies":"Cultist","floor":2,"turns":1},{"damage":0,"enemies":"downfall:FleeingMerchant","floor":3,"turns":1},{"damage":0,"enemies":"2 Louse","floor":5,"turns":1},{"damage":6,"enemies":"Jaw Worm","floor":8,"turns":3},{"damage":31,"enemies":"Lagavulin","floor":9,"turns":8},{"damage":0,"enemies":"2 Fungi Beasts","floor":11,"turns":2},{"damage":22,"enemies":"3 Sentries","floor":12,"turns":6},{"damage":12,"enemies":"Gremlin Nob","floor":13,"turns":3},{"damage":19,"enemies":"Lagavulin","floor":14,"turns":4}],"seed_played":"-4843576783462599061","potions_obtained":[{"floor":9,"key":"Weak Potion"},{"floor":11,"key":"FearPotion"},{"floor":12,"key":"SmokeBomb"},{"floor":13,"key":"bronze:BurnAndBuffPotion"}],"is_trial":false,"path_per_floor":["R","M","$","?","M","?","T","M","E","R","M","E","?","E"],"character_chosen":"SLIMEBOUND","items_purchased":[],"campfire_rested":0,"item_purchase_floors":[],"current_hp_per_floor":[65,65,65,58,58,58,58,56,33,33,35,13,3,0,0,0],"gold":274,"neow_bonus":"THREE_ENEMY_KILL","is_daily":false,"chose_seed":false,"campfire_upgraded":2,"win_rate":0.0,"timestamp":1613770038,"path_taken":["R","M","$","?","M","?","T","?","E","R","M","E","?","E"],"items_purchased_type":[],"build_version":"2020-12-22","purchased_purges":0,"victory":false,"max_hp_per_floor":[65,65,65,65,65,65,65,65,65,65,65,65,65,65,65,65],"card_choices":[{"not_picked":["Slimebound:SplitAcid","Slimebound:PressTheAttack"],"picked":"Slimebound:DisruptingSlam","floor":2},{"not_picked":["Slimebound:ComboTackle","Slimebound:ProtectTheBoss"],"picked":"Slimebound:MinionMaster","floor":3},{"not_picked":["Slimebound:RollThrough","Slimebound:AcidTongue"],"picked":"Slimebound:SlimeBrawl","floor":5},{"not_picked":["Slimebound:LeechingTouch","Slimebound:RollThrough"],"picked":"Slimebound:Prepare","floor":8},{"not_picked":["Slimebound:GoopTackle","Slimebound:SpikyOuterGoop"],"picked":"Slimebound:ForwardTackle","floor":9},{"not_picked":["Slimebound:LeechingTouch","Slimebound:SpikyOuterGoop"],"picked":"Slimebound:SplitBruiser","floor":11},{"not_picked":["Slimebound:GoopSpray","Slimebound:SlimeSpikes"],"picked":"Slimebound:FormOfPuddle","floor":12},{"not_picked":["Slimebound:ComboTackle","Slimebound:RainOfGoop"],"picked":"Slimebound:SlimeBarrage","floor":13}],"player_experience":367972,"relics_obtained":[{"floor":7,"key":"Akabeko"},{"floor":9,"key":"Bag of Preparation"},{"floor":12,"key":"Ice Cream"},{"floor":13,"key":"Bronze Scales"}],"event_choices":[{"damage_healed":0,"gold_gain":0,"player_choice":"Success","damage_taken":7,"relics_obtained":["Lantern"],"max_hp_gain":0,"max_hp_loss":0,"event_name":"Scrap Ooze","floor":4,"gold_loss":0}],"is_beta":false,"boss_relics":[],"items_purged_floors":[],"is_endless":false,"potions_floor_spawned":[9,11,12,13],"killed_by":"Lagavulin","ascension_level":0}}