{"host":"13o02hya6v6rzuva","time":1613740751,"event":{"mods":["BaseMod","Minty Spire (QoL Compilation)","Relic Stats"],"gold_per_floor":[112,122,7,7,7,35,35,35,35],"floor_reached":8,"language":"ENG","playtime":305,"items_purged":[],"score":89,"play_id":"91e10f5e-fa9d-4a05-bbe3-d74f211c6e04","local_time":"20210219141911","is_ascension_mode":true,"campfire_choices":[{"floor":7,"key":"REST"}],"circlet_count":0,"master_deck":["AscendersBane","Strike_R","Strike_R","Strike_R","Strike_R","Strike_R","Defend_R","Defend_R","Defend_R","Bash","Panacea","Headbutt","Sword Boomerang","Combust","Iron Wave","Clothesline"],"relics":["Burning Blood","Boot"],"acts_visited":["Exordium"],"potions_floor_usage":[6],"damage_taken":[{"damage":11,"enemies":"Cultist","floor":1,"turns":4},{"damage":10,"enemies":"Small Slimes","floor":2,"turns":4},{"damage":44,"enemies":"Lagavulin","floor":6,"turns":6},{"damage":50,"enemies":"3 Sentries","floor":8,"turns":6}],"seed_played":"4371678601494287122","potions_obtained":[{"floor":2,"key":"BlessingOfTheForge"}],"is_trial":false,"path_per_floor":["M","M","$","?","$","E","R","E"],"character_chosen":"IRONCLAD","items_purchased":["Combust","Iron Wave"],"campfire_rested":1,"item_purchase_floors":[3,3],"current_hp_per_floor":[67,63,63,63,63,25,49,0,0],"gold":35,"neow_bonus":"RANDOM_COLORLESS","is_daily":false,"chose_seed":false,"campfire_upgraded":0,"win_rate":0.0,"timestamp":1613740751,"path_taken":["M","M","$","?","$","E","R","E"],"items_purchased_type":["Card","Card"],"build_version":"2020-12-22","purchased_purges":0,"victory":false,"max_hp_per_floor":[80,80,80,80,80,80,80,80,80],"relic_stats":{"counters":[4,20],"Boot":[19],"obtain_stats":[{"Boot":6,"Burning Blood":0},{"Boot":3,"Burning Blood":0},{"Boot":14,"Burning Blood":0}],"Burning Blood":18},"card_choices":[{"not_picked":["Trip","Jack Of All Trades"],"picked":"Panacea","floor":0},{"not_picked":["Warcry","Dual Wield"],"picked":"Headbutt","floor":1},{"not_picked":["Body Slam","Dual Wield"],"picked":"Sword Boomerang","floor":2},{"not_picked":["Pommel Strike","Sword Boomerang"],"picked":"Clothesline","floor":6}],"player_experience":1233222,"relics_obtained":[{"floor":6,"key":"Boot"}],"event_choices":[{"cards_removed":["Defend_R"],"damage_healed":0,"gold_gain":0,"player_choice":"Purged","damage_taken":0,"max_hp_gain":0,"max_hp_loss":0,"event_name":"Purifier","floor":4,"gold_loss":0}],"is_beta":false,"boss_relics":[],"items_purged_floors":[],"is_endless":false,"potions_floor_spawned":[2],"killed_by":"3 Sentries","ascension_level":13}}