{"host":"nz11ypxva4e39b7q","time":1613778015,"event":{"mods":["BaseMod","Better Third Choice","Better Vampires","Colored Map","Minty Spire (QoL Compilation)","Quick Restart","Shapeshifter Mod","StSLib"],"gold_per_floor":[17,17,0,14,34,63,76,106,131,131,158,170,170,180,180,278,278,294,304,304,324,94,94,122,122,122,154,154,165,181,197,197,197,197],"floor_reached":33,"language":"ENG","playtime":1600,"items_purged":["StSShapeShifter:ShapeShifter_Defend"],"score":433,"play_id":"6e83b89b-1c55-415d-b9ee-163e04db56a6","local_time":"20210220004015","is_ascension_mode":true,"campfire_choices":[{"data":"StSShapeShifter:StormGryphonForm","floor":10.0,"key":"SMITH"},{"data":"StSShapeShifter:BurstingSpore","floor":13.0,"key":"SMITH"},{"floor":15.0,"key":"REST"},{"floor":23.0,"key":"REST"},{"data":"StSShapeShifter:Synchronicity","floor":25.0,"key":"SMITH"},{"floor":28.0,"key":"REST"},{"floor":32.0,"key":"REST"}],"circlet_count":0,"master_deck":["StSShapeShifter:ShapeShifter_Strike+1","StSShapeShifter:ShapeShifter_Strike","StSShapeShifter:ShapeShifter_Strike+1","StSShapeShifter:ShapeShifter_Strike","StSShapeShifter:ShapeShifter_Defend","StSShapeShifter:ShapeShifter_Defend","StSShapeShifter:ShapeShifter_Defend","StSShapeShifter:ShapeShifter_Defend","StSShapeShifter:ThrashAbout","StSShapeShifter:StormGryphonForm+1","Enlightenment","StSShapeShifter:AdaptiveStrikes","StSShapeShifter:VineHandcuffs","StSShapeShifter:BurstOfLifeEscapeDeath","StSShapeShifter:BurstingSpore+1","StSShapeShifter:FruitBasket","StSShapeShifter:MagicMushrooms","StSShapeShifter:Sapling","StSShapeShifter:Synchronicity+1","StSShapeShifter:GoldenBerries"],"relics":["StSShapeShifter:AnimalHeart","StSShapeShifter:TheShapeShiftersMagnolia","Ice Cream","Tiny Chest","Orichalcum","Whetstone","Runic Dome","Potion Belt","MealTicket","Mercury Hourglass","Frozen Egg 2","StSShapeShifter:EmeraldPantherFigurine"],"acts_visited":["TheCity"],"potions_floor_usage":[33],"damage_taken":[{"damage":7.0,"enemies":"Small Slimes","floor":1.0,"turns":3.0},{"damage":6.0,"enemies":"2 Louse","floor":4.0,"turns":2.0},{"damage":0.0,"enemies":"Cultist","floor":5.0,"turns":4.0},{"damage":15.0,"enemies":"3 Sentries","floor":6.0,"turns":4.0},{"damage":5.0,"enemies":"Lots of Slimes","floor":7.0,"turns":3.0},{"damage":21.0,"enemies":"Gremlin Nob","floor":8.0,"turns":4.0},{"damage":6.0,"enemies":"3 Sentries","floor":11.0,"turns":6.0},{"damage":0.0,"enemies":"Red Slaver","floor":12.0,"turns":3.0},{"damage":0.0,"enemies":"Exordium Wildlife","floor":14.0,"turns":3.0},{"damage":6.0,"enemies":"Hexaghost","floor":16.0,"turns":9.0},{"damage":17.0,"enemies":"Shell Parasite","floor":18.0,"turns":6.0},{"damage":12.0,"enemies":"2 Thieves","floor":19.0,"turns":4.0},{"damage":20.0,"enemies":"Snake Plant","floor":21.0,"turns":7.0},{"damage":6.0,"enemies":"Slavers","floor":24.0,"turns":4.0},{"damage":43.0,"enemies":"Book of Stabbing","floor":27.0,"turns":7.0},{"damage":3.0,"enemies":"3 Cultists","floor":29.0,"turns":4.0},{"damage":8.0,"enemies":"Centurion and Healer","floor":30.0,"turns":5.0},{"damage":22.0,"enemies":"Snake Plant","floor":31.0,"turns":6.0},{"damage":70,"enemies":"Automaton","floor":33,"turns":6}],"seed_played":"8395427468916379386","potions_obtained":[{"floor":5.0,"key":"ColorlessPotion"},{"floor":6.0,"key":"Fire Potion"},{"floor":8.0,"key":"EntropicBrew"},{"floor":14.0,"key":"PowerPotion"},{"floor":18.0,"key":"StSShapeShifter:PolyBeastPotion"},{"floor":19.0,"key":"BlessingOfTheForge"},{"floor":27.0,"key":"LiquidBronze"}],"is_trial":false,"path_per_floor":["M","?","?","M","M","E","M","E","T","R","E","M","R","M","R","B",null,"M","M","?","M","$","R","E","R","T","E","R","M","M","M","R","B"],"character_chosen":"SHAPESHIFTER","items_purchased":["MealTicket"],"campfire_rested":4,"item_purchase_floors":[22],"current_hp_per_floor":[63,56,62,56,56,41,36,15,15,15,9,9,9,9,34,32,71,56,44,44,26,26,51,45,45,45,4,29,26,26,10,35,0,0],"gold":197,"neow_bonus":"REMOVE_TWO","is_daily":false,"chose_seed":false,"campfire_upgraded":3,"win_rate":0.0,"timestamp":1613778015,"path_taken":["M","?","?","M","M","E","M","E","T","R","E","M","R","M","R","BOSS","M","M","?","?","$","R","E","R","T","E","R","M","M","?","R","BOSS"],"items_purchased_type":["Relic"],"build_version":"2020-12-22","purchased_purges":1,"victory":false,"max_hp_per_floor":[78,78,84,84,84,84,84,84,84,84,84,84,84,84,84,84,84,84,84,84,84,84,84,84,84,84,84,84,84,84,84,84,84,84],"card_choices":[{"not_picked":["StSShapeShifter:OakBlade","StSShapeShifter:Synchronicity"],"picked":"StSShapeShifter:ThrashAbout","floor":1.0},{"not_picked":["StSShapeShifter:PoisonIvy","StSShapeShifter:FesteringBite"],"picked":"StSShapeShifter:AdaptiveStrikes","floor":4.0},{"not_picked":["StSShapeShifter:ShiftingStrike","StSShapeShifter:HippoForm"],"picked":"StSShapeShifter:VineHandcuffs","floor":5.0},{"not_picked":["StSShapeShifter:PoisonIvy","StSShapeShifter:MultiSpiritedStrike","StSShapeShifter:CosmicShifter"],"picked":"SKIP","floor":6.0},{"not_picked":["StSShapeShifter:PoisonIvy","StSShapeShifter:Maul"],"picked":"StSShapeShifter:BurstOfLifeEscapeDeath","floor":7.0},{"not_picked":["StSShapeShifter:Rabid","StSShapeShifter:FlowerShield","StSShapeShifter:BearForm"],"picked":"SKIP","floor":8.0},{"not_picked":["StSShapeShifter:EagleForm","StSShapeShifter:Rest","StSShapeShifter:BladeOfGrass"],"picked":"SKIP","floor":11.0},{"not_picked":["StSShapeShifter:FruitBasket","StSShapeShifter:SquirrelForm"],"picked":"StSShapeShifter:BurstingSpore","floor":12.0},{"not_picked":["StSShapeShifter:Maul","StSShapeShifter:FesteringBite"],"picked":"StSShapeShifter:FruitBasket","floor":14.0},{"not_picked":["StSShapeShifter:FallingLeaves","StSShapeShifter:SunflowerShuriken","StSShapeShifter:MonkeyForm"],"picked":"SKIP","floor":18.0},{"not_picked":["StSShapeShifter:Rest","StSShapeShifter:SunflowerShuriken"],"picked":"StSShapeShifter:MagicMushrooms","floor":19.0},{"not_picked":["StSShapeShifter:BurstingSpore","StSShapeShifter:PoisonIvy"],"picked":"StSShapeShifter:Sapling","floor":21.0},{"not_picked":["StSShapeShifter:PantherForm","StSShapeShifter:WiltingWrath"],"picked":"StSShapeShifter:Synchronicity","floor":24.0},{"not_picked":["StSShapeShifter:OakBlade","StSShapeShifter:BloomingSlash","StSShapeShifter:ShiftingStrike+1"],"picked":"SKIP","floor":27.0},{"not_picked":["StSShapeShifter:Sapling","StSShapeShifter:LionForm"],"picked":"StSShapeShifter:GoldenBerries","floor":29.0},{"not_picked":["StSShapeShifter:BarkSkin","StSShapeShifter:SquirrelForm","StSShapeShifter:PoisonIvy+1"],"picked":"SKIP","floor":30.0},{"not_picked":["StSShapeShifter:ForestFire+1","StSShapeShifter:Roar","StSShapeShifter:AdaptiveStrikes"],"picked":"SKIP","floor":31.0}],"player_experience":1076208,"relics_obtained":[{"floor":6.0,"key":"Ice Cream"},{"floor":8.0,"key":"Tiny Chest"},{"floor":9.0,"key":"Orichalcum"},{"floor":11.0,"key":"Whetstone"},{"floor":24.0,"key":"Mercury Hourglass"},{"floor":26.0,"key":"Frozen Egg 2"},{"floor":27.0,"key":"StSShapeShifter:EmeraldPantherFigurine"}],"event_choices":[{"damage_healed":0.0,"max_hp_gain":0.0,"max_hp_loss":0.0,"gold_gain":0.0,"event_name":"betterThird:BetterSerpent","player_choice":"RENOUNCE","floor":3.0,"gold_loss":17.0,"damage_taken":17.0,"cards_obtained":["Enlightenment"]},{"damage_healed":0.0,"max_hp_gain":0.0,"max_hp_loss":0.0,"gold_gain":0.0,"event_name":"WeMeetAgain","player_choice":"Gave Potion","floor":20.0,"gold_loss":0.0,"damage_taken":0.0,"relics_obtained":["Potion Belt"]}],"is_beta":false,"boss_relics":[{"not_picked":["Velvet Choker","Tiny House"],"picked":"Runic Dome"}],"items_purged_floors":[22],"is_endless":false,"potions_floor_spawned":[5,6,8,14,18,19,27],"killed_by":"Automaton","ascension_level":8}}