{"host":"xo0glkmxta74xh34","time":1613772208,"event":{"mods":["BaseMod","Downfall","Minty Spire (QoL Compilation)","Reliquary","Replay The Spire","StSLib"],"gold_per_floor":[99,119,131,149,149,149,149,249,268,303,316,343,343,343,361,361,361,361],"floor_reached":16,"language":"ENG","playtime":633,"items_purged":[],"score":134,"play_id":"42640b4c-255b-4a45-9754-25648057cf93","local_time":"20210219160328","is_ascension_mode":true,"campfire_choices":[{"data":"Slimebound:Recycling","floor":1,"key":"SMITH"},{"data":"Slimebound:Split","floor":6,"key":"SMITH"}],"circlet_count":0,"master_deck":["Slimebound:Strike_Slimebound","Slimebound:Strike_Slimebound","Slimebound:Tackle","Slimebound:Defend_Slimebound","Slimebound:Defend_Slimebound","Slimebound:Defend_Slimebound","Slimebound:Defend_Slimebound","Slimebound:Split+1","Slimebound:CorrosiveSpit","downfall:Icky","Slimebound:Recycling+1","Slimebound:HauntingLick","Slimebound:SplitMire","Regret","Slimebound:RejuvenatingLick","Slimebound:FormOfPuddle","Slimebound:Repurpose","Slimebound:Repurpose","Parasite","Slimebound:RejuvenatingLick"],"relics":["Slimebound:AbsorbEndCombat","ReplayTheSpireMod:TigerMarble","reliquary:PrincelyHelmet","Boot"],"acts_visited":["Exordium"],"potions_floor_usage":[10,12,16],"damage_taken":[{"damage":1,"enemies":"Cultist","floor":2,"turns":4},{"damage":0,"enemies":"2 Louse","floor":3,"turns":3},{"damage":4,"enemies":"Small Slimes","floor":4,"turns":3},{"damage":37,"enemies":"Gremlin Gang","floor":9,"turns":4},{"damage":32,"enemies":"Gremlin Nob","floor":10,"turns":4},{"damage":5,"enemies":"Exordium Thugs","floor":11,"turns":4},{"damage":14,"enemies":"3 Sentries","floor":12,"turns":6},{"damage":18,"enemies":"Large Slime","floor":15,"turns":4},{"damage":11,"enemies":"IC_STATUS_ARCHETYPE","floor":16,"turns":2}],"seed_played":"9021178966424012627","potions_obtained":[{"floor":4,"key":"Block Potion"},{"floor":11,"key":"Adrenaline Potion"},{"floor":12,"key":"Block Potion"}],"is_trial":false,"path_per_floor":["R","M","M","M","?","R","T","?","M","E","M","E","?","?","M","B"],"character_chosen":"SLIMEBOUND","items_purchased":[],"campfire_rested":0,"item_purchase_floors":[],"current_hp_per_floor":[65,65,65,65,65,65,65,65,36,10,11,1,1,17,3,0,0,0],"gold":361,"neow_bonus":"THREE_RARE_CARDS","is_daily":false,"chose_seed":false,"campfire_upgraded":2,"win_rate":0.0,"timestamp":1613772208,"path_taken":["R","M","M","M","?","R","T","?","M","E","?","E","?","?","M","BOSS"],"items_purchased_type":[],"build_version":"2020-12-22","purchased_purges":0,"victory":false,"max_hp_per_floor":[65,65,65,65,65,65,65,65,65,65,65,65,65,65,65,65,65,65],"card_choices":[{"not_picked":["Slimebound:SelfFormingGoo","Slimebound:LeechLife"],"picked":"Slimebound:Recycling","floor":0},{"not_picked":["Slimebound:FlameTackle","Slimebound:SplitAcid"],"picked":"Slimebound:HauntingLick","floor":2},{"not_picked":["Slimebound:ItLooksTasty","Slimebound:ComboTackle"],"picked":"Slimebound:SplitMire","floor":3},{"not_picked":["Slimebound:Prepare","Slimebound:LivingWall","Slimebound:Schlurp"],"picked":"SKIP","floor":4},{"not_picked":["Slimebound:FlameTackle","Slimebound:ComboTackle"],"picked":"Slimebound:RejuvenatingLick","floor":9},{"not_picked":["Slimebound:ProtectTheBoss","Slimebound:GoopSpray"],"picked":"Slimebound:FormOfPuddle","floor":10},{"not_picked":["Slimebound:ViciousTackle","Slimebound:LeechEnergy"],"picked":"Slimebound:Repurpose","floor":11},{"not_picked":["Slimebound:FormOfPuddle","Slimebound:BestDefense"],"picked":"Slimebound:Repurpose","floor":12},{"not_picked":["Slimebound:DisruptingSlam","Slimebound:ItLooksTasty"],"picked":"Slimebound:RejuvenatingLick","floor":15}],"player_experience":523500,"relics_obtained":[{"floor":10,"key":"reliquary:PrincelyHelmet"},{"floor":12,"key":"Boot"}],"event_choices":[{"damage_healed":0,"gold_gain":0,"player_choice":"Box","damage_taken":0,"relics_obtained":["ReplayTheSpireMod:TigerMarble"],"max_hp_gain":0,"max_hp_loss":0,"event_name":"Big Fish","floor":5,"gold_loss":0,"cards_obtained":["Regret"]},{"damage_healed":16,"gold_gain":0,"player_choice":"Healed and dodged fight","damage_taken":0,"max_hp_gain":0,"max_hp_loss":0,"event_name":"Mushrooms","floor":14,"gold_loss":0,"cards_obtained":["Parasite"]}],"is_beta":false,"boss_relics":[],"items_purged_floors":[],"is_endless":false,"potions_floor_spawned":[4,11,12],"killed_by":"IC_STATUS_ARCHETYPE","ascension_level":4}}