{"host":"6ulps5ednfgqn0to","time":1613695933,"event":{"mods":["AchievementEnabler","BaseMod","Colored Map","Highlight Path","Minty Spire (QoL Compilation)","Relic Sorter","Relic Stats","StSLib"],"gold_per_floor":[110,127,142,20,30,59,79,79,155,174,189,215,215,165,165,268,268,278,308,318,318,47,47,67,67,67,98,114,114,114],"floor_reached":29,"language":"ENG","playtime":1706,"items_purged":[],"score":296,"play_id":"d690d83a-15a3-4e53-adab-02dea3858db8","local_time":"20210219025213","is_ascension_mode":true,"campfire_choices":[{"data":"Blizzard","floor":8,"key":"SMITH"},{"data":"Defragment","floor":15,"key":"SMITH"},{"floor":23,"key":"REST"},{"floor":25,"key":"REST"}],"circlet_count":0,"master_deck":["Strike_B","Strike_B","Strike_B","Strike_B","Defend_B","Defend_B","Defend_B","Defend_B","Zap","Dualcast","Glacier","Gash","Blizzard+1","Defragment+1","Cold Snap","Genetic Algorithm","Gash","Compile Driver","Redo","Leap","Fission","Coolheaded","Machine Learning","Defragment","Beam Cell","Fission","Hologram","Writhe","Coolheaded+1","Echo Form"],"relics":["Cursed Key","StoneCalendar","Cables","Lizard Tail","Black Star","Red Mask","Ancient Tea Set","Membership Card","Bronze Scales","Blue Candle"],"acts_visited":["Exordium","TheCity"],"potions_floor_usage":[27,29],"damage_taken":[{"damage":0,"enemies":"Cultist","floor":1,"turns":3},{"damage":0,"enemies":"Small Slimes","floor":2,"turns":4},{"damage":0,"enemies":"2 Louse","floor":3,"turns":4},{"damage":16,"enemies":"Large Slime","floor":5,"turns":6},{"damage":25,"enemies":"Gremlin Nob","floor":6,"turns":7},{"damage":2,"enemies":"Red Slaver","floor":7,"turns":5},{"damage":4,"enemies":"Looter","floor":10,"turns":3},{"damage":2,"enemies":"2 Fungi Beasts","floor":11,"turns":3},{"damage":6,"enemies":"3 Sentries","floor":12,"turns":6},{"damage":9,"enemies":"The Guardian","floor":16,"turns":11},{"damage":27,"enemies":"Spheric Guardian","floor":18,"turns":5},{"damage":33,"enemies":"Masked Bandits","floor":19,"turns":7},{"damage":0,"enemies":"Chosen","floor":20,"turns":6},{"damage":4,"enemies":"Centurion and Healer","floor":24,"turns":7},{"damage":32,"enemies":"Slavers","floor":27,"turns":7},{"damage":12,"enemies":"Sentry and Sphere","floor":28,"turns":7},{"damage":54,"enemies":"Book of Stabbing","floor":29,"turns":5}],"seed_played":"-3214710625297360766","potions_obtained":[{"floor":1,"key":"LiquidMemories"},{"floor":6,"key":"EssenceOfSteel"},{"floor":7,"key":"Swift Potion"},{"floor":19,"key":"DistilledChaos"},{"floor":24,"key":"FearPotion"}],"is_trial":false,"path_per_floor":["M","M","M","$","M","E","M","R","T","M","M","E","?","?","R","B",null,"M","?","M","?","$","R","M","R","T","E","M","E"],"character_chosen":"DEFECT","items_purchased":["Defragment","Cold Snap","Membership Card","Defragment","Beam Cell","Fission"],"campfire_rested":2,"item_purchase_floors":[4,4,22,22,22,22],"current_hp_per_floor":[75,75,75,75,59,34,32,32,32,28,26,20,45,45,45,36,75,48,15,15,15,15,37,33,55,55,23,11,0,0],"gold":114,"neow_bonus":"BOSS_RELIC","is_daily":false,"chose_seed":false,"campfire_upgraded":2,"win_rate":0.0,"timestamp":1613695933,"path_taken":["M","?","M","$","M","E","M","R","T","M","M","E","?","?","R","BOSS","M","?","M","?","$","R","?","R","T","E","M","E"],"items_purchased_type":["Card","Card","Relic","Card","Card","Card"],"build_version":"2020-12-22","purchased_purges":0,"victory":false,"max_hp_per_floor":[75,75,75,75,75,75,75,75,75,75,75,75,75,75,75,75,75,75,75,75,75,75,75,75,75,75,75,75,75,75],"relic_stats":{"Lizard Tail":37,"counters":[17,96],"Bronze Scales":[42],"Blue Candle":[0],"StoneCalendar":[67],"Black Star":1,"Cursed Key":2,"obtain_stats":[{"Lizard Tail":12,"Bronze Scales":27,"Blue Candle":27,"StoneCalendar":6,"Black Star":17,"Red Mask":19,"Membership Card":22,"Cracked Core":0,"Cursed Key":0,"Ancient Tea Set":21,"Cables":9},{"Lizard Tail":9,"Bronze Scales":15,"Blue Candle":15,"StoneCalendar":5,"Black Star":10,"Red Mask":12,"Membership Card":13,"Cracked Core":0,"Cursed Key":0,"Ancient Tea Set":13,"Cables":6},{"Lizard Tail":41,"Bronze Scales":84,"Blue Candle":84,"StoneCalendar":24,"Black Star":52,"Red Mask":64,"Membership Card":70,"Cracked Core":0,"Cursed Key":0,"Ancient Tea Set":70,"Cables":29}],"Cables":[50,4,46,0,0]},"card_choices":[{"not_picked":["Conserve Battery","Rebound"],"picked":"Glacier","floor":1},{"not_picked":["Streamline","Lockon"],"picked":"Gash","floor":2},{"not_picked":["Beam Cell","Sweeping Beam"],"picked":"Blizzard","floor":3},{"not_picked":["Self Repair","Coolheaded"],"picked":"Genetic Algorithm","floor":5},{"not_picked":["Fission","Conserve Battery"],"picked":"Gash","floor":6},{"not_picked":["Ball Lightning","Streamline"],"picked":"Compile Driver","floor":7},{"not_picked":["Streamline","Darkness"],"picked":"Redo","floor":10},{"not_picked":["Streamline","Beam Cell","Consume"],"picked":"SKIP","floor":11},{"not_picked":["Beam Cell","Steam"],"picked":"Leap","floor":12},{"not_picked":["Rainbow","Amplify"],"picked":"Fission","floor":16},{"not_picked":["Turbo","Rebound+1"],"picked":"Coolheaded","floor":18},{"not_picked":["Gash","Melter"],"picked":"Machine Learning","floor":19},{"not_picked":["Leap","Sweeping Beam","Ball Lightning+1"],"picked":"SKIP","floor":20},{"not_picked":["Go for the Eyes","FTL"],"picked":"Hologram","floor":24},{"not_picked":["Recycle","Rip and Tear"],"picked":"Coolheaded+1","floor":27},{"not_picked":["Darkness","Steam+1"],"picked":"Echo Form","floor":28}],"player_experience":55011,"relics_obtained":[{"floor":6,"key":"StoneCalendar"},{"floor":9,"key":"Cables"},{"floor":12,"key":"Lizard Tail"},{"floor":19,"key":"Red Mask"},{"floor":27,"key":"Bronze Scales"},{"floor":27,"key":"Blue Candle"}],"event_choices":[{"damage_healed":25,"gold_gain":0,"player_choice":"Banana","damage_taken":0,"max_hp_gain":0,"max_hp_loss":0,"event_name":"Big Fish","floor":13,"gold_loss":0},{"cards_removed":["Pain"],"damage_healed":0,"gold_gain":0,"player_choice":"Card Removal","damage_taken":0,"max_hp_gain":0,"max_hp_loss":0,"event_name":"The Cleric","floor":14,"gold_loss":50},{"damage_healed":0,"gold_gain":0,"player_choice":"Fought Bandits","damage_taken":0,"max_hp_gain":0,"max_hp_loss":0,"event_name":"Masked Bandits","floor":19,"gold_loss":0},{"damage_healed":0,"gold_gain":0,"player_choice":"Gave Potion","damage_taken":0,"relics_obtained":["Ancient Tea Set"],"max_hp_gain":0,"max_hp_loss":0,"event_name":"WeMeetAgain","floor":21,"gold_loss":0}],"is_beta":false,"boss_relics":[{"not_picked":["SacredBark","Ectoplasm"],"picked":"Black Star"}],"items_purged_floors":[],"is_endless":false,"potions_floor_spawned":[1,6,7,10,16,18,19,24],"killed_by":"Book of Stabbing","ascension_level":3}}