{"host":"en4narc5947t7k9n","time":1613720781,"event":{"mods":["AchievementEnabler","BaseMod","Colored Map","Minty Spire (QoL Compilation)","SuperFastMode"],"gold_per_floor":[115,81,81,156,170,208,108,129,197,19,19,19],"floor_reached":11,"language":"KOR","playtime":482,"items_purged":["Strike_P","Strike_P"],"score":96,"play_id":"c4b3fb48-d8c4-4687-9832-fdae81b57483","local_time":"20210219164621","is_ascension_mode":false,"campfire_choices":[],"circlet_count":0,"master_deck":["Strike_P","Strike_P","Defend_P","Defend_P","Defend_P","Defend_P","Eruption","Vigilance","LikeWater","Sanctity","JustLucky","DeceiveReality","Protect","InnerPeace","EmptyMind"],"relics":["PureWater","NeowsBlessing","Golden Idol","Bag of Preparation","Bottled Tornado"],"acts_visited":["Exordium"],"potions_floor_usage":[11],"damage_taken":[{"damage":0,"enemies":"Small Slimes","floor":1,"turns":1},{"damage":0,"enemies":"Jaw Worm","floor":5,"turns":1},{"damage":0,"enemies":"Gremlin Nob","floor":6,"turns":1},{"damage":0,"enemies":"Cultist","floor":8,"turns":2},{"damage":50,"enemies":"3 Sentries","floor":11,"turns":10}],"seed_played":"-9038055326166577123","potions_obtained":[{"floor":1,"key":"Ambrosia"},{"floor":5,"key":"Energy Potion"}],"is_trial":false,"path_per_floor":["M","$","?","?","M","E","$","M","T","$","E"],"character_chosen":"WATCHER","items_purchased":["Sanctity","Protect","EmptyMind"],"campfire_rested":0,"item_purchase_floors":[2,7,10],"current_hp_per_floor":[72,72,54,43,43,43,43,43,43,43,0,0],"gold":19,"neow_bonus":"THREE_ENEMY_KILL","is_daily":false,"chose_seed":false,"campfire_upgraded":0,"win_rate":0.0,"timestamp":1613720781,"path_taken":["M","$","?","?","M","E","$","M","T","$","E"],"items_purchased_type":["Card","Card","Card"],"build_version":"2020-12-22","purchased_purges":2,"victory":false,"max_hp_per_floor":[72,72,72,72,72,72,72,72,72,72,72,72],"card_choices":[{"not_picked":["WaveOfTheHand","SashWhip"],"picked":"LikeWater","floor":1},{"not_picked":["SashWhip","Crescendo"],"picked":"JustLucky","floor":5},{"not_picked":["WindmillStrike","CutThroughFate"],"picked":"DeceiveReality","floor":6},{"not_picked":["CutThroughFate","Meditate"],"picked":"InnerPeace","floor":8}],"player_experience":76185,"relics_obtained":[{"floor":6,"key":"Bag of Preparation"},{"floor":9,"key":"Bottled Tornado"}],"event_choices":[{"damage_healed":0,"gold_gain":0,"player_choice":"Take Damage","damage_taken":18,"relics_obtained":["Golden Idol"],"max_hp_gain":0,"max_hp_loss":0,"event_name":"Golden Idol","floor":3,"gold_loss":0},{"damage_healed":0,"gold_gain":75,"player_choice":"Gather Gold","damage_taken":11,"max_hp_gain":0,"max_hp_loss":0,"event_name":"World of Goop","floor":4,"gold_loss":0}],"is_beta":false,"boss_relics":[],"items_purged_floors":[7,10],"is_endless":false,"potions_floor_spawned":[1,5],"killed_by":"3 Sentries","ascension_level":0}}