{"host":"cgwysqtmt736mr58","time":1613750813,"event":{"mods":["2.2 Compatiblity","Aspiration","BaseMod","Beaked The Cultist","BetterRewards","Colored Map","Colored Powertips","Downfall","Duelist Mod","GifTheSpireLib","Googly Eyes","Halation","Hermit","Hubris","Infinite Spire","Lobotomy","LobotomyExtend","Minty Spire (QoL Compilation)","Relic Stats","Replay The Spire","Shade Mod","Shop Mod","StSLib","The Construct","The Cursed","The Disciple","The Exalted","The Necromancer","The Runesmith","Waifu the Spire","Yuri Mod"],"gold_per_floor":[99,112,112,129,146,157,157,192,210,210,230,258,158,143,157,253,253,253,269,369,380,397,397,397,101,112,212,212,212,312,162,180,276,276,276,288,101,121,121,121,146,146,146,146,146,146],"floor_reached":44,"language":"ENG","playtime":2015,"items_purged":[],"score":702,"play_id":"ead425a1-173f-44cb-8f05-bf08d3ab0b9f","local_time":"20210220030653","is_ascension_mode":true,"campfire_choices":[{"floor":1,"key":"RECALL"},{"floor":10,"key":"REST"},{"floor":13,"key":"REST"},{"floor":23,"key":"REST"},{"floor":28,"key":"REST"},{"data":"bronze:Format","floor":35,"key":"SMITH"}],"circlet_count":0,"master_deck":["AscendersBane","bronze:Strike","bronze:Strike","bronze:Strike","bronze:Strike","bronze:Defend","bronze:Defend","bronze:Defend","bronze:Defend","bronze:Replicate","bronze:Goto","bronze:Shield","bronze:Separator","bronze:ShipIt","bronze:Repair","bronze:DelayedSlice","bronze:ItsAFeature","bronze:Backtrace","bronze:AlphaBuild","bronze:InfiniteBeams","bronze:ChosenStrike","bronze:Boost+1","bronze:Invalidate+1","bronze:Format+1","bronze:InfiniteBeams","bronze:Boost","bronze:DecaBeam","bronze:WhirlingStrike","Ghostly","bronze:Format","Sickly","yuri:yuriStab","bronze:HardenedForm","ReplayTheSpireMod:Trickstab","infinitespire:Starlight","bronze:WhirlingStrike","bronze:Flail+1","expansioncontent:QuickStudy","bronze:ClassDefault+1","bronze:Flail+1","infinitespire:Punishment"],"relics":["bronze:BronzeCore","LetterFromLob","ReplayTheSpireMod:Ninjato","hubris:MedicalManual","Ginger","downfall:HeartBlessingRed","hubris:HollowSoul","White Beast Statue","TungstenRod","Snack Pack","Gambling Chip","ReplayTheSpireMod:SealedPack","Bag of Preparation","Strawberry","halation:EternalFortune","Omamori","hubris:BottledRain"],"acts_visited":["Exordium","TheCity","TheBeyond"],"potions_floor_usage":[8,9,16,16,20,22,22,25,26,33,33,33,37,37,44,44,44],"damage_taken":[{"damage":1,"enemies":"Cultist","floor":2,"turns":3},{"damage":3,"enemies":"Jaw Worm","floor":4,"turns":4},{"damage":0,"enemies":"2 Louse","floor":5,"turns":3},{"damage":11,"enemies":"Blue Slaver","floor":6,"turns":3},{"damage":13,"enemies":"Gremlin Nob","floor":8,"turns":3},{"damage":7,"enemies":"2 Fungi Beasts","floor":9,"turns":2},{"damage":13,"enemies":"3 Louse","floor":11,"turns":4},{"damage":8,"enemies":"3 Sentries","floor":12,"turns":8},{"damage":1,"enemies":"downfall:FleeingMerchant","floor":14,"turns":4},{"damage":16,"enemies":"Exordium Thugs","floor":15,"turns":4},{"damage":29,"enemies":"IC_STATUS_ARCHETYPE","floor":16,"turns":8},{"damage":7,"enemies":"Spheric Guardian","floor":19,"turns":3},{"damage":29,"enemies":"downfall:LadyInBlue","floor":20,"turns":9},{"damage":18,"enemies":"Snake Plant","floor":21,"turns":3},{"damage":29,"enemies":"3 Cultists","floor":22,"turns":5},{"damage":0,"enemies":"downfall:FleeingMerchant","floor":25,"turns":4},{"damage":0,"enemies":"Sentry and Sphere","floor":26,"turns":3},{"damage":8,"enemies":"Sentry and Sphere","floor":30,"turns":4},{"damage":3,"enemies":"Centurion and Healer","floor":32,"turns":5},{"damage":48,"enemies":"DF_ARCHETYPE_CLAW","floor":33,"turns":9},{"damage":12,"enemies":"3 Darklings","floor":36,"turns":4},{"damage":4,"enemies":"downfall:FleeingMerchant","floor":37,"turns":4},{"damage":0,"enemies":"3 Shapes","floor":38,"turns":5},{"damage":25,"enemies":"Transient","floor":44,"turns":3}],"seed_played":"-2667242007324736772","potions_obtained":[{"floor":4,"key":"champ:CounterPotion"},{"floor":8,"key":"Energy Potion"},{"floor":12,"key":"champ:CounterPotion"},{"floor":15,"key":"Fire Potion"},{"floor":16,"key":"Guardian:BlockOnCardUsePotion"},{"floor":20,"key":"construct:ShiftPotion"},{"floor":20,"key":"Languid Potion"},{"floor":20,"key":"Cursed Concoction"},{"floor":21,"key":"infinitespire:BlackPotion"},{"floor":22,"key":"LiquidMemories"},{"floor":25,"key":"AttackPotion"},{"floor":26,"key":"SneckoOil"},{"floor":30,"key":"LiquidMemories"},{"floor":32,"key":"SpeedPotion"},{"floor":33,"key":"SteroidPotion"},{"floor":36,"key":"hexamod:SoulburnPotion"},{"floor":37,"key":"ColorlessPotion"},{"floor":38,"key":"Adrenaline Potion"}],"is_trial":false,"path_per_floor":["R","M","?","M","M","M","T","E","M","R","M","E","R","$","M","B",null,"R_BF","M","?","M","M","R","T","$","M","?","R","T","?","?","M","B",null,"R","M","$","M","$","?","T","?","T","M"],"character_chosen":"THE_AUTOMATON","items_purchased":["Snack Pack","bronze:InfiniteBeams","expansioncontent:QuickStudy","Bag of Preparation","bronze:ClassDefault+1","Strawberry"],"campfire_rested":4,"item_purchase_floors":[25,25,37,37,37,37],"current_hp_per_floor":[70,69,77,74,74,63,63,50,43,66,60,59,77,76,61,39,68,68,68,46,35,13,36,36,43,54,54,77,77,73,73,76,41,68,68,62,78,84,84,87,87,87,87,0,0,0],"gold":146,"neow_bonus":"TEN_PERCENT_HP_BONUS","is_daily":false,"chose_seed":false,"campfire_upgraded":1,"win_rate":0.0,"timestamp":1613750813,"path_taken":["R","M","?","M","M","M","T","E","?","R","M","E","R","$","M","BOSS","R_BF","M","?","?","M","R","T","$","M","?","R","?","?","?","M","BOSS","R","M","$","M","$","?","T","?","?","?"],"items_purchased_type":["Relic","Card","Card","Relic","Card","Relic"],"build_version":"2020-12-22","purchased_purges":0,"victory":false,"max_hp_per_floor":[77,77,77,77,77,77,77,77,77,77,77,77,77,77,77,77,77,77,77,77,77,77,77,77,77,77,77,77,77,77,77,77,77,77,77,77,84,84,84,87,87,87,87,87,87,87],"relic_stats":{"counters":[24,112],"Gambling Chip":[5],"Bag of Preparation":[6],"Ginger":[8],"obtain_stats":[{"bronze:BronzeCore":0,"ReplayTheSpireMod:Ninjato":7,"downfall:HeartBlessingRed":13,"hubris:MedicalManual":8,"hubris:HollowSoul":17,"ReplayTheSpireMod:SealedPack":34,"Bag of Preparation":37,"Omamori":41,"Ginger":12,"White Beast Statue":20,"Gambling Chip":29,"Strawberry":37,"halation:EternalFortune":40,"LetterFromLob":2,"Snack Pack":25,"TungstenRod":24,"hubris:BottledRain":43},{"bronze:BronzeCore":0,"ReplayTheSpireMod:Ninjato":4,"downfall:HeartBlessingRed":8,"hubris:MedicalManual":5,"hubris:HollowSoul":11,"ReplayTheSpireMod:SealedPack":20,"Bag of Preparation":22,"Omamori":23,"Ginger":8,"White Beast Statue":13,"Gambling Chip":17,"Strawberry":22,"halation:EternalFortune":23,"LetterFromLob":1,"Snack Pack":16,"TungstenRod":15,"hubris:BottledRain":23},{"bronze:BronzeCore":0,"ReplayTheSpireMod:Ninjato":13,"downfall:HeartBlessingRed":30,"hubris:MedicalManual":16,"hubris:HollowSoul":46,"ReplayTheSpireMod:SealedPack":91,"Bag of Preparation":99,"Omamori":104,"Ginger":30,"White Beast Statue":58,"Gambling Chip":73,"Strawberry":99,"halation:EternalFortune":104,"LetterFromLob":3,"Snack Pack":70,"TungstenRod":66,"hubris:BottledRain":104}],"TungstenRod":29},"card_choices":[{"not_picked":["bronze:Philosophize","bronze:BitShift","bronze:Shell"],"picked":"SKIP","floor":2},{"not_picked":["bronze:Repulsor","bronze:Frontload"],"picked":"bronze:Shield","floor":4},{"not_picked":["bronze:Frontload","bronze:CutThrough"],"picked":"bronze:Separator","floor":5},{"not_picked":["bronze:Deprecate","bronze:Frontload","bronze:Refactor"],"picked":"SKIP","floor":6},{"not_picked":["bronze:Allocate","bronze:ItsAFeature"],"picked":"bronze:ShipIt","floor":8},{"not_picked":["bronze:FineTuning","bronze:BitShift"],"picked":"bronze:Repair","floor":9},{"not_picked":["bronze:OilSpill","bronze:BuggyMess"],"picked":"bronze:DelayedSlice","floor":11},{"not_picked":["bronze:Constructor","bronze:Turbo"],"picked":"bronze:ItsAFeature","floor":12},{"not_picked":["bronze:Shield","bronze:Turbo","bronze:Frontload"],"picked":"SKIP","floor":14},{"not_picked":["bronze:BitShift","bronze:ClassDefault"],"picked":"bronze:Backtrace","floor":15},{"not_picked":["bronze:Break","bronze:SpaghettiCode"],"picked":"bronze:AlphaBuild","floor":16},{"not_picked":["bronze:Overload+1","bronze:WhirlingStrike+1"],"picked":"bronze:InfiniteBeams","floor":19},{"not_picked":["bronze:WildBeam+1","bronze:OilSpill+1"],"picked":"bronze:ChosenStrike","floor":20},{"not_picked":["bronze:CutThrough","bronze:Allocate+1"],"picked":"bronze:Boost+1","floor":21},{"not_picked":["bronze:Allocate+1","bronze:BronzeArmor"],"picked":"bronze:Invalidate+1","floor":22},{"not_picked":["bronze:ItsAFeature","bronze:Backtrace"],"picked":"bronze:Format","floor":25},{"not_picked":["bronze:ForLoop","bronze:BitShift"],"picked":"bronze:Boost","floor":26},{"not_picked":[],"picked":"bronze:DecaBeam","floor":30},{"not_picked":["bronze:FineTuning","bronze:OilSpill"],"picked":"bronze:WhirlingStrike","floor":30},{"not_picked":["bronze:Overload+1","bronze:CloningBeam","bronze:ForceShield"],"picked":"SKIP","floor":32},{"not_picked":["bronze:Break","bronze:TinkerersToolbox"],"picked":"bronze:Format","floor":33},{"not_picked":["sneckomod:TailWhip","champ:Taunt"],"picked":"yuri:yuriStab","floor":34},{"not_picked":["bronze:Hardcode","bronze:BurnOut"],"picked":"bronze:HardenedForm","floor":34},{"not_picked":["Replay:Sssssssssshield","Forethought"],"picked":"ReplayTheSpireMod:Trickstab","floor":34},{"not_picked":["infinitespire:SevenWalls","ReplayTheSpireMod:Haul"],"picked":"infinitespire:Starlight","floor":34},{"not_picked":["bronze:Return+1","bronze:Turbo"],"picked":"bronze:WhirlingStrike","floor":36},{"not_picked":["bronze:CutThrough","bronze:Branch"],"picked":"bronze:Flail+1","floor":37},{"not_picked":["bronze:DarkDash","bronze:BuggyMess"],"picked":"bronze:Flail+1","floor":38},{"not_picked":["infinitespire:DeathsTouch","infinitespire:NeuralNetwork"],"picked":"infinitespire:Punishment","floor":42}],"player_experience":1108553,"relics_obtained":[{"floor":2,"key":"LetterFromLob"},{"floor":7,"key":"ReplayTheSpireMod:Ninjato"},{"floor":8,"key":"hubris:MedicalManual"},{"floor":12,"key":"Ginger"},{"floor":20,"key":"White Beast Statue"},{"floor":24,"key":"TungstenRod"},{"floor":29,"key":"Gambling Chip"},{"floor":41,"key":"Omamori"},{"floor":43,"key":"hubris:BottledRain"}],"event_choices":[],"is_beta":false,"boss_relics":[{"not_picked":["hubris:TerracottaHorce","halation:SmartPhone"],"picked":"hubris:HollowSoul"},{"not_picked":["aspiration:WatcherSkillbook","Busted Crown"],"picked":"ReplayTheSpireMod:SealedPack"}],"items_purged_floors":[],"is_endless":false,"potions_floor_spawned":[4,8,12,15,16,21,22,25,26,30,32,33,36,37,38],"killed_by":"Transient","ascension_level":10}}