{"host":"iv5atf0fne3n7zmv","time":1613758927,"event":{"mods":["BaseMod","Minty Spire (QoL Compilation)","StSLib"],"gold_per_floor":[113,131,131,9,19,52,52,71,71,103,103,128,140,170,170,268,268,284,35,35,48,48,48],"floor_reached":22,"language":"ENG","playtime":2762,"items_purged":["Defend_G","Defend_G"],"score":235,"play_id":"66426af9-26d7-490b-bd7d-8f244b7fd0aa","local_time":"20210219102207","is_ascension_mode":true,"campfire_choices":[{"data":"Skewer","floor":7,"key":"SMITH"},{"data":"Dagger Spray","floor":11,"key":"SMITH"},{"floor":15,"key":"REST"}],"circlet_count":0,"master_deck":["Strike_G","Strike_G","Strike_G","Strike_G","Strike_G","Defend_G","Defend_G","Defend_G","Survivor","Neutralize","Dagger Spray+1","Terror","Forethought","Sucker Punch","Blur","Prepared","Skewer+1","Infinite Blades","Caltrops","Outmaneuver","Underhanded Strike","Noxious Fumes","Crippling Poison","A Thousand Cuts","Bane+1","Bouncing Flask"],"relics":["Ring of the Snake","Vajra","Bottled Flame","Tough Bandages","StoneCalendar","TungstenRod","Bronze Scales","Black Star","Frozen Eye","Omamori"],"acts_visited":["Exordium","TheCity"],"potions_floor_usage":[10,12,16,18],"damage_taken":[{"damage":0.0,"enemies":"Jaw Worm","floor":1.0,"turns":5.0},{"damage":0.0,"enemies":"Cultist","floor":2.0,"turns":4.0},{"damage":0.0,"enemies":"Small Slimes","floor":5.0,"turns":3.0},{"damage":22,"enemies":"3 Sentries","floor":6,"turns":8},{"damage":0,"enemies":"3 Louse","floor":8,"turns":2},{"damage":6,"enemies":"Gremlin Nob","floor":10,"turns":5},{"damage":3,"enemies":"Lagavulin","floor":12,"turns":5},{"damage":9,"enemies":"2 Fungi Beasts","floor":13,"turns":3},{"damage":5,"enemies":"Gremlin Nob","floor":14,"turns":3},{"damage":23,"enemies":"Slime Boss","floor":16,"turns":7},{"damage":15,"enemies":"2 Thieves","floor":18,"turns":4},{"damage":27,"enemies":"Shell Parasite","floor":21,"turns":4},{"damage":33,"enemies":"Chosen and Byrds","floor":22,"turns":4}],"seed_played":"-2092446140240190761","potions_obtained":[{"floor":2.0,"key":"Swift Potion"},{"floor":5,"key":"Block Potion"},{"floor":14,"key":"EssenceOfSteel"},{"floor":16,"key":"PowerPotion"},{"floor":18,"key":"Strength Potion"}],"is_trial":false,"path_per_floor":["M","M","?","$","M","E","R","M","T","E","R","E","M","E","R","B",null,"M","$","?","M","M"],"character_chosen":"THE_SILENT","items_purchased":["Prepared","Frozen Eye"],"campfire_rested":1,"item_purchase_floors":[4,19],"current_hp_per_floor":[70,70,70,70,70,48,48,48,48,42,42,39,30,25,46,23,70,55,55,55,28,0,0],"gold":48,"neow_bonus":"RANDOM_COMMON_RELIC","is_daily":false,"chose_seed":false,"campfire_upgraded":2,"win_rate":0.0,"timestamp":1613758927,"path_taken":["M","M","?","$","M","E","R","M","T","E","R","E","?","E","R","BOSS","M","$","?","M","M"],"items_purchased_type":["Card","Relic"],"build_version":"2020-12-22","purchased_purges":2,"victory":false,"max_hp_per_floor":[70,70,70,70,70,70,70,70,70,70,70,70,70,70,70,70,70,70,70,70,70,70,70],"card_choices":[{"not_picked":["Distraction","Backflip"],"picked":"Dagger Spray","floor":1.0},{"not_picked":["Finisher","Riddle With Holes"],"picked":"Terror","floor":2.0},{"not_picked":["Slice","Prepared"],"picked":"Skewer","floor":5},{"not_picked":["Acrobatics","Terror"],"picked":"Infinite Blades","floor":6},{"not_picked":["Bullet Time","Backflip"],"picked":"Caltrops","floor":8},{"not_picked":["Flying Knee","Dodge and Roll"],"picked":"Outmaneuver","floor":10},{"not_picked":["Quick Slash","Slice"],"picked":"Underhanded Strike","floor":12},{"not_picked":["Eviscerate","Footwork"],"picked":"Noxious Fumes","floor":13},{"not_picked":["Doppelganger","Finisher"],"picked":"Crippling Poison","floor":14},{"not_picked":["Malaise","Grand Finale"],"picked":"A Thousand Cuts","floor":16},{"not_picked":["Outmaneuver","Flechettes"],"picked":"Bane+1","floor":18},{"not_picked":["Dagger Spray","Eviscerate"],"picked":"Bouncing Flask","floor":21}],"player_experience":366363,"relics_obtained":[{"floor":6,"key":"Bottled Flame"},{"floor":9,"key":"Tough Bandages"},{"floor":10,"key":"StoneCalendar"},{"floor":12,"key":"TungstenRod"},{"floor":14,"key":"Bronze Scales"}],"event_choices":[{"damage_healed":0.0,"max_hp_gain":0.0,"max_hp_loss":0.0,"gold_gain":0.0,"event_name":"Match and Keep!","player_choice":"3 cards matched","floor":3.0,"gold_loss":0.0,"damage_taken":0.0,"cards_obtained":["Forethought","Sucker Punch","Blur"]},{"damage_healed":0,"gold_gain":0,"player_choice":"Opened","damage_taken":0,"relics_obtained":["Omamori"],"max_hp_gain":0,"max_hp_loss":0,"event_name":"The Mausoleum","floor":20,"gold_loss":0}],"is_beta":false,"boss_relics":[{"not_picked":["Calling Bell","Coffee Dripper"],"picked":"Black Star"}],"items_purged_floors":[4,19],"is_endless":false,"potions_floor_spawned":[2,5,14,16,18],"killed_by":"Chosen and Byrds","ascension_level":2}}