{"host":"6w2j56hja3af4f39","time":1613699508,"event":{"mods":["Act Like it!","AlwaysNeverKeys","BaseMod","Bestiary","Better Altar","Better Match","Better Note","Better Sensory Stone","Better Skull","Better Third Choice","BetterRewards","Block Reminder","CapriCore","Colored Powertips","DeckTracker","Marisa????????","Minty Spire (QoL Compilation)","Permanent Neow","Quick Restart","Rare Cards Sparkle","Spicy Shops","Spire Arcade","StSLib","The Animator","Wandering Minibosses"],"gold_per_floor":[212,226,241,191,207,207,233,233,257,275,37,72,72,106,106,209,209,149,149],"floor_reached":18,"language":"ENG","playtime":982,"items_purged":[],"score":268,"play_id":"d8b460e3-fe6f-40a4-8ce7-e3bd8831fd09","local_time":"20210219125148","is_ascension_mode":true,"campfire_choices":[{"data":"DC","floor":6,"key":"SMITH"},{"data":"OortCloud","floor":8,"key":"SMITH"},{"data":"MillisecondPulsars","floor":15,"key":"SMITH"}],"circlet_count":0,"master_deck":["Strike_MRS","Strike_MRS","Strike_MRS","Defend_MRS","Defend_MRS","Defend_MRS","Defend_MRS","MasterSpark","UpSweep","IllusionStar","OortCloud+1","GalacticHalo","DC+1","EarthLightRay","ShootingEcho","PowerUp+1","WreathOfFlame+1","Double Tap+1","MillisecondPulsars+1","TreasureHunter"],"relics":["BewitchedHakkero","Tiny Chest","Happy Flower","Toxic Egg 2","Toy Ornithopter","Pocketwatch","Shuriken","BreadOfAWashokuLover"],"acts_visited":["Exordium","TheCity"],"potions_floor_usage":[],"damage_taken":[{"damage":0,"enemies":"Small Slimes","floor":1,"turns":2},{"damage":2,"enemies":"2 Louse","floor":2,"turns":2},{"damage":0,"enemies":"Jaw Worm","floor":3,"turns":4},{"damage":12,"enemies":"Blue Slaver","floor":5,"turns":3},{"damage":11,"enemies":"Gremlin Nob","floor":7,"turns":5},{"damage":1,"enemies":"2 Fungi Beasts","floor":10,"turns":3},{"damage":5,"enemies":"Lagavulin","floor":12,"turns":4},{"damage":0,"enemies":"Gremlin Nob","floor":14,"turns":3},{"damage":0,"enemies":"Slime Boss","floor":16,"turns":5},{"damage":79,"enemies":"3 Byrds","floor":18,"turns":8}],"seed_played":"1922970109738476259","potions_obtained":[{"floor":3,"key":"Dexterity Potion"},{"floor":5,"key":"SpeedPotion"},{"floor":7,"key":"SpeedPotion"}],"is_trial":false,"path_per_floor":["M","M","M","?","M","R","E","R","T","M","$","E","?","E","R","B",null,"M"],"character_chosen":"MARISA","items_purchased":["Toxic Egg 2"],"campfire_rested":0,"item_purchase_floors":[11],"current_hp_per_floor":[75,73,73,73,61,61,50,50,50,53,53,52,28,28,28,33,75,0,0],"gold":149,"neow_bonus":"HUNDRED_GOLD","is_daily":false,"chose_seed":false,"campfire_upgraded":3,"win_rate":0.0,"timestamp":1613699508,"path_taken":["M","M","M","?","M","R","E","R","T","M","$","E","?","E","R","BOSS","M"],"items_purchased_type":["Relic"],"build_version":"2020-12-22","purchased_purges":0,"victory":false,"max_hp_per_floor":[75,75,75,75,75,75,75,75,75,75,75,75,75,75,75,75,75,75,75],"card_choices":[{"not_picked":["PulseMagic","Acceleration"],"picked":"IllusionStar","floor":1},{"not_picked":["Acceleration","6A"],"picked":"OortCloud","floor":2},{"not_picked":["ShootingEcho","OpenUniverse"],"picked":"GalacticHalo","floor":3},{"not_picked":["ShootTheMoon","GalacticHalo"],"picked":"DC","floor":5},{"not_picked":["UltimateShortwave","DarkSpark"],"picked":"EarthLightRay","floor":7},{"not_picked":["GasGiant","ChargingUp"],"picked":"ShootingEcho","floor":10},{"not_picked":["MysteriousBeam","UnstableBomb"],"picked":"PowerUp+1","floor":12},{"not_picked":["GasGiant+1","GalacticHalo+1"],"picked":"MillisecondPulsars","floor":14},{"not_picked":["SuperNova","CasketOfStar"],"picked":"TreasureHunter","floor":16}],"player_experience":469986,"relics_obtained":[{"floor":7,"key":"Tiny Chest"},{"floor":9,"key":"Happy Flower"},{"floor":12,"key":"Toy Ornithopter"},{"floor":14,"key":"BreadOfAWashokuLover"}],"event_choices":[{"cards_removed":["Strike_MRS"],"damage_healed":0,"gold_gain":0,"player_choice":"Card Removal","damage_taken":0,"max_hp_gain":0,"max_hp_loss":0,"event_name":"The Cleric","floor":4,"gold_loss":50}],"is_beta":false,"boss_relics":[{"not_picked":["Runic Pyramid","Tiny House"],"picked":"BewitchedHakkero"}],"items_purged_floors":[],"is_endless":false,"potions_floor_spawned":[3,5,7,12],"killed_by":"3 Byrds","ascension_level":1}}