{"host":"1vy6j31128f61x2z","time":1613700457,"event":{"mods":["AchievementEnabler","BaseMod","Colored Powertips","Minty Spire (QoL Compilation)","Permanent Neow"],"gold_per_floor":[109,129,142,161,172,172,199,199,225,245,259,271,303,303,303,403,403,416,416,82,93,113,113,140,140,165,183,213,213,232,249,249,352,352,365,365,72,86,105,105,133,133,179,191,221,92,123,143,143,143],"floor_reached":51,"language":"ENG","playtime":2407,"items_purged":["Strike_R","Regret"],"score":1104,"play_id":"fe50fb3f-6772-4e12-a002-f2303edba429","local_time":"20210218210737","is_ascension_mode":true,"campfire_choices":[{"data":"Disarm","floor":6.0,"key":"SMITH"},{"data":"1","floor":8.0,"key":"LIFT"},{"data":"2","floor":15,"key":"LIFT"},{"data":"3","floor":23,"key":"LIFT"},{"data":"Intimidate","floor":25,"key":"SMITH"},{"data":"Limit Break","floor":29,"key":"SMITH"},{"floor":32,"key":"REST"},{"data":"Pummel","floor":40,"key":"SMITH"},{"data":"Armaments","floor":42,"key":"SMITH"},{"floor":49,"key":"REST"}],"circlet_count":0,"master_deck":["Strike_R","Strike_R","Strike_R","Defend_R","Defend_R","Defend_R","Defend_R","Bash","Twin Strike","Disarm+1","Inflame","Reckless Charge","Immolate","Intimidate+1","Spot Weakness","Burning Pact+1","Double Tap+1","Fire Breathing","Armaments+1","Flash of Steel","Limit Break+1","Heavy Blade+1","Ghostly Armor+1","Pummel+1","Bloodletting","Reaper","Battle Trance+1","Power Through+1","Flame Barrier+1","Combust","Body Slam+1"],"relics":["Burning Blood","Art of War","Girya","Dream Catcher","PreservedInsect","Ancient Tea Set","Runic Cube","Lantern","Happy Flower","War Paint","Meat on the Bone","Cursed Key","Thread and Needle","Vajra","MawBank","Akabeko"],"acts_visited":["Exordium","TheCity","TheBeyond"],"potions_floor_usage":[13,16,22,24,31,33,50,50,50],"damage_taken":[{"damage":1.0,"enemies":"Cultist","floor":1.0,"turns":3.0},{"damage":0.0,"enemies":"Small Slimes","floor":2.0,"turns":3.0},{"damage":7.0,"enemies":"Jaw Worm","floor":3.0,"turns":3.0},{"damage":3.0,"enemies":"Exordium Wildlife","floor":4.0,"turns":3.0},{"damage":17.0,"enemies":"Lots of Slimes","floor":5.0,"turns":6.0},{"damage":9.0,"enemies":"Lagavulin","floor":7.0,"turns":6.0},{"damage":0.0,"enemies":"3 Louse","floor":10.0,"turns":1.0},{"damage":8.0,"enemies":"Looter","floor":11.0,"turns":3.0},{"damage":18.0,"enemies":"Exordium Thugs","floor":12.0,"turns":3.0},{"damage":6,"enemies":"3 Sentries","floor":13,"turns":4},{"damage":5,"enemies":"The Guardian","floor":16,"turns":10},{"damage":6,"enemies":"Spheric Guardian","floor":18,"turns":3},{"damage":12,"enemies":"Chosen","floor":21,"turns":3},{"damage":12,"enemies":"Centurion and Healer","floor":22,"turns":6},{"damage":19,"enemies":"Book of Stabbing","floor":24,"turns":4},{"damage":28,"enemies":"Sentry and Sphere","floor":27,"turns":4},{"damage":22,"enemies":"Slavers","floor":28,"turns":4},{"damage":0,"enemies":"3 Cultists","floor":30,"turns":3},{"damage":24,"enemies":"Snake Plant","floor":31,"turns":4},{"damage":31,"enemies":"Champ","floor":33,"turns":7},{"damage":6,"enemies":"Orb Walker","floor":35,"turns":2},{"damage":30,"enemies":"3 Darklings","floor":38,"turns":6},{"damage":9,"enemies":"Writhing Mass","floor":39,"turns":4},{"damage":0,"enemies":"Reptomancer","floor":41,"turns":2},{"damage":36,"enemies":"Transient","floor":45,"turns":5},{"damage":20,"enemies":"Giant Head","floor":47,"turns":6},{"damage":9,"enemies":"Spire Growth","floor":48,"turns":3},{"damage":34,"enemies":"Donu and Deca","floor":50,"turns":6}],"seed_played":"3210218573989072816","potions_obtained":[{"floor":2.0,"key":"EssenceOfSteel"},{"floor":4.0,"key":"ColorlessPotion"},{"floor":10.0,"key":"Weak Potion"},{"floor":11.0,"key":"PowerPotion"},{"floor":13,"key":"Dexterity Potion"},{"floor":16,"key":"Ancient Potion"},{"floor":18,"key":"Regen Potion"},{"floor":24,"key":"BlessingOfTheForge"},{"floor":28,"key":"Swift Potion"},{"floor":31,"key":"Strength Potion"},{"floor":35,"key":"CultistPotion"}],"is_trial":false,"path_per_floor":["M","M","M","M","M","R","E","R","T","M","M","M","E","?","R","B",null,"M","?","$","M","M","R","E","R","T","M","E","R","M","M","R","B",null,"M","?","$","M","M","R","E","R","T","?","M","$","E","M","R","B",null],"character_chosen":"IRONCLAD","items_purchased":["Armaments","Flash of Steel","Lantern","Thread and Needle","Combust"],"campfire_rested":2,"item_purchase_floors":[20,20,20,37,46],"current_hp_per_floor":[80,80,79,80,69,69,66,66,66,72,70,58,58,40,40,41,70,70,70,70,64,58,58,57,57,57,35,19,19,37,31,55,42,71,71,71,71,80,77,77,80,80,80,80,50,50,48,57,80,53],"gold":143,"neow_bonus":"RANDOM_COMMON_RELIC","is_daily":false,"chose_seed":false,"campfire_upgraded":5,"win_rate":0.0,"timestamp":1613700457,"path_taken":["M","M","?","M","M","R","E","R","T","M","M","M","E","?","R","BOSS","M","?","$","M","M","R","E","R","T","M","E","R","?","M","R","BOSS","M","?","$","M","M","R","E","R","T","?","M","$","E","M","R","BOSS"],"items_purchased_type":["Card","Card","Relic","Relic","Card"],"build_version":"2020-12-22","purchased_purges":2,"victory":true,"max_hp_per_floor":[80,80,80,80,80,80,80,80,80,80,80,80,80,80,80,80,80,80,80,80,80,80,80,80,80,80,80,80,80,80,80,80,80,80,80,80,80,80,80,80,80,80,80,80,80,80,80,80,80,80],"card_choices":[{"not_picked":["True Grit","Seeing Red"],"picked":"Twin Strike","floor":1.0},{"not_picked":["Shrug It Off","True Grit"],"picked":"Disarm","floor":2.0},{"not_picked":["Power Through","Thunderclap"],"picked":"Inflame","floor":3.0},{"not_picked":["Headbutt","Cleave"],"picked":"Reckless Charge","floor":4.0},{"not_picked":["Seeing Red","Twin Strike"],"picked":"Thunderclap","floor":5.0},{"not_picked":["Clothesline","Iron Wave"],"picked":"Immolate","floor":7.0},{"not_picked":["Feel No Pain","Havoc"],"picked":"Intimidate","floor":10.0},{"not_picked":["Warcry","Clash"],"picked":"Spot Weakness","floor":11.0},{"not_picked":["Havoc","Warcry"],"picked":"Burning Pact","floor":12.0},{"not_picked":["Havoc","Sever Soul","Whirlwind"],"picked":"SKIP","floor":13},{"not_picked":["Brutality","Reaper"],"picked":"Double Tap","floor":16},{"not_picked":["Thunderclap","Body Slam","Clash"],"picked":"SKIP","floor":18},{"not_picked":["Feel No Pain","Sever Soul","Havoc"],"picked":"SKIP","floor":21},{"not_picked":["Armaments","Headbutt"],"picked":"Limit Break","floor":22},{"not_picked":["Dark Embrace","Pommel Strike"],"picked":"Heavy Blade+1","floor":24},{"not_picked":["Headbutt","Pommel Strike"],"picked":"Ghostly Armor+1","floor":27},{"not_picked":["Wild Strike","Cleave"],"picked":"Pummel","floor":28},{"not_picked":["Thunderclap","Cleave+1","Warcry+1"],"picked":"SKIP","floor":30},{"not_picked":["Searing Blow","Evolve"],"picked":"Bloodletting","floor":31},{"not_picked":["Exhume","Bludgeon"],"picked":"Reaper","floor":33},{"not_picked":["Clothesline+1","Cleave+1"],"picked":"Battle Trance+1","floor":35},{"not_picked":["Iron Wave","Clothesline+1","True Grit"],"picked":"SKIP","floor":38},{"not_picked":["Thunderclap","Perfected Strike+1"],"picked":"Power Through+1","floor":39},{"not_picked":["Flex+1","Rampage"],"picked":"Flame Barrier+1","floor":41},{"not_picked":["Shrug It Off+1","Double Tap","Blood for Blood"],"picked":"SKIP","floor":45},{"not_picked":["Fire Breathing","Rupture+1","Sentinel"],"picked":"SKIP","floor":47},{"not_picked":["Battle Trance","Wild Strike+1"],"picked":"Body Slam+1","floor":48}],"player_experience":83777,"relics_obtained":[{"floor":7.0,"key":"Girya"},{"floor":9.0,"key":"Dream Catcher"},{"floor":13,"key":"PreservedInsect"},{"floor":24,"key":"Happy Flower"},{"floor":26,"key":"War Paint"},{"floor":28,"key":"Meat on the Bone"},{"floor":41,"key":"Vajra"},{"floor":43,"key":"MawBank"},{"floor":47,"key":"Akabeko"}],"event_choices":[{"damage_healed":0,"gold_gain":0,"player_choice":"Success","damage_taken":18,"relics_obtained":["Ancient Tea Set"],"max_hp_gain":0,"max_hp_loss":0,"event_name":"Scrap Ooze","floor":14,"gold_loss":0},{"damage_healed":0,"gold_gain":0,"cards_transformed":["Strike_R"],"player_choice":"Transformed","damage_taken":0,"max_hp_gain":0,"max_hp_loss":0,"event_name":"Transmorgrifier","floor":19,"gold_loss":0,"cards_obtained":["Fire Breathing"]},{"cards_removed":["Thunderclap"],"damage_healed":0,"gold_gain":0,"player_choice":"Removed Attack","damage_taken":0,"max_hp_gain":0,"max_hp_loss":0,"event_name":"Falling","floor":36,"gold_loss":0},{"damage_healed":0,"gold_gain":0,"player_choice":"Ignored","damage_taken":0,"max_hp_gain":0,"max_hp_loss":0,"event_name":"SecretPortal","floor":44,"gold_loss":0}],"is_beta":false,"boss_relics":[{"not_picked":["SacredBark","Fusion Hammer"],"picked":"Runic Cube"},{"not_picked":["Pandora\u0027s Box","Mark of Pain"],"picked":"Cursed Key"}],"items_purged_floors":[20,46],"is_endless":false,"potions_floor_spawned":[2,4,10,11,13,16,18,21,24,28,31,35,38,45],"ascension_level":5}}