{"host":"bsgp9wgausrmthh2","time":1613703933,"event":{"mods":["AchievementEnabler","BaseMod","Colored Map","Downfall","Minty Spire (QoL Compilation)","StSLib"],"gold_per_floor":[216,231,87,87,103,103,133,149,149,149,167,167,186,106,106,211,211,222,147,1,17,28,62,62,73,98,98,111,124,32,49,49,49,49],"floor_reached":33,"language":"ENG","playtime":2951,"items_purged":[],"score":271,"play_id":"bb75509e-2777-4fbe-8acb-280a6dd4fffc","local_time":"20210218220533","is_ascension_mode":false,"campfire_choices":[{"floor":6,"key":"RECALL"},{"floor":10,"key":"REST"},{"data":"1","floor":15,"key":"LIFT"},{"floor":24,"key":"REST"},{"floor":27,"key":"REST"},{"floor":32,"key":"REST"}],"circlet_count":0,"master_deck":["Strike_R","Strike_R","Strike_R","Strike_R","Defend_R","Defend_R","Defend_R","Defend_R","Bash","Pommel Strike","Shockwave","Bloodletting","Warcry","Pommel Strike","Impervious","Havoc","Disarm","Limit Break","Thunderclap","Armaments","Body Slam","Seeing Red+1","Bloodletting+1","Shrug It Off","Berserk","Shrug It Off","Reaper","Uppercut+1"],"relics":["Burning Blood","Anchor","Girya","Velvet Choker","Membership Card","Eternal Feather","Regal Pillow"],"acts_visited":["Exordium","TheCity"],"potions_floor_usage":[7],"damage_taken":[{"damage":0,"enemies":"Small Slimes","floor":1,"turns":4},{"damage":1,"enemies":"Cultist","floor":2,"turns":3},{"damage":0,"enemies":"Jaw Worm","floor":5,"turns":3},{"damage":51,"enemies":"3 Sentries","floor":7,"turns":11},{"damage":5,"enemies":"Large Slime","floor":8,"turns":9},{"damage":7,"enemies":"Blue Slaver","floor":11,"turns":5},{"damage":2,"enemies":"Looter","floor":13,"turns":3},{"damage":62,"enemies":"Slime Boss","floor":16,"turns":15},{"damage":3,"enemies":"3 Byrds","floor":18,"turns":7},{"damage":27,"enemies":"Spheric Guardian","floor":21,"turns":6},{"damage":19,"enemies":"3 Cultists","floor":22,"turns":6},{"damage":43,"enemies":"Gremlin Leader","floor":23,"turns":7},{"damage":24,"enemies":"Snake Plant","floor":25,"turns":4},{"damage":10,"enemies":"Shelled Parasite and Fungi","floor":28,"turns":10},{"damage":28,"enemies":"3 Cultists","floor":29,"turns":6},{"damage":36,"enemies":"Cultist and Chosen","floor":31,"turns":9},{"damage":90,"enemies":"Collector","floor":33,"turns":6}],"seed_played":"-622061530394266924","potions_obtained":[{"floor":2,"key":"sneckomod:MuddlingPotion"},{"floor":4,"key":"DuplicationPotion"},{"floor":4,"key":"hexamod:SoulburnPotion"},{"floor":7,"key":"PowerPotion"},{"floor":28,"key":"Strength Potion"}],"is_trial":false,"path_per_floor":["M","M","$","?","M","R","E","M","T","R","M","?","M","$","R","B",null,"M","?","$","M","M","E","R","M","T","R","M","M","$","M","R","B"],"character_chosen":"IRONCLAD","items_purchased":["Anchor","Disarm","Membership Card","Shrug It Off","Reaper"],"campfire_rested":4,"item_purchase_floors":[3,14,20,30,30],"current_hp_per_floor":[80,80,80,80,80,80,35,36,36,60,59,59,63,63,63,7,80,80,80,80,59,46,9,45,27,27,78,74,52,52,34,80,0,0],"gold":49,"neow_bonus":"HUNDRED_GOLD","is_daily":false,"chose_seed":false,"campfire_upgraded":0,"win_rate":0.0,"timestamp":1613703933,"path_taken":["M","M","$","?","M","R","E","?","T","R","M","?","M","$","R","BOSS","M","?","$","M","M","E","R","M","T","R","M","M","$","M","R","BOSS"],"items_purchased_type":["Relic","Card","Relic","Card","Card"],"build_version":"2020-12-22","purchased_purges":0,"victory":false,"max_hp_per_floor":[80,80,80,80,80,80,80,80,80,80,80,80,80,80,80,80,80,80,80,80,80,80,80,80,80,80,80,80,80,80,80,80,80,80],"card_choices":[{"not_picked":["Havoc","Twin Strike"],"picked":"Pommel Strike","floor":1},{"not_picked":["Dropkick","Rampage"],"picked":"Shockwave","floor":2},{"not_picked":["Dropkick","Burning Pact"],"picked":"Bloodletting","floor":5},{"not_picked":["Anger","Clash"],"picked":"Warcry","floor":7},{"not_picked":["Dual Wield","Perfected Strike"],"picked":"Pommel Strike","floor":8},{"not_picked":["Clothesline","Clash"],"picked":"Impervious","floor":11},{"not_picked":["Sentinel","Feel No Pain"],"picked":"Havoc","floor":13},{"not_picked":["Double Tap","Impervious"],"picked":"Limit Break","floor":16},{"not_picked":["Intimidate","Wild Strike"],"picked":"Thunderclap","floor":18},{"not_picked":["Power Through","Iron Wave"],"picked":"Armaments","floor":21},{"not_picked":["Wild Strike","Warcry"],"picked":"Body Slam","floor":22},{"not_picked":["Headbutt","Reckless Charge+1"],"picked":"Seeing Red+1","floor":23},{"not_picked":["Combust","Perfected Strike"],"picked":"Bloodletting+1","floor":25},{"not_picked":["Sentinel+1","Warcry"],"picked":"Shrug It Off","floor":28},{"not_picked":["Havoc+1","Searing Blow"],"picked":"Berserk","floor":29},{"not_picked":["Havoc+1","Intimidate"],"picked":"Uppercut+1","floor":31}],"player_experience":306274,"relics_obtained":[{"floor":7,"key":"Girya"},{"floor":23,"key":"Eternal Feather"},{"floor":26,"key":"Regal Pillow"}],"event_choices":[{"damage_healed":0,"gold_gain":0,"player_choice":"Got Potions","damage_taken":0,"max_hp_gain":0,"max_hp_loss":0,"event_name":"Lab","floor":4,"gold_loss":0},{"damage_healed":0,"gold_gain":0,"player_choice":"Ignored","damage_taken":0,"max_hp_gain":0,"max_hp_loss":0,"event_name":"Liars Game","floor":12,"gold_loss":0},{"cards_removed":["Strike_R"],"damage_healed":0,"gold_gain":0,"player_choice":"Gave Gold","damage_taken":0,"max_hp_gain":0,"max_hp_loss":0,"event_name":"Beggar","floor":19,"gold_loss":75}],"is_beta":false,"boss_relics":[{"not_picked":["bronze:MakeshiftBattery","Runic Dome"],"picked":"Velvet Choker"}],"items_purged_floors":[],"is_endless":false,"potions_floor_spawned":[2,5,7,13,16,23,28,29,31],"killed_by":"Collector","ascension_level":0}}