{"host":"rm0ctv8qd8mnbkg1","time":1613743388,"event":{"mods":["BaseMod","Beaked The Cultist","BetterRewards","Colored Map","DNKmod","Dark Map","Defuse TimeMaze Blight","Downfall","Friendly Minions","Hubris","Marisa????????","Minty Spire (QoL Compilation)","MostiFishMod","Permanent Neow","Rare Cards Sparkle","Relic Sorter","Reliquary","Replay The Spire","RumiaBox-????????","Shade Mod","Shop Mod","Spicy Shops","Spire Arcade","StSLib","The Construct","The Servant 0.9.4","TheVacant","Wandering Minibosses","??????REMEMod"],"gold_per_floor":[10013,10032,10132,10149,10166,9221,9221,9232,9281,9281,8677,8725,8757,8771,8771,8867,8867,8883,8897,8910,7976,7976,8007,7213,7228,7228,7247,7272,7287,7321,7338,7338,7433,7433,7445,6507,6507,6507,6507,6589,6601,6675,6712,6724,6813,6876,7020,6047,6047,6102],"floor_reached":51,"language":"ENG","playtime":1527,"items_purged":["Doubt"],"score":1558,"play_id":"46643bb4-5efb-444d-9ad3-d442d2c50a1d","local_time":"20210219140308","is_ascension_mode":true,"campfire_choices":[{"data":"MostiFishMod:IntelligentEquipment","floor":7,"key":"SMITH"},{"data":"hubris:PowerSurge","floor":15,"key":"SMITH"},{"data":"ReplayTheSpireMod:Uncanny Aura","floor":32,"key":"SMITH"},{"data":"hubris:PowerSurge","floor":41,"key":"SMITH"},{"data":"Specialist","floor":44,"key":"SMITH"},{"data":"REME_HeartOfCthun","floor":49,"key":"SMITH"}],"circlet_count":0,"master_deck":["Strike_B","Strike_B","Strike_B","Defend_B","Defend_B","Defend_B","Defend_B","Zap","Dualcast+1","MostiFishMod:FlyOverUtopia+1","Genetic Algorithm","Gash","MostiFishMod:IntelligentEquipment+1","REME_SelfUpgrade","Skim","Echo Form","Beam Cell","Conserve Battery","Reprogram+1","Capacitor","Static Discharge","MostiFishMod:Prepare","MostiFishMod:PushDownKick+1","Streamline","hubris:PowerSurge+1","hubris:PowerSurge+1","Good Instincts","Defragment","ReplayTheSpireMod:Uncanny Aura+1","MostiFishMod:KingOfFree","Specialist+1","Zap","Redo","hubris:DuctTapeCard+2","ReplayUltimateDefense+1","REME_WheelOfFate","REME_Flogging+1","MostiFishMod:DawningShadow+1","REME_PuzzleBox","REME_BattleFury+1","hubris:PowerSurge+1","hubris:PowerSurge+1","Poisoned Strike","Bandage Up","hubris:EnhanceAbility+1","REME_HeartOfCthun+1","hubris:EnhanceAbility+1"],"relics":["Cracked Core","REME_ComplimentaryCards","DaveBox","FeatherPendant","Prayer Wheel","REME_HourglassOfDeath","hubris:SoftwareUpdate","Strange Spoon","hubris:BallOfYels","reliquary:Buckler","Geode","Orrery","ZombieArmy","champ:DuelingGlove","REME_LowDesire","reliquary:Stiletto","reliquary:Boomerang","Chemical X","Regal Pillow","hubris:TinFlute","SSSystem","War Paint","Frozen Egg 2","hubris:Potato","DollysMirror","hubris:DuctTape","wanderingMiniBosses:ThiefScarf","Bird Faced Urn","reliquary:LoveEmittingDiode","beaked:SacredDeck","DataDisk","REME_PuzzleBoxRelic","Replay:Bandana","Medical Kit","reliquary:BrokenClock","MawBank","CeramicFish","champ:Barbells","reliquary:PurpleTingedLeaf","hubris:EmptyBottle","reliquary:ShortFuse"],"acts_visited":["Exordium","TheCity","TheBeyond"],"potions_floor_usage":[13,25,50,50,50,50,50,50],"damage_taken":[{"damage":8,"enemies":"Cultist","floor":1,"turns":2},{"damage":8,"enemies":"Jaw Worm","floor":2,"turns":2},{"damage":8,"enemies":"2 Louse","floor":4,"turns":3},{"damage":8,"enemies":"Exordium Wildlife","floor":5,"turns":3},{"damage":8,"enemies":"Looter","floor":8,"turns":2},{"damage":8,"enemies":"Lagavulin","floor":13,"turns":4},{"damage":8,"enemies":"Gremlin Gang","floor":14,"turns":3},{"damage":8,"enemies":"The Guardian","floor":16,"turns":3},{"damage":8,"enemies":"Spheric Guardian","floor":18,"turns":2},{"damage":14,"enemies":"3 Byrds","floor":19,"turns":2},{"damage":8,"enemies":"Snake Plant","floor":20,"turns":2},{"damage":8,"enemies":"Book of Stabbing","floor":23,"turns":2},{"damage":0,"enemies":"Cultist and Chosen","floor":25,"turns":3},{"damage":0,"enemies":"Centurion and Healer","floor":27,"turns":2},{"damage":0,"enemies":"Slavers","floor":28,"turns":2},{"damage":0,"enemies":"Shelled Parasite and Fungi","floor":29,"turns":1},{"damage":0,"enemies":"Book of Stabbing","floor":30,"turns":2},{"damage":0,"enemies":"3 Cultists","floor":31,"turns":2},{"damage":0,"enemies":"Pondfish","floor":33,"turns":2},{"damage":0,"enemies":"3 Shapes","floor":35,"turns":2},{"damage":0,"enemies":"Giant Head","floor":40,"turns":2},{"damage":0,"enemies":"3 Darklings","floor":42,"turns":1},{"damage":0,"enemies":"Sphere and 2 Shapes","floor":45,"turns":1},{"damage":0,"enemies":"Spire Growth","floor":46,"turns":2},{"damage":0,"enemies":"Transient","floor":47,"turns":2},{"damage":0,"enemies":"Time Eater","floor":50,"turns":3}],"seed_played":"1413864370709211304","potions_obtained":[{"floor":4,"key":"Venom Potion"},{"floor":5,"key":"AttackPotion"},{"floor":13,"key":"Fruit Juice"},{"floor":18,"key":"Explosive Potion"},{"floor":23,"key":"Strength Potion"},{"floor":27,"key":"Explosive Potion"},{"floor":40,"key":"Venom Potion"},{"floor":46,"key":"FocusPotion"}],"is_trial":false,"path_per_floor":["M","M","?","M","M","$","R","M","T","?","$","T","E","M","R","B",null,"M","M","M","$","?","E","$","M","T","M","E","M","E","M","R","B",null,"M","$","?","?","?","E","R","M","T","R","M","M","M","$","R","B",null],"character_chosen":"DEFECT","items_purchased":["REME_HourglassOfDeath","hubris:SoftwareUpdate","Strange Spoon","Echo Form","Beam Cell","hubris:BallOfYels","reliquary:Buckler","Geode","Orrery","Chemical X","Regal Pillow","hubris:TinFlute","SSSystem","War Paint","Specialist","hubris:Potato","DollysMirror","hubris:DuctTape","DataDisk","REME_PuzzleBoxRelic","Replay:Bandana","Medical Kit","Poisoned Strike","reliquary:BrokenClock","champ:Barbells","reliquary:PurpleTingedLeaf","hubris:EmptyBottle","reliquary:ShortFuse","hubris:EnhanceAbility+1"],"campfire_rested":0,"item_purchase_floors":[6,6,6,6,6,11,11,11,11,21,21,21,21,21,21,24,24,24,36,36,36,36,36,36,48,48,48,48,48],"current_hp_per_floor":[992,984,984,976,968,968,968,960,960,960,960,960,957,949,949,941,989,981,967,959,959,959,953,953,955,955,967,985,993,1005,1005,1005,1005,1005,1005,1005,1005,955,955,955,955,955,955,955,955,955,955,955,955,955],"gold":6102,"neow_bonus":"UPGRADE_CARD","is_daily":false,"chose_seed":false,"campfire_upgraded":6,"win_rate":0.0,"timestamp":1613743388,"path_taken":["M","?","?","?","?","$","R","M","T","?","$","?","E","M","R","BOSS","M","M","?","$","?","E","$","?","T","M","E","M","E","M","R","BOSS","M","$","?","?","?","E","R","M","T","R","M","M","M","$","R","BOSS"],"items_purchased_type":["Relic","Relic","Relic","Card","Card","Relic","Relic","Relic","Relic","Relic","Relic","Relic","Relic","Relic","Card","Relic","Relic","Relic","Relic","Relic","Relic","Relic","Card","Relic","Relic","Relic","Relic","Relic","Card"],"build_version":"2020-12-22","purchased_purges":1,"victory":true,"max_hp_per_floor":[1000,1000,1000,1000,1000,1000,1000,1000,1000,1000,1000,1000,1005,1005,1005,1005,1005,1005,1005,1005,1005,1005,1005,1005,1005,1005,1005,1005,1005,1005,1005,1005,1005,1005,1005,1005,1005,955,955,955,955,955,955,955,955,955,955,955,955,955],"card_choices":[{"not_picked":["Panic Button","Ball Lightning"],"picked":"Genetic Algorithm","floor":1},{"not_picked":["Coolheaded","Streamline"],"picked":"Gash","floor":2},{"not_picked":["Hello World","Auto Shields"],"picked":"ReplayTheSpireMod:Fabricate Wheel","floor":4},{"not_picked":["Steam","Panic Button"],"picked":"REME_SelfUpgrade","floor":5},{"not_picked":["Go for the Eyes","Double Energy"],"picked":"Skim","floor":5},{"not_picked":["Beam Cell","Go for the Eyes"],"picked":"Conserve Battery","floor":8},{"not_picked":["Hello World","Glacier"],"picked":"Reprogram","floor":8},{"not_picked":["BootSequence","Ball Lightning"],"picked":"Capacitor","floor":11},{"not_picked":["Steam Power","FTL"],"picked":"Static Discharge","floor":11},{"not_picked":["Recycle","Blizzard"],"picked":"MostiFishMod:Prepare","floor":11},{"not_picked":["Sweeping Beam","Blizzard"],"picked":"MostiFishMod:PushDownKick","floor":11},{"not_picked":["MostiFishMod:FluxCapactior","Steam"],"picked":"Streamline","floor":11},{"not_picked":["Go for the Eyes","Storm","Coolheaded","Biased Cognition","Auto Shields","ReplayTheSpireMod:Reroute Power","Skim","Panic Button"],"picked":"hubris:PowerSurge","floor":13},{"not_picked":["Leap","BasicCrystalCard"],"picked":"hubris:PowerSurge","floor":14},{"not_picked":["Barrage","Beam Cell"],"picked":"Loop","floor":14},{"not_picked":["Leap+1","Stack","Streamline+1"],"picked":"Good Instincts","floor":18},{"not_picked":["Cold Snap","Panic Button","Dark Shackles+1"],"picked":"Defragment","floor":18},{"not_picked":["Steam+1","Panic Button+1","REME_Compress"],"picked":"ReplayTheSpireMod:Uncanny Aura","floor":19},{"not_picked":["Machine Learning","Coolheaded","Redo","Crow Ritual"],"picked":"SKIP","floor":19},{"not_picked":["BootSequence","Ball Lightning","Double Energy"],"picked":"MostiFishMod:KingOfFree","floor":20},{"not_picked":["Hologram","Chaos+1","Undo","Secret Weapon"],"picked":"SKIP","floor":20},{"not_picked":["Capacitor+1","Lockon","HandOfGreed"],"picked":"Redo","floor":23},{"not_picked":["Redo+1","Leap+1","Rebound","MostiFishMod:Kaleido"],"picked":"SKIP","floor":25},{"not_picked":["Turbo","Auto Shields+1","Sweeping Beam","Survey Options+1"],"picked":"SKIP","floor":25},{"not_picked":["Beam Cell+1","Leap+1","MostiFishMod:GatherIntelligence"],"picked":"ReplayUltimateDefense+1","floor":27},{"not_picked":["Cold Snap","Ball Lightning","Sweeping Beam"],"picked":"REME_WheelOfFate","floor":27},{"not_picked":["Cold Snap","Blizzard","Go for the Eyes","Chrysalis"],"picked":"SKIP","floor":28},{"not_picked":["Panic Button+1","Conserve Battery","Coolheaded"],"picked":"REME_Flogging+1","floor":29},{"not_picked":["Hologram","Rebound","Secret Technique"],"picked":"MostiFishMod:DawningShadow+1","floor":29},{"not_picked":["Hologram+1","ReplayTheSpireMod:Fabricate Wheel","Reprogram","Blind"],"picked":"SKIP","floor":30},{"not_picked":["MostiFishMod:PushDownKick","Barrage","MostiFishMod:IceShield"],"picked":"REME_PuzzleBox","floor":31},{"not_picked":["ReplayGash","Beam Cell+1","Redo+1"],"picked":"REME_BattleFury+1","floor":31},{"not_picked":["Hologram+1","Turbo+1","ReplayTheSpireMod:Brewmster+1"],"picked":"hubris:PowerSurge+1","floor":35},{"not_picked":["ReplayTheSpireMod:Reroute Power+1","hubris:Ukulele+1","Hologram+1","REME_EyeOfCthun"],"picked":"SKIP","floor":35},{"not_picked":["FTL+1","Conserve Battery+1","MostiFishMod:Nova","Secret Weapon"],"picked":"SKIP","floor":40},{"not_picked":["Redo","Barrage+1","Panic Button+1"],"picked":"Bandage Up","floor":42},{"not_picked":["Rebound","Sweeping Beam","Reprogram+1","REME_TheoryOfElimination+1"],"picked":"SKIP","floor":42},{"not_picked":["Auto Shields+1","Beam Cell","Hologram+1","REME_TheoryOfElimination"],"picked":"SKIP","floor":45},{"not_picked":["Genetic Algorithm","Hello World+1","Coolheaded","Swift Strike+1"],"picked":"SKIP","floor":45},{"not_picked":["Ball Lightning","Barrage","BootSequence"],"picked":"hubris:EnhanceAbility+1","floor":46},{"not_picked":["Compile Driver","Undo","Turbo","ReplayTheSpireMod:Necrogeddon"],"picked":"SKIP","floor":46},{"not_picked":["MostiFishMod:PushDownKick","Steam Power","Blizzard"],"picked":"REME_HeartOfCthun","floor":47},{"not_picked":["Redo","Compile Driver","Ball Lightning+1","ReplayTheSpireMod:Brewmster+1"],"picked":"SKIP","floor":47}],"player_experience":384428,"relics_obtained":[{"floor":12,"key":"ZombieArmy"},{"floor":13,"key":"champ:DuelingGlove"},{"floor":17,"key":"reliquary:Stiletto"},{"floor":17,"key":"reliquary:Boomerang"},{"floor":23,"key":"Frozen Egg 2"},{"floor":25,"key":"wanderingMiniBosses:ThiefScarf"},{"floor":26,"key":"Bird Faced Urn"},{"floor":28,"key":"reliquary:LoveEmittingDiode"},{"floor":40,"key":"MawBank"},{"floor":43,"key":"CeramicFish"}],"event_choices":[{"damage_healed":0,"gold_gain":100,"player_choice":"Pray","damage_taken":0,"max_hp_gain":0,"max_hp_loss":0,"event_name":"Golden Shrine","floor":3,"gold_loss":0},{"damage_healed":0,"gold_gain":0,"player_choice":"2 cards matched","damage_taken":0,"max_hp_gain":0,"max_hp_loss":0,"event_name":"Match and Keep!","floor":22,"gold_loss":0,"cards_obtained":["Doubt","Zap"]},{"cards_removed":["Strike_B"],"damage_healed":0,"gold_gain":0,"player_choice":"Removed Attack","damage_taken":0,"max_hp_gain":0,"max_hp_loss":0,"event_name":"Falling","floor":37,"gold_loss":0},{"damage_healed":0,"gold_gain":0,"player_choice":"Max HP","damage_taken":0,"max_hp_gain":0,"max_hp_loss":50,"event_name":"Winding Halls","floor":38,"gold_loss":0},{"damage_healed":0,"gold_gain":0,"player_choice":"Ignored","damage_taken":0,"max_hp_gain":0,"max_hp_loss":0,"event_name":"Duplicator","floor":39,"gold_loss":0}],"is_beta":false,"boss_relics":[{"not_picked":["OneHitWonderSystem","Inserter"],"picked":"REME_LowDesire"},{"not_picked":["Abe\u0027s Treasure","BloodWine"],"picked":"beaked:SacredDeck"}],"items_purged_floors":[24],"is_endless":false,"potions_floor_spawned":[4,5,13,16,18,23,27,28,40,46],"ascension_level":5}}