{"host":"o9lehcdjc4u6j9un","time":1613721122,"event":{"mods":["Aspiration","BaseMod","Better-Laid Plans","Bossed Relics","Colored Map","Downfall","Gremlin Mod","Hermit","Koishi","Marisa£®ÏF”Í°°ƒß¿Ì…≥£©","Minty Spire (QoL Compilation)","Reimu£®≤©¿ˆ¡È√Œ£©","Remilia£®¿Ÿ√◊¿Ú—«£©","Robot Space Explorer","StSLib","The Alterego","The Hierophant","The Jungle","The Marked","The Runesmith","The Senshi","The Servant 0.9.4","Yakumo Yukari mod","Youmu£®ªÍ∆«—˝√Œ£©","≤–¡Ù÷ÆŒÔ"],"gold_per_floor":[360,377,395,62,62,62,73,73,146,146,171,186,8,28,28,125,125,145,145,180,191,191,191,223,238,238,238,238],"floor_reached":27,"language":"ZHS","playtime":856,"items_purged":["downfall:Bewildered","Strike_R"],"score":281,"play_id":"3af5fc7c-7e83-46a9-bec3-1d88c6de556a","local_time":"20210219155202","is_ascension_mode":true,"campfire_choices":[{"data":"Bash","floor":6.0,"key":"SMITH"},{"data":"Clash","floor":8.0,"key":"SMITH"},{"data":"Heavy Blade","floor":10.0,"key":"SMITH"},{"data":"True Grit","floor":15,"key":"SMITH"},{"data":"Berserk","floor":23,"key":"SMITH"}],"circlet_count":0,"master_deck":["Strike_R","Strike_R","Strike_R","Defend_R","Defend_R","Defend_R","Defend_R","Bash+1","Clash+1","Rupture","Heavy Blade+1","Cleave","Bloodletting","Anger","Combust","True Grit+1","Berserk+1","Combust","Flex","Spot Weakness","Rupture","Pummel+1"],"relics":["Burning Blood","PlaceholderMod:SoulofChaos","Slimebound:PreparedRelic","Darkstone Periapt","sneckomod:SneckoTalon","aspiration:RitualStick","Red Mask","Pear"],"acts_visited":["Exordium","TheCity"],"potions_floor_usage":[18,24,25],"damage_taken":[{"damage":18.0,"enemies":"Jaw Worm","floor":1.0,"turns":5.0},{"damage":6.0,"enemies":"Cultist","floor":2.0,"turns":4.0},{"damage":3.0,"enemies":"2 Louse","floor":3.0,"turns":2.0},{"damage":11.0,"enemies":"Looter","floor":7.0,"turns":2.0},{"damage":8.0,"enemies":"Gremlin Nob","floor":11.0,"turns":3.0},{"damage":26.0,"enemies":"Red Slaver","floor":12.0,"turns":4.0},{"damage":14,"enemies":"Exordium Wildlife","floor":14,"turns":3},{"damage":26,"enemies":"Hexaghost","floor":16,"turns":7},{"damage":16,"enemies":"Shell Parasite","floor":18,"turns":3},{"damage":37,"enemies":"Masked Bandits","floor":20,"turns":4},{"damage":1,"enemies":"Chosen","floor":21,"turns":3},{"damage":29,"enemies":"Book of Stabbing","floor":24,"turns":3},{"damage":16,"enemies":"Snake Plant","floor":25,"turns":3},{"damage":25,"enemies":"Shelled Parasite and Fungi","floor":27,"turns":2}],"seed_played":"3706996331925275605","potions_obtained":[{"floor":7.0,"key":"Energy Potion"},{"floor":14,"key":"Fire Potion"},{"floor":16,"key":"Fire Potion"},{"floor":18,"key":"Fire Potion"},{"floor":24,"key":"AttackPotion"}],"is_trial":false,"path_per_floor":["M","M","M","$","?","R","M","R","T","R","E","M","$","M","R","B",null,"M","?","?","M","?","R","E","M","T","M"],"character_chosen":"IRONCLAD","items_purchased":["PlaceholderMod:SoulofChaos","Combust"],"campfire_rested":0,"item_purchase_floors":[4,13],"current_hp_per_floor":[68,68,71,71,74,74,69,69,69,69,67,47,50,42,42,22,86,76,61,33,38,41,41,28,18,18,0,0],"gold":238,"neow_bonus":"TWO_FIFTY_GOLD","is_daily":false,"chose_seed":false,"campfire_upgraded":5,"win_rate":0.0,"timestamp":1613721122,"path_taken":["M","M","M","$","?","R","M","R","T","R","E","M","?","M","R","BOSS","M","?","?","M","?","R","E","M","T","?"],"items_purchased_type":["Relic","Card"],"build_version":"2020-12-22","purchased_purges":2,"victory":false,"max_hp_per_floor":[80,80,80,80,83,83,83,83,83,83,83,83,86,86,86,86,86,86,89,92,92,95,95,105,105,105,108,108],"card_choices":[{"not_picked":["Rampage","Hemokinesis"],"picked":"Clash","floor":1.0},{"not_picked":["Wild Strike","Headbutt"],"picked":"Rupture","floor":2.0},{"not_picked":["Iron Wave","Demon Form"],"picked":"Heavy Blade","floor":3.0},{"not_picked":["Sever Soul","Perfected Strike"],"picked":"Cleave","floor":7.0},{"not_picked":["Reckless Charge","Clothesline"],"picked":"Bloodletting","floor":11.0},{"not_picked":["Iron Wave","Entrench"],"picked":"Anger","floor":12.0},{"not_picked":["Wild Strike","Anger"],"picked":"True Grit","floor":14},{"not_picked":["Impervious","Bludgeon"],"picked":"Berserk","floor":16},{"not_picked":["Sentinel+1","Havoc"],"picked":"Combust","floor":18},{"not_picked":["Heavy Blade","Flame Barrier"],"picked":"Flex","floor":20},{"not_picked":["Anger","Perfected Strike"],"picked":"Spot Weakness","floor":21},{"not_picked":["Metallicize","Berserk"],"picked":"Pummel+1","floor":24},{"not_picked":["Dual Wield","Twin Strike","Feel No Pain"],"picked":"SKIP","floor":25}],"player_experience":349267,"relics_obtained":[{"floor":9.0,"key":"Slimebound:PreparedRelic"},{"floor":11.0,"key":"Darkstone Periapt"},{"floor":20,"key":"Red Mask"},{"floor":24,"key":"Pear"}],"event_choices":[{"cards_removed":["Strike_R"],"damage_healed":0.0,"max_hp_gain":0.0,"max_hp_loss":0.0,"gold_gain":0.0,"event_name":"Purifier","player_choice":"Purged","floor":5.0,"gold_loss":0.0,"damage_taken":0.0},{"damage_healed":0,"gold_gain":0,"player_choice":"Fought Bandits","damage_taken":0,"max_hp_gain":0,"max_hp_loss":0,"event_name":"Masked Bandits","floor":20,"gold_loss":0},{"damage_healed":0,"gold_gain":0,"player_choice":"Copied","damage_taken":0,"max_hp_gain":0,"max_hp_loss":0,"event_name":"Duplicator","floor":22,"gold_loss":0,"cards_obtained":["Rupture"]}],"is_beta":false,"boss_relics":[{"not_picked":["Velvet Choker","Snecko Eye"],"picked":"sneckomod:SneckoTalon"}],"items_purged_floors":[4,13],"is_endless":false,"potions_floor_spawned":[7,14,16,18,21,24],"killed_by":"Shelled Parasite and Fungi","ascension_level":2}}