{"host":"df48i9djcn92c5sx","time":1613744436,"event":{"mods":["Act Like it!","Arknights","BaseMod","Decade(王小明)","Downfall","Gensokyo","Marisa（F雨　魔理沙）","Minty Spire (QoL Compilation)","READ ME - Guardian Mod","READ ME - Snecko Mod","Reimu（博丽灵梦）","Remilia（蕾米莉亚）","Shop Mod","StSLib","The Jungle","The Servant 0.9.4"],"gold_per_floor":[112,112,112,125,145,145,161,161,161,161,161],"floor_reached":10,"language":"ZHS","playtime":195,"items_purged":[],"score":107,"play_id":"3a6ad3f6-eb72-4d75-8a49-7ad13f19d47b","local_time":"20210219222036","is_ascension_mode":true,"campfire_choices":[{"data":"Neutralize","floor":6,"key":"SMITH"},{"data":"Sucker Punch","floor":8,"key":"SMITH"}],"circlet_count":0,"master_deck":["AscendersBane","Strike_G","Strike_G","Strike_G","Strike_G","Strike_G","Defend_G","Defend_G","Defend_G","Defend_G","Defend_G","Survivor","Neutralize+1","Backstab","Bullet Time","Heel Hook","Sucker Punch+1","Well Laid Plans","downfall:Haunted","Writhe"],"relics":["Ring of the Snake","NeowsBlessing","downfall:ExtraCursedKey","Question Card"],"acts_visited":["Exordium"],"potions_floor_usage":[7,7],"damage_taken":[{"damage":0.0,"enemies":"Small Slimes","floor":1.0,"turns":1.0},{"damage":0,"enemies":"Cultist","floor":4,"turns":1},{"damage":0,"enemies":"2 Louse","floor":5,"turns":1},{"damage":15,"enemies":"Exordium Thugs","floor":7,"turns":5},{"damage":17,"enemies":"Lagavulin","floor":10,"turns":4}],"seed_played":"-9052840147700352034","potions_obtained":[{"floor":1.0,"key":"ColorlessPotion"},{"floor":5,"key":"Slimebound:ThreeZeroPotion"}],"is_trial":false,"path_per_floor":["M","?","?","M","M","R","M","R","T","E"],"character_chosen":"THE_SILENT","items_purchased":[],"campfire_rested":0,"item_purchase_floors":[],"current_hp_per_floor":[59,59,59,59,59,59,44,44,44,27,27],"gold":161,"neow_bonus":"THREE_ENEMY_KILL","is_daily":false,"chose_seed":false,"campfire_upgraded":2,"win_rate":0.0,"timestamp":1613744436,"path_taken":["M","?","?","?","M","R","M","R","T","E"],"items_purchased_type":[],"build_version":"2020-12-22","purchased_purges":0,"victory":false,"max_hp_per_floor":[66,66,66,66,66,66,66,66,66,66,66],"card_choices":[{"not_picked":["Calculated Gamble","Sucker Punch"],"picked":"Backstab","floor":1.0},{"not_picked":["Escape Plan","Blade Dance"],"picked":"Sucker Punch","floor":4},{"not_picked":["Calculated Gamble","Quick Slash","Setup"],"picked":"SKIP","floor":5},{"not_picked":["Backflip","Quick Slash"],"picked":"Well Laid Plans","floor":7}],"player_experience":1592086,"relics_obtained":[{"floor":9,"key":"Question Card"}],"event_choices":[{"damage_healed":0,"gold_gain":0,"player_choice":"2 cards matched","damage_taken":0,"max_hp_gain":0,"max_hp_loss":0,"event_name":"Match and Keep!","floor":3,"gold_loss":0,"cards_obtained":["Bullet Time","Heel Hook"]}],"is_beta":false,"boss_relics":[],"items_purged_floors":[],"is_endless":false,"potions_floor_spawned":[1,5],"killed_by":"Lagavulin","ascension_level":17}}