{"host":"6r341r9cz00j2qc1","time":1613763073,"event":{"mods":["BaseMod","Better Third Choice","Downfall","Hermit","Lobotomy","LobotomyExtend","Minty Spire (QoL Compilation)","Replay The Spire","Shop Mod","StSLib"],"gold_per_floor":[115,53,73,91,101,133,133,143,143,155,155,155,51,61,61,160,160,176,176,187,187,187,219,245,245,270,283,283,104,104,104,104,104,104],"floor_reached":33,"language":"ENG","playtime":2198,"items_purged":[],"score":265,"play_id":"3fe7003c-688e-45d8-9923-62f9ea34092a","local_time":"20210219203113","is_ascension_mode":false,"campfire_choices":[{"floor":7,"key":"REST"},{"floor":11,"key":"REST"},{"data":"Replay:Battleflow","floor":15,"key":"SMITH"},{"floor":30,"key":"REST"},{"floor":32,"key":"REST"}],"circlet_count":0,"master_deck":["Strike_P","Strike_P","Strike_P","Defend_P","Defend_P","Defend_P","Eruption","Vigilance","PathToVictory","EmptyMind","FollowUp","Wallop","EmptyFist","Replay:BluntJabs","Replay:Battleflow+1","Replay:Vibes","Replay:Vibes","Prostrate","Worship","Ragnarok","Consecrate+1","Prostrate","PathToVictory","Pot Of Greed","Pot Of Greed","Replay:Battleflow+1","Pot Of Greed"],"relics":["HolyWater","NeowsBlessing","LetterFromLob","Orichalcum","Omamori","Replay:WaspNest","Ginger","Lantern","MutagenicStrength","Grinning Jar","Membership Card"],"acts_visited":["Exordium","TheCity"],"potions_floor_usage":[6,16,16,33],"damage_taken":[{"damage":0,"enemies":"Small Slimes","floor":1,"turns":1},{"damage":0,"enemies":"Cultist","floor":3,"turns":1},{"damage":0,"enemies":"2 Louse","floor":4,"turns":1},{"damage":8,"enemies":"Blue Slaver","floor":5,"turns":4},{"damage":44,"enemies":"Lagavulin","floor":6,"turns":8},{"damage":14,"enemies":"Gremlin Gang","floor":8,"turns":7},{"damage":0,"enemies":"2 Fungi Beasts","floor":10,"turns":3},{"damage":5,"enemies":"Blue Slaver","floor":14,"turns":3},{"damage":6,"enemies":"The Guardian","floor":16,"turns":12},{"damage":15,"enemies":"3 Byrds","floor":18,"turns":4},{"damage":22,"enemies":"Spheric Guardian","floor":20,"turns":4},{"damage":18,"enemies":"Replay:Snechameleon","floor":23,"turns":3},{"damage":5,"enemies":"Centurion and Healer","floor":27,"turns":4},{"damage":68,"enemies":"Automaton","floor":33,"turns":6}],"seed_played":"-1104849513457053925","potions_obtained":[{"floor":4,"key":"Milkshake"},{"floor":5,"key":"Block Potion"},{"floor":8,"key":"Weak Potion"},{"floor":14,"key":"BottledMiracle"},{"floor":16,"key":"sneckomod:MuddlingPotion"},{"floor":18,"key":"Ambrosia"}],"is_trial":false,"path_per_floor":["M","?","M","M","M","E","R","M","T","M","R","?","$","M","R","B",null,"M","?","M","?","?","E","T","?","T","M","?","$","R","M","R","B"],"character_chosen":"WATCHER","items_purchased":["Replay:Vibes","Prostrate","Membership Card","Replay:Battleflow+1"],"campfire_rested":4,"item_purchase_floors":[13,13,29,29],"current_hp_per_floor":[72,72,72,72,64,20,41,27,27,27,48,56,56,51,51,45,72,57,57,35,35,35,17,17,17,17,12,12,12,33,33,54,0,0],"gold":104,"neow_bonus":"THREE_ENEMY_KILL","is_daily":false,"chose_seed":false,"campfire_upgraded":1,"win_rate":0.0,"timestamp":1613763073,"path_taken":["M","?","M","M","M","E","R","?","T","M","R","?","$","M","R","BOSS","M","?","?","?","?","E","?","?","T","M","?","$","R","?","R","BOSS"],"items_purchased_type":["Card","Card","Relic","Card"],"build_version":"2020-12-22","purchased_purges":0,"victory":false,"max_hp_per_floor":[72,72,72,72,72,72,72,72,72,72,72,72,72,72,72,72,72,72,72,72,72,72,72,72,72,72,72,72,72,72,72,72,72,72],"card_choices":[{"not_picked":["Replay:DivineShield","Fasting2"],"picked":"PathToVictory","floor":1},{"not_picked":["WaveOfTheHand","ThirdEye"],"picked":"EmptyMind","floor":3},{"not_picked":["Evaluate","Conclude"],"picked":"FollowUp","floor":4},{"not_picked":["Study","BowlingBash"],"picked":"Wallop","floor":5},{"not_picked":["Replay:Hum","Conclude"],"picked":"EmptyFist","floor":6},{"not_picked":["Nirvana","Establishment"],"picked":"Replay:BluntJabs","floor":8},{"not_picked":["ClearTheMind","ThirdEye"],"picked":"Replay:Battleflow","floor":10},{"not_picked":["Replay:Anticipation","Halt"],"picked":"Worship","floor":14},{"not_picked":["Establishment","Replay:LoomingThreat"],"picked":"Ragnarok","floor":16},{"not_picked":["Crescendo+1","Replay:AtTheReady"],"picked":"Consecrate+1","floor":18},{"not_picked":["MentalFortress","Replay:Anticipation+1"],"picked":"Prostrate","floor":20},{"not_picked":["Replay:Vibes+1","Replay:AllIn"],"picked":"PathToVictory","floor":23},{"not_picked":["Protect","ThirdEye","Evaluate"],"picked":"SKIP","floor":27}],"player_experience":525693,"relics_obtained":[{"floor":1,"key":"LetterFromLob"},{"floor":6,"key":"Omamori"},{"floor":9,"key":"Replay:WaspNest"},{"floor":23,"key":"Ginger"},{"floor":24,"key":"Lantern"},{"floor":26,"key":"Grinning Jar"}],"event_choices":[{"damage_healed":0,"gold_gain":0,"player_choice":"Paid Gold","damage_taken":0,"relics_obtained":["Orichalcum"],"max_hp_gain":0,"max_hp_loss":0,"event_name":"WeMeetAgain","floor":2,"gold_loss":62},{"cards_removed":["Strike_P"],"damage_healed":0,"gold_gain":0,"player_choice":"Card Removal","damage_taken":0,"max_hp_gain":0,"max_hp_loss":0,"event_name":"Wheel of Change","floor":19,"gold_loss":0},{"cards_removed":["Defend_P"],"damage_healed":0,"gold_gain":0,"player_choice":"Elegance","damage_taken":0,"max_hp_gain":0,"max_hp_loss":0,"event_name":"betterThird:BetterWriting","floor":21,"gold_loss":0},{"damage_healed":0,"gold_gain":0,"player_choice":"Smashed Altar","damage_taken":0,"max_hp_gain":0,"max_hp_loss":0,"event_name":"Forgotten Altar","floor":22,"gold_loss":0,"cards_obtained":["Decay"]},{"damage_healed":0,"gold_gain":0,"player_choice":"Inject Mutagens","damage_taken":0,"relics_obtained":["MutagenicStrength"],"max_hp_gain":0,"max_hp_loss":0,"event_name":"Drug Dealer","floor":25,"gold_loss":0},{"damage_healed":0,"gold_gain":0,"player_choice":"Ignored","damage_taken":0,"max_hp_gain":0,"max_hp_loss":0,"event_name":"Ghosts","floor":28,"gold_loss":0}],"is_beta":false,"boss_relics":[{"not_picked":["Black Star","Runic Dome"],"picked":"HolyWater"}],"items_purged_floors":[],"is_endless":false,"potions_floor_spawned":[4,5,8,14,16,18,27],"killed_by":"Automaton","ascension_level":0}}