{"host":"5vt7i1s0igmi3yzq","time":1613693349,"event":{"mods":["AchievementEnabler","Act Like it!","Aspiration","BaseMod","Better Altar","Better Match","Better Note","Better Sensory Stone","Better Skull","Better Third Choice","Better Vampires","BetterRewards","Colored Powertips","Fox Events","GifTheSpireLib","Hermit","Highlight Path","Minty Spire (QoL Compilation)","Morshu Shopkeeper","Pale of the Ancients","Permanent Neow","Rare Cards Sparkle","Replay The Spire","Reworked Bosses","Shop Mod","StSLib","Stuff the Spire","Unceasing Turn Reminder","Wandering Minibosses","everything is the same but u backflip on backflip"],"gold_per_floor":[111,111,172,9,28,28,107,118,118,147,158,169,198,36,36,185,185,202,202,402,431,431,431,503,503,503,536,536,565,580,104,104,104,104,149,149],"floor_reached":35,"language":"ENG","playtime":2313,"items_purged":["Doubt"],"score":580,"play_id":"b362bd5d-bcdb-43ba-a4fd-00a4d8cbc7fa","local_time":"20210218180909","is_ascension_mode":true,"campfire_choices":[{"data":"Glass Knife","floor":6,"key":"SMITH"},{"floor":15,"key":"REST"},{"data":"Venomology","floor":23,"key":"SMITH"},{"floor":34,"key":"REST"}],"circlet_count":0,"master_deck":["Strike_G","Strike_G+1","Strike_G","Strike_G+1","Strike_G","Defend_G","Defend_G","Defend_G","Defend_G","Defend_G","Survivor","Neutralize","Blade Dance","Glass Knife+1","Bandage Up","Noxious Fumes","Blade Dance","Cloak And Dagger","ReplayTheSpireMod:From All Sides","Poisoned Stab","Acrobatics","Malaise","Transmutation","Venomology+1","StuffTheSpire:BrimstoneBlast","Panache","Jack Of All Trades","Pot Of Greed","Pot Of Greed","Pot Of Greed","Backflip+1","StuffTheSpire:ReptileScales","ReplayTheSpireMod:Shiv Toss","Blade Dance+1","ReplayTheSpireMod:Scrap Shanks"],"relics":["Ring of the Snake","aspiration:Nostalgia","Replay:M_StaffOfTheSnake","ReplayTheSpireMod:Ring of Challenge","Ring of Panic","Onion Ring","StuffTheSpire:CocoNut","Regal Pillow","The Specimen","Snecko Eye","Simple Rune","NlothsMask","Grinning Jar","StuffTheSpire:Barrel","Paper Crane","TwistedFunnel","Eternal Feather"],"acts_visited":["Exordium","TheCity"],"potions_floor_usage":[10,16,16,21,24,27,29,29,35,13035,35,35],"damage_taken":[{"damage":0,"enemies":"2 Louse","floor":1,"turns":2},{"damage":17,"enemies":"Jaw Worm","floor":3,"turns":4},{"damage":0,"enemies":"Cultist","floor":5,"turns":3},{"damage":42,"enemies":"Replay:BlueRogue","floor":7,"turns":8},{"damage":0,"enemies":"Blue Slaver","floor":8,"turns":1},{"damage":13,"enemies":"Gremlin Nob","floor":10,"turns":3},{"damage":0,"enemies":"Gremlin Gang","floor":11,"turns":2},{"damage":0,"enemies":"3 Louse","floor":12,"turns":2},{"damage":0,"enemies":"Lagavulin","floor":13,"turns":3},{"damage":28,"enemies":"Fading Forest","floor":16,"turns":11},{"damage":6,"enemies":"2 Thieves","floor":18,"turns":2},{"damage":7,"enemies":"Spheric Guardian","floor":21,"turns":2},{"damage":30,"enemies":"Replay:Snechameleon","floor":24,"turns":6},{"damage":3,"enemies":"Gremlin Leader","floor":27,"turns":4},{"damage":0,"enemies":"Book of Stabbing","floor":29,"turns":5},{"damage":0,"enemies":"3 Cultists","floor":30,"turns":3},{"damage":84,"enemies":"Pondfish","floor":35,"turns":6}],"seed_played":"357745771445186039","potions_obtained":[{"floor":3,"key":"Adrenaline Potion"},{"floor":10,"key":"Adrenaline Potion"},{"floor":11,"key":"Weak Potion"},{"floor":13,"key":"Adrenaline Potion"},{"floor":27,"key":"Poison Potion"},{"floor":29,"key":"Flashbang"}],"is_trial":false,"path_per_floor":["M","?","M","$","M","R","E","M","T","E","M","M","E","$","R","B",null,"M","?","?","M","?","R","E","PTL","PTL","E","T","E","M","$","?","T","R","B"],"character_chosen":"THE_SILENT","items_purchased":["Bandage Up","Transmutation","TwistedFunnel","Eternal Feather","ReplayTheSpireMod:Scrap Shanks"],"campfire_rested":2,"item_purchase_floors":[4,14,31,31,31],"current_hp_per_floor":[63,63,46,46,50,50,12,12,19,6,10,10,14,14,52,36,67,65,65,65,58,58,58,32,32,32,33,33,33,37,37,19,19,77,20,20],"gold":149,"neow_bonus":"NOSTALGIA","is_daily":false,"chose_seed":false,"campfire_upgraded":2,"win_rate":0.0,"timestamp":1613693349,"path_taken":["M","?","M","?","M","R","E","M","T","E","M","M","E","$","R","BOSS","M","?","?","?","?","R","E","PTL","PTL","E","T","E","?","$","?","?","R","BOSS"],"items_purchased_type":["Card","Card","Relic","Relic","Card"],"build_version":"2020-12-22","purchased_purges":1,"victory":false,"max_hp_per_floor":[70,70,70,70,70,70,70,70,77,77,77,77,77,77,77,77,77,77,77,77,77,77,77,77,77,77,77,77,77,77,77,77,77,77,77,77],"card_choices":[{"not_picked":["Flying Knee","Bane"],"picked":"Blade Dance","floor":1},{"not_picked":["StuffTheSpire:ClusterCrunch","Noxious Fumes"],"picked":"Glass Knife","floor":3},{"not_picked":["JustLucky","StuffTheSpire:BumpUp"],"picked":"Noxious Fumes","floor":5},{"not_picked":["Dagger Throw","Poisoned Stab"],"picked":"Blade Dance","floor":7},{"not_picked":["Leg Sweep","Weave"],"picked":"Cloak And Dagger","floor":8},{"not_picked":["Footwork","Backstab"],"picked":"ReplayTheSpireMod:From All Sides","floor":10},{"not_picked":["StuffTheSpire:BrimstoneBlast","PiercingWail"],"picked":"Poisoned Stab","floor":11},{"not_picked":["Deflect","JustLucky"],"picked":"Acrobatics","floor":12},{"not_picked":["SashWhip","Hidden Blade"],"picked":"Malaise","floor":13},{"not_picked":["Storm of Steel","Grand Finale"],"picked":"Venomology","floor":16},{"not_picked":["Masterful Stab","Acrobatics"],"picked":"StuffTheSpire:BrimstoneBlast","floor":18},{"not_picked":["ReplayTheSpireMod:Brewmster","The Bomb"],"picked":"Panache","floor":19},{"not_picked":["Replay:Sssssssssstrike","Mind Blast"],"picked":"Jack Of All Trades","floor":19},{"not_picked":["Flechettes+1","Dagger Spray","Sucker Punch"],"picked":"SKIP","floor":21},{"not_picked":["Dagger Spray+1","Endless Agony"],"picked":"Backflip+1","floor":24},{"not_picked":["Bouncing Flask","ReplayTheSpireMod:From All Sides"],"picked":"StuffTheSpire:ReptileScales","floor":27},{"not_picked":["StuffTheSpire:Injection","Fluid Movement"],"picked":"ReplayTheSpireMod:Shiv Toss","floor":29},{"not_picked":["StuffTheSpire:Fury","Escape Plan"],"picked":"Blade Dance+1","floor":30}],"player_experience":411873,"relics_obtained":[{"floor":2,"key":"ReplayTheSpireMod:Ring of Challenge"},{"floor":2,"key":"Ring of Panic"},{"floor":7,"key":"Onion Ring"},{"floor":9,"key":"StuffTheSpire:CocoNut"},{"floor":10,"key":"Regal Pillow"},{"floor":13,"key":"The Specimen"},{"floor":21,"key":"Simple Rune"},{"floor":24,"key":"Grinning Jar"},{"floor":27,"key":"StuffTheSpire:Barrel"},{"floor":29,"key":"Paper Crane"}],"event_choices":[{"damage_healed":0,"gold_gain":2,"player_choice":"1","damage_taken":0,"max_hp_gain":0,"max_hp_loss":0,"event_name":"betterStone:BetterStone","floor":19,"gold_loss":0},{"damage_healed":0,"gold_gain":200,"player_choice":"Gold","damage_taken":0,"max_hp_gain":0,"max_hp_loss":0,"event_name":"Wheel of Change","floor":20,"gold_loss":0},{"damage_healed":0,"gold_gain":0,"player_choice":"Trade","damage_taken":0,"relics_obtained":["NlothsMask"],"max_hp_gain":0,"max_hp_loss":0,"event_name":"FaceTrader","floor":22,"gold_loss":0},{"damage_healed":0,"gold_gain":0,"player_choice":" Potion ","damage_taken":18,"relics_obtained":[],"max_hp_gain":37,"max_hp_loss":19,"event_name":"betterAltar:BetterAltar","floor":32,"potions_obtained":["betterAltar:AltarPotion"],"relics_lost":[],"gold_loss":0}],"is_beta":false,"boss_relics":[{"not_picked":["StuffTheSpire:RunicHypercube","Astrolabe"],"picked":"Snecko Eye"}],"items_purged_floors":[4],"is_endless":false,"potions_floor_spawned":[3,10,11,13,27,29],"killed_by":"Pondfish","ascension_level":9}}