{"host":"lv7etzzgwahaenh9","time":1613765384,"event":{"mods":["AchievementEnabler","BaseMod","Colored Map","Colored Powertips","Highlight Path","Minty Spire (QoL Compilation)","Permanent Neow","Quick Restart","Random Character Button","StSLib"],"gold_per_floor":[119,137,137,153,253,253,279,279,326,359,376,409,427,440,440,545,545,557,482,499,529,553,553,47,82,107,107,134,134,144,157,157,157,157],"floor_reached":33,"language":"ENG","playtime":1766,"items_purged":["Defend_P"],"score":515,"play_id":"9af42a24-cc5d-44ef-ab61-7dcc522ac90e","local_time":"20210219120944","is_ascension_mode":true,"campfire_choices":[{"data":"CrushJoints","floor":6.0,"key":"SMITH"},{"floor":8.0,"key":"REST"},{"floor":15.0,"key":"REST"},{"floor":23.0,"key":"REST"},{"floor":27.0,"key":"REST"},{"data":"Ragnarok","floor":29,"key":"SMITH"},{"floor":32,"key":"REST"}],"circlet_count":0,"master_deck":["Strike_P","Strike_P","Strike_P","Strike_P","Defend_P+1","Defend_P+1","Eruption","Vigilance","EmptyFist","Protect","ClearTheMind+1","CrushJoints+1","Evaluate","EmptyMind","FlurryOfBlows","Meditate+1","ReachHeaven","LessonLearned","Collect+1","Evaluate+1","Ragnarok+1","DeceiveReality","Crescendo","CrushJoints+1","SandsOfTime+1","Evaluate+1","The Bomb","FlyingSleeves+1","Consecrate+1","Prostrate+1"],"relics":["PureWater","War Paint","Damaru","MealTicket","Prayer Wheel","VioletLotus","Red Mask","Orichalcum","Shuriken","Matryoshka","Lantern","Happy Flower","Bottled Lightning"],"acts_visited":["Exordium","TheCity"],"potions_floor_usage":[31],"damage_taken":[{"damage":3.0,"enemies":"Small Slimes","floor":1.0,"turns":3.0},{"damage":0.0,"enemies":"Jaw Worm","floor":2.0,"turns":3.0},{"damage":0.0,"enemies":"Cultist","floor":4.0,"turns":3.0},{"damage":35.0,"enemies":"Gremlin Nob","floor":7.0,"turns":4.0},{"damage":7.0,"enemies":"3 Sentries","floor":10.0,"turns":5.0},{"damage":9.0,"enemies":"3 Louse","floor":11.0,"turns":4.0},{"damage":17.0,"enemies":"Lagavulin","floor":12.0,"turns":6.0},{"damage":0.0,"enemies":"Blue Slaver","floor":13.0,"turns":4.0},{"damage":16.0,"enemies":"Exordium Thugs","floor":14.0,"turns":7.0},{"damage":0.0,"enemies":"Slime Boss","floor":16.0,"turns":4.0},{"damage":14.0,"enemies":"Spheric Guardian","floor":18.0,"turns":5.0},{"damage":0.0,"enemies":"Chosen","floor":20.0,"turns":6.0},{"damage":29.0,"enemies":"Masked Bandits","floor":21.0,"turns":6.0},{"damage":43.0,"enemies":"Slavers","floor":25.0,"turns":7.0},{"damage":10,"enemies":"Gremlin Leader","floor":28,"turns":5},{"damage":6,"enemies":"3 Cultists","floor":30,"turns":5},{"damage":0,"enemies":"Snecko","floor":31,"turns":3},{"damage":54,"enemies":"Collector","floor":33,"turns":5}],"seed_played":"-7369388112688660456","potions_obtained":[{"floor":2.0,"key":"StancePotion"},{"floor":7.0,"key":"Strength Potion"},{"floor":13.0,"key":"SneckoOil"},{"floor":14.0,"key":"Strength Potion"},{"floor":16.0,"key":"Block Potion"},{"floor":18.0,"key":"SkillPotion"},{"floor":28,"key":"Ancient Potion"}],"is_trial":false,"path_per_floor":["M","M","?","M","?","R","E","R","T","E","M","E","M","M","R","B",null,"M","?","M","?","T","R","$","E","T","R","E","R","M","M","R","B"],"character_chosen":"WATCHER","items_purchased":["The Bomb","Shuriken"],"campfire_rested":5,"item_purchase_floors":[24,24],"current_hp_per_floor":[62,62,67,67,67,67,32,55,55,48,39,22,22,6,29,29,65,51,51,51,22,22,45,60,17,17,40,30,30,24,24,47,0,0],"gold":157,"neow_bonus":"THREE_CARDS","is_daily":false,"chose_seed":false,"campfire_upgraded":2,"win_rate":0.0,"timestamp":1613765384,"path_taken":["M","M","?","M","?","R","E","R","T","E","M","E","M","?","R","BOSS","M","?","M","?","?","R","$","E","T","R","E","R","M","?","R","BOSS"],"items_purchased_type":["Card","Relic"],"build_version":"2020-12-22","purchased_purges":1,"victory":false,"max_hp_per_floor":[72,72,77,77,77,77,77,77,77,77,77,77,77,77,77,77,77,77,77,77,77,77,77,77,77,77,77,77,77,77,77,77,77,77],"card_choices":[{"not_picked":["Halt","ClearTheMind"],"picked":"EmptyFist","floor":0.0},{"not_picked":["Crescendo","FollowUp"],"picked":"Protect","floor":1.0},{"not_picked":["Nirvana","JustLucky"],"picked":"ClearTheMind","floor":2.0},{"not_picked":["SashWhip","Protect"],"picked":"CrushJoints","floor":4.0},{"not_picked":["Prostrate","EmptyBody"],"picked":"Evaluate","floor":7.0},{"not_picked":["TalkToTheHand","Wish"],"picked":"EmptyMind","floor":10.0},{"not_picked":["ClearTheMind","Evaluate"],"picked":"FlurryOfBlows","floor":11.0},{"not_picked":["Protect","EmptyFist"],"picked":"Meditate","floor":12.0},{"not_picked":["TalkToTheHand","PathToVictory"],"picked":"ReachHeaven","floor":13.0},{"not_picked":["PathToVictory","Meditate"],"picked":"LessonLearned","floor":13.0},{"not_picked":["WreathOfFlame","SignatureMove"],"picked":"Collect","floor":14.0},{"not_picked":["JustLucky","Worship"],"picked":"Evaluate","floor":14.0},{"not_picked":["DeusExMachina","Brilliance"],"picked":"Ragnarok","floor":16.0},{"not_picked":["PathToVictory+1","EmptyFist"],"picked":"DeceiveReality","floor":18.0},{"not_picked":["FollowUp","Prostrate"],"picked":"Crescendo","floor":18.0},{"not_picked":["Perseverance","Weave"],"picked":"CrushJoints+1","floor":20.0},{"not_picked":["Halt","Indignation"],"picked":"SandsOfTime+1","floor":20.0},{"not_picked":["EmptyFist+1","ForeignInfluence"],"picked":"Evaluate+1","floor":21.0},{"not_picked":["CutThroughFate","Protect","Meditate"],"picked":"SKIP","floor":25.0},{"not_picked":["ConjureBlade","FollowUp"],"picked":"FlyingSleeves+1","floor":28},{"not_picked":["PathToVictory","FlurryOfBlows"],"picked":"Consecrate+1","floor":30},{"not_picked":["Halt+1","Study","JustLucky+1"],"picked":"SKIP","floor":30},{"not_picked":["JustLucky","EmptyMind"],"picked":"Prostrate+1","floor":31},{"not_picked":["PathToVictory","WreathOfFlame","EmptyFist+1"],"picked":"SKIP","floor":31}],"player_experience":441007,"relics_obtained":[{"floor":7.0,"key":"War Paint"},{"floor":9.0,"key":"Damaru"},{"floor":10.0,"key":"MealTicket"},{"floor":12.0,"key":"Prayer Wheel"},{"floor":21.0,"key":"Red Mask"},{"floor":22.0,"key":"Orichalcum"},{"floor":25.0,"key":"Matryoshka"},{"floor":26.0,"key":"Lantern"},{"floor":26.0,"key":"Happy Flower"},{"floor":28,"key":"Bottled Lightning"}],"event_choices":[{"damage_healed":0.0,"max_hp_gain":5.0,"max_hp_loss":0.0,"gold_gain":0.0,"event_name":"Big Fish","player_choice":"Donut","floor":3.0,"gold_loss":0.0,"damage_taken":0.0},{"damage_healed":0.0,"max_hp_gain":0.0,"max_hp_loss":0.0,"gold_gain":100.0,"event_name":"Golden Shrine","player_choice":"Pray","floor":5.0,"gold_loss":0.0,"damage_taken":0.0},{"cards_removed":["Defend_P"],"damage_healed":0.0,"max_hp_gain":0.0,"max_hp_loss":0.0,"gold_gain":0.0,"event_name":"Beggar","player_choice":"Gave Gold","floor":19.0,"gold_loss":75.0,"damage_taken":0.0},{"damage_healed":0.0,"max_hp_gain":0.0,"max_hp_loss":0.0,"gold_gain":0.0,"event_name":"Masked Bandits","player_choice":"Fought Bandits","floor":21.0,"gold_loss":0.0,"damage_taken":0.0}],"is_beta":false,"boss_relics":[{"not_picked":["Tiny House","Sozu"],"picked":"VioletLotus"}],"items_purged_floors":[24],"is_endless":false,"potions_floor_spawned":[2,7,13,14,16,18,28],"killed_by":"Collector","ascension_level":9}}