{"host":"j5shy70asow5koz5","time":1613720215,"event":{"mods":["2.2 Compatiblity","Act Like it!","Arknights","BaseMod","Colored Map","Marisa£¨Ùöéë¡¡Øª×âÞÞ£©","Minty Spire (QoL Compilation)","Prisma Mod","StSLib","SuperFastMode","Td1madao Mod","The Disciple","The Gatherer","The Servant 0.9.3","Waifu the Spire"],"gold_per_floor":[114,114,16,16,16,16,47,47,47,75,87,107,32,44,44,44,44],"floor_reached":16,"language":"KOR","playtime":392,"items_purged":["Strike_S"],"score":158,"play_id":"120bd7c1-e8b0-408d-ac5e-d45ff7111d66","local_time":"20210219163655","is_ascension_mode":false,"campfire_choices":[{"data":"KidneyShot","floor":6,"key":"SMITH"},{"data":"Moonlight","floor":8,"key":"SMITH"},{"data":"Shuttle","floor":15,"key":"SMITH"}],"circlet_count":0,"master_deck":["Strike_S","Strike_S","Strike_S","Defend_S","Defend_S","Defend_S","Defend_S","KidneyShot+1","Exchange","MoonPhase+1","TimeWarp","Moonlight+1","Ricochet","Luminosity","Shuttle+1"],"relics":["Uniform","NeowsBlessing","Mummified Hand","Bronze Scales","Unceasing Top"],"acts_visited":["Exordium"],"potions_floor_usage":[],"damage_taken":[{"damage":0,"enemies":"2 Louse","floor":1,"turns":1},{"damage":0,"enemies":"Lagavulin","floor":7,"turns":1},{"damage":0,"enemies":"Gremlin Nob","floor":10,"turns":1},{"damage":0,"enemies":"Jaw Worm","floor":11,"turns":2},{"damage":0,"enemies":"ats:Genji","floor":12,"turns":2},{"damage":3,"enemies":"Red Slaver","floor":14,"turns":2},{"damage":33,"enemies":"Slime Boss","floor":16,"turns":10}],"seed_played":"6377099943338230465","potions_obtained":[{"floor":7,"key":"Regen Potion"},{"floor":11,"key":"Dexterity Potion"},{"floor":12,"key":"Ancient Potion"}],"is_trial":false,"path_per_floor":["M","?","$","?","$","R","E","R","T","E","M","M","$","M","R","B"],"character_chosen":"THE_SERVANT","items_purchased":["TimeWarp","Shuttle"],"campfire_rested":0,"item_purchase_floors":[3,13],"current_hp_per_floor":[65,70,70,70,70,70,70,70,70,70,70,70,70,67,67,34,34],"gold":44,"neow_bonus":"THREE_ENEMY_KILL","is_daily":false,"chose_seed":false,"campfire_upgraded":3,"win_rate":0.0,"timestamp":1613720215,"path_taken":["M","?","?","?","$","R","E","R","T","E","?","M","$","M","R","BOSS"],"items_purchased_type":["Card","Card"],"build_version":"2020-12-22","purchased_purges":1,"victory":false,"max_hp_per_floor":[65,70,70,70,70,70,70,70,70,70,70,70,70,70,70,70,70],"card_choices":[{"not_picked":["Rearm","Revamp"],"picked":"MoonPhase","floor":1},{"not_picked":["GearUp","DoubleEdge"],"picked":"Moonlight","floor":7},{"not_picked":["Unruled","Replace","Read"],"picked":"SKIP","floor":10},{"not_picked":["Snipe","Shuttle"],"picked":"Ricochet","floor":11},{"not_picked":["Potential","Contraction"],"picked":"Luminosity","floor":12},{"not_picked":["Revamp","TimeWarp","Defy"],"picked":"SKIP","floor":14}],"player_experience":118767,"relics_obtained":[{"floor":7,"key":"Mummified Hand"},{"floor":9,"key":"Bronze Scales"},{"floor":10,"key":"Unceasing Top"}],"event_choices":[{"damage_healed":0,"gold_gain":0,"player_choice":"Donut","damage_taken":0,"max_hp_gain":5,"max_hp_loss":0,"event_name":"Big Fish","floor":2,"gold_loss":0},{"damage_healed":0,"gold_gain":0,"player_choice":"Upgraded","damage_taken":0,"max_hp_gain":0,"max_hp_loss":0,"event_name":"Upgrade Shrine","floor":4,"gold_loss":0,"cards_upgraded":["MoonPhase"]}],"is_beta":false,"boss_relics":[],"items_purged_floors":[3],"is_endless":false,"potions_floor_spawned":[7,11,12],"killed_by":"Slime Boss","ascension_level":0}}