{"host":"z39atn33tyek63fd","time":1613695513,"event":{"mods":["BaseMod","Minty Spire (QoL Compilation)","everything is the same but u backflip on backflip"],"gold_per_floor":[362,67,67,80,92,92,108,119,187,187,213,213,228,193,193,270,270,283,301,216,229,328,328,253,253,277,304,304,304],"floor_reached":28,"language":"ENG","playtime":1283,"items_purged":["Doubt"],"score":405,"play_id":"ba48ce89-6575-4c03-8a12-15cc39eef261","local_time":"20210218184513","is_ascension_mode":true,"campfire_choices":[{"data":"Turbo","floor":6,"key":"SMITH"},{"data":"Zap","floor":10,"key":"SMITH"},{"floor":12,"key":"REST"},{"data":"Multi-Cast","floor":15,"key":"SMITH"},{"floor":23,"key":"REST"},{"floor":25,"key":"REST"}],"circlet_count":0,"master_deck":["AscendersBane","Strike_B","Strike_B","Strike_B","Defend_B","Defend_B","Defend_B","Zap+1","Dualcast","Auto Shields","Doom and Gloom","Ball Lightning","Turbo+1","Chill","Undo","Multi-Cast+1","Go for the Eyes","Machine Learning","Hologram","Leap"],"relics":["Cracked Core","Juzu Bracelet","Blue Candle","Turnip","SlaversCollar","DataDisk","Anchor","Strawberry"],"acts_visited":["Exordium","TheCity"],"potions_floor_usage":[21],"damage_taken":[{"damage":10,"enemies":"Cultist","floor":1,"turns":5},{"damage":2,"enemies":"2 Louse","floor":4,"turns":2},{"damage":7,"enemies":"Jaw Worm","floor":5,"turns":3},{"damage":6,"enemies":"2 Fungi Beasts","floor":7,"turns":3},{"damage":9,"enemies":"Looter","floor":8,"turns":3},{"damage":8,"enemies":"Lagavulin","floor":11,"turns":5},{"damage":9,"enemies":"3 Louse","floor":13,"turns":3},{"damage":38,"enemies":"Hexaghost","floor":16,"turns":10},{"damage":0,"enemies":"Chosen","floor":18,"turns":6},{"damage":12,"enemies":"Spheric Guardian","floor":19,"turns":6},{"damage":29,"enemies":"Shelled Parasite and Fungi","floor":21,"turns":4},{"damage":35,"enemies":"Slavers","floor":27,"turns":5},{"damage":35,"enemies":"Cultist and Chosen","floor":28,"turns":6}],"seed_played":"8474080267010096781","potions_obtained":[{"floor":1,"key":"Explosive Potion"},{"floor":7,"key":"SteroidPotion"},{"floor":18,"key":"Strength Potion"},{"floor":27,"key":"FearPotion"}],"is_trial":false,"path_per_floor":["M","$","?","M","M","R","M","M","T","R","E","R","M","?","R","B",null,"M","M","?","M","?","R","?","R","T","E","M"],"character_chosen":"DEFECT","items_purchased":["Doom and Gloom","Juzu Bracelet"],"campfire_rested":3,"item_purchase_floors":[2,2],"current_hp_per_floor":[54,54,54,52,45,45,39,30,30,30,22,43,34,51,51,13,57,57,45,45,16,16,37,37,58,58,30,0,0],"gold":304,"neow_bonus":"TWO_FIFTY_GOLD","is_daily":false,"chose_seed":false,"campfire_upgraded":3,"win_rate":0.0,"timestamp":1613695513,"path_taken":["M","?","?","M","M","R","M","M","T","R","E","R","M","?","R","BOSS","M","M","?","M","?","R","?","R","T","E","M"],"items_purchased_type":["Card","Relic"],"build_version":"2020-12-22","purchased_purges":1,"victory":false,"max_hp_per_floor":[71,71,71,71,71,71,71,71,71,71,71,71,71,71,71,71,71,71,71,71,71,71,71,71,71,71,78,78,78],"card_choices":[{"not_picked":["Turbo","Stack"],"picked":"Auto Shields","floor":1},{"not_picked":["Blizzard","Cold Snap"],"picked":"Ball Lightning","floor":4},{"not_picked":["Hello World","Undo"],"picked":"Turbo","floor":5},{"not_picked":["All For One","Auto Shields"],"picked":"Chill","floor":7},{"not_picked":["Darkness","Streamline"],"picked":"Undo","floor":8},{"not_picked":["Turbo","Stack"],"picked":"Multi-Cast","floor":11},{"not_picked":["Rip and Tear","Blizzard"],"picked":"Go for the Eyes","floor":13},{"not_picked":["Thunder Strike","Core Surge"],"picked":"Machine Learning","floor":16},{"not_picked":["Doom and Gloom","Blizzard","Turbo"],"picked":"SKIP","floor":18},{"not_picked":["Aggregate+1","Turbo+1","Rip and Tear"],"picked":"SKIP","floor":19},{"not_picked":["Stack","Turbo"],"picked":"Hologram","floor":21},{"not_picked":["Beam Cell","Rebound"],"picked":"Leap","floor":27}],"player_experience":816941,"relics_obtained":[{"floor":9,"key":"Blue Candle"},{"floor":11,"key":"Turnip"},{"floor":26,"key":"Anchor"},{"floor":27,"key":"Strawberry"}],"event_choices":[{"cards_removed":["Defend_B"],"damage_healed":0,"gold_gain":0,"player_choice":"Purged","damage_taken":0,"max_hp_gain":0,"max_hp_loss":0,"event_name":"Purifier","floor":3,"gold_loss":0},{"damage_healed":17,"gold_gain":0,"player_choice":"Healed","damage_taken":0,"max_hp_gain":0,"max_hp_loss":0,"event_name":"The Cleric","floor":14,"gold_loss":35},{"damage_healed":0,"gold_gain":0,"player_choice":"Obtained Relic","damage_taken":0,"relics_obtained":["DataDisk"],"max_hp_gain":0,"max_hp_loss":0,"event_name":"Addict","floor":20,"gold_loss":85},{"damage_healed":0,"gold_gain":99,"player_choice":"Stole From Cult","damage_taken":0,"max_hp_gain":0,"max_hp_loss":0,"event_name":"Nest","floor":22,"gold_loss":0},{"cards_removed":["Strike_B"],"damage_healed":0,"gold_gain":0,"player_choice":"Gave Gold","damage_taken":0,"max_hp_gain":0,"max_hp_loss":0,"event_name":"Beggar","floor":24,"gold_loss":75}],"is_beta":false,"boss_relics":[{"not_picked":["Philosopher\u0027s Stone","Runic Dome"],"picked":"SlaversCollar"}],"items_purged_floors":[2],"is_endless":false,"potions_floor_spawned":[1,7,8,18,27],"killed_by":"Cultist and Chosen","ascension_level":14}}