{"host":"dx8mnueonnkh60qu","time":1613698204,"event":{"mods":["AchievementEnabler","Act Like it!","Aspiration","BaseMod","Better Silent Start","Better Third Choice","Bossed Relics","CCEM2","Conspire","Defuse TimeMaze Blight","Dota2Spire","Downfall","Hubris","Infinite Spire","Marked Mod","Minty Spire (QoL Compilation)","Quarter Circle Forward PUNCH!","Rare Cards Sparkle","Relic Stats","Reliquary","Robot Space Explorer","Spicy Shops","Spikes Relics","StSLib","SuperFastMode","The Blue Laboratory","The Caster"],"gold_per_floor":[217,230,243,166,166,166,201,201,201,232,232,232,65,81,81,212,212,237,33,47,47,47,47,70,70,70],"floor_reached":25,"language":"ENG","playtime":648,"items_purged":[],"score":281,"play_id":"59543f69-bb2f-4239-91df-16d6723a3b5d","local_time":"20210218203004","is_ascension_mode":true,"campfire_choices":[{"data":"Streamline","floor":6,"key":"SMITH"},{"data":"Reboot","floor":8,"key":"SMITH"},{"data":"Zap","floor":15,"key":"SMITH"},{"data":"Defragment","floor":23,"key":"SMITH"}],"circlet_count":0,"master_deck":["Strike_B","Strike_B","Strike_B","Strike_B","Defend_B","Defend_B","Defend_B","Defend_B","Zap+1","Dualcast+1","hubris:Ukulele","Biased Cognition","Cold Snap","Streamline+1","infinitespire:FutureSight","Reboot+1","Skim","Ball Lightning","Compile Driver","Creative AI","Capacitor","Defragment+1","Hologram","hubris:Ukulele","Steam+1","hubris:InfiniteBlow+85","Barrage","Undo"],"relics":["Cracked Core","Anchor","Rawhide","qcfpunch:Red_Headband","Golden Idol","Membership Card","conspire:SlowCooker","qcfpunch:Wild_Herbs_Ointment","Orrery"],"acts_visited":["Exordium","TheCity"],"potions_floor_usage":[7],"damage_taken":[{"damage":1,"enemies":"Cultist","floor":1,"turns":3},{"damage":4,"enemies":"Jaw Worm","floor":2,"turns":3},{"damage":1,"enemies":"2 Louse","floor":3,"turns":2},{"damage":13,"enemies":"3 Sentries","floor":7,"turns":6},{"damage":12,"enemies":"Lagavulin","floor":10,"turns":4},{"damage":3,"enemies":"2 Fungi Beasts","floor":14,"turns":3},{"damage":5,"enemies":"Hexaghost","floor":16,"turns":7},{"damage":19,"enemies":"Spheric Guardian","floor":18,"turns":4},{"damage":0,"enemies":"Chosen","floor":20,"turns":3},{"damage":19,"enemies":"Snake Plant","floor":24,"turns":3},{"damage":31,"enemies":"Book of Stabbing","floor":25,"turns":4}],"seed_played":"-1993126617833155215","potions_obtained":[{"floor":2,"key":"ColorlessPotion"},{"floor":3,"key":"blueLaboratory:BottleOfVodka"},{"floor":10,"key":"BlessingOfTheForge"},{"floor":16,"key":"GamblersBrew"}],"is_trial":false,"path_per_floor":["M","M","M","$","?","R","E","R","T","E","?","?","$","M","R","B",null,"M","$","M","AVR","?","R","M","E"],"character_chosen":"DEFECT","items_purchased":["Streamline","Membership Card","Ball Lightning","qcfpunch:Wild_Herbs_Ointment","Orrery"],"campfire_rested":0,"item_purchase_floors":[4,13,13,19,19],"current_hp_per_floor":[74,70,69,69,51,51,38,38,38,26,26,26,26,23,23,18,69,50,50,50,50,50,50,31,0,0],"gold":70,"neow_bonus":"HUNDRED_GOLD","is_daily":false,"chose_seed":false,"campfire_upgraded":4,"win_rate":0.0,"timestamp":1613698204,"path_taken":["M","?","M","$","?","R","E","R","T","E","?","?","$","M","R","BOSS","M","$","M","AVR","?","R","M","E"],"items_purchased_type":["Card","Relic","Card","Relic","Relic"],"build_version":"2020-12-22","purchased_purges":0,"victory":false,"max_hp_per_floor":[75,75,75,75,75,75,75,75,75,75,75,69,69,69,69,69,69,69,69,69,69,69,69,69,69,69],"relic_stats":{"counters":[11,42],"Golden Idol":42,"obtain_stats":[{"Anchor":7,"Golden Idol":12,"Orrery":19,"Rawhide":9,"conspire:SlowCooker":17,"qcfpunch:Red_Headband":10,"Membership Card":13,"Cracked Core":0,"qcfpunch:Wild_Herbs_Ointment":19},{"Anchor":4,"Golden Idol":5,"Orrery":8,"Rawhide":4,"conspire:SlowCooker":7,"qcfpunch:Red_Headband":5,"Membership Card":5,"Cracked Core":0,"qcfpunch:Wild_Herbs_Ointment":8},{"Anchor":14,"Golden Idol":18,"Orrery":32,"Rawhide":14,"conspire:SlowCooker":28,"qcfpunch:Red_Headband":18,"Membership Card":18,"Cracked Core":0,"qcfpunch:Wild_Herbs_Ointment":32}]},"card_choices":[{"not_picked":["Beam Cell","Rebound"],"picked":"hubris:Ukulele","floor":1},{"not_picked":["Compile Driver","Conserve Battery"],"picked":"Biased Cognition","floor":2},{"not_picked":["hubris:PowerSurge","Hello World"],"picked":"Cold Snap","floor":3},{"not_picked":["infinitespire:Menacing","hubris:Rewind"],"picked":"infinitespire:FutureSight","floor":5},{"not_picked":["Heatsinks","Steam Power"],"picked":"Reboot","floor":7},{"not_picked":["Aggregate","Heatsinks"],"picked":"Skim","floor":10},{"not_picked":["Ball Lightning","Turbo"],"picked":"Compile Driver","floor":14},{"not_picked":["hubris:SpecializedCircuitry","All For One"],"picked":"Creative AI","floor":16},{"not_picked":["Go for the Eyes","Stack+1"],"picked":"Capacitor","floor":18},{"not_picked":["Blizzard","Ball Lightning"],"picked":"Defragment","floor":19},{"not_picked":["Fission","Sunder"],"picked":"Hologram","floor":19},{"not_picked":["All For One","Steam Power"],"picked":"hubris:Ukulele","floor":19},{"not_picked":["Gash+1","Cold Snap"],"picked":"Steam+1","floor":19},{"not_picked":["Compile Driver+1","Beam Cell","Storm+1"],"picked":"SKIP","floor":20},{"not_picked":["Ball Lightning","Stack"],"picked":"Undo","floor":24}],"player_experience":642573,"relics_obtained":[{"floor":7,"key":"Anchor"},{"floor":9,"key":"Rawhide"},{"floor":10,"key":"qcfpunch:Red_Headband"}],"event_choices":[{"damage_healed":0,"gold_gain":0,"player_choice":"Grow","damage_taken":0,"max_hp_gain":0,"max_hp_loss":0,"event_name":"Living Wall","floor":11,"gold_loss":0,"cards_upgraded":["Dualcast"]},{"damage_healed":0,"gold_gain":0,"player_choice":"Lose Max HP","damage_taken":0,"relics_obtained":["Golden Idol"],"max_hp_gain":0,"max_hp_loss":6,"event_name":"Golden Idol","floor":12,"gold_loss":0}],"is_beta":false,"boss_relics":[{"not_picked":["aspiration:SilentSkillbook","SlaversCollar"],"picked":"conspire:SlowCooker"}],"items_purged_floors":[],"is_endless":false,"potions_floor_spawned":[2,3,10,16,18],"killed_by":"Book of Stabbing","ascension_level":4}}