{"host":"rjmu5g8hpiele53d","time":1613760850,"event":{"mods":["2.2 Compatiblity","BaseMod","Downfall","GifTheSpireLib","Minty Spire (QoL Compilation)","StSLib"],"gold_per_floor":[99,119,129,304,321,321,321,338,357,11,11,11,23,54,65,65,65,65],"floor_reached":16,"language":"ENG","playtime":785,"items_purged":[],"score":109,"play_id":"dad5f691-e204-417a-8d68-ba5279dbac39","local_time":"20210219185410","is_ascension_mode":true,"campfire_choices":[{"data":"hexamod:Float","floor":1.0,"key":"SMITH"},{"data":"hexamod:Sear","floor":6.0,"key":"SMITH"},{"data":"hexamod:ForkedFlame","floor":12,"key":"SMITH"}],"circlet_count":0,"master_deck":["hexamod:Strike","hexamod:Strike","hexamod:Strike","hexamod:Defend","hexamod:Defend","hexamod:Defend","hexamod:Defend","hexamod:Sear+1","hexamod:Float+1","hexamod:RetreatToShadows","hexamod:GhostOfSpirePast","hexamod:GhostShield","Doubt","hexamod:ExtraCrispy","hexamod:FlamesFromBeyond","hexamod:InspiringFlames","hexamod:FlamesFromBeyond","hexamod:ForkedFlame+1","hexamod:EmpoweredFlame","hexamod:ExtraCrispy","hexamod:SpectersWail"],"relics":["hexamod:SpiritBrand","The Courier","hexamod:InflammatoryLetter","Question Card"],"acts_visited":["Exordium"],"potions_floor_usage":[],"damage_taken":[{"damage":1.0,"enemies":"Jaw Worm","floor":2.0,"turns":3.0},{"damage":6.0,"enemies":"2 Louse","floor":3.0,"turns":4.0},{"damage":0.0,"enemies":"Small Slimes","floor":5.0,"turns":4.0},{"damage":17.0,"enemies":"3 Louse","floor":8.0,"turns":3.0},{"damage":0.0,"enemies":"downfall:LooterAlt","floor":9.0,"turns":3.0},{"damage":0.0,"enemies":"downfall:FleeingMerchant","floor":10.0,"turns":4.0},{"damage":0,"enemies":"Red Slaver","floor":13,"turns":3},{"damage":21,"enemies":"Gremlin Nob","floor":14,"turns":4},{"damage":9,"enemies":"Blue Slaver","floor":15,"turns":4},{"damage":21,"enemies":"IC_STATUS_ARCHETYPE","floor":16,"turns":4}],"seed_played":"3932576096349082363","potions_obtained":[{"floor":2.0,"key":"Explosive Potion"},{"floor":8.0,"key":"Fruit Juice"},{"floor":13,"key":"Ancient Potion"}],"is_trial":false,"path_per_floor":["R","M","M","?","M","R","T","M","M","$","?","R","M","E","M","B"],"character_chosen":"THE_SPIRIT","items_purchased":["hexamod:ForkedFlame","hexamod:InflammatoryLetter"],"campfire_rested":0,"item_purchase_floors":[10,10],"current_hp_per_floor":[70,69,63,63,63,63,63,51,51,51,51,51,51,30,21,0,0,0],"gold":65,"neow_bonus":"TRANSFORM_CARD","is_daily":false,"chose_seed":false,"campfire_upgraded":3,"win_rate":0.0,"timestamp":1613760850,"path_taken":["R","M","M","?","M","R","T","M","M","$","?","R","M","E","M","BOSS"],"items_purchased_type":["Card","Relic"],"build_version":"2020-12-22","purchased_purges":0,"victory":false,"max_hp_per_floor":[70,70,70,70,70,70,70,75,75,75,75,75,75,75,75,75,75,75],"card_choices":[{"not_picked":["hexamod:SkipABeat","hexamod:InspiringFlames"],"picked":"hexamod:GhostOfSpirePast","floor":2.0},{"not_picked":["hexamod:ThermalTransfer","hexamod:BurningTouch"],"picked":"hexamod:GhostShield","floor":3.0},{"not_picked":["hexamod:PhantomCloak","hexamod:BurningTouch"],"picked":"hexamod:ExtraCrispy","floor":5.0},{"not_picked":["hexamod:RecurringNightmare","hexamod:ChargedBarrage"],"picked":"hexamod:FlamesFromBeyond","floor":8.0},{"not_picked":["hexamod:AdvancingGuard","hexamod:DynamicBlow"],"picked":"hexamod:InspiringFlames","floor":9.0},{"not_picked":["hexamod:HauntingEcho","hexamod:HeatMetal"],"picked":"hexamod:FlamesFromBeyond","floor":10},{"not_picked":["hexamod:SpectralSpark","hexamod:GhostOfSpireFuture"],"picked":"hexamod:EmpoweredFlame","floor":13},{"not_picked":["hexamod:EtherealExpedition","hexamod:InspiringFlames"],"picked":"hexamod:ExtraCrispy","floor":14},{"not_picked":["hexamod:FastForward","hexamod:InspiringFlames","hexamod:SpectralAdrenaline"],"picked":"hexamod:SpectersWail","floor":15}],"player_experience":1652286,"relics_obtained":[{"floor":7.0,"key":"The Courier"},{"floor":14,"key":"Question Card"}],"event_choices":[],"is_beta":false,"boss_relics":[],"items_purged_floors":[],"is_endless":false,"potions_floor_spawned":[2,8,13],"killed_by":"IC_STATUS_ARCHETYPE","ascension_level":1}}