{"host":"4rvakrj1idbgia3f","time":1613694566,"event":{"mods":["BaseMod","Colored Map","Colored Powertips","DeckTracker","Highlight Path","Minty Spire (QoL Compilation)","Random Character Button","StSLib"],"gold_per_floor":[113,127,141,159,159,159,178,206,206,206,131,131,131,150,150,229,229,239,256,306,306,323,323,343,343,411,411,146,164,175,190,190,263,263,273,273,285,285,285],"floor_reached":38,"language":"JPN","playtime":1721,"items_purged":[],"score":760,"play_id":"5123765a-ffec-4724-ada0-0c604350a769","local_time":"20210219092926","is_ascension_mode":true,"campfire_choices":[{"data":"Predator","floor":6,"key":"SMITH"},{"data":"Quick Slash","floor":10,"key":"SMITH"},{"data":"Footwork","floor":12,"key":"SMITH"},{"data":"Deadly Poison","floor":15,"key":"SMITH"},{"data":"Strike_G","floor":23,"key":"PURGE"},{"data":"Strike_G","floor":25,"key":"PURGE"},{"floor":27,"key":"REST"},{"floor":32,"key":"REST"}],"circlet_count":0,"master_deck":["AscendersBane","Strike_G","Strike_G","Defend_G","Defend_G","Defend_G","Defend_G","Defend_G","Survivor","Neutralize","Deadly Poison+1","Footwork+1","Quick Slash+1","Predator+1","Dodge and Roll","Backflip","Corpse Explosion","Dash","Escape Plan","Escape Plan","Well Laid Plans+1","Backflip","Deadly Poison","Acrobatics+1","Wraith Form v2","Acrobatics"],"relics":["Ring of the Snake","NeowsBlessing","Art of War","Peace Pipe","Fusion Hammer","Bottled Flame","Molten Egg 2","Cursed Key"],"acts_visited":["Exordium","TheCity","TheBeyond"],"potions_floor_usage":[8,31,33],"damage_taken":[{"damage":0,"enemies":"Small Slimes","floor":1,"turns":1},{"damage":0,"enemies":"Jaw Worm","floor":2,"turns":1},{"damage":0,"enemies":"2 Louse","floor":3,"turns":1},{"damage":8,"enemies":"Blue Slaver","floor":4,"turns":5},{"damage":3,"enemies":"Large Slime","floor":7,"turns":6},{"damage":8,"enemies":"Gremlin Nob","floor":8,"turns":3},{"damage":3,"enemies":"Looter","floor":14,"turns":4},{"damage":23,"enemies":"The Guardian","floor":16,"turns":11},{"damage":18,"enemies":"2 Thieves","floor":18,"turns":4},{"damage":9,"enemies":"Shell Parasite","floor":19,"turns":7},{"damage":11,"enemies":"Cultist and Chosen","floor":22,"turns":5},{"damage":8,"enemies":"Snecko","floor":24,"turns":7},{"damage":0,"enemies":"Centurion and Healer","floor":29,"turns":5},{"damage":13,"enemies":"Chosen and Byrds","floor":30,"turns":7},{"damage":0,"enemies":"Cultist and Chosen","floor":31,"turns":5},{"damage":36,"enemies":"Champ","floor":33,"turns":16},{"damage":7,"enemies":"Orb Walker","floor":35,"turns":7},{"damage":24,"enemies":"3 Darklings","floor":37,"turns":3},{"damage":0,"enemies":"Mind Bloom Boss Battle","floor":38,"turns":5}],"seed_played":"-2128055654858723317","potions_obtained":[{"floor":1,"key":"Strength Potion"},{"floor":2,"key":"PowerPotion"},{"floor":3,"key":"Fire Potion"},{"floor":14,"key":"PowerPotion"},{"floor":31,"key":"PowerPotion"},{"floor":35,"key":"Strength Potion"}],"is_trial":false,"path_per_floor":["M","M","M","M","?","R","M","E","T","R","?","R","$","M","R","B",null,"M","M","?","?","M","R","M","R","T","R","$","M","M","M","R","B",null,"M","?","M","?"],"character_chosen":"THE_SILENT","items_purchased":["Molten Egg 2"],"campfire_rested":2,"item_purchase_floors":[28],"current_hp_per_floor":[59,59,59,51,51,51,48,40,40,40,40,40,40,37,37,14,53,35,26,26,39,28,28,20,20,20,39,39,39,26,26,45,9,52,45,45,21,21,21],"gold":285,"neow_bonus":"THREE_ENEMY_KILL","is_daily":false,"chose_seed":false,"campfire_upgraded":4,"win_rate":0.0,"timestamp":1613694566,"path_taken":["M","M","M","M","?","R","M","E","T","R","?","R","?","M","R","BOSS","M","M","?","?","M","R","M","R","T","R","$","M","M","M","R","BOSS","M","?","M","?"],"items_purchased_type":["Relic"],"build_version":"2020-12-22","purchased_purges":0,"victory":false,"max_hp_per_floor":[66,66,66,66,66,66,66,66,66,66,66,66,66,66,66,66,66,66,66,66,66,66,66,66,66,66,66,66,66,66,66,66,66,66,66,63,63,63,63],"card_choices":[{"not_picked":["Well Laid Plans","Finisher"],"picked":"Deadly Poison","floor":1},{"not_picked":["Eviscerate","Underhanded Strike"],"picked":"Footwork","floor":2},{"not_picked":["Flying Knee","Expertise"],"picked":"Quick Slash","floor":3},{"not_picked":["Quick Slash","PiercingWail"],"picked":"Predator","floor":4},{"not_picked":["Dagger Throw","Underhanded Strike"],"picked":"Dodge and Roll","floor":7},{"not_picked":["Acrobatics","Riddle With Holes","Cloak And Dagger"],"picked":"SKIP","floor":8},{"not_picked":["Bane","Underhanded Strike"],"picked":"Backflip","floor":14},{"not_picked":["A Thousand Cuts","Die Die Die"],"picked":"Corpse Explosion","floor":16},{"not_picked":["Acrobatics","Sucker Punch"],"picked":"Dash","floor":18},{"not_picked":["Deflect","Dodge and Roll"],"picked":"Escape Plan","floor":19},{"not_picked":["Dagger Throw","Choke"],"picked":"Escape Plan","floor":22},{"not_picked":["A Thousand Cuts","Sucker Punch"],"picked":"Well Laid Plans+1","floor":24},{"not_picked":["Dagger Throw+1","Blade Dance"],"picked":"Backflip","floor":29},{"not_picked":["Underhanded Strike+1","Dodge and Roll"],"picked":"Deadly Poison","floor":30},{"not_picked":["Predator+1","Skewer+1"],"picked":"Acrobatics+1","floor":31},{"not_picked":["Phantasmal Killer","Unload+1"],"picked":"Wraith Form v2","floor":33},{"not_picked":["Sucker Punch+1","Deadly Poison","Bane+1"],"picked":"SKIP","floor":35},{"not_picked":["Distraction","Blade Dance"],"picked":"Acrobatics","floor":37}],"player_experience":2410438,"relics_obtained":[{"floor":8,"key":"Art of War"},{"floor":9,"key":"Peace Pipe"},{"floor":26,"key":"Bottled Flame"}],"event_choices":[{"damage_healed":0,"gold_gain":0,"player_choice":"Ignored","damage_taken":0,"max_hp_gain":0,"max_hp_loss":0,"event_name":"Liars Game","floor":5,"gold_loss":0},{"cards_removed":["Strike_G"],"damage_healed":0,"gold_gain":0,"player_choice":"Card Removal","damage_taken":0,"max_hp_gain":0,"max_hp_loss":0,"event_name":"The Cleric","floor":11,"gold_loss":75},{"damage_healed":0,"gold_gain":50,"player_choice":"Stole From Cult","damage_taken":0,"max_hp_gain":0,"max_hp_loss":0,"event_name":"Nest","floor":20,"gold_loss":0},{"damage_healed":13,"gold_gain":0,"player_choice":"Heal","damage_taken":0,"max_hp_gain":0,"max_hp_loss":0,"event_name":"The Library","floor":21,"gold_loss":0},{"damage_healed":0,"gold_gain":0,"player_choice":"Max HP","damage_taken":0,"max_hp_gain":0,"max_hp_loss":3,"event_name":"Winding Halls","floor":36,"gold_loss":0},{"damage_healed":0,"gold_gain":0,"player_choice":"Fight","damage_taken":0,"max_hp_gain":0,"max_hp_loss":0,"event_name":"MindBloom","floor":38,"gold_loss":0}],"is_beta":false,"boss_relics":[{"not_picked":["HoveringKite","Calling Bell"],"picked":"Fusion Hammer"},{"not_picked":["Ring of the Serpent","Busted Crown"],"picked":"Cursed Key"}],"items_purged_floors":[],"is_endless":false,"potions_floor_spawned":[1,2,3,14,19,22,24,31,35],"killed_by":"Mind Bloom Boss Battle","ascension_level":20}}