{"host":"sav7uxregyirlf69","time":1613704967,"event":{"mods":["AchievementEnabler","BaseMod","Colored Map","DeckTracker","Keyboard Shortcuts","Minty Spire (QoL Compilation)","READ ME - Guardian Mod","StSLib","SuperFastMode"],"gold_per_floor":[113,133,133,143,161,161,190,190,213,213,213,243,243,35,35,114,114,133,147,147,147,147],"floor_reached":21,"language":"KOR","playtime":344,"items_purged":["Defend_B"],"score":374,"play_id":"da8c3558-5997-43c1-816f-32d1f52adffc","local_time":"20210219122247","is_ascension_mode":true,"campfire_choices":[{"data":"Defragment","floor":6,"key":"SMITH"},{"floor":8,"key":"REST"},{"data":"Zap","floor":13,"key":"SMITH"},{"data":"Dualcast","floor":15,"key":"SMITH"}],"circlet_count":0,"master_deck":["AscendersBane","Strike_B","Strike_B","Strike_B","Defend_B","Defend_B","Defend_B","Zap+1","Dualcast+1","Ball Lightning","Genetic Algorithm","Defragment+1","Go for the Eyes","Reinforced Body","Core Surge","Coolheaded"],"relics":["Cracked Core","Regal Pillow","Vajra","Omamori","Smiling Mask","Turnip","ClockworkSouvenir","Calling Bell","Oddly Smooth Stone","Darkstone Periapt","TungstenRod","WarpedTongs"],"acts_visited":["Exordium","TheCity"],"potions_floor_usage":[8,16,21],"damage_taken":[{"damage":7,"enemies":"Jaw Worm","floor":1,"turns":3},{"damage":1,"enemies":"Cultist","floor":2,"turns":3},{"damage":3,"enemies":"2 Louse","floor":4,"turns":2},{"damage":12,"enemies":"Exordium Wildlife","floor":5,"turns":5},{"damage":22,"enemies":"Gremlin Nob","floor":7,"turns":4},{"damage":20,"enemies":"Lagavulin","floor":12,"turns":7},{"damage":17,"enemies":"Slime Boss","floor":16,"turns":8},{"damage":3,"enemies":"Shell Parasite","floor":18,"turns":4},{"damage":31,"enemies":"2 Thieves","floor":19,"turns":4},{"damage":39,"enemies":"3 Cultists","floor":21,"turns":4}],"seed_played":"-4582288460838111833","potions_obtained":[{"floor":2,"key":"Strength Potion"},{"floor":5,"key":"FocusPotion"},{"floor":7,"key":"Fruit Juice"},{"floor":16,"key":"SneckoOil"},{"floor":18,"key":"LiquidMemories"},{"floor":19,"key":"EssenceOfDarkness"}],"is_trial":false,"path_per_floor":["M","M","?","M","M","R","E","R","T","?","?","E","R","$","R","B",null,"M","M","?","M"],"character_chosen":"DEFECT","items_purchased":["ClockworkSouvenir"],"campfire_rested":1,"item_purchase_floors":[14],"current_hp_per_floor":[57,56,56,53,41,41,19,61,61,54,59,39,39,39,39,22,66,63,32,32,0,0],"gold":147,"neow_bonus":"RANDOM_COMMON_RELIC","is_daily":false,"chose_seed":false,"campfire_upgraded":3,"win_rate":0.0,"timestamp":1613704967,"path_taken":["M","M","?","M","?","R","E","R","T","?","?","E","R","?","R","BOSS","M","M","?","?"],"items_purchased_type":["Relic"],"build_version":"2020-12-22","purchased_purges":1,"victory":false,"max_hp_per_floor":[71,71,71,71,71,71,71,76,76,76,81,81,81,81,81,81,81,81,81,81,81,81],"card_choices":[{"not_picked":["Darkness","Stack"],"picked":"Ball Lightning","floor":1},{"not_picked":["Rebound","Streamline"],"picked":"Genetic Algorithm","floor":2},{"not_picked":["Sunder","Steam"],"picked":"Defragment","floor":4},{"not_picked":["Leap","Gash"],"picked":"Go for the Eyes","floor":5},{"not_picked":["Sunder","Gash","Double Energy"],"picked":"SKIP","floor":7},{"not_picked":["Barrage","Turbo"],"picked":"Reinforced Body","floor":12},{"not_picked":["Meteor Strike","Fission"],"picked":"Core Surge","floor":16},{"not_picked":["Static Discharge","Leap+1"],"picked":"Coolheaded","floor":18},{"not_picked":["Stack","Leap","Fusion"],"picked":"SKIP","floor":19}],"player_experience":1615731,"relics_obtained":[{"floor":7,"key":"Omamori"},{"floor":9,"key":"Smiling Mask"},{"floor":12,"key":"Turnip"},{"floor":17,"key":"Oddly Smooth Stone"},{"floor":17,"key":"Darkstone Periapt"},{"floor":17,"key":"TungstenRod"}],"event_choices":[{"damage_healed":0,"gold_gain":0,"player_choice":"Gave Potion","damage_taken":0,"relics_obtained":["Vajra"],"max_hp_gain":0,"max_hp_loss":0,"event_name":"WeMeetAgain","floor":3,"gold_loss":0},{"cards_removed":["Strike_B"],"damage_healed":0,"gold_gain":0,"player_choice":"Card Removal","damage_taken":7,"max_hp_gain":0,"max_hp_loss":0,"event_name":"Golden Wing","floor":10,"gold_loss":0},{"damage_healed":0,"gold_gain":0,"player_choice":"Donut","damage_taken":0,"max_hp_gain":5,"max_hp_loss":0,"event_name":"Big Fish","floor":11,"gold_loss":0},{"damage_healed":0,"gold_gain":0,"player_choice":"Rummage","damage_taken":0,"relics_obtained":["WarpedTongs"],"max_hp_gain":0,"max_hp_loss":0,"event_name":"Accursed Blacksmith","floor":20,"gold_loss":0,"cards_obtained":["Pain"]}],"is_beta":false,"boss_relics":[{"not_picked":["Velvet Choker","SlaversCollar"],"picked":"Calling Bell"}],"items_purged_floors":[14],"is_endless":false,"potions_floor_spawned":[2,5,7,16,18,19],"killed_by":"3 Cultists","ascension_level":20}}