{"host":"wmojtwekh6s3tor5","time":1613749986,"event":{"mods":["BaseMod","Colored Map","Colored Powertips","DeckTracker","Highlight Path","Minty Spire (QoL Compilation)","Quick Restart","StSLib"],"gold_per_floor":[113,63,63,63,74,74,107,107,133,133,94,94,114,131,131,229,229,239,256,256,69,83,83,94,94,94,110,35,134,145,179,179,283,283,294,309,309,309,309],"floor_reached":38,"language":"ZHS","playtime":2077,"items_purged":["Strike_P"],"score":544,"play_id":"6396dfbd-a5ec-41ac-9949-6f218b31e1f4","local_time":"20210219235306","is_ascension_mode":true,"campfire_choices":[{"data":"Eruption","floor":6.0,"key":"SMITH"},{"data":"BowlingBash","floor":8.0,"key":"SMITH"},{"data":"Protect","floor":10.0,"key":"SMITH"},{"data":"FollowUp","floor":15.0,"key":"SMITH"},{"data":"DevaForm","floor":23,"key":"SMITH"},{"data":"The Bomb","floor":25,"key":"SMITH"},{"floor":32,"key":"REST"}],"circlet_count":0,"master_deck":["Defend_P","Defend_P","Defend_P","Defend_P","Eruption+1","Vigilance+1","BowlingBash+1","Protect+1","DevaForm+1","Dramatic Entrance","Consecrate","The Bomb+1","FlyingSleeves+1"],"relics":["HolyWater","NeowsBlessing","Anchor","Akabeko","Pear","Red Mask","Empty Cage"],"acts_visited":["Exordium","TheCity","TheBeyond"],"potions_floor_usage":[22,33,33,33,33,33,35],"damage_taken":[{"damage":0.0,"enemies":"Small Slimes","floor":1.0,"turns":1.0},{"damage":0.0,"enemies":"2 Louse","floor":5.0,"turns":1.0},{"damage":0.0,"enemies":"3 Sentries","floor":7.0,"turns":1.0},{"damage":0.0,"enemies":"Cultist","floor":13.0,"turns":2.0},{"damage":0.0,"enemies":"3 Louse","floor":14.0,"turns":3.0},{"damage":48.0,"enemies":"The Guardian","floor":16.0,"turns":10.0},{"damage":3.0,"enemies":"3 Byrds","floor":18.0,"turns":6.0},{"damage":1.0,"enemies":"2 Thieves","floor":19.0,"turns":4.0},{"damage":2,"enemies":"Snake Plant","floor":22,"turns":2},{"damage":16,"enemies":"Chosen and Byrds","floor":24,"turns":5},{"damage":2,"enemies":"Centurion and Healer","floor":27,"turns":4},{"damage":0,"enemies":"3 Cultists","floor":30,"turns":3},{"damage":2,"enemies":"Masked Bandits","floor":31,"turns":3},{"damage":62,"enemies":"Champ","floor":33,"turns":11},{"damage":15,"enemies":"3 Darklings","floor":35,"turns":5},{"damage":41,"enemies":"Orb Walker","floor":36,"turns":6},{"damage":25,"enemies":"Jaw Worm Horde","floor":38,"turns":2}],"seed_played":"8774047143082360663","potions_obtained":[{"floor":7.0,"key":"Energy Potion"},{"floor":13.0,"key":"EssenceOfSteel"},{"floor":14.0,"key":"Ambrosia"},{"floor":19.0,"key":"FearPotion"},{"floor":24,"key":"Energy Potion"},{"floor":27,"key":"EntropicBrew"}],"is_trial":false,"path_per_floor":["M","?","?","$","M","R","E","R","T","R","?","?","M","M","R","B",null,"M","M","?","$","M","R","M","R","T","M","$","?","M","?","R","B",null,"M","M","?","M"],"character_chosen":"WATCHER","items_purchased":["The Bomb"],"campfire_rested":1,"item_purchase_floors":[21],"current_hp_per_floor":[65,65,70,70,70,70,70,70,70,70,70,70,70,70,70,22,63,60,59,59,59,57,57,41,41,51,49,49,49,49,47,73,11,68,53,12,12,0,0],"gold":309,"neow_bonus":"THREE_ENEMY_KILL","is_daily":false,"chose_seed":false,"campfire_upgraded":6,"win_rate":0.0,"timestamp":1613749986,"path_taken":["M","?","?","$","M","R","E","R","T","R","?","?","?","M","R","BOSS","M","M","?","$","?","R","M","R","T","M","$","?","M","?","R","BOSS","M","M","?","M"],"items_purchased_type":["Card"],"build_version":"2020-12-22","purchased_purges":1,"victory":false,"max_hp_per_floor":[72,72,77,77,77,77,77,77,77,77,77,77,77,77,77,77,77,77,77,77,77,77,77,77,77,87,87,87,87,87,87,87,87,87,87,87,87,87,87],"card_choices":[{"not_picked":["ClearTheMind","Perseverance"],"picked":"BowlingBash","floor":1.0},{"not_picked":["JustLucky","Crescendo","PathToVictory"],"picked":"SKIP","floor":5.0},{"not_picked":["WreathOfFlame","Wireheading"],"picked":"Protect","floor":7.0},{"not_picked":["PathToVictory","Consecrate","FearNoEvil"],"picked":"SKIP","floor":13.0},{"not_picked":["Crescendo","EmptyBody"],"picked":"FollowUp","floor":14.0},{"not_picked":["Vault","Alpha"],"picked":"DevaForm","floor":16.0},{"not_picked":["Protect","JustLucky","Consecrate"],"picked":"SKIP","floor":18.0},{"not_picked":["Swivel","EmptyBody+1","CutThroughFate"],"picked":"SKIP","floor":19.0},{"not_picked":["PathToVictory","BattleHymn","Crescendo"],"picked":"SKIP","floor":22},{"not_picked":["Prostrate","SignatureMove","WaveOfTheHand"],"picked":"SKIP","floor":24},{"not_picked":["ClearTheMind","CutThroughFate+1","Omniscience"],"picked":"SKIP","floor":27},{"not_picked":["Worship","CutThroughFate"],"picked":"FlyingSleeves+1","floor":30},{"not_picked":["Study","ClearTheMind+1","WheelKick+1"],"picked":"SKIP","floor":35},{"not_picked":["EmptyFist","BowlingBash","InnerPeace+1"],"picked":"SKIP","floor":36}],"player_experience":680096,"relics_obtained":[{"floor":7.0,"key":"Anchor"},{"floor":9.0,"key":"Akabeko"},{"floor":26,"key":"Pear"},{"floor":31,"key":"Red Mask"}],"event_choices":[{"cards_removed":["Strike_P"],"damage_healed":0.0,"max_hp_gain":0.0,"max_hp_loss":0.0,"gold_gain":0.0,"event_name":"The Cleric","player_choice":"Card Removal","floor":2.0,"gold_loss":50.0,"damage_taken":0.0},{"damage_healed":0.0,"max_hp_gain":5.0,"max_hp_loss":0.0,"gold_gain":0.0,"event_name":"Big Fish","player_choice":"Donut","floor":3.0,"gold_loss":0.0,"damage_taken":0.0},{"damage_healed":0.0,"max_hp_gain":0.0,"max_hp_loss":0.0,"gold_gain":0.0,"event_name":"World of Goop","player_choice":"Left Gold","floor":11.0,"gold_loss":39.0,"damage_taken":0.0},{"damage_healed":0.0,"max_hp_gain":0.0,"max_hp_loss":0.0,"gold_gain":0.0,"event_name":"Accursed Blacksmith","player_choice":"Forge","floor":12.0,"gold_loss":0.0,"damage_taken":0.0,"cards_upgraded":["Vigilance"]},{"damage_healed":0.0,"max_hp_gain":0.0,"max_hp_loss":0.0,"gold_gain":0.0,"event_name":"Match and Keep!","player_choice":"2 cards matched","floor":20.0,"gold_loss":0.0,"damage_taken":0.0,"cards_obtained":["Dramatic Entrance","Consecrate"]},{"damage_healed":0,"gold_gain":99,"player_choice":"Stole From Cult","damage_taken":0,"max_hp_gain":0,"max_hp_loss":0,"event_name":"Nest","floor":29,"gold_loss":0},{"damage_healed":0,"gold_gain":0,"player_choice":"Fought Bandits","damage_taken":0,"max_hp_gain":0,"max_hp_loss":0,"event_name":"Masked Bandits","floor":31,"gold_loss":0},{"cards_removed":["FollowUp"],"damage_healed":0,"gold_gain":0,"player_choice":"Removed Attack","damage_taken":0,"max_hp_gain":0,"max_hp_loss":0,"event_name":"Falling","floor":37,"gold_loss":0}],"is_beta":false,"boss_relics":[{"not_picked":["Snecko Eye","Coffee Dripper"],"picked":"HolyWater"},{"not_picked":["Cursed Key","Busted Crown"],"picked":"Empty Cage"}],"items_purged_floors":[28],"is_endless":false,"potions_floor_spawned":[7,13,14,19,24,27],"killed_by":"Jaw Worm Horde","ascension_level":6}}