{"host":"rupmf8lnk599ormj","time":1613776532,"event":{"mods":["2.2 Compatiblity","AchievementEnabler","BaseMod","Better Match","Better Third Choice","BetterRewards","Colored Map","Colored Powertips","Conspire","Downfall","Evolution","Gold Saver","Googly Eyes","Hero for Fun","Hubris","Minty Spire (QoL Compilation)","Quick Restart","Rare Cards Sparkle","Replay The Spire","Shade Mod","Spicy Shops","StSLib","The Cursed"],"gold_per_floor":[2135,2150,2163,2178,2478,2478,2478,2478,2508,2508,2508,2523,2523,2538,2553,2653,2653,2653,2668,2683,2683,2958,2973,2973,2988,3018,3018,3033,3063,3093,3093,3108,3208,3208,3208,3223,3241,4240,4240,4240,4265,4295,4310,4310,4310,4310,4340,4370,4385,4385],"floor_reached":51,"language":"ENG","playtime":526,"items_purged":[],"score":1453,"play_id":"92166140-1ba7-41ec-84c7-34aa922d4f52","local_time":"20210219181532","daily_mods":["SealedDeck","Flight","Lethality"],"is_ascension_mode":false,"campfire_choices":[{"floor":1,"key":"RECALL"},{"data":"Consecutive_Normal_Punch","floor":8,"key":"SMITH"},{"floor":18,"key":"DIG"},{"floor":35,"key":"REST"}],"circlet_count":0,"master_deck":["Wear_Disguise","Normal_Punch","Consecutive_Normal_Punch","Toss_Stone","Hop","Consecutive_Normal_Punch","Normal_Punch","Consecutive_Normal_Punch+1","Wear_Disguise","Slap","hubris:NaturalOne","Regret","downfall:Bewildered","Ignore","Normality","Normality"],"relics":["Cape","EVO:Axolotl","Bottled Tornado","Akabeko","Replay:WaspNest","hubris:Icosahedron","hubris:ScarierMask","hexamod:BolsterEngine","hubris:BottledHeart","hubris:ToyBattleship","Sundial","sneckomod:BabySnecko","Dream Catcher","Velvet Choker","champ:DeflectingBracers","Gremlin Food","sneckomod:BlankCard","conspire:DecoderRing","Eternal Feather","ReplayTheSpireMod:Ninjato","Omamori"],"acts_visited":["Exordium","TheCity","TheBeyond"],"potions_floor_usage":[],"damage_taken":[{"damage":0,"enemies":"conspire:RoseBush","floor":2,"turns":1},{"damage":0,"enemies":"conspire:MimicChest","floor":3,"turns":1},{"damage":0,"enemies":"2 Louse","floor":4,"turns":1},{"damage":0,"enemies":"downfall:FleeingMerchant","floor":5,"turns":1},{"damage":0,"enemies":"Gremlin Nob","floor":9,"turns":1},{"damage":0,"enemies":"Lagavulin","floor":11,"turns":1},{"damage":0,"enemies":"Cultist","floor":12,"turns":1},{"damage":0,"enemies":"2 Fungi Beasts","floor":14,"turns":1},{"damage":0,"enemies":"Exordium Thugs","floor":15,"turns":1},{"damage":0,"enemies":"SI_SHIV_ARCHETYPE","floor":16,"turns":1},{"damage":0,"enemies":"conspire:FuzzyDice","floor":19,"turns":1},{"damage":0,"enemies":"Shell Parasite","floor":20,"turns":1},{"damage":0,"enemies":"Shelled Parasite and Fungi","floor":23,"turns":1},{"damage":0,"enemies":"Snake Plant","floor":25,"turns":1},{"damage":0,"enemies":"Replay:Snechameleon","floor":26,"turns":1},{"damage":0,"enemies":"Centurion and Healer","floor":28,"turns":1},{"damage":0,"enemies":"conspire:Head Lice","floor":29,"turns":1},{"damage":0,"enemies":"Book of Stabbing","floor":30,"turns":1},{"damage":0,"enemies":"Cultist and Chosen","floor":32,"turns":1},{"damage":0,"enemies":"WA_ARCHETYPE_CALM","floor":33,"turns":1},{"damage":0,"enemies":"Orb Walker","floor":36,"turns":1},{"damage":0,"enemies":"2 Orb Walkers","floor":37,"turns":1},{"damage":0,"enemies":"R_Hoarder","floor":42,"turns":1},{"damage":0,"enemies":"3 Shapes","floor":43,"turns":1},{"damage":0,"enemies":"Giant Head","floor":47,"turns":1},{"damage":0,"enemies":"Nemesis","floor":48,"turns":1},{"damage":0,"enemies":"Jaw Worm Horde","floor":49,"turns":1},{"damage":0,"enemies":"IC_BLOCK_ARCHETYPE","floor":50,"turns":1}],"seed_played":"778547550210687013","potions_obtained":[{"floor":2,"key":"ColorlessPotion"},{"floor":11,"key":"Elixir"},{"floor":12,"key":"sneckomod:MuddlingPotion"}],"is_trial":false,"path_per_floor":["R_BF","M","?","M","$","?","T","R","E","$","E","M","?","M","M","B",null,"R_BF","M","M","?","?","M","T","M","E","?","M","E","E","?","M","B",null,"R","M","?","?","T","?","T","E","M","?","T","$","E","E","M","B",null],"character_chosen":"OPM","items_purchased":[],"campfire_rested":1,"item_purchase_floors":[],"current_hp_per_floor":[1010,1010,1010,1010,1010,1010,1010,1010,1010,1010,1010,1010,1010,1010,1010,1010,1010,1010,1010,1010,1,1,1,1,1,1,1,1,1,1,1,1,1,1,1,1,1,1,1,1,1,1,1,1,1,1,1,1,1,1],"gold":4385,"neow_bonus":"","is_daily":true,"chose_seed":false,"campfire_upgraded":1,"win_rate":0.0,"timestamp":1613776532,"path_taken":["R_BF","M","?","?","$","?","T","R","E","?","E","?","?","M","M","BOSS","R_BF","M","M","?","?","M","T","?","E","?","M","E","E","?","M","BOSS","R","M","?","?","?","?","T","E","?","?","?","?","E","E","M","BOSS"],"items_purchased_type":[],"build_version":"2020-12-22","purchased_purges":0,"victory":true,"max_hp_per_floor":[1010,1010,1010,1010,1010,1010,1010,1010,1010,1010,1010,1010,1010,1010,1010,1010,1010,1010,1010,1010,1,1,1,1,1,1,1,1,1,1,1,1,1,1,1,1,1,1,1,1,1,1,1,1,1,1,1,1,1,1],"card_choices":[{"not_picked":["Do_Nothing","Side_Hop","Wear_Disguise"],"picked":"SKIP","floor":2},{"not_picked":["Slap","Do_Nothing","Wear_Disguise"],"picked":"SKIP","floor":4},{"not_picked":["Ignore","Wear_Disguise","Toss_Stone"],"picked":"SKIP","floor":5},{"not_picked":["Do_Nothing","Ignore","Yawn"],"picked":"SKIP","floor":9},{"not_picked":["Normal_Punch","Slap","Ignore"],"picked":"SKIP","floor":11},{"not_picked":["Normal_Punch","Hop","Slap"],"picked":"SKIP","floor":12},{"not_picked":["Side_Hop","Ignore","Yawn"],"picked":"SKIP","floor":14},{"not_picked":["Yawn","Side_Hop","Ignore"],"picked":"SKIP","floor":15},{"not_picked":["Side_Hop","Hop","Slap+1"],"picked":"SKIP","floor":19},{"not_picked":["Hop","Do_Nothing","Ignore"],"picked":"SKIP","floor":20},{"not_picked":["Ignore","Slap+1","Hop"],"picked":"SKIP","floor":23},{"not_picked":["Yawn","Ignore","Slap"],"picked":"SKIP","floor":25},{"not_picked":["Yawn","Slap+1","Side_Hop+1"],"picked":"SKIP","floor":26},{"not_picked":["Normal_Punch","Wear_Disguise+1","Do_Nothing"],"picked":"SKIP","floor":28},{"not_picked":["Hip_Strike","Slap+1","Yawn"],"picked":"SKIP","floor":29},{"not_picked":["Hop","Wear_Disguise+1","Hip_Strike"],"picked":"SKIP","floor":30},{"not_picked":["Yawn","Side_Hop+1","Do_Nothing"],"picked":"SKIP","floor":32},{"not_picked":["Slap+1","Hop+1"],"picked":"Ignore","floor":35},{"not_picked":["Hop","Do_Nothing","Normal_Punch"],"picked":"SKIP","floor":36},{"not_picked":["Slap","Normal_Punch","Side_Hop"],"picked":"SKIP","floor":42},{"not_picked":["Consecutive_Normal_Punch+1","Toss_Stone","Normal_Punch"],"picked":"SKIP","floor":43},{"not_picked":["Toss_Stone+1","Yawn","Slap+1"],"picked":"SKIP","floor":47},{"not_picked":["Side_Hop","Hop+1","Consecutive_Normal_Punch"],"picked":"SKIP","floor":48},{"not_picked":["Ignore+1","Side_Hop","Hop+1"],"picked":"SKIP","floor":49}],"player_experience":257338,"relics_obtained":[{"floor":3,"key":"Bottled Tornado"},{"floor":9,"key":"Akabeko"},{"floor":11,"key":"Replay:WaspNest"},{"floor":18,"key":"hexamod:BolsterEngine"},{"floor":24,"key":"hubris:ToyBattleship"},{"floor":26,"key":"Sundial"},{"floor":30,"key":"Dream Catcher"},{"floor":37,"key":"champ:DeflectingBracers"},{"floor":39,"key":"Gremlin Food"},{"floor":41,"key":"sneckomod:BlankCard"},{"floor":42,"key":"conspire:DecoderRing"},{"floor":45,"key":"Eternal Feather"},{"floor":47,"key":"ReplayTheSpireMod:Ninjato"},{"floor":48,"key":"Omamori"}],"event_choices":[{"damage_healed":0,"gold_gain":0,"player_choice":"Leave","damage_taken":0,"max_hp_gain":0,"max_hp_loss":0,"event_name":"conspire:Investor","floor":31,"gold_loss":0},{"damage_healed":0,"gold_gain":0,"player_choice":"Fight","damage_taken":0,"max_hp_gain":0,"max_hp_loss":0,"event_name":"Mysterious Sphere","floor":37,"gold_loss":0}],"is_beta":false,"boss_relics":[{"not_picked":["Ectoplasm","hubris:RunicObelisk"],"picked":"hubris:ScarierMask"},{"not_picked":["Astrolabe","Kintsugi"],"picked":"Velvet Choker"}],"items_purged_floors":[],"is_endless":false,"potions_floor_spawned":[2,11,12,15,16,20,25,26,28,33,36,42,48],"ascension_level":0}}