{"host":"0rn20prxkpuv2e47","time":1613741336,"event":{"mods":["100% Spire Juice","ATMod(阿瑾Mod)","Act Like it!","Arknights","Aspiration","BaseMod","Challenge The Spire","Downfall","Friendly Minions","Gensokyo","Hallownest","Hermit","Koishi","KomeijiMod","Marisa（F雨　魔理沙）","Minty Spire (QoL Compilation)","MostiFishMod","Quick Restart","Reimu（博丽灵梦）","Remilia（蕾米莉亚）","Robot Space Explorer","StSLib","The Administrix","The Alterego","The Animator","The Blackbeard","The Bug Knight","The Construct","The Cursed","The Jungle","The Mystic","The Runesmith","The Senshi","The Servant 0.9.4","Warlord Emblem","Wide Potions","[GremlinLeader]The Maniac","[IsaacMod]以撒尖塔","[功能]功能增强和修复MOD","noobMod","【功能Mod】聪明的最终Boss","【遗物卡牌】REMEMod"],"gold_per_floor":[216,181,200,190,270,301,351,377,377,393,388,318,318,337,337,439,439,457,475,465,565,565,565,565,596,596,596,596,609,609,627,627,723,723,739,739,750,750,750,750,775,790,815,812,829,860,860,860,860,874,874,874,890,887,887,919,919,919,919,919,974,974,986,986,1016],"floor_reached":51,"language":"ZHS","playtime":2317,"items_purged":["Koishi:BasicStrike","Koishi:BasicDefend","Koishi:BasicDefend","Koishi:BasicDefend","Koishi:BasicStrike","Koishi:BasicStrike","Koishi:BasicDefend","Koishi:BasicStrike","Koishi:Provoke","Koishi:HauntingSlash","Koishi:SubconsciousSweep","Koishi:MindStellarRelief","Koishi:SubterraneanRose+1","Koishi:GhostParty+1"],"score":1290,"play_id":"d94f6fb3-5dfd-4550-93bf-369a02dd03ce","local_time":"20210219212856","is_ascension_mode":false,"campfire_choices":[{"data":"Koishi:GeneticsOfTheUnconscious","floor":13,"key":"SMITH"},{"data":"Koishi:SubterraneanRose","floor":15,"key":"SMITH"},{"data":"REME_TwoStrings","floor":24,"key":"SMITH"},{"data":"Koishi:HeartAttack","floor":27,"key":"SMITH"},{"data":"Koishi:SpiritedAway","floor":32,"key":"SMITH"},{"data":"Koishi:FreudianInstinct","floor":40,"key":"SMITH"},{"data":"MostiFishMod:PerfectForm","floor":47,"key":"SMITH"},{"data":"Koishi:Bloodlust","floor":49,"key":"SMITH"},{"data":"Madness","floor":40,"key":"SMITH"},{"data":"Madness","floor":42,"key":"SMITH"},{"data":"MostiFishMod:ForestofLight","floor":45,"key":"SMITH"},{"data":"Koishi:SprinkleStarAndHeart","floor":47,"key":"SMITH"},{"data":"Koishi:LastRemote","floor":49,"key":"SMITH"}],"circlet_count":0,"master_deck":["Koishi:ReleaseOfTheId+1","Koishi:HeartAttack+1","Koishi:UnansweredLove+1","Koishi:SubterraneanRose+1","Koishi:SpiritedAway+1","MostiFishMod:StoryBook+1","Koishi:GeneticsOfTheUnconscious+1","Koishi:SubconsciousSweep+1","Koishi:UnconsciousUprising","REME_TwoStrings+1","Koishi:LastRemote+1","Koishi:RorschachInDanmaku","Koishi:FreudianInstinct+1","Koishi:Bloodlust+1","MostiFishMod:PerfectForm+1","Koishi:UnconsciousUprising+1","Koishi:ReleaseOfTheId+1","Madness+1","Madness+1","Koishi:SprinkleStarAndHeart+1","MostiFishMod:ForestofLight+1","Koishi:RorschachInDanmaku+1","Koishi:ReflexRadar+1"],"relics":["Koishi:ImaginaryFriend","ice","AT_ATBox","REME_ComplimentaryCards","HushsDoor","DaveBox","RhineSuit","MoneyPower","SynthV:TestCard","BirthdayGift-Icosahedron","Du-Vu Doll","FossilizedHelix","Turnip","WarlordEmblem:MantleLazz","ClockworkSouvenir","UnicornStump","Singing Bowl","Bag of Preparation","Kunai","CombinedTypeHook","Runesmith:Nanobots","Koishi:AHoleWhereASisterShouldBe","Technique","RedLine:ReiMu","SharpPlug","Regal Pillow","Sling","SynthV:C4","WarlordEmblem:QuestDK","Lee\u0027s Waffle","AT_RabadonDeathcap","PokeGo","AntiCross","AT_BellowingDragoncrestRing","SteamSale","StrikeDummy","Runic Dome","Chemical X","WarlordEmblem:MantleJean","WarlordEmblem:BadgeWrath","BirthdayGift-Tetrahedron","Calipers","theSenshi:FeatherClipsRelic","WarlordEmblem:SoftArmor","Ginger","Chaos","DollysMirror","Snecko Eye","EdensBlessing","Frozen Egg 2","construct:BoolHorns","REME_LowDesire","ExusiaiGun","MomsKnife","CatCart"],"acts_visited":["Gensokyo:Gensokyo","theJungle:Jungle","Gensokyo:Gensokyoest"],"potions_floor_usage":[50,50],"damage_taken":[{"damage":0,"enemies":"Gensokyo:Python","floor":1,"turns":2},{"damage":0,"enemies":"Gensokyo:2_Kodama","floor":3,"turns":2},{"damage":0,"enemies":"Gensokyo:Aya","floor":6,"turns":1},{"damage":0,"enemies":"Hiden Room Battle","floor":7,"turns":2},{"damage":0,"enemies":"Gensokyo:Mamizou","floor":8,"turns":3},{"damage":0,"enemies":"Gensokyo:Gryphon","floor":10,"turns":1},{"damage":0,"enemies":"Gensokyo:Kitsune","floor":14,"turns":1},{"damage":0,"enemies":"Gensokyo:Yukari","floor":16,"turns":2},{"damage":0,"enemies":"theJungle:GiantWrat","floor":18,"turns":1},{"damage":0,"enemies":"theJungle:Flameango_and_Byrd","floor":19,"turns":1},{"damage":0,"enemies":"theJungle:Cassacara","floor":25,"turns":1},{"damage":0,"enemies":"theJungle:Lyon","floor":29,"turns":1},{"damage":0,"enemies":"theJungle:SlimyTreeVines","floor":31,"turns":1},{"damage":0,"enemies":"theJungle:QueenSpyder","floor":33,"turns":1},{"damage":0,"enemies":"Gensokyo:3_Bats","floor":35,"turns":1},{"damage":0,"enemies":"Gensokyo:AncientGuardian","floor":37,"turns":1},{"damage":0,"enemies":"Gensokyo:Kasen","floor":41,"turns":1},{"damage":0,"enemies":"Gensokyo:Sharpion","floor":42,"turns":1},{"damage":3,"enemies":"Gensokyo:3_Boulders","floor":45,"turns":2},{"damage":5,"enemies":"Gensokyo:Marisa","floor":46,"turns":2},{"damage":0,"enemies":"3 Darklings","floor":35,"turns":1},{"damage":0,"enemies":"Orb Walker","floor":38,"turns":1},{"damage":5,"enemies":"Reptomancer","floor":41,"turns":1},{"damage":0,"enemies":"Orin","floor":46,"turns":2},{"damage":0,"enemies":"Jaw Worm Horde","floor":48,"turns":1},{"damage":0,"enemies":"Awakened One","floor":50,"turns":2}],"seed_played":"-8205171140676127029","potions_obtained":[{"floor":1,"key":"CalmPotion"},{"floor":8,"key":"Energy Potion"}],"is_trial":false,"path_per_floor":["M","$","M","$","?","E","?","E","T","M","$","?","R","M","R","B",null,"M","M","$","?","$","T","R","E","T","R","?","M","$","M","R","B",null,"M","$","M","$","?","R","E","M","T","$","M","E","R","?","R","M","?","?","M","$","R","E","R","T","$","R","?","R","M","R","B",null],"character_chosen":"KOISHI","items_purchased":["BirthdayGift-Icosahedron","Du-Vu Doll","FossilizedHelix","Koishi:JumpScare","Koishi:UnansweredLove","Turnip","WarlordEmblem:MantleLazz","ClockworkSouvenir","Runesmith:Nanobots","Koishi:AHoleWhereASisterShouldBe","Koishi:SpiritedAway","MostiFishMod:StoryBook","Koishi:GeneticsOfTheUnconscious","Technique","SharpPlug","Regal Pillow","Sling","SynthV:C4","WarlordEmblem:QuestDK","Lee\u0027s Waffle","REME_TwoStrings","AT_BellowingDragoncrestRing","SteamSale","StrikeDummy","Chemical X","WarlordEmblem:MantleJean","WarlordEmblem:BadgeWrath","Koishi:FreudianInstinct","ForgetMeNow","BirthdayGift-Tetrahedron","Calipers","Koishi:Bloodlust","WarlordEmblem:SoftArmor","Ginger","Chaos","MostiFishMod:PerfectForm","Energy Potion","Snecko Eye","EdensBlessing","Frozen Egg 2","MostiFishMod:ForestofLight","REME_GoldPotion"],"campfire_rested":0,"item_purchase_floors":[2,2,2,2,4,4,4,4,11,11,11,11,11,11,20,20,20,22,22,22,22,30,30,30,36,36,36,36,38,38,38,38,44,44,44,44,44,39,39,39,39,39],"current_hp_per_floor":[60,60,60,60,60,60,50,53,53,54,54,54,54,57,57,62,64,64,64,64,60,71,71,71,71,71,71,71,71,71,73,73,75,75,77,77,77,77,77,77,79,81,81,81,81,83,83,83,83,85,74,74,82,82,82,87,87,87,87,87,87,87,87,87,87],"gold":1016,"neow_bonus":"HUNDRED_GOLD","is_daily":false,"chose_seed":false,"campfire_upgraded":13,"win_rate":0.0,"timestamp":1613741336,"path_taken":["M","$","M","$","?","E","?","E","T","?","$","?","R","M","R","BOSS","M","M","$","?","$","?","R","E","T","R","?","?","$","M","R","BOSS","M","$","M","$","?","R","E","?","T","$","M","E","R","?","R","M","?","?","M","$","R","E","R","T","$","R","?","R","?","R","BOSS"],"items_purchased_type":["Relic","Relic","Relic","Card","Card","Relic","Relic","Relic","Relic","Relic","Card","Card","Card","Relic","Relic","Relic","Relic","Relic","Relic","Relic","Card","Relic","Relic","Relic","Relic","Relic","Relic","Card","Relic","Relic","Relic","Card","Relic","Relic","Card","Card","Potion","Relic","Relic","Relic","Card","Potion"],"build_version":"2020-12-22","purchased_purges":14,"victory":true,"max_hp_per_floor":[60,60,60,60,60,60,62,62,62,62,62,62,62,64,64,64,64,64,64,64,64,71,71,71,71,71,71,71,71,71,73,73,75,75,77,77,79,79,79,79,79,81,81,81,81,83,83,83,83,85,85,85,85,85,85,87,87,87,87,87,87,87,87,87,87],"card_choices":[{"not_picked":["Koishi:FleetingPhantom","Koishi:PhantomStrike"],"picked":"Koishi:ReleaseOfTheId","floor":1},{"not_picked":["Koishi:RacingHeart","Koishi:EmbryosDream","Koishi:Vanish","Koishi:HeartfeltFancy"],"picked":"Koishi:HeartAttack","floor":3},{"not_picked":["Koishi:DreadfulBlow","Koishi:TraumaticStroke","Koishi:Jaunt","Koishi:Prune","Koishi:Untouchable"],"picked":"SKIP","floor":6},{"not_picked":["Koishi:DanmakuParanoia","Koishi:RacingHeart","Koishi:BloodcurdlingScream","Koishi:Whimsy","Koishi:TraumaticStroke"],"picked":"Singing Bowl","floor":7},{"not_picked":["Koishi:JumpScare","Koishi:MindNumbingTerror","Koishi:PhilosophyOfTheDespised","Koishi:Heartbroken"],"picked":"Koishi:SubconsciousSweep","floor":8},{"not_picked":["Koishi:Untouchable","Koishi:StingingMind","Koishi:SubconsciousSweep","Koishi:PhilosophyOfTheDespised"],"picked":"Koishi:SubterraneanRose","floor":10},{"not_picked":["Koishi:Prune","Koishi:UnansweredLove","Koishi:FormlessExistence","Koishi:EmbryosDream","Koishi:DreadfulBlow"],"picked":"Singing Bowl","floor":14},{"not_picked":["Koishi:RoseHell","Koishi:Heartbroken","Koishi:SilentAndRestless","Koishi:RuptureMind"],"picked":"Koishi:MindStellarRelief","floor":16},{"not_picked":["Koishi:StingingMind+1","Koishi:Possession","Koishi:SpiritedAway+1","Koishi:TremblingHands"],"picked":"Koishi:SubconsciousSweep+1","floor":18},{"not_picked":["Koishi:UnansweredLove","Koishi:ParalyzingFear","Koishi:Whimsy+1","Koishi:SpiritedAway"],"picked":"Koishi:UnconsciousUprising","floor":19},{"not_picked":["Koishi:DanmakuParanoia","Koishi:HeartAttack","Koishi:CatchAndRose","Koishi:MindNumbingTerror"],"picked":"Koishi:LastRemote","floor":25},{"not_picked":["Koishi:EmbryosDream","Koishi:VengefulSpirit+1","Koishi:UnconsciousUprising+1","Koishi:ConditionedTeleport"],"picked":"Koishi:RorschachInDanmaku","floor":29},{"not_picked":["Koishi:PhantomBarrier","Koishi:TremblingHands","Koishi:RacingHeart","Koishi:Prune","Koishi:TraumaticStroke+1"],"picked":"Singing Bowl","floor":31},{"not_picked":["Koishi:FormlessExistence","Koishi:TerrifyingSpectre","Koishi:RuptureMind","Koishi:FadingMemory","Koishi:SuperEgo"],"picked":"Singing Bowl","floor":33},{"not_picked":["Koishi:FidgetySnatcher","Koishi:JumpScare","Koishi:DreadfulBlow+1","Koishi:BloodcurdlingScream+1","Koishi:Prune"],"picked":"Singing Bowl","floor":35},{"not_picked":["Koishi:RollingInRichesHeart","Koishi:BloodcurdlingScream","Koishi:JumpScare+1","Koishi:UnconsciousUrges","Koishi:BramblyRoseGarden+1"],"picked":"Singing Bowl","floor":37},{"not_picked":["Koishi:YoukaiPolygraph","Koishi:JumpScare","Koishi:Jaunt+1","Koishi:SpiritedAway+1"],"picked":"Koishi:GhostParty+1","floor":41},{"not_picked":["Koishi:Prune+1","Koishi:GhostParty+1","Koishi:FourthEye","Koishi:SubterraneanRose+1","Koishi:MindStellarRelief"],"picked":"Singing Bowl","floor":42},{"not_picked":["Koishi:RacingHeart+1","Koishi:JumpScare","Koishi:MassHysteria+1","Koishi:FleetingPhantom+1"],"picked":"Koishi:UnconsciousUprising+1","floor":45},{"not_picked":["Koishi:PhantomBarrier","Koishi:FleetingPhantom+1","Koishi:DanmakuParanoia","Koishi:MindStellarRelief","Koishi:YoukaiPolygraph+1"],"picked":"Singing Bowl","floor":46},{"not_picked":["Koishi:Prune","Koishi:PhantomStrike","Koishi:SpiritedAway","Koishi:Vanish+1","Koishi:JumpScare+1"],"picked":"Singing Bowl","floor":35},{"not_picked":["Koishi:CatchAndRose","Koishi:BloodcurdlingScream+1","Koishi:EmbryosDream","Koishi:JumpScare"],"picked":"Koishi:SprinkleStarAndHeart","floor":38},{"not_picked":["Koishi:JumpScare","Koishi:MassHysteria+1","Koishi:ConfinedInnocent+1","Koishi:DanmakuParanoia","Koishi:Prune+1"],"picked":"Singing Bowl","floor":41},{"not_picked":["Koishi:PhantomStrike","Koishi:HeartfeltFancy","Koishi:ParalyzingFear","Koishi:CatchAndRose+1","Forethought+1"],"picked":"Koishi:RorschachInDanmaku+1","floor":46},{"not_picked":["Koishi:DNAsFlaw+1","Koishi:PhantomBarrier","Koishi:BloodcurdlingScream+1","Koishi:DreadfulBlow+1","Bomb"],"picked":"Koishi:ReflexRadar+1","floor":48}],"player_experience":197272,"relics_obtained":[{"floor":1,"key":"SynthV:TestCard"},{"floor":6,"key":"UnicornStump"},{"floor":7,"key":"Singing Bowl"},{"floor":7,"key":"Bag of Preparation"},{"floor":8,"key":"Kunai"},{"floor":9,"key":"CombinedTypeHook"},{"floor":23,"key":"AT_RabadonDeathcap"},{"floor":25,"key":"PokeGo"},{"floor":26,"key":"AntiCross"},{"floor":41,"key":"theSenshi:FeatherClipsRelic"},{"floor":46,"key":"DollysMirror"},{"floor":41,"key":"construct:BoolHorns"},{"floor":43,"key":"REME_LowDesire"},{"floor":44,"key":"ExusiaiGun"},{"floor":44,"key":"MomsKnife"},{"floor":46,"key":"CatCart"}],"event_choices":[{"damage_healed":0,"gold_gain":0,"player_choice":"Fight","damage_taken":0,"max_hp_gain":0,"max_hp_loss":0,"event_name":"HidenRoomEvent","floor":7,"gold_loss":0},{"cards_removed":["Koishi:JumpScare"],"damage_healed":0,"gold_gain":0,"player_choice":"Purged","damage_taken":0,"max_hp_gain":0,"max_hp_loss":0,"event_name":"Purifier","floor":28,"gold_loss":0},{"damage_healed":0,"gold_gain":0,"player_choice":"Embrace Madness","damage_taken":11,"max_hp_gain":0,"max_hp_loss":0,"event_name":"Winding Halls","floor":36,"gold_loss":0,"cards_obtained":["Madness","Madness"]},{"damage_healed":0,"gold_gain":0,"player_choice":"Ignored","damage_taken":0,"max_hp_gain":0,"max_hp_loss":0,"event_name":"Tomb of Lord Red Mask","floor":37,"gold_loss":0},{"damage_healed":0,"gold_gain":0,"player_choice":"Fight","damage_taken":0,"max_hp_gain":0,"max_hp_loss":0,"event_name":"OrinTheCat","floor":46,"gold_loss":0}],"is_beta":false,"boss_relics":[{"not_picked":["Runesmith:UraniumAnvil","aspiration:RitualDagger"],"picked":"RedLine:ReiMu"},{"not_picked":[]},{"not_picked":["WarlordEmblem:Scar","aspiration:ServantSkillbook"],"picked":"Runic Dome"},{"not_picked":[]}],"items_purged_floors":[2,2,2,2,2,2,2,4,4,11,20,20,44,39],"is_endless":false,"potions_floor_spawned":[1,3,6,8,8,10,10,14,14,16,16,18,19,19,25,25,29,31,31,37,41,41,45,45,45,46,35,38,41,41,41,46,48],"ascension_level":0}}