{"host":"7cp3z5w0tcrrm8ys","time":1613705893,"event":{"mods":["AchievementEnabler","BaseMod","DeckTracker","Minty Spire (QoL Compilation)","StSLib","SuperFastMode"],"gold_per_floor":[115,129,145,161,107,137,137,150,150,150,150,150,164,182,182,258,258,231,246,261,0,0,0,11,11,11,25,25,25],"floor_reached":28,"language":"KOR","playtime":788,"items_purged":[],"score":448,"play_id":"20f67416-d3d0-4c1b-865e-58a5f31c3523","local_time":"20210219123813","is_ascension_mode":true,"campfire_choices":[{"data":"Whirlwind","floor":7,"key":"SMITH"},{"data":"Clothesline","floor":12,"key":"SMITH"},{"floor":15,"key":"REST"},{"floor":23,"key":"REST"},{"data":"Apotheosis","floor":25,"key":"SMITH"}],"circlet_count":0,"master_deck":["AscendersBane","Defend_R","Defend_R","Defend_R","Defend_R","Bash+1","Clothesline+1","Iron Wave","Twin Strike","Pommel Strike","Whirlwind+1","Shrug It Off","Fire Breathing","Impervious","Berserk+1","Power Through+1","Immolate+1","Shrug It Off","Power Through","Apotheosis+1","Carnage","Dropkick","Spot Weakness","Body Slam"],"relics":["Burning Blood","Omamori","Turnip","Astrolabe","Paper Frog"],"acts_visited":["Exordium","TheCity"],"potions_floor_usage":[2,4,6,14,20,24,24,28],"damage_taken":[{"damage":4,"enemies":"Small Slimes","floor":1,"turns":4},{"damage":7,"enemies":"2 Louse","floor":2,"turns":3},{"damage":9,"enemies":"Jaw Worm","floor":3,"turns":4},{"damage":25,"enemies":"Large Slime","floor":4,"turns":8},{"damage":20,"enemies":"3 Sentries","floor":6,"turns":5},{"damage":12,"enemies":"Blue Slaver","floor":8,"turns":4},{"damage":30,"enemies":"Gremlin Gang","floor":13,"turns":4},{"damage":7,"enemies":"Exordium Wildlife","floor":14,"turns":5},{"damage":15,"enemies":"Slime Boss","floor":16,"turns":8},{"damage":17,"enemies":"2 Thieves","floor":18,"turns":4},{"damage":32,"enemies":"3 Byrds","floor":19,"turns":4},{"damage":6,"enemies":"Centurion and Healer","floor":20,"turns":7},{"damage":18,"enemies":"Snake Plant","floor":24,"turns":6},{"damage":30,"enemies":"Chosen and Byrds","floor":27,"turns":7},{"damage":35,"enemies":"Cultist and Chosen","floor":28,"turns":5}],"seed_played":"3307297624142026642","potions_obtained":[{"floor":1,"key":"Fruit Juice"},{"floor":2,"key":"Swift Potion"},{"floor":4,"key":"PowerPotion"},{"floor":8,"key":"Dexterity Potion"},{"floor":16,"key":"Dexterity Potion"},{"floor":20,"key":"EssenceOfSteel"},{"floor":24,"key":"SpeedPotion"}],"is_trial":false,"path_per_floor":["M","M","M","M","?","E","R","M","T","?","?","R","M","M","R","B",null,"M","M","M","$","?","R","M","R","T","M","M"],"character_chosen":"IRONCLAD","items_purchased":["Apotheosis","Block Potion"],"campfire_rested":2,"item_purchase_floors":[21,21],"current_hp_per_floor":[77,81,78,59,59,45,45,39,39,39,39,39,15,14,40,31,73,62,36,36,36,36,62,50,50,50,26,0,0],"gold":25,"neow_bonus":"TEN_PERCENT_HP_BONUS","is_daily":false,"chose_seed":false,"campfire_upgraded":3,"win_rate":0.0,"timestamp":1613705893,"path_taken":["M","M","M","M","?","E","R","M","T","?","?","R","M","M","R","BOSS","M","M","M","$","?","R","M","R","T","M","M"],"items_purchased_type":["Card","Potion"],"build_version":"2020-12-22","purchased_purges":0,"victory":false,"max_hp_per_floor":[82,87,87,87,87,87,87,87,87,87,87,87,87,87,87,87,87,87,87,87,87,87,87,87,87,87,87,87,87],"card_choices":[{"not_picked":["Clash","Rupture"],"picked":"Clothesline","floor":1},{"not_picked":["Havoc","True Grit"],"picked":"Iron Wave","floor":2},{"not_picked":["Body Slam","Seeing Red"],"picked":"Twin Strike","floor":3},{"not_picked":["Heavy Blade","Entrench"],"picked":"Pommel Strike","floor":4},{"not_picked":["Berserk","Iron Wave"],"picked":"Whirlwind","floor":6},{"not_picked":["Shockwave","Combust"],"picked":"Shrug It Off","floor":8},{"not_picked":["Wild Strike","Sword Boomerang","Thunderclap"],"picked":"SKIP","floor":13},{"not_picked":["Headbutt","Carnage"],"picked":"Fire Breathing","floor":14},{"not_picked":["Reaper","Bludgeon"],"picked":"Impervious","floor":16},{"not_picked":["Dark Embrace","Rampage","Dropkick"],"picked":"SKIP","floor":18},{"not_picked":["Anger","Cleave"],"picked":"Shrug It Off","floor":19},{"not_picked":["Inflame","Thunderclap"],"picked":"Power Through","floor":20},{"not_picked":["Anger","Entrench"],"picked":"Spot Weakness","floor":24},{"not_picked":["Armaments","Carnage"],"picked":"Body Slam","floor":27}],"player_experience":821545,"relics_obtained":[{"floor":6,"key":"Omamori"},{"floor":9,"key":"Turnip"},{"floor":26,"key":"Paper Frog"}],"event_choices":[{"damage_healed":0,"gold_gain":0,"player_choice":"Left Gold","damage_taken":0,"max_hp_gain":0,"max_hp_loss":0,"event_name":"World of Goop","floor":5,"gold_loss":54},{"damage_healed":0,"gold_gain":0,"player_choice":"Fled","damage_taken":0,"max_hp_gain":0,"max_hp_loss":0,"event_name":"Scrap Ooze","floor":10,"gold_loss":0},{"damage_healed":0,"gold_gain":0,"player_choice":"Grow","damage_taken":0,"max_hp_gain":0,"max_hp_loss":0,"event_name":"Living Wall","floor":11,"gold_loss":0,"cards_upgraded":["Bash"]},{"damage_healed":0,"gold_gain":0,"cards_transformed":["Strike_R","Strike_R"],"player_choice":"Became Test Subject","damage_taken":0,"max_hp_gain":0,"max_hp_loss":0,"event_name":"Drug Dealer","floor":22,"gold_loss":0,"cards_obtained":["Carnage","Dropkick"]}],"is_beta":false,"boss_relics":[{"not_picked":["Ectoplasm","Black Star"],"picked":"Astrolabe"}],"items_purged_floors":[],"is_endless":false,"potions_floor_spawned":[1,2,4,8,16,20,24],"killed_by":"Cultist and Chosen","ascension_level":20}}