{"host":"yassvrowvc2yfwp2","time":1613695268,"event":{"mods":["2.2 Compatiblity","Act Like it!","BaseMod","Better Note","Curses Come First","Dota2Spire","Downfall","HololiveMod","Jorbs\u0027s Wanderer Trilogy","Minty Spire (QoL Compilation)","Prisma Mod","Rare Cards Sparkle","Reimu£®≤©¿ˆ¡È√Œ£©","Replay The Spire","Say the Spire","Spicy Shops","StSLib","The Bug Knight","The Cursed","The Servant 0.9.4"],"gold_per_floor":[110,136,136,152,152,152,183,183,183,227,281,231,269,312,312,471,471,521,521,291,291,307,307,380,380,458,501,551,596,596,596,596,757,757,782,835,447,447,465,538,538,578,578,643,643,661,112,112,112,142],"floor_reached":51,"language":"ZHS","playtime":1467,"items_purged":[],"score":1076,"play_id":"5046e2ef-70b2-44b9-9f8b-3a4c39cdb58f","local_time":"20210219084108","daily_mods":["SealedDeck","Heirloom","Elite Swarm"],"is_ascension_mode":true,"campfire_choices":[{"floor":6.0,"key":"REST"},{"data":"SoulSculpture","floor":8.0,"key":"SMITH"},{"data":"MurderousAura","floor":23.0,"key":"SMITH"},{"data":"FlawlessForm","floor":25.0,"key":"SMITH"},{"data":"SoulSculpture","floor":30.0,"key":"SMITH"},{"data":"SoulSculpture","floor":32.0,"key":"SMITH"},{"data":"LightFlow","floor":41.0,"key":"SMITH"},{"data":"Luminosity","floor":49.0,"key":"SMITH"}],"circlet_count":0,"master_deck":["Potential","Moondial+1","Potential","Moondial","Deadline","Potential","Alleviate","Sabotage","Potential+1","SoulSculpture+1","SoulSculpture+1","Luminosity+1","MurderousAura+1","TheWorld+1","BottledTime","InstantArmor+1","FlawlessForm+1","SoulSculpture+1","Solidify+1","Replay:Bootleg Shield Generator+1","LightFlow+1","TheWorld+1","TheWorld+1","SoulSculpture+1"],"relics":["Uniform","Dota2Spire:HeartOfTarrasque","Omamori","Golden Idol","Vajra","Dota2Spire:HandOfMidas","Pantograph","SlaversCollar","Orrery","PreservedInsect","Blue Candle","Bottled Tornado","Toxic Egg 2","Dota2Spire:BladeMail","Dota2Spire:Bloodstone","Gremlin Horn","Guide Book","Onion Ring","Bottled Flame","Dream Catcher","Replay:Bottled Snecko","hexamod:BolsterEngine","DollysMirror","Divine Protection"],"acts_visited":["Exordium","TheCity","TheBeyond"],"potions_floor_usage":[],"damage_taken":[{"damage":0.0,"enemies":"Cultist","floor":1.0,"turns":2.0},{"damage":8.0,"enemies":"Jaw Worm","floor":4.0,"turns":3.0},{"damage":8.0,"enemies":"Gremlin Nob","floor":7.0,"turns":4.0},{"damage":7.0,"enemies":"2 Louse","floor":10.0,"turns":2.0},{"damage":0.0,"enemies":"Large Slime","floor":11.0,"turns":4.0},{"damage":6.0,"enemies":"3 Sentries","floor":13.0,"turns":4.0},{"damage":5.0,"enemies":"3 Louse","floor":14.0,"turns":2.0},{"damage":8.0,"enemies":"The Guardian","floor":16.0,"turns":6.0},{"damage":10.0,"enemies":"3 Byrds","floor":18.0,"turns":5.0},{"damage":2.0,"enemies":"2 Thieves","floor":22.0,"turns":3.0},{"damage":0.0,"enemies":"Slavers","floor":24.0,"turns":3.0},{"damage":6.0,"enemies":"Replay:Snechameleon","floor":27.0,"turns":2.0},{"damage":0.0,"enemies":"Centurion and Healer","floor":28.0,"turns":4.0},{"damage":0.0,"enemies":"Snecko","floor":29.0,"turns":3.0},{"damage":0.0,"enemies":"Collector","floor":33.0,"turns":5.0},{"damage":0.0,"enemies":"Orb Walker","floor":35.0,"turns":2.0},{"damage":1.0,"enemies":"3 Darklings","floor":36.0,"turns":3.0},{"damage":0.0,"enemies":"4 Shapes","floor":39.0,"turns":3.0},{"damage":10.0,"enemies":"Nemesis","floor":40.0,"turns":5.0},{"damage":0.0,"enemies":"Giant Head","floor":42.0,"turns":3.0},{"damage":0.0,"enemies":"Nemesis","floor":44.0,"turns":3.0},{"damage":0.0,"enemies":"Jaw Worm Horde","floor":46.0,"turns":2.0},{"damage":0.0,"enemies":"Time Eater","floor":50.0,"turns":8.0}],"seed_played":"-8167548046011122455","potions_obtained":[{"floor":4.0,"key":"Adrenaline Potion"},{"floor":7.0,"key":"Dexterity Potion"},{"floor":13.0,"key":"Dota2Spire:Clarity"}],"is_trial":true,"path_per_floor":["M","T","?","M","?","R","E","R","T","M","M","?","E","M","R","B",null,"M","?","$","?","M","R","E","R","T","E","M","M","R","?","R","B",null,"M","M","$","?","M","E","R","E","T","E","?","M","$","?","R","B",null],"character_chosen":"THE_SERVANT","items_purchased":["Orrery","PreservedInsect","Gremlin Horn","Guide Book","Replay:Bootleg Shield Generator+1","hexamod:BolsterEngine","DollysMirror","Divine Protection"],"campfire_rested":1,"item_purchase_floors":[20,20,37,37,37,47,47,47],"current_hp_per_floor":[73,73,55,47,47,68,60,60,60,53,57,57,51,46,46,65,73,63,63,63,58,56,56,56,56,56,50,50,50,50,50,50,73,73,73,72,72,72,72,62,62,62,62,62,62,62,62,62,62,73],"gold":142,"neow_bonus":"","is_daily":false,"chose_seed":false,"campfire_upgraded":7,"win_rate":0.0,"timestamp":1613695268,"path_taken":["M","?","?","M","?","R","E","R","T","M","M","?","E","M","R","BOSS","M","?","$","?","M","R","E","R","T","E","M","M","R","?","R","BOSS","M","M","$","?","M","E","R","E","T","E","?","?","$","?","R","BOSS"],"items_purchased_type":["Relic","Relic","Relic","Relic","Card","Relic","Relic","Relic"],"build_version":"2020-12-22","purchased_purges":0,"victory":true,"max_hp_per_floor":[73,73,73,73,73,73,73,73,73,73,73,73,73,73,73,73,73,73,73,73,73,73,73,73,73,73,73,73,73,73,73,73,73,73,73,73,73,73,73,73,73,73,73,73,73,73,73,73,73,73],"card_choices":[{"not_picked":["Rearm","Spin","Hightail"],"picked":"SKIP","floor":1.0},{"not_picked":["Rewind","Revamp"],"picked":"Sabotage","floor":4.0},{"not_picked":["PendulumOfEternity","TrueSight"],"picked":"SoulSculpture","floor":7.0},{"not_picked":["ShatteredReality","FastForward","Starlight"],"picked":"SKIP","floor":10.0},{"not_picked":["Revamp","Ricochet","ShatteredReality"],"picked":"SKIP","floor":11.0},{"not_picked":["Solidify","Duplication"],"picked":"SoulSculpture","floor":13.0},{"not_picked":["Revamp","Spin","Starlight"],"picked":"SKIP","floor":14.0},{"not_picked":["Initiator","SilverMatrix"],"picked":"MurderousAura","floor":16.0},{"not_picked":["Unruled","ShatteredReality","StarChef"],"picked":"SKIP","floor":18.0},{"not_picked":["BestPractice","Snipe"],"picked":"TheWorld","floor":20.0},{"not_picked":["Potential","Starlight"],"picked":"ShiftingGears","floor":20.0},{"not_picked":["TimeTheft","Potential"],"picked":"BottledTime","floor":20.0},{"not_picked":["Desolation+1","DoubleEdge"],"picked":"InstantArmor+1","floor":22.0},{"not_picked":["TrueSight","LightFlow"],"picked":"FlawlessForm","floor":24.0},{"not_picked":["TrueSight","Sunlight"],"picked":"SoulSculpture","floor":27.0},{"not_picked":["Alleviate+1","DancingSilver+1","Ricochet"],"picked":"SKIP","floor":28.0},{"not_picked":["Revamp+1","Orbit","Alleviate+1"],"picked":"SKIP","floor":29.0},{"not_picked":["TrueSight","KillingDoll"],"picked":"Solidify+1","floor":33.0},{"not_picked":["BottledTime+1","Alleviate+1","Spin"],"picked":"SKIP","floor":35.0},{"not_picked":["Shuttle+1","Revamp+1","Reset+1"],"picked":"SKIP","floor":36.0},{"not_picked":["Spin+1","ShatteredReality","Revamp+1"],"picked":"SKIP","floor":39.0},{"not_picked":["FlawlessForm","Sunlight"],"picked":"LightFlow","floor":40.0},{"not_picked":["Deny+1","FloweringNight"],"picked":"TheWorld+1","floor":42.0},{"not_picked":["Sunlight","FloweringNight"],"picked":"TheWorld+1","floor":44.0},{"not_picked":["Defy+1","Moonlight","Collapse+1"],"picked":"SKIP","floor":46.0}],"player_experience":2167200,"relics_obtained":[{"floor":2.0,"key":"Omamori"},{"floor":7.0,"key":"Vajra"},{"floor":9.0,"key":"Dota2Spire:HandOfMidas"},{"floor":13.0,"key":"Pantograph"},{"floor":24.0,"key":"Bottled Tornado"},{"floor":26.0,"key":"Toxic Egg 2"},{"floor":27.0,"key":"Dota2Spire:BladeMail"},{"floor":40.0,"key":"Onion Ring"},{"floor":42.0,"key":"Bottled Flame"},{"floor":43.0,"key":"Dream Catcher"},{"floor":44.0,"key":"Replay:Bottled Snecko"}],"event_choices":[{"damage_healed":0.0,"max_hp_gain":0.0,"max_hp_loss":0.0,"gold_gain":0.0,"event_name":"Golden Idol","player_choice":"Take Damage","floor":3.0,"gold_loss":0.0,"damage_taken":18.0,"relics_obtained":["Golden Idol"]},{"cards_removed":["SurpressingFire"],"damage_healed":0.0,"max_hp_gain":0.0,"max_hp_loss":0.0,"gold_gain":0.0,"event_name":"The Cleric","player_choice":"Card Removal","floor":12.0,"gold_loss":50.0,"damage_taken":0.0},{"damage_healed":0.0,"max_hp_gain":0.0,"max_hp_loss":0.0,"gold_gain":0.0,"event_name":"betterNote:BetterNote","player_choice":"Ignored","floor":19.0,"gold_loss":0.0,"damage_taken":0.0,"cards_obtained":["Strike_S"]},{"cards_removed":["ShiftingGears"],"damage_healed":0.0,"max_hp_gain":0.0,"max_hp_loss":0.0,"gold_gain":0.0,"event_name":"Back to Basics","player_choice":"Elegance","floor":31.0,"gold_loss":0.0,"damage_taken":0.0},{"damage_healed":0.0,"max_hp_gain":0.0,"max_hp_loss":0.0,"gold_gain":0.0,"event_name":"SensoryStone","player_choice":"Memory 1","floor":38.0,"gold_loss":0.0,"damage_taken":0.0},{"damage_healed":0.0,"max_hp_gain":0.0,"max_hp_loss":0.0,"gold_gain":0.0,"event_name":"SecretPortal","player_choice":"Ignored","floor":45.0,"gold_loss":0.0,"damage_taken":0.0}],"is_beta":false,"boss_relics":[{"not_picked":["Empty Cage","ReplayTheSpireMod:DimensionalGlitch"],"picked":"SlaversCollar"},{"not_picked":["Fusion Hammer","Painkiller Herb"],"picked":"Dota2Spire:Bloodstone"}],"items_purged_floors":[],"is_endless":false,"potions_floor_spawned":[4,7,13,22,27,33,36,39,40],"ascension_level":1}}