{"host":"ju1b3c4x8n2jtjm7","time":1613778784,"event":{"mods":["AchievementEnabler","BaseMod","Colored Map","Colored Powertips","DeckTracker","Highlight Path","Minty Spire (QoL Compilation)","Quick Restart","Rare Cards Sparkle","Relic Stats"],"gold_per_floor":[119,119,143,143,162,162,162,197,197,210,241,254,254,277,277,406,406,422,436,455,480,480,523,523,544,544,580,613,613,613],"floor_reached":29,"language":"ENG","playtime":1949,"items_purged":[],"score":455,"play_id":"8d6ee471-1318-41e0-816d-4dce44c6c328","local_time":"20210220005304","is_ascension_mode":true,"campfire_choices":[{"data":"Dual Wield","floor":6.0,"key":"SMITH"},{"data":"Metallicize","floor":13.0,"key":"SMITH"},{"data":"Inflame","floor":15.0,"key":"SMITH"},{"data":"Evolve","floor":24.0,"key":"SMITH"}],"circlet_count":0,"master_deck":["Bash+1","Pommel Strike+1","Dropkick","Dual Wield+1","Metallicize+1","Inflame+1","Warcry","Infernal Blade","Feed+1","Havoc","Blood for Blood","Perfected Strike","Blood for Blood","Flame Barrier","Limit Break","Fiend Fire","Burning Pact","Havoc","Dropkick+1","Bloodletting","Evolve+1","Ghostly Armor"],"relics":["Burning Blood","Golden Idol","Pantograph","Meat on the Bone","White Beast Statue","Pandora\u0027s Box","MealTicket","Ginger","Art of War"],"acts_visited":["Exordium","TheCity"],"potions_floor_usage":[],"damage_taken":[{"damage":14.0,"enemies":"Small Slimes","floor":1.0,"turns":5.0},{"damage":8.0,"enemies":"2 Louse","floor":3.0,"turns":2.0},{"damage":0.0,"enemies":"Cultist","floor":5.0,"turns":2.0},{"damage":40.0,"enemies":"Lagavulin","floor":8.0,"turns":4.0},{"damage":9.0,"enemies":"2 Fungi Beasts","floor":10.0,"turns":5.0},{"damage":24.0,"enemies":"Gremlin Nob","floor":11.0,"turns":5.0},{"damage":15.0,"enemies":"Gremlin Gang","floor":12.0,"turns":4.0},{"damage":7.0,"enemies":"Blue Slaver","floor":14.0,"turns":4.0},{"damage":5.0,"enemies":"The Guardian","floor":16.0,"turns":15.0},{"damage":11.0,"enemies":"2 Thieves","floor":18.0,"turns":4.0},{"damage":22.0,"enemies":"Spheric Guardian","floor":19.0,"turns":4.0},{"damage":16.0,"enemies":"Snake Plant","floor":20.0,"turns":4.0},{"damage":42.0,"enemies":"Shelled Parasite and Fungi","floor":21.0,"turns":6.0},{"damage":38.0,"enemies":"Gremlin Leader","floor":23.0,"turns":6.0},{"damage":27.0,"enemies":"Centurion and Healer","floor":25.0,"turns":7.0},{"damage":34.0,"enemies":"Book of Stabbing","floor":27.0,"turns":5.0},{"damage":22.0,"enemies":"Sentry and Sphere","floor":28.0,"turns":5.0},{"damage":33,"enemies":"Gremlin Leader","floor":29,"turns":2}],"seed_played":"203650772730625303","potions_obtained":[{"floor":3.0,"key":"PowerPotion"},{"floor":11.0,"key":"SteroidPotion"},{"floor":12.0,"key":"LiquidBronze"},{"floor":14.0,"key":"BloodPotion"},{"floor":16.0,"key":"Fire Potion"},{"floor":18.0,"key":"Swift Potion"},{"floor":19.0,"key":"SkillPotion"},{"floor":20.0,"key":"Fruit Juice"},{"floor":21.0,"key":"Dexterity Potion"},{"floor":23.0,"key":"ColorlessPotion"},{"floor":25.0,"key":"SkillPotion"},{"floor":27.0,"key":"Ancient Potion"},{"floor":28.0,"key":"FearPotion"}],"is_trial":false,"path_per_floor":["M","?","M","?","M","R","?","E","T","M","E","M","R","M","R","B",null,"M","M","M","M","?","E","R","M","T","E","M","E"],"character_chosen":"IRONCLAD","items_purchased":[],"campfire_rested":0,"item_purchase_floors":[],"current_hp_per_floor":[72,72,70,70,76,76,76,42,42,51,45,48,48,47,47,73,79,77,64,57,39,39,48,48,47,47,35,31,0,0],"gold":613,"neow_bonus":"TEN_PERCENT_HP_BONUS","is_daily":false,"chose_seed":false,"campfire_upgraded":4,"win_rate":0.0,"timestamp":1613778784,"path_taken":["M","?","M","?","M","R","?","E","T","?","E","M","R","M","R","BOSS","M","M","M","M","?","E","R","M","T","E","M","E"],"items_purchased_type":[],"build_version":"2020-12-22","purchased_purges":0,"victory":false,"max_hp_per_floor":[88,81,81,81,81,81,81,81,81,81,81,81,81,81,81,81,81,84,87,90,96,96,105,105,113,113,117,117,117,117],"relic_stats":{"counters":[18,89],"Golden Idol":97,"Pantograph":25,"Pandora\u0027s Box":["Havoc","Blood for Blood","Perfected Strike","Blood for Blood","Flame Barrier","Limit Break","Fiend Fire","Burning Pact","Havoc"],"MealTicket":0,"Art of War":[1],"Ginger":[0],"obtain_stats":[{"Golden Idol":2,"Pantograph":8,"Pandora\u0027s Box":17,"MealTicket":23,"Art of War":27,"Ginger":26,"Burning Blood":0,"White Beast Statue":11,"Meat on the Bone":9},{"Golden Idol":1,"Pantograph":4,"Pandora\u0027s Box":9,"MealTicket":14,"Art of War":16,"Ginger":15,"Burning Blood":0,"White Beast Statue":6,"Meat on the Bone":4},{"Golden Idol":5,"Pantograph":13,"Pandora\u0027s Box":46,"MealTicket":70,"Art of War":82,"Ginger":77,"Burning Blood":0,"White Beast Statue":23,"Meat on the Bone":13}],"Burning Blood":102,"Meat on the Bone":96},"card_choices":[{"not_picked":["Thunderclap","Armaments"],"picked":"Pommel Strike","floor":1.0},{"not_picked":["Flex","Iron Wave"],"picked":"Dropkick","floor":3.0},{"not_picked":["Sentinel","Uppercut"],"picked":"Dual Wield","floor":5.0},{"not_picked":["Clash","Dropkick"],"picked":"Metallicize","floor":8.0},{"not_picked":["Clothesline","Flex"],"picked":"Inflame","floor":10.0},{"not_picked":["Shrug It Off","Corruption","Perfected Strike"],"picked":"SKIP","floor":11.0},{"not_picked":["Shrug It Off","Corruption","Perfected Strike"],"picked":"SKIP","floor":11.0},{"not_picked":["Perfected Strike","Pummel"],"picked":"Warcry","floor":12.0},{"not_picked":["Body Slam","Anger"],"picked":"Infernal Blade","floor":14.0},{"not_picked":["Exhume","Corruption"],"picked":"Feed","floor":16.0},{"not_picked":["Iron Wave","Rampage+1"],"picked":"Dropkick+1","floor":18.0},{"not_picked":["Sword Boomerang","Perfected Strike","Warcry"],"picked":"SKIP","floor":19.0},{"not_picked":["Dropkick+1","Flex","Bloodletting"],"picked":"SKIP","floor":20.0},{"not_picked":["Body Slam+1","Flex"],"picked":"Bloodletting","floor":21.0},{"not_picked":["Impervious","Thunderclap"],"picked":"Evolve","floor":23.0},{"not_picked":["Sever Soul","Dropkick+1"],"picked":"Ghostly Armor","floor":25.0},{"not_picked":["Twin Strike","Pommel Strike","Hemokinesis"],"picked":"SKIP","floor":27.0},{"not_picked":["Sever Soul","Clothesline+1","Searing Blow"],"picked":"SKIP","floor":28.0}],"player_experience":411575,"relics_obtained":[{"floor":8.0,"key":"Pantograph"},{"floor":9.0,"key":"Meat on the Bone"},{"floor":11.0,"key":"White Beast Statue"},{"floor":23.0,"key":"MealTicket"},{"floor":26.0,"key":"Ginger"},{"floor":27.0,"key":"Art of War"}],"event_choices":[{"damage_healed":0.0,"max_hp_gain":0.0,"max_hp_loss":7.0,"gold_gain":0.0,"event_name":"Golden Idol","player_choice":"Lose Max HP","floor":2.0,"gold_loss":0.0,"damage_taken":0.0,"relics_obtained":["Golden Idol"]},{"damage_healed":0.0,"max_hp_gain":0.0,"max_hp_loss":0.0,"gold_gain":0.0,"event_name":"Living Wall","player_choice":"Grow","floor":4.0,"gold_loss":0.0,"damage_taken":0.0,"cards_upgraded":["Bash"]},{"damage_healed":0.0,"max_hp_gain":0.0,"max_hp_loss":0.0,"gold_gain":0.0,"event_name":"Upgrade Shrine","player_choice":"Upgraded","floor":7.0,"gold_loss":0.0,"damage_taken":0.0,"cards_upgraded":["Pommel Strike"]},{"damage_healed":0.0,"max_hp_gain":0.0,"max_hp_loss":0.0,"gold_gain":0.0,"event_name":"Upgrade Shrine","player_choice":"Upgraded","floor":22.0,"gold_loss":0.0,"damage_taken":0.0,"cards_upgraded":["Feed"]}],"is_beta":false,"boss_relics":[{"not_picked":["Runic Cube","Busted Crown"],"picked":"Pandora\u0027s Box"}],"items_purged_floors":[],"is_endless":false,"potions_floor_spawned":[3,11,12,14,16,18,19,20,21,23,25,27,28],"killed_by":"Gremlin Leader","ascension_level":9}}